4346 6678
298 526 403 582 N9

1047 514 1464 576 DOCMATlCA.
1496 548 1563 558 ——
1586 514 1745 570 ADV.
1785 513 2082 571 FELICEM
2124 511 2303 568 LIBRI
2344 514 2452 568 Vll.
2477 544 2549 555 -—
2572 510 2698 569 LIB.
2739 514 2802 569 ll.

3468 511 3569 564 150

289 642 497 707 defuit;
549 653 765 709 semper
809 638 954 692 enim
989 651 1113 691 cum
1158 634 1272 689 Deo
1326 632 1529 696 deitas;
1576 645 1790 699 semper
1830 630 1884 683 in
1914 637 1965 695 Α
1990 626 2128 683 libro
2154 628 2221 682 de
2242 627 2515 697 Baptismo
2545 629 2887 697 parvulorum
2914 628 2990 683 ait
3019 641 3042 669 ει
3076 647 3088 680 :
3125 647 3142 679 ς
3182 627 3284 683 Per
3310 627 3568 683 unitatem

290 733 440 793 Filio
460 733 802 808 proprietas:
831 730 975 783 idem
1011 728 1064 782 in
1095 724 1333 782 hominis
1370 722 1666 793 exiguitate
1709 719 1799 791 qui
1832 718 1885 773 in

293 826 396 885 Dei
428 825 728 897 majestate.
762 822 829 876 Et
857 821 978 875 ideo
1009 821 1144 874 bene
1177 815 1486 888 Apostolus,
1518 813 1720 869 Christi
1757 826 1884 881 gra-

292 919 432 975 tiam
458 918 763 977 nominans,
809 913 904 968 Dei
936 911 1164 981 gratiam
1215 906 1529 970 nominavit,
1575 906 1701 976 quia
1729 903 1888 960 Chri-

293 1017 421 1065 stus
468 1016 639 1063 totum
676 1014 794 1061 erat
832 1003 976 1073 quod
1010 1000 1174 1056 Deus.
1225 999 1413 1055 Omnis
1456 999 1508 1052 in
1558 1000 1671 1069 ipsa
1702 996 1885 1052 statim

295 1101 539 1157 hominis
583 1097 934 1167 conceptione
986 1092 1082 1148 Dei
1128 1092 1339 1156 virtus,
1391 1091 1567 1145 omnis
1596 1088 1882 1152 divinitas,

297 1199 480 1253 omnis
521 1193 819 1250 divinitatis
867 1196 1091 1245 venerat
1129 1185 1427 1257 plenitudo.
1458 1183 1587 1240 lude
1615 1183 1758 1238 enim
1812 1180 1888 1235 illi

299 1289 482 1345 omnis
533 1285 833 1342 divinitatis
881 1281 1143 1353 perfectio
1186 1279 1328 1334 unde
1375 1289 1428 1333 et
1474 1277 1647 1348 origo.
1702 1275 1888 1346 Neque

299 1385 448 1439 enim
472 1396 707 1452 unquam
753 1378 843 1434 ille
869 1379 1033 1433 homo
1069 1376 1186 1431 sine
1214 1373 1328 1429 Deo
1357 1373 1552 1437 fuerat,
1584 1371 1675 1443 qui
1700 1372 1889 1440 utique

298 1475 406 1529 hoc
435 1473 611 1543 ipsum
640 1470 783 1541 quod
806 1476 926 1527 erat
944 1482 1065 1524 esse
1090 1483 1120 1521 a
1148 1466 1260 1522 Deo
1285 1472 1542 1535 coeperat.
1572 1463 1685 1519 Hoc
1711 1464 1886 1533 ipsum

299 1567 482 1635 itaque
506 1563 761 1634 primum,
788 1560 924 1616 velis
962 1558 1119 1621 nolis,
1150 1571 1349 1628 negare
1382 1572 1487 1610 non
1518 1565 1701 1625 potes,
1744 1555 1889 1624 quod

297 1656 562 1713 Dominus
599 1652 756 1710 Jesus
782 1652 1033 1709 Christus
1076 1648 1245 1704 Filius
1292 1648 1388 1701 Dei
1429 1647 1520 1711 sit,
1565 1646 1889 1715 archangelo

298 1751 488 1818 utique
511 1746 781 1802 clamante
810 1758 824 1798 :
851 1741 1006 1808 Quod
1029 1757 1094 1796 ex
1136 1750 1185 1794 te
1224 1747 1463 1793 nascefttr
1507 1748 1744 1791 sanctum
1762 1778 1775 1800 ,
1806 1752 1928 1790 ro—.

301 1841 509 1897 cabitur
541 1837 715 1893 Filius
742 1835 841 1890 Dei
872 1834 1023 1907 (Luc.
1056 1848 1095 1898 ι,
1147 1830 1260 1903 55).
1297 1828 1409 1883 Hoc
1460 1837 1638 1882 autem
1689 1827 1887 1898 posito,

299 1930 439 1986 scito
470 1938 545 1996 te,
576 1926 835 1998 quidquid
884 1924 951 1981 de
995 1922 1215 1980 Christo
1262 1920 1476 1991 legeris,
1511 1920 1576 1974 de
1626 1918 1721 1973 Dei
1753 1916 1888 1971 Filio

1986 734 2117 775 vero
2146 734 2412 788 personae,
2446 721 2568 791 quia
2611 719 2793 792 [Aug.,
2823 720 2951 795 qua]
2997 729 3224 790 utraque
3266 720 3568 776 substantia

1988 827 2126 864 unus
2140 811 2385 866 Christus
2416 821 2516 877 est,
2531 820 2584 867 et
2613 812 2781 868 Filius
2803 814 2897 869 Dei
2926 814 3234 869 ambulabat
3257 815 3311 868 in
3336 823 3503 882 terra,
3516 821 3576 873 et

1990 902 2132 956 idem
2159 903 2271 971 ipse
2303 902 2471 957 Filius
2496 905 2728 960 hominis
2757 906 3007 959 manebat
3040 907 3092 959 in
3121 906 3279 960 caelo.
3312 904 3399 959 Fit
3441 918 3573 978 ergo

1989 991 2449 1047 incredibiliorum
2476 992 2659 1065 [Aug.,
2688 994 3112 1068 credibiliorum]
3148 996 3280 1050 ﬁdes
3304 1010 3370 1049 ex
3398 997 3574 1052 incre-

1990 1084 2330 1140 dibilioribus
2356 1087 2597 1140 creditis.
2623 1085 2679 1140 Si
2712 1088 2853 1141 enim
2883 1087 3064 1143 divina
3089 1090 3389 1143 substantia
3415 1089 3573 1162 longe

1988 1179 2297 1244 distantior,
2334 1189 2495 1251 atque
2521 1180 2927 1251 incomparabili
2948 1181 3259 1237 diversitate
3286 1182 3576 1238 sublimior

1988 1271 2164 1340 potuit
2186 1278 2406 1341 propter
2430 1287 2529 1326 nos
2561 1272 2635 1326 ita
2678 1273 2953 1341 suscipere
2998 1270 3291 1327 humanam
3322 1275 3575 1328 substan-

1991 1362 2143 1428 tiam,
2174 1373 2232 1417 ut
2260 1380 2365 1423 una
2411 1379 2640 1434 persona
2682 1364 2867 1430 ﬁeret;
2911 1380 2975 1419 ac
2999 1365 3078 1420 sic
3122 1364 3291 1419 Filius
3318 1365 3573 1430 hominis,

1987 1451 2081 1525 qui
2130 1458 2250 1505 erat
2303 1451 2357 1505 in
2419 1459 2560 1506 terra
2617 1466 2715 1520 per
2763 1452 2942 1507 Carnis
2983 1451 3383 1519 inﬁrmitatem,
3432 1453 3575 1508 idem

1992 1543 2105 1612 ipse
2139 1550 2284 1596 esset
2323 1543 2377 1596 in
2423 1542 2560 1597 cwlo
2601 1557 2698 1614 per
2723 1543 3099 1614 participatam
3134 1543 3286 1599 carni
3324 1544 3576 1599 divinita-

1992 1638 2102 1685 tem
2132 1631 2179 1684 ι).
2215 1651 2234 1683 ι

2065 1744 2127 1798 V.
2168 1742 2475 1815 Opposuisti
2527 1744 2711 1808 etiam,
2741 1751 2795 1797 et
2842 1758 2942 1798 nos
2990 1743 3189 1802 dixisse
3244 1743 3385 1797 inter
3413 1742 3516 1797 alia
3559 1759 3572 1795 :

1998 1859 2019 1891 ι
2036 1839 2173 1906 Quid
2192 1847 2311 1908 post
2341 1838 2449 1893 tale
2485 1838 2784 1893 tonitruum
2816 1837 3074 1892 dubitatis
3099 1837 3362 1908 (ingentes
3385 1836 3579 1891 nativi-

1993 1933 2087 1986 tati
2122 1932 2263 1986 illius
2294 1945 2492 1984 novum
2523 1929 2831 2000 adoptionis
2853 1930 3227 1998 nomen,quod
3264 1928 3317 1982 in
3346 1935 3457 1983 tota
3476 1928 3578 1982 Ve-

299 2023 523 2094 legere:
556 2019 819 2093 quidquid
859 2018 927 2074 de
977 2017 1207 2073 Domino
1246 2022 1340 2070 aut
1375 2013 1503 2069 Jesu
1555 2013 1771 2086 legeris,
1818 2009 1885 2065 ad
1921 2000 1964 2059 Β
1992 2023 2122 2078 “~35
2145 2020 2365 2090 Νογίίιιιε

1936 2000 1964 2059 Β
1992 2033 2037 2078 ιτ
2049 2023 2122 2076 ris
2145 2020 2387 2090 Novique
2399 2020 2732 2077 'l‘estamenti
2751 2019 2891 2074 serie
2909 2034 3015 2073 non
3040 2019 3313 2073 invenitur
3338 2019 3404 2074 de
3427 2017 3581 2073 Chri-

302 2114 401 2169 Dei
422 2113 616 2168 Filium
642 2112 935 2186 pertinere.
964 2108 1154 2165 Omnia
1180 2109 1323 2165 enim
1361 2109 1478 2174 inec
1506 2106 1647 2160 illius
1668 2104 1887 2159 nomina

302 2208 402 2262 Dei
431 2205 627 2261 Filium
650 2203 1030 2259 demonstrant
1059 2219 1073 2257 :
1097 2207 1152 2259 et
1185 2201 1305 2256 ideo
1331 2207 1385 2253 tu
1420 2200 1472 2251 in
1498 2197 1585 2253 his
1613 2195 1883 2260 omnibus,

302 2311 638 2368 quaecunque
692 2295 968 2360 audieris,
1026 2308 1222 2348 nomen
1269 2290 1565 2347 divinitatis
1606 2302 1883 2359 agnosces.

304 2390 499 2447 Omnia
528 2391 643 2444 haec
671 2387 788 2459 ejus
825 2385 1081 2442 vocabula
1112 2384 1305 2439 Filium
1338 2382 1433 2437 Dei
1460 2382 1718 2446 clamant,
1764 2394 1888 2434 cum

304 2483 363 2539 in
393 2482 645 2539 omnibus
680 2480 863 2533 videas
893 2485 943 2533 te
968 2476 1063 2531 Dei
1092 2474 1289 2530 Filium
1338 2472 1638 2542 intelligere
1667 2471 1884 2526 debere.

302 2571 725 2642 Argumentare,
749 2569 790 2624 si
816 2567 1013 2639 placet,
1044 2565 1314 2635 quomodo
1338 2563 1509 2619 Deum
1532 2563 1711 2618 valeas
1741 2578 1769 2615 a
1794 2560 1888 2615 Dei

302 2661 443 2719 Filio
488 2673 742 2730 separare
781 2674 796 2712 :
829 2642 927 2713 nec
952 2658 1095 2713 enim
1125 2655 1284 2709 toties
1324 2670 1421 2726 per
1455 2667 1642 2708 omnes
1667 2652 1892 2722 paginas

304 2759 620 2808 sanctorum
658 2746 1073 2818 Evangeliorum
1108 2746 1200 2800 Dei
1229 2744 1397 2798 Filius
1431 2744 1819 2805 nominaretur,
1846 2740 1890 2795 si

305 2842 521 2915 proprie
544 2857 651 2897 non
695 2848 839 2895 esset
880 2838 975 2894 Dei
1022 2837 1213 2901 Filius,
1240 2836 1331 2906 qui
1353 2851 1421 2891 ex
1442 2835 1662 2905 Virgine
1702 2848 1894 2888 secun—

307 2934 435 2989 dum
466 2948 688 2989 carnem
733 2938 892 2986 natus
930 2938 1032 2985 est.
1076 2926 1215 2995 Quid
1264 2928 1409 2981 enim
1441 2925 1535 2980 tibi
1579 2923 1795 2987 sutlicit,
1846 2924 1891 2979 si

309 3023 723 3096 Evangeliorum
756 3021 1063 3079 testimonia
1085 3018 1238 3091 [non]
1268 3016 1571 3073 sulliciunt?
1602 3015 1699 3070 Vel
1740 3015 1894 3083 cujus

313 3115 621 3170 testimonio
646 3102 844 3180 credis,
874 3111 921 3168 si
959 3111 1129 3182 ipsius
1154 3109 1331 3166 Patris
1378 3108 1685 3165 testimonio
1718 3106 1894 3162 incre-

312 3206 473 3263 dulus
499 3206 595 3262 es?

383 3297 470 3352 IV.
504 3296 725 3367 Legitur
760 3310 974 3366 quoque
1013 3295 1069 3350 ir.
1101 3295 1175 3349 tui
1226 3292 1388 3349 libelli
1422 3299 1613 3348 textu:
1651 3309 1669 3341 ι
1704 3289 1761 3346 in
1800 3288 1891 3344 illa

310 3390 538 3454 scilicet,
563 3389 618 3447 in
642 3404 746 3459 qua
774 3387 929 3457 juxta
974 3387 1152 3442 carnis
1180 3383 1461 3441 materiam
1490 3382 1728 3437 universi
1759 3379 1895 3436 iide-

308 3483 391 3538 les
408 3481 528 3554 ejus
561 3482 800 3537 membra
830 3480 998 3551 ipsius
1022 3487 1175 3544 sunt;
1226 3492 1333 3533 non
1362 3477 1415 3533 in
1439 3475 1549 3539 illa,
1578 3475 1682 3530 hoc
1702 3479 1804 3538 est,
1839 3474 1895 3527 in

310 3573 594 3629 divinitate
622 3571 758 3645 ejus,
782 3572 836 3627 in
864 3588 970 3642 qua
1017 3586 1125 3626 non
1153 3570 1393 3625 membra
1423 3566 1604 3629 habet,
1642 3565 1736 3620 sed
1764 3572 1898 3618 tem-

308 3663 479 3735 plum.
509 3685 527 3718 ι
546 3663 825 3732 Quomodo
849 3669 1025 3733 potest
1051 3677 1171 3717 esse
1198 3668 1257 3714 ut
1288 3660 1429 3715 Deus
1458 3658 1706 3714 Christus
1729 3672 1899 3710 mem-

308 3754 409 3812 bra
433 3772 537 3811 non
568 3757 787 3822 habeat,
830 3754 924 3811 sed
965 3754 1220 3824 templum
1250 3751 1483 3808 habeat?
1510 3751 1760 3821 Nunquid
1790 3765 1897 3804 non

310 3848 571 3918 templum
622 3847 718 3903 Dei
750 3856 831 3904 est
855 3862 1051 3917 corpus
1075 3846 1220 3917 quod
1267 3861 1334 3901 ex
1364 3845 1584 3917 Virgine
1629 3844 1898 3914 sumpsit?

311 3952 372 3995 ut
399 3937 728 4010 evangelista
751 3938 828 3992 ait
860 3956 873 3991 :
901 3936 1016 3991 Hoc
1050 3945 1220 3991 autem
1254 3936 1453 3991 dicebat
1481 3936 1545 3990 de
1571 3934 1737 4007 804
1771 3944 1900 3988 tem-

310 4030 401 4103 pto
432 4032 667 4101 corporis
697 4029 779 4084 sui
804 4028 983 4101 (Joan.
1035 4042 1098 4095 tt,
1126 4026 1240 4098 21).
1272 4027 1339 4082 Et
1369 4026 1415 4082 si
1464 4042 1662 4097 corpus
1712 4026 1895 4090 habet,

314 4124 478 4180 habet
508 4124 694 4193 utique
740 4130 797 4179 et
840 4122 1082 4177 membra
1101 4161 1116 4188 ,
1141 4120 1397 4193 Apostolo
1427 4128 1715 4175 attestante
1744 4135 1757 4173 :
1800 4117 1898 4172 l‘os

313 4224 490 4268 autem
514 4215 636 4269 estis
667 4231 853 4285 corpus
884 4212 1100 4277 Christi,
1131 4202 1178 4266 et
1200 4210 1431 4266 membra
1468 4211 1532 4264 de
1560 4209 1789 4264 membro
1829 4207 1901 4280 (Ι

316 4302 441 4358 Cor.
474 4321 571 4370 xu,
619 4303 735 4376 27).
786 4304 1000 4360 Scimus
1038 4303 1183 4357 enim
1222 4302 1457 4357 divinam
1513 4309 1761 4359 naturain
1807 4316 1904 4371 per

317 4406 504 4465 partes
535 4411 643 4451 non
671 4411 791 4453 esse
832 4396 1083 4460 divisam,
1133 4396 1274 4450 sicut
1301 4410 1498 4464 corpus
1550 4394 1603 4450 in
1658 4395 1901 4450 membra

317 4490 579 4545 dividitur
610 4508 623 4542 :
654 4497 832 4544 tamen
855 4489 980 4559 quia
1008 4488 1191 4543 dixisti
1218 4485 1465 4543 eamdem
1494 4495 1746 4542 naturam
1770 4496 1903 4541 tem-

315 4579 467 4649 plum
498 4580 720 4644 habere,
753 4578 799 4633 si
821 4578 1075 4649 templum
1099 4578 1281 4643 habet,
1314 4577 1363 4631 id
1391 4584 1472 4631 est
1500 4592 1718 4654 corpus,
1743 4579 1905 4632 habet

320 4670 507 4739 utique
529 4679 584 4725 et
611 4670 868 4732 membra,
913 4671 1035 4740 quia
1064 4666 1318 4738 templum
1348 4667 1465 4723 sine
1495 4670 1754 4723 membris
1781 4684 1902 4725 esse

324 4774 432 4814 non
482 4767 678 4830 potest.
726 4758 863 4813 Nam
920 4760 1109 4813 eadem
1155 4768 1349 4813 natura
1406 4758 1739 4820 divinitatis,
1785 4774 1904 4827 qua:

326 4860 453 4907 ante
489 4853 911 4907 incarnationem
961 4852 1204 4906 membra
1252 4867 1357 4905 non
1409 4851 1635 4914 habuit,
1690 4852 1902 4916 eadem,

326 4945 453 4998 dum
489 4942 648 4997 homo
681 4940 822 4997 facta
867 4950 981 5006 est,
1032 4941 1274 5008 membra
1325 4941 1545 5004 habuit,
1609 4940 1661 4995 in
1710 4941 1906 5010 quibus

324 5035 474 5089 cruci
503 5033 734 5106 adigitur
754 5050 766 5099 ;
790 5048 909 5103 qua:
934 5033 1095 5087 etiam
1125 5039 1179 5085 et
1219 5041 1339 5103 post
1369 5032 1820 5087 resurrectionem
1848 5047 1906 5085 se

327 5131 527 5186 habere
555 5137 802 5194 testatur,
835 5144 958 5184 cum
997 5128 1128 5182 dicit
1169 5126 1462 5196 apostolis:
1498 5125 1716 5196 Palpate
1754 5137 1801 5179 et
1835 5128 1909 5179 ri-

325 5222 465 5286 dete,
487 5222 612 5291 quia
634 5220 844 5290 spiritus
866 5235 1074 5273 carnem
1098 5228 1144 5272 et
1175 5235 1294 5272 ossa
1329 5235 1432 5272 non
1462 5217 1632 5281 habet,
1664 5219 1795 5271 sicut
1826 5235 1906 5271 mc

326 5314 512 5368 vittatis
535 5311 723 5367 habere
745 5310 895 5384 (Luc.
925 5328 1075 5379 xxiv,
1099 5312 1221 5381 59);
1247 5311 1535 5367 ostendens
1561 5311 1641 5365 eis
1664 5312 1904 5366 membra

326 5412 386 5460 et
434 5402 593 5468 latus,
634 5409 696 5456 ut
740 5402 1023 5457 veritatem
1066 5402 1308 5471 corporis
1356 5401 1750 5455 demonstraret
1785 5409 1908 5471 post

328 5497 785 5555 reSurrectionem
812 5496 868 5550 in
897 5494 1153 5550 membris
1176 5494 1442 5550 humanis.
1473 5494 1592 5550 Non
1632 5495 1776 5551 enim
1807 5497 1908 5551 mi—

328 5590 544 5647 noratio
582 5586 684 5643 fuit
709 5588 1007 5643 divinitatis
1034 5588 1087 5641 in
1116 5588 1486 5655 assumptione
1511 5586 1866 5642 humanitatis
1890 5602 1905 5641 :

330 5680 429 5737 sed
456 5680 806 5737 humanitatis
830 5679 1083 5735 exaltatio
1123 5679 1176 5735 in
1214 5678 1624 5749 participatione
1652 5679 1907 5735 divinita—

334 5772 406 5831 tls
434 5790 448 5825 :
479 5770 620 5828 sicut
659 5785 803 5841 saepe
830 5770 1005 5827 dictus
1034 5773 1224 5826 doctor
1258 5770 1452 5827 beatus
1478 5768 1812 5841 Augustinus
1850 5770 1907 5826 in

406 5895 429 5923 ι
463 5880 520 5937 S.
553 5881 713 5954 Aug.,
737 5882 813 5954 de
840 5889 1188 5954 peccatorum
1225 5879 1428 5954 Meritis
1458 5890 1514 5936 et
1541 5880 1901 5950 Remissione,

333 5953 428 6009 lib.
461 5969 497 6016 t,
533 5952 655 6023 cap.
688 5952 777 6018 5|,
825 5952 912 6007 ubi
944 5954 1061 6008 vide
1092 5961 1294 6008 textum
1333 5953 1621 6024 integrum.

1988 2114 2105 2168 sto?
2132 2113 2213 2167 Ad
2242 2127 2427 2182 quam,
2456 2111 2559 2176 ais,
2583 2111 2942 2182 objeetionem
2968 2119 3023 2165 et
3046 2124 3145 2180 ego
3177 2111 3329 2165 vobis
3354 2125 3578 2180 respon-

1989 2206 2090 2260 deo
2122 2220 2136 2259 :
2168 2205 2332 2260 Recte
2371 2220 2544 2258 novus
2574 2204 2735 2258 homo
2763 2217 2961 2257 novum
3014 2217 3210 2257 nomen
3242 2202 3444 2258 habere
3486 2217 3580 2273 po-

1991 2306 2114 2352 test.
2157 2317 2176 2349 ι
2209 2298 2391 2351 Dicam
2421 2306 2475 2351 et
2514 2311 2645 2367 ego;
2690 2294 2905 2358 n‘tirum,
2944 2293 3087 2368 quod
3127 2294 3229 2349 hoc
3258 2308 3457 2348 novum
3484 2308 3580 2347 no-

1991 2401 2112 2440 men
2166 2388 2318 2440 vo‘uis
2374 2385 2747 2439 tantummodo
2809 2384 2860 2438 in
2910 2383 3102 2437 ultimo
3156 2382 3582 2439 Christianitatis

1991 2485 2232 2547 tempore
2272 2478 2505 2531 innotuit
2546 2477 2612 2531 de
2642 2476 2863 2532 Christo
2892 2476 2997 2530 dici
3030 2476 3226 2530 debere
3267 2493 3278 2528 :
3314 2475 3358 2530 si
3399 2483 3581 2530 tamen

1991 2573 2094 2626 huc
2122 2586 2319 2626 nomen
2350 2570 2654 2638 adoptionis
2699 2570 2770 2622 ita
2819 2583 3018 2623 novum
3048 2577 3150 2631 est,
3178 2577 3238 2620 ut
3268 2576 3427 2622 antea
3474 2581 3579 2620 non

1990 2670 2133 2717 esset
2163 2661 2215 2715 in
2243 2660 2459 2725 mundo,
2486 2660 2589 2715 nisi
2633 2675 2755 2714 cum
2793 2659 3012 2714 Christo
3040 2666 3296 2713 nascente
3318 2658 3576 2713 venisset.

1992 2754 2245 2824 Nunquid
2268 2771 2371 2808 non
2394 2753 2501 2808 lilia
2530 2752 2829 2809 Pharaonis
2861 2752 3077 2825 Moysen
3106 2753 3381 2822 adoptavit
3404 2753 3504 2808 sibi
3528 2754 3581 2808 in

1993 2846 2199 2901 ﬁlium?
2245 2844 2510 2902 Similiter
2540 2852 2596 2899 ct
2623 2843 2789 2900 .lacob
2841 2845 3148 2914 patriarcha
3177 2844 3453 2914 adoptavit
3479 2844 3581 2901 sibi

1993 2939 2050 2998 in
2102 2938 2241 2993 ﬁlios
2291 2937 2545 3008 Ephraim
2584 2948 2638 2993 et
2692 2937 2937 2995 Manassc
2986 2947 3211 3008 nepotes
3249 2953 3396 2994 suos.
3448 2937 3584 2994 Pro-

1991 3029 2169 3098 phetas
2214 3027 2344 3083 illud
2389 3026 2457 3084 de
2501 3026 2718 3083 Christo
2765 3043 2871 3083 non
2922 3029 3308 3099 prtedixerunt,
3360 3044 3461 3085 nec
3498 3028 3585 3084 lex

1992 3120 2050 3177 in
2078 3119 2491 3191 ﬁgurationibus
2543 3119 2936 3180 sacriﬁciorum
2982 3119 3171 3175 habuit
3204 3121 3587 3192 :evangelista:

1991 3225 2100 3267 non
2129 3211 2503 3281 scripserunt,
2553 3211 2781 3281 apostoli
2825 3226 2931 3267 non
2980 3212 3429 3282 prmdicaverunt,
3463 3229 3586 3270 suc-

2000 3318 2245 3359 cessores
2279 3304 2497 3362 illorum
2524 3321 2713 3361 omnes
2752 3305 3160 3376 ignoravernnt,
3191 3307 3294 3364 nisi
3338 3322 3433 3364 vos
3462 3309 3584 3365 soli.

2003 3396 2244 3467 Spiritus.
2290 3411 2502 3467 quoque
2568 3406 2789 3453 sanctus
2853 3412 2953 3468 per
3006 3412 3067 3454 os
3114 3398 3265 3454 lsaiae
3312 3400 3587 3470 prophetae

1998 3490 2249 3560 praedixit
2275 3505 2368 3544 sex
2407 3490 2623 3543 nomina
2662 3490 2729 3546 de
2758 3489 2877 3559 ipso
2913 3507 2924 3543 :
2974 3489 3041 3544 Et
3069 3491 3358 3557 vocabitur,
3390 3491 3584 3560 inquit,

2001 3600 2186 3637 nomen
2226 3584 2342 3654 ejus
2372 3582 2733 3647 Admirabilis,
2783 3582 3152 3648 consiliarius,
3184 3582 3357 3648 Deus,
3406 3583 3584 3653 fortis,

2001 3674 2163 3729 Pater
2193 3675 2358 3745 futuri
2385 3675 2835 3745 steculi,princcps
2865 3675 3009 3746 pacis
3041 3674 3178 3747 (Isa.
3209 3674 3389 3746 tx,6).
3434 3673 3584 3730 Unde

2000 3775 2055 3821 et
2080 3767 2271 3822 beatus
2302 3766 2662 3838 Hieronymus
2709 3767 2762 3821 in
2798 3767 3133 3837 expositione
3165 3766 3325 3834 hujus
3354 3768 3590 3838 prophe-

2003 3858 2090 3913 tia:
2118 3858 2299 3913 dixit:
2338 3877 2357 3911 ι
2408 3857 2477 3913 Et
2507 3859 2634 3915 licet
2680 3874 2748 3913 ex
2800 3873 2901 3921 eo,
2950 3857 3092 3928 quod
3137 3873 3300 3927 supra
3354 3858 3582 3921 dixerat,

2001 3951 2340 4016 Emmanuel,
2370 3953 2422 4007 id
2449 3960 2533 4007 est
2573 3952 2853 4008 nobiscum
2901 3950 3063 4013 Deus,
3093 3950 3261 4005 Deum
3290 3951 3439 4006 illum
3467 3967 3589 4008 esse

2001 4051 2399 4100 monstraretur
2417 4044 2617 4117 [Hier.,
2654 4043 3061 4116 monstraverit]
3086 4085 3099 4109 ,
3126 4054 3306 4100 tamen
3330 4060 3474 4101 nunc
3505 4047 3588 4099 di-

2002 4137 2076 4191 cit
2121 4136 2319 4192 factum
2350 4135 2639 4209 [Quercet.,
2670 4138 2839 4193 Deum
2881 4137 3085 4193 factum
3138 4151 3303 4204 nunc,
3348 4134 3585 4211 erronee]

2003 4229 2146 4285 illius
2185 4229 2549 4300 principatum
2598 4246 2760 4301 super
2819 4230 3102 4285 humerum
3145 4228 3280 4298 ejus,
3331 4229 3417 4284 vel
3445 4228 3590 4299 quod

2002 4335 2220 4375 crucem
2275 4336 2428 4375 suam
2485 4321 2599 4391 ipse
2644 4328 2978 4392 portaverat,
3028 4320 3112 4377 vel
3150 4337 3248 4391 per
3301 4322 3587 4377 humerum

2001 4412 2293 4466 ostendens
2343 4410 2717 4467 fortitudinem
2764 4412 2996 4468 brachii.
3059 4432 3077 4464 ι
3139 4413 3243 4467 Sed
3294 4421 3350 4468 et
3397 4414 3591 4471 beatus

2003 4502 2293 4557 Cassianus
2321 4511 2509 4556 contra
2539 4501 2822 4557 hzereticas
2861 4503 3159 4573 pravitates
3186 4502 3428 4571 ejusdem
3464 4520 3591 4575 pro.

2002 4593 2198 4661 phetia:
2245 4594 2316 4646 ita
2364 4593 2615 4661 exposuit
2659 4608 2878 4648 sensum
2924 4593 3065 4663 (Lib.
3097 4610 3134 4647 ιι
3182 4594 3245 4647 de
3286 4592 3586 4659 Μίδαι-παι..

1936 4702 2127 4772 Deap.
2170 4683 2271 4754 5):
2314 4701 2333 4733 ι
2386 4682 2697 4737 Przevidens
2741 4683 2945 4752 absque
2995 4683 3160 4737 dubio
3207 4684 3421 4740 divinus
3468 4683 3591 4756 Spi-

2011 4776 2145 4829 ritus
2187 4774 2326 4828 hane
2372 4773 2859 4844 blasphemantium
2911 4774 3287 4830 haereticorum
3324 4778 3590 4845 perversi-

2014 4876 2194 4927 tatem,
2225 4865 2308 4919 his
2343 4865 2489 4919 omni
2530 4866 2729 4921 mundo
2760 4864 2953 4930 Deum,
2999 4868 3091 4935 qui
3132 4866 3471 4930 nascebatur,
3503 4884 3590 4921 re-

2013 4972 2131 5009 rtnn
2176 4956 2411 5026 ipsarum
2455 4955 2731 5011 vocabulis
2769 4956 3160 5012 demonstravit
3191 4973 3204 5011 :
3236 4966 3296 5012 ut
3331 4958 3493 5012 etiam
3543 4960 3586 5013 si

2014 5047 2386 5115 blasphemare
2406 5045 2694 5102 haereticus
2720 5056 3005 5117 qmereret,
3038 5049 3384 5119 blasphemiae
3409 5058 3586 5105 tamen

2013 5137 2187 5192 locum
2213 5137 2427 5206 penitus
2477 5137 2717 5193 invenire
2753 5153 2861 5192 non
2905 5147 3109 5207 posset.
3149 5138 3342 5205 Filius,
3388 5140 3585 5210 inquit,

2008 5239 2160 5283 natus
2183 5237 2257 5282 est
2284 5229 2449 5291 nobis,
2473 5230 2720 5299 parvulus
2745 5228 2902 5283 datus
2924 5240 2998 5285 est
3030 5231 3175 5286 nobis
3208 5248 3226 5286 :
3252 5232 3405 5301 cujus
3442 5233 3588 5303 prin-

2006 5323 2207 5391 cipatus
2236 5337 2390 5391 super
2417 5320 2688 5375 humerum
2709 5323 2824 5391 ejus
2848 5335 2867 5374 :
2898 5331 2947 5375 et
2972 5323 3236 5378 vocabitur
3261 5339 3447 5377 nomen
3471 5322 3585 5395 ejus

2007 5411 2371 5476 Admirabitis,
2404 5411 2757 5478 consiliarius,
2793 5413 2955 5481 Deus,
2992 5414 3173 5484 (ortis,
3226 5413 3390 5470 Pater
3414 5416 3587 5486 futuri

2008 5504 2209 5569 sa'culi,
2247 5505 2484 5575 princeps
2514 5507 2657 5576 pacis
2705 5506 2837 5569 (lsa.
2874 5524 2948 5571 ix,
2999 5506 3075 5579 6).
3120 5506 3411 5567 Parvulum
3441 5510 3586 5568 hunc

2014 5594 2109 5664 qui
2138 5603 2297 5649 natus
2323 5603 2424 5659 est,
2453 5605 2508 5649 et
2539 5596 2832 5665 principem
2860 5597 3009 5667 pacis
3037 5612 3159 5654 esse
3193 5599 3395 5668 docuit,
3425 5609 3482 5656 et
3502 5599 3585 5656 fu-

2017 5687 2124 5741 turi
2147 5686 2325 5742 sreculi
2340 5685 2578 5752 Patrem,
2600 5696 2655 5741 et
2671 5687 2839 5743 Deum
2858 5686 3073 5744 fortem.
3096 5687 3226 5757 Quis
3240 5702 3464 5763 estergo
3484 5700 3585 5748 ter-

2014 5775 2316 5850 giversandi
2339 5776 2521 5833 locus?
2540 5777 2789 5848 Separari
2817 5781 3071 5851 parvulus
3082 5781 3277 5854 bisqui
3298 5792 3455 5841 natus
3478 5794 3582 5852 est,

2086 5893 2113 5933 δ
2143 5890 2345 5948 Textus
2383 5891 2623 5948 mutilus.
