4346 6630
673 271 770 329 151

1510 281 1570 336 Β.
1610 282 1674 337 F.
1713 282 1940 340 ALBI-Ni
1975 284 2106 344 SEU
2145 286 2424 348 ALCUIN!
2461 290 2745 352 OPERUM
2776 295 2956 352 PARS
2997 296 3083 355 lii.

3834 306 3948 364 152

671 402 704 441 a
738 386 867 452 Deo,
885 386 977 458 qui
1010 386 1067 445 in
1093 400 1160 445 eo
1197 396 1357 446 natus
1388 402 1505 461 est,
1536 408 1643 451 non
1678 405 1876 466 potest.
1906 398 2058 455 Hunc
2083 400 2250 464 enim,
2282 406 2331 464 Α
2358 403 2446 458 hic
2474 405 2539 460 de
2561 407 2868 463 nominibus
2896 408 3108 465 Domini
3138 414 3306 469 nostri
3334 415 3520 471 deest:
3547 425 3605 474 et
3651 416 3821 475 Deum
3847 422 3945 479 hic

669 488 832 544 quem
864 479 1051 531 natum
1089 476 1249 544 dixit,
1280 478 1497 537 Patrem
1522 482 1688 539 futuri
1719 485 1905 543 saeculi
1930 486 2251 555 nominavit,

669 566 841 625 Deum
861 566 1059 628 fortem
1083 586 1204 628 esse
1222 574 1489 643 prmdixit.
1527 595 1546 630 ι
1592 578 1668 633 De
1693 593 1800 649 quo
1845 588 1901 636 et
1936 581 1991 641 in
2014 583 2256 653 superioo

668 659 820 717 ribus
844 660 987 717 idem
1008 665 1271 733 propheta
1298 665 1373 721 ait
1399 683 1412 720 :
1439 666 1575 724 Ecce
1600 670 1743 741 virgo
1775 672 2053 741 concipiet,
2081 681 2130 728 et
2159 690 2255 743 pa-

665 755 766 808 riet
790 751 1010 821 Filium,
1038 766 1086 809 et
1116 757 1385 812 vocabitur
1406 774 1595 814 nomen
1616 762 1731 832 ejus
1773 762 2088 819 Emmanuel
2114 763 2249 834 (Isa.

673 852 765 907 vn,
802 843 911 915 Μ).
949 844 1291 917 Evangelista
1333 848 1619 908 Matthaeus
1669 854 1775 909 hoc
1821 869 2100 924 exponens
2134 855 2248 911 ait:

664 931 823 996 Quod
856 932 1234 1003 interpretatur
1271 935 1539 992 nobiscum
1586 938 1728 994 Deus
1783 939 2000 1012 (Matth.
2044 957 2084 1009 ι,
2131 942 2247 1015 25).

668 1021 800 1079 Nam
829 1030 885 1079 et
914 1024 1138 1096 angelus
1163 1025 1384 1083 Gabriel
1416 1044 1447 1084 a
1486 1026 1597 1085 Deo
1647 1031 1848 1087 missus
1875 1034 1944 1088 ad
1972 1034 2247 1106 Virginem

663 1112 803 1169 dixit
830 1131 844 1169 :
870 1113 1009 1168 Ecce
1032 1117 1174 1170 enim
1202 1119 1464 1188 concipies
1484 1128 1533 1173 et
1554 1122 1726 1190 paries
1753 1115 1918 1192 805
1946 1121 2168 1190 Filium,
2200 1134 2249 1181 et

662 1206 872 1261 vocabis
916 1222 1103 1263 nomen
1154 1210 1270 1281 ejus
1300 1210 1481 1266 Iesum
1505 1229 1523 1266 :
1559 1212 1642 1267 hic
1682 1214 1820 1269 enim
1869 1217 1970 1270 erit
1999 1233 2245 1288 magnus,

657 1301 711 1350 et
731 1293 907 1353 Filius
930 1298 1187 1354 Altissimi
1209 1300 1478 1355 vocabitur
1499 1300 1651 1374 (Luc.
1682 1320 1722 1369 ι,
1748 1304 1862 1376 51).
1909 1304 1986 1363 De
2008 1321 2117 1377 quo
2150 1324 2247 1365 uo-

570 1414 573 1415 ν
658 1386 806 1444 mine
837 1397 893 1445 et
916 1390 1207 1459 Apostolus
1234 1393 1313 1448 ait
1346 1411 1359 1448 :
1394 1390 1461 1448 Et
1486 1394 1632 1450 dedit
1674 1396 1755 1451 illi
1785 1413 1972 1453 nomen
1996 1400 2136 1470 quod
2169 1412 2245 1456 est

654 1493 816 1549 super
866 1496 1019 1536 omne
1058 1498 1271 1551 nomen,
1300 1494 1357 1538 ut
1404 1484 1463 1539 in
1514 1486 1723 1541 nomine
1759 1488 1889 1543 Iesu
1933 1506 2085 1545 omne
2108 1507 2244 1563 genu

656 1568 914 1640 flectatur,
958 1570 1274 1638 ctzlestt'um,
1323 1577 1669 1639 terrestrium,
1708 1586 1757 1631 et
1801 1577 2127 1647 infernarum
2153 1595 2171 1633 :
2194 1591 2245 1636 et

656 1660 835 1714 omnis”
877 1658 1064 1731 lingua
1093 1662 1405 1732 conﬁteatur
1446 1666 1572 1733 quia
1614 1666 1771 1721 J‘es‘us
1802 1678 1878 1722 est
1913 1668 2150 1725 Christus
2187 1672 2240 1726 in

657 1749 835 1821 gloria
872 1750 970 1806 Dei
1001 1752 1183 1811 Patria
1221 1752 1478 1827 (Philipp.
1534 1773 1598 1822 η,
1624 1760 1679 1822 9,
1728 1758 1816 1823 i0,
1864 1755 1973 1830 ii).
2016 1761 2093 1817 De
2131 1777 2240 1833 quo

653 1849 877 1898 sanctus
924 1840 1147 1901 Procl‘us
1190 1842 1820 1917 Gonstantinopolitanus
1858 1850 2141 1921 episcopus
2182 1852 2239 1907 in

650 1931 881 2003 cpistola
920 1932 991 1988 ad
1033 1932 1327 1998 Armenios
1372 1937 1449 1996 ait
1477 1956 1540 1994 ε(
1580 1938 1638 1993 Si
1682 1938 1821 1994 alter
1859 1949 1945 1995 est
1990 1940 2241 1998 Christus

656 2031 858 2092 prmter
882 2019 1055 2080 Deum
1081 2039 1292 2093 verum,
1320 2042 1543 2084 necesse
1568 2039 1653 2086 est
1680 2041 1739 2086 ut
1773 2042 1942 2102 purus
1979 2033 2140 2089 homo
2168 2036 2239 2090 sit

652 2110 940 2170 Christus:
973 2123 1028 2170 et
1054 2119 1326 2187 quomodo
1366 2133 1491 2175 eum
1537 2119 1679 2176 ultra
1724 2129 1940 2181 naturae
1981 2126 2237 2180 meritum

648 2202 954 2258 cmlestium
1008 2215 1337 2269 venerantur
1376 2210 1671 2280 exercitus,
1722 2213 1901 2286 eique,
1938 2217 2029 2284 qui
2059 2217 2238 2272 minor

646 2303 751 2361 est,
780 2311 919 2365 genu
947 2297 1204 2355 ﬂectunt?
1235 2322 1255 2356 ι
1289 2303 1420 2369 Quae
1465 2314 1550 2361 est
1574 2307 1690 2363 base
1734 2307 1903 2378 gloria
1933 2308 2134 2377 Patris,
2181 2311 2236 2366 in

646 2403 753 2457 qua
787 2397 872 2444 est
905 2388 1174 2458 Christus,
1201 2392 1247 2447 si
1272 2409 1383 2448 non
1405 2404 1488 2450 est
1507 2411 1669 2453 verus
1697 2397 1867 2454 Filius
1896 2397 1992 2454 Dei
2030 2398 2232 2466 Patris,

645 2479 745 2543 sed
788 2480 1103 2552 adoptivus,
1160 2484 1301 2540 sicut
1350 2501 1540 2543 omnes
1600 2491 1739 2545 nos?
1780 2489 1849 2545 Et
1893 2491 1939 2549 si
1991 2491 2065 2547 ita
2113 2501 2231 2559 est,

647 2588 754 2630 non
807 2584 893 2629 est
934 2590 1131 2631 nomen
1164 2576 1307 2633 illius
1347 2594 1509 2649 super
1557 2596 1719 2637 omne
1750 2594 1968 2648 nomen,
2012 2586 2108 2641 sed
2151 2587 2231 2649 in-

644 2667 733 2730 ter
764 2662 946 2719 omnia
988 2667 1226 2732 nomina,
1273 2667 1326 2722 id
1363 2677 1467 2735 est,
1499 2671 1780 2740 adoptivus
1817 2690 1829 2725 :
1872 2673 1998 2743 quia
2025 2674 2233 2745 adopti-

647 2768 748 2808 vus
795 2767 1084 2812 commune
1119 2766 1202 2811 est
1243 2773 1438 2813 nomen
1483 2762 1725 2816 omnium
1778 2771 2106 2824 sanctorum.
2154 2765 2230 2821 De

649 2845 866 2901 nomine
894 2854 1077 2902 autem
1105 2846 1229 2903 Iesu
1262 2850 1459 2921 legitur
1484 2852 1538 2906 in
1567 2853 1793 2910 Actibus
1825 2858 2229 2925 apostolorum:

649 2934 717 2997 Et
746 2936 995 3010 θηρείωιὶ
1022 2950 1142 2995 sunt
1184 2941 1239 2995 in
1280 2944 1486 2999 nomine
1512 2944 1641 3000 Iesu
1669 2944 1806 3020 (Art.
1838 2964 1927 3004 nx
1947 2988 1963 3015 ,
2005 2947 2080 3020 5).
2116 2943 2231 3005 Uti-

646 3038 752 3099 que
777 3042 973 3084 nomen
1012 3028 1160 3095 illud,
1191 3035 1334 3103 quod
1360 3046 1443 3090 est
1473 3033 1647 3101 Iesus,
1691 3037 1760 3091 ab
1803 3036 1991 3109 angelo
2022 3037 2227 3110 Virgini

644 3122 1063 3192 prtenuntiatum
1108 3102 1231 3190 est,
1286 3134 1347 3181 ut
1403 3126 1491 3182 ille
1536 3129 1627 3197 qui
1678 3141 1747 3183 ex
1785 3141 1849 3184 ea
1890 3140 2205 3184 nasceretur
2256 3102 2300 3164 C

642 3212 917 3268 vocandus
969 3223 1114 3269 esset
1154 3212 1330 3270 Iesus.
1385 3216 1442 3271 Si
1486 3215 1643 3273 Iesus
1693 3232 1803 3273 non
1851 3226 1999 3275 esset
2044 3219 2225 3277 Deus.

640 3305 912 3372 quomodo
964 3304 1221 3376 haptizati
1271 3316 1396 3363 sunt
1440 3308 1495 3362 in
1543 3310 1759 3364 nomine
1808 3308 1970 3365 Iesu?
2000 3309 2077 3364 De
2121 3326 2229 3381 quo

639 3392 805 3447 etiam
832 3394 1049 3450 nomine
1067 3396 1256 3452 beatus
1279 3395 1571 3454 Cassianus
1594 3398 1755 3454 Pater
1780 3400 1853 3455 ita
1875 3403 1950 3456 ait
1964 3402 2017 3455 in
2049 3401 2229 3472 dispu-

642 3484 844 3540 tatione
878 3485 1090 3550 eadem,
1122 3486 1181 3542 in
1226 3503 1330 3558 qua
1378 3503 1543 3560 supra
1579 3505 1595 3544 :
1648 3509 1668 3542 ι
1707 3490 1958 3563 Nunquid
2012 3492 2226 3549 causari

641 3572 850 3644 aliquid
866 3575 1021 3644 quasi
1050 3576 1118 3632 de
1160 3578 1512 3649 ambiguitate
1536 3582 1819 3637 nominum
1842 3591 2015 3652 potes,
2061 3591 2119 3639 ut
2148 3584 2227 3641 di-

640 3678 746 3723 cas.
761 3662 906 3719 aliud
928 3679 1047 3725 esse
1072 3665 1369 3733 Christum,
1385 3669 1530 3725 aliud
1558 3671 1749 3737 Deum,
1765 3681 1824 3727 ut
1839 3672 2177 3729 Salvatorem
2193 3691 2224 3731 a

641 3750 923 3821 majestate
949 3755 1181 3812 nominis
1205 3756 1288 3813 sui
1308 3756 1600 3824 distrahas,
1629 3770 1687 3815 et
1706 3760 1873 3815 Deum
1896 3776 1927 3815 a
1944 3760 2225 3819 divinitate

642 3843 931 3899 secernas?
968 3842 1109 3899 Ecce
1138 3844 1228 3900 hic
1268 3861 1365 3904 vas
1415 3846 1611 3920 [Cass.,
1656 3849 1763 3922 vir]
1788 3849 1884 3905 D'ei
1912 3866 1978 3906 ex
2006 3852 2116 3908 Deo
2146 3852 2225 3908 lo-

638 3934 848 4002 quitur,
871 3942 927 3989 et
943 3936 1261 4005 apparuisse
1295 3953 1363 3993 ex
1393 3938 1562 3995 Maria
1601 3941 1832 4009 gratiam
1881 3940 1977 3999 Dei
2007 3943 2223 3998 eviden-

640 4023 848 4091 tissima
899 4024 1285 4094 praedicatione
1331 4034 1581 4085 testatur.
1610 4029 1689 4087 Ac
1727 4046 1797 4087 ne
1843 4031 1983 4087 forte
2011 4048 2115 4087 non
2154 4048 2220 4087 ex

637 4113 807 4168 Maria
845 4115 1012 4171 Deum
1043 4120 1365 4188 apparuisse
1382 4119 1591 4195 diceres
1616 4119 1835 4193 [nomen
1866 4124 2051 4184 statim
2073 4122 2223 4179 addi-

634 4204 715 4257 dit
743 4204 1062 4280 Saivatoris]
1084 4248 1099 4273 ,
1134 4210 1341 4267 scilicet
1368 4218 1428 4266 ut
1452 4210 1620 4280 Deum
1645 4228 1766 4270 esse
1802 4224 1993 4271 natum
2016 4229 2082 4270 ex
2111 4214 2221 4271 Ma-

637 4295 721 4349 ria
750 4295 917 4350 Deum
945 4297 1217 4366 crederes,
1246 4315 1408 4371 quem
1439 4301 1776 4363 Salvatorem
1801 4312 1987 4361 natum
2020 4321 2220 4378 negare

637 4397 745 4439 non
785 4401 996 4457 posses,
1034 4400 1408 4461 exspectantes,
1458 4392 1634 4464 inquit
1667 4394 1860 4450 beatus
1908 4395 2215 4467 Aposwlus,

636 4475 842 4529 beatam
871 4494 1014 4547 spem
1038 4488 1089 4536 et
1123 4479 1401 4536 adventum
1427 4482 1609 4553 gloria:
1637 4485 1814 4555 magni
1839 4484 1936 4540 Dei
1954 4496 2003 4540 et
2034 4484 2219 4542 Salva-

631 4563 763 4617 toris
807 4566 972 4619 nostri
998 4565 1131 4627 Iesu
1156 4566 1352 4625 Christi
1381 4570 1508 4644 (Tit.
1542 4590 1604 4643 ii,
1649 4574 1759 4649 l5).
1786 4574 1932 4645 Vidit
1974 4576 2217 4649 profecto

634 4655 724 4721 ille
746 4656 939 4713 divina
964 4660 1240 4729 sapientia
1275 4665 1464 4720 doctor
1486 4666 1557 4721 ad
1576 4666 1865 4723 insidiosas
1896 4667 2216 4725 calliditates

632 4745 911 4802 diabolicae
929 4750 1191 4818 captionis
1211 4752 1508 4823 simplicem
1537 4757 1909 4813 tantummodo
1934 4773 2041 4813 non
2070 4758 2217 4816 sulti-

631 4848 758 4893 ccre
805 4835 1131 4902 doctrinam.
1186 4841 1287 4897 nisi
1318 4851 1561 4901 sanctam
1610 4845 1734 4901 fidei
1780 4848 2212 4918 praedicationem

630 4927 930 4985 munimine
954 4932 1219 4988 cautionis
1256 4945 1539 4995 armasset.
1569 4937 1640 5002 Et
1665 4938 1787 4994 idco
1814 4956 1941 4995 cum
1963 4941 2211 5011 superius

628 5036 826 5079 nomen
867 5023 961 5080 Dei
1006 5026 1304 5084 Salvatoris
1350 5032 1652 5101 posuisset,
1708 5033 1798 5089 hic
1828 5034 2032 5090 addidit
2080 5032 2207 5091 Iesu

627 5114 850 5173 Christi.
883 5117 1035 5174 Licet
1062 5118 1261 5191 [Cass.,
1293 5120 1534 5196 Scilicet]
1565 5139 1632 5180 ne
1683 5125 1754 5180 ad
1795 5125 2206 5197 signiﬁcandum

625 5202 910 5263 Dominum
940 5203 1122 5264 Iesum
1162 5212 1436 5269 Christum
1465 5213 1709 5270 sufﬁcere
1738 5215 1834 5271 tibi
1860 5216 2086 5273 forsitan
2112 5232 2207 5273 no-

623 5310 748 5355 men
775 5299 951 5353 solum
981 5310 1086 5355 non
1117 5302 1369 5358 cnederes
1408 5302 1725 5370 Salvatoris,
1748 5313 1803 5362 et
1827 5322 1933 5363 non
1955 5308 2204 5363 eumdem

621 5384 809 5449 Iesum
828 5389 1103 5447 Christum
1123 5393 1290 5448 Deum
1318 5410 1438 5457 esse
1457 5396 1800 5469 intelligeres,
1830 5414 1990 5471 quem
2018 5398 2202 5454 Salva-

620 5488 798 5543 torem
844 5481 1012 5537 Deum
1057 5498 1177 5539 esse
1204 5486 1564 5555 cognovisses.
1599 5487 1739 5554 Quid
1776 5505 1905 5562 ergo
1932 5491 2046 5544 ait?
2098 5488 2208 5545 Ex-

615 5580 928 5645 spectatttes,
975 5574 1167 5653 inquit,
1215 5574 1418 5630 beatam
1441 5592 1583 5645 spem
1617 5587 1667 5632 et
1711 5580 1982 5634 adventum
2020 5579 2202 5650 gloriae

620 5670 799 5742 magni
830 5664 950 5737 Dei,
979 5676 1026 5721 ct
1055 5666 1348 5723 Saluatoris
1394 5672 1559 5724 nostri
1611 5669 1735 5728 Iesu
1792 5671 2005 5728 Christi.
2059 5671 2200 5727 Nihil

2356 497 2413 547 et
2440 491 2797 563 Salvatorem,
2820 505 2876 552 et
2897 496 3082 554 Iesum
3105 500 3383 557 Christum
3413 505 3563 562 vides
3588 524 3601 560 :
3633 507 3728 564 sed
3752 512 3941 569 omnia

2355 582 2473 639 hmc
2495 584 2709 653 videns,
2749 590 2929 645 omnia
2967 603 3087 646 esse
3137 592 3194 647 in
3243 592 3355 650 Deo
3390 599 3675 670 perspicis.
3724 601 3941 660 Audisti

2352 674 2499 730 enim
2546 675 2734 741 Deum,
2792 681 2889 735 sed
2934 680 3313 741 Salvatorem:
3346 688 3544 745 audisti
3593 690 3784 759 Deum,
3837 695 3939 751 sed

2349 759 2536 821 Iesum
2562 782 2575 820 :
2599 768 2797 824 audisti
2840 769 3009 826 Deum
3052 787 3207 839 esse,
3238 776 3333 830 sed
3353 775 3651 835 Christum.
3680 779 3940 853 Separari

2352 854 2458 913 hoc
2485 859 2861 928 appellationis
2891 862 3207 921 diversitate
3235 884 3342 926 non
3370 871 3535 939 valet,
3564 876 3709 944 quod
3741 877 3940 937 divini-

2351 952 2436 1002 tas
2464 948 2671 1005 unitate
2703 955 3002 1025 conjunxit.
3031 956 3139 1014 Sed
3169 958 3313 1027 licet,
3342 963 3603 1034 quidquid
3630 968 3697 1025 de
3737 968 3823 1027 his
3848 987 3940 1029 re-

2349 1036 2627 1105 quisieris,
2668 1041 2815 1124 idem
2847 1043 3091 1103 invenies
3133 1065 3147 1101 :
3180 1049 3433 1107 Salvator
3466 1052 3611 1110 Deus
3636 1066 3744 1124 est,
3774 1058 3938 1118 Iesus

2349 1122 2493 1216 Deus
2516 1134 2617 1191 est,
2646 1123 2896 1187 Christus
2935 1132 3079 1191 Deus
3118 1146 3221 1193 est.
3267 1139 3440 1197 Omne
3469 1142 3572 1199 hoc
3606 1122 3750 1216 quod
3778 1151 3940 1211 audis

2348 1214 2555 1285 plurale
2596 1232 2628 1274 e
2662 1226 2683 1273 t
2720 1224 3137 1294 nuncupatione,
3165 1228 3260 1285 sed
3289 1246 3456 1287 unum
3499 1243 3587 1291 est
3623 1214 3887 1306 potestate
3917 1262 3931 1296 :

2346 1308 2485 1375 Quia
2514 1327 2641 1367 cum
2684 1320 2740 1369 et
2789 1314 3040 1373 Salvator
3075 1319 3218 1378 Deus
3262 1324 3353 1390 sit,
3385 1335 3441 1383 et
3491 1329 3650 1387 Iesus
3684 1332 3845 1403 Deus,
3875 1347 3937 1395 et

2345 1398 2597 1456 Chr'stus
2639 1400 2803 1468 Deus,
2846 1406 3147 1479 intelligere
3181 1423 3427 1482 apertum
3457 1428 3540 1473 est
3568 1424 3711 1490 quod
3748 1398 3936 1483 omnia

2344 1488 2462 1546 haec
2490 1490 2895 1564 distinguuntur
2918 1498 3301 1570 appellatione,
3346 1509 3441 1564 sed
3489 1488 3775 1581 maiestate
3796 1517 3928 1587 jun-

2344 1588 2563 1649 guntur.
2594 1581 2813 1640 Etcum
2857 1588 3266 1649 evidentissime
3296 1597 3486 1655 audias
3525 1605 3670 1671 quod
3708 1581 3850 1664 unus
3874 1608 3936 1665 in

2343 1670 2568 1742 singulis
2590 1684 2931 1748 nuncupatur
2960 1679 3133 1748 Deus,
3163 1684 3466 1758 intelligere
3504 1670 3695 1764 utique
3738 1708 3933 1770 aperta

2270 1747 2317 1807 Β
2344 1770 2502 1856 potes
2549 1765 2693 1833 quod
2736 1747 2823 1823 est
2868 1769 2922 1824 in
2950 1773 3202 1831 omnibus
3225 1747 3367 1834 unus
3406 1781 3569 1838 Deus.

2340 1851 2488 1917 tatis,
2518 1866 2551 1905 ο
2581 1856 2705 1909 novi
2755 1856 3024 1925 doctores,
3071 1858 3240 1919 Deum
3281 1866 3464 1925 dicere
3483 1851 3674 1930 verum
3719 1886 3777 1933 et
3799 1895 3931 1951 pro-

2337 1943 2513 2037 prium
2566 1943 2758 2037 Filium
2802 1949 2922 2015 Dei,
2959 1952 3052 2022 qui
3088 1964 3249 2012 natus
3294 1970 3379 2015 est
3420 1976 3488 2017 ex
3530 1964 3770 2037 Virgine,
3795 1943 3928 2029 dum

2337 2027 2443 2087 lixa
2496 2036 2706 2094 ratione
2745 2040 3021 2097 catholicas
3068 2042 3191 2101 ﬁdei
3239 2058 3453 2107 constat
3498 2027 3767 2113 eumdem.

2338 2120 2509 2180 Deum
2534 2142 2697 2198 quem
2733 2137 2789 2185 et
2808 2128 2991 2188 Iesum
3010 2174 3027 2199 ,
3058 2137 3309 2195 eumdem
3330 2156 3451 2199 esse
3484 2140 3653 2202 Deum
3681 2164 3843 2220 quem
3870 2162 3931 2209 et

2334 2213 2633 2283 Christum,
2672 2221 2921 2278 eumdem
2952 2240 3072 2281 esse
3099 2226 3268 2284 Deum
3315 2234 3407 2302 qui
3445 2250 3642 2306 passus
3688 2213 3777 2295 est
3822 2257 3928 2312 pro

2335 2307 2520 2364 mundi
2550 2309 2745 2369 salute.
2780 2332 2799 2367 ι

2407 2397 2492 2454 VI.
2517 2397 2589 2455 At
2608 2402 2653 2456 si
2681 2404 2864 2460 mundi
2889 2407 3202 2464 doctoribus
3229 2414 3445 2469 cat-teris
3472 2415 3628 2473 vobis
3652 2434 3758 2475 non
3793 2418 3927 2482 libet

2334 2490 2576 2554 credere,
2632 2494 2831 2549 vestris
2881 2496 3073 2552 saltem
3123 2498 3455 2557 doctissimis
3504 2505 3637 2561 viris
3689 2509 3919 2565 credite.

2331 2577 2541 2671 cecinit
2556 2579 2820 2649 juvencus
2855 2587 3159 2659 presbyter,
3182 2598 3237 2645 et
3262 2593 3609 2653 doctissimus
3650 2596 3925 2671 Hispanias

2330 2669 2686 2727 scholasticus
2711 2672 2766 2728 in
2795 2675 3037 2730 carmine
3080 2678 3390 2750 evangelico
3416 2678 3580 2755 (Hist.
3610 2669 3793 2761 evang.
3824 2688 3918 2748 lib.

2331 2764 2383 2829 ι)
2410 2764 2513 2820 hoc
2532 2766 2693 2822 modo
2722 2784 2735 2820 :

2454 2887 2573 2960 [iam
2599 2894 2683 2938 tua
2704 2891 2990 2952 concipient
3006 2893 3198 2960 eadem
3219 2899 3409 2948 viscera
3424 2902 3575 2960 jussu.

2455 2944 2653 3011 Natum,
2676 2963 2823 3013 quem
2849 2944 3066 3016 i-egnsre
3097 2955 3233 3008 Deus
3250 2944 3562 3025 uei'n’dgﬁi
3582 2961 3686 3025 fi,
3713 2977 3803 3023 per
3821 2978 3921 3016 me-

2636 3001 2650 3011 '
2693 3001 2705 3013 '
2893 3001 2943 3088 "j
3362 3001 3692 3147 “Titini
3713 3001 3914 3090 ἱῖιὶιὲῧζ

2458 3070 2515 3120 Et
2539 3083 2625 3133 pro
2664 3075 2783 3122 riam
2810 3075 2945 3125 credi
2967 3076 3189 3127 sobolem
3215 3080 3517 3143 gaudetque,
3559 3088 3790 3148 iubetque.

2458 3132 2597 3183 Hunc
2621 3087 2795 3195 FHuic]
2837 3139 2921 3186 ubi
2946 3139 3039 3189 sub
3062 3137 3223 3192 lucem
3246 3143 3356 3193 ded
3380 3147 3464 3195 ris.
3488 3149 3551 3195 sit
3580 3150 3773 3195 inomino
3805 3149 3914 3195 inm

2455 3132 2597 3183 Hunc
2621 3132 2795 3199 [Huic]
2837 3139 2921 3186 ubi
2946 3139 3039 3189 sub
3062 3132 3559 3209 lucem'ded~.ris.si{
3580 3132 3920 3209 iisetiam.

3356 3201 3513 3270 [utea]
3538 3208 3686 3259 Iesus
3711 3201 3916 3275 licens].

2398 3299 2564 3370 306
2628 3297 2836 3356 Floruit
2882 3304 2968 3357 vir
3019 3305 3120 3361 iste
3174 3310 3508 3379 temporibus
3567 3295 3911 3373 Constantini

2327 3389 2606 3459 principis.
2656 3388 2860 3447 Videtis
2900 3394 3119 3465 quidem
3167 3398 3304 3463 ista;
3353 3400 3585 3456 necdum
3629 3403 3734 3459 ista
3784 3407 3917 3461 ado-

2325 3479 2523 3549 ptionis
2550 3477 2634 3535 vel
2676 3484 3093 3552 nuncupationis
3147 3485 3372 3543 hmresis
3412 3489 3468 3546 in
3500 3489 3763 3563 Hispania
3795 3495 3913 3551 fuit.

2324 3570 2433 3625 Aut
2470 3572 2653 3639 ietum,
2701 3572 2794 3643 qui
2825 3575 2973 3645 apud
3008 3583 3107 3630 vos
3164 3577 3511 3637 doctissimus
3561 3592 3743 3640 exstat
3794 3602 3914 3642 ma—

2325 3660 2509 3732 gister,
2536 3662 2849 3718 hmretieum
2864 3664 3124 3733 judicate,
3150 3669 3242 3737 qui
3275 3670 3407 3727 dicit
3431 3674 3576 3730 hunc
3599 3675 3766 3732 Deum
3790 3694 3915 3735 esse

2324 3758 2379 3805 et
2409 3751 2683 3824 proprium
2731 3752 2925 3809 Filium
2966 3755 3085 3822 Dei,
3114 3758 3205 3828 qui
3234 3774 3301 3814 ex
3333 3761 3553 3834 Virgine
3601 3775 3762 3822 natus
3790 3779 3908 3833 est;

2324 3850 2417 3896 aut
2464 3842 2508 3897 si
2568 3842 2718 3899 illum
2770 3845 3014 3916 recipere
3061 3848 3257 3915 vultis,
3303 3859 3534 3907 vestram
3586 3858 3911 3917 sententiam

2323 3932 2597 4000 damnate,
2620 3933 2705 3989 vel
2740 3936 2916 4007 magis
2950 3937 3210 4010 corrigite
3236 3953 3301 3994 ex
3327 3940 3445 4010 ejus
3465 3957 3647 4011 sensu,
3678 3960 3909 4003 consen-

2324 4031 2482 4080 tanea
2526 4027 2618 4096 qui
2657 4025 2867 4097 profert
2903 4029 3213 4086 testimonia
3261 4034 3468 4090 sanctis
3512 4034 3767 4093 Pati-ibus
3815 4040 3907 4108 qui

2322 4116 2553 4174 diversis
2605 4119 2788 4176 mundi
2838 4122 3173 4192 temporibus
3207 4139 3307 4196 per
3352 4125 3562 4193 singula
3610 4128 3911 4186 ﬂoruerunt

2319 4208 2459 4264 ioca.

2394 4298 2501 4356 γη.
2547 4298 2657 4357 Sed
2694 4309 2753 4358 et
2792 4303 3125 4360 clarissimus
3165 4304 3437 4377 Hispanitn
3477 4305 3672 4364 doctor
3714 4309 3905 4367 beatus

2319 4392 2555 4450 isi‘dorus
2580 4393 2858 4451 nobiscum
2882 4396 3097 4452 videtur
3110 4400 3437 4466 consentire,
3467 4416 3571 4457 non
3598 4402 3901 4468 vobiscum,

2322 4484 2413 4555 qui
2457 4498 2521 4539 ea
2568 4484 2786 4540 nomina
2826 4483 2895 4540 de
2937 4484 3157 4542 Christo
3185 4487 3387 4558 ubique
3425 4488 3479 4544 in
3523 4492 3639 4547 suis
3685 4492 3900 4557 litteris,

2319 4585 2580 4648 quantum
2629 4578 2697 4633 ad
2730 4593 2830 4635 nos
2872 4595 2968 4633 sua
3008 4578 3151 4635 dicta
3187 4592 3471 4649 venerunt,
3526 4586 3741 4655 posuit,
3782 4603 3903 4656 qua:

2318 4684 2420 4724 nos
2441 4668 2718 4726 credimus
2742 4678 2800 4725 et
2824 4670 3168 4737 conﬁtemur,
3197 4674 3313 4729 sive
3360 4677 3575 4747 propria
3617 4679 3761 4744 sint,
3805 4695 3899 4733 seu

2317 4761 2720 4833 signiﬁcativa:
2769 4777 2872 4818 nec
2916 4779 3144 4833 usquam
3190 4763 3340 4821 illum
3388 4768 3567 4825 inveni
3622 4769 3898 4826 Christum

2317 4852 2627 4920 adoptivum
2681 4851 2872 4917 lilium,
2920 4853 3005 4909 vel
3050 4854 3215 4911 Deum
3262 4861 3684 4929 nuncupativum
3726 4862 3900 4916 nomi-

2315 4956 2467 4999 nare.
2496 4939 2749 5012 Nunquid
2776 4941 2942 5014 igitur
2963 4959 3061 5000 vos
3095 4945 3365 5003 doctiores
3390 4947 3484 5005 illo
3509 4951 3643 5007 estis
3662 4992 3679 5016 ,
3720 4951 3805 5007 vel
3842 4954 3895 5008 in

2315 5034 2614 5107 Scripturis
2637 5033 2855 5097 divinis,
2906 5036 2990 5092 vel
3020 5037 3074 5092 in
3104 5038 3455 5098 satcuiaribus
3480 5044 3802 5115 disciplinis,
3839 5054 3899 5101 ut

2313 5127 2466 5183 vobis
2489 5135 2600 5182 tam
2636 5128 2825 5197 paucis
2850 5137 2905 5183 et
2933 5136 3043 5184 tam
3072 5146 3197 5186 sero
3235 5135 3640 5205 erumpentibus
3671 5138 3896 5194 credere

2313 5216 2505 5273 debeat
2533 5216 2801 5273 mundus?

2382 5307 2511 5364 Vili.
2538 5306 2681 5364 Dicit
2719 5309 2981 5379 Origenes
3002 5310 3068 5365 de
3096 5310 3374 5369 divinitate
3403 5316 3583 5372 carnis
3607 5316 3807 5374 Christi
3837 5319 3889 5375 in

2310 5398 2529 5456 humilia
2568 5400 2753 5469 quinta
2780 5409 2835 5453 et
2857 5397 2910 5453 in
2941 5399 3134 5457 Isaiam
3174 5405 3495 5475 prophetam
3524 5421 3539 5461 :
3585 5426 3605 5458 ι
3643 5405 3776 5472 Quis
3799 5424 3889 5463 ea:-

2308 5505 2520 5561 surgere
2549 5489 2676 5559 {acit
2702 5489 2766 5544 ile
2811 5488 3020 5545 Oriente
3040 5492 3265 5560 justum.
3311 5493 3518 5553 Vocatit
3560 5515 3681 5553 eum
3707 5499 3779 5554 ad
3798 5514 3889 5571 pe-

2308 5580 2397 5634 des
2423 5596 2545 5635 suos
2567 5577 2699 5651 (lea.
2733 5597 2843 5645 xu,
2891 5580 2986 5651 2)?
3019 5582 3181 5639 Pater
3217 5590 3431 5643 vocavit
3478 5604 3600 5645 eum
3648 5589 3879 5647 Filium:

2308 5673 2439 5740 imo,
2466 5683 2524 5728 ut
2552 5687 2675 5728 vere
2726 5674 2990 5741 dicamus,
3032 5676 3175 5732 Deus
3231 5680 3504 5739 hominem
3558 5684 3767 5740 vocavit
3794 5683 3884 5755 jno
