4346 6658
683 347 786 404 155

1529 350 1591 405 Β.
1633 350 1692 405 F.
1730 351 1960 406 ALBlNl
1999 351 2133 408 SEU
2170 348 2447 406 ALCUINI
2484 348 2765 406 OPERUM
2807 351 2982 406 l'AltS
3018 349 3101 406 111.

3848 353 3955 408 156

681 478 783 520 nec
831 477 938 518 non
985 471 1040 520 et
1087 480 1231 522 nunc
1267 465 1324 520 in
1371 465 1498 522 sede
1543 474 1781 535 paterna:
1825 465 2126 534 majestatis
2171 480 2260 519 rc-
2290 471 2338 523 Α
2368 463 2419 515 in
2449 462 2657 517 duabus
2701 464 2911 516 naturis
2955 465 3008 518 in
3036 463 3157 518 t'ilii
3193 466 3430 530 nomine,
3460 481 3581 536 qua‘:
3607 473 3734 523 ante
3761 467 3864 523 fuit
3892 475 3949 526 In

681 564 959 626 gnantem,
1006 563 1062 610 et
1105 557 1161 612 in
1203 557 1400 612 throno
1444 556 1682 612 caelestis
1729 556 1913 626 gloria:
1957 556 2258 621 sedentem,

680 662 842 718 quem
880 647 1070 702 adorat
1111 649 1288 702 omnis
1330 648 1618 704 mollitudo
1653 647 1984 718 angelorum,
2015 657 2070 703 et
2094 648 2262 702 millia

679 739 908 795 millium
957 740 1268 795 ministrant
1318 741 1388 805 ci,
1435 739 1590 810 cujus
1635 749 1877 809 potestas
1919 748 2002 795 est
2033 749 2259 806 aeterna,

678 836 732 884 et
762 829 909 900 regni
932 830 1050 900 ejus
1071 846 1175 885 non
1197 830 1302 885 erit
1325 830 1467 894 linis,
1491 832 1689 886 vestris
1713 833 1888 887 adhuc
1913 833 2263 901 blasphcmiis

679 918 872 975 Filium
899 921 1176 992 proprium
1206 930 1261 977 et
1284 937 1468 976 verum
1500 921 1666 977 Deum
1695 935 1894 992 negare
1929 938 2036 977 non
2069 923 2264 977 metui-

679 1009 768 1063 tis.
815 1007 947 1064 Nam
973 1020 1028 1063 et
1054 1011 1122 1065 ob
1152 1011 1254 1066 hoc
1288 1011 1451 1065 etiam
1495 1018 1870 1067 antecessores
1899 1013 2063 1066 vestri
2090 1009 2262 1067 Judati

679 1099 951 1156 Christum
982 1103 1219 1172 lapidare
1244 1104 1547 1169 voluerunt,
1577 1105 1706 1174 quia
1729 1105 1866 1161 dixit
1889 1123 1902 1159 :
1929 1103 2102 1159 Multa
2123 1095 2262 1161 bona

680 1207 836 1263 opera
862 1194 1061 1248 ostendi
1089 1195 1229 1250 vobis
1249 1212 1314 1250 ea:
1337 1196 1494 1250 Patre
1519 1213 1650 1264 meo,
1677 1207 1889 1270 propter
1914 1198 2054 1269 quod
2079 1213 2260 1254 eorum

681 1298 810 1352 opus
859 1300 942 1338 me
983 1284 1135 1340 cultis
1181 1286 1463 1357 lapidare?
1509 1287 1717 1354 Quibus
1771 1290 2256 1358 respondentibus:

679 1369 758 1426 De
788 1390 938 1442 opere
978 1373 1110 1429 bono
1138 1393 1240 1430 non
1258 1362 1559 1448 Ilapidamus
1597 1387 1663 1441 te,
1694 1377 1785 1432 sed
1811 1378 1875 1431 de
1916 1377 2258 1448 blasphemia,

677 1466 802 1537 quia
847 1474 902 1520 tu
945 1483 1074 1538 ipse,
1121 1468 1273 1522 homo
1324 1485 1439 1522 cum
1488 1471 1581 1534 sis,
1626 1469 1760 1541 facis
1805 1479 1854 1524 te
1894 1471 2066 1541 ipsum
2089 1468 2259 1524 Deum

680 1555 862 1630 (.Ioan.
890 1573 946 1624 ι,
967 1560 1059 1625 52,
1089 1560 1201 1631 55).
1253 1560 1507 1632 Idemque
1544 1562 1610 1617 de
1639 1562 1959 1634 paralytico,
2007 1563 2095 1617 cui
2144 1563 2260 1632 ipse

680 1650 758 1708 ait
781 1667 793 1703 :
823 1647 1172 1704 Dimittuntur
1199 1651 1314 1718 tibi,
1331 1652 1431 1721 ﬁli,
1453 1661 1664 1723 peccata
1694 1662 1806 1716 tua,
1831 1652 2133 1708 invidentes
2160 1649 2258 1706 Ju-

679 1739 779 1794 dsei
810 1740 1060 1797 dixerunt
1088 1742 1230 1796 inter
1255 1757 1312 1798 se
1339 1759 1350 1793 :
1381 1740 1511 1807 Quis
1539 1751 1703 1812 potest
1734 1750 1945 1813 peccata
1972 1741 2256 1809 dimittere,

2364 568 2470 605 una
2519 553 2845 607 substantia.
2895 552 2952 607 In
2996 555 3369 624 assumptione
3416 571 3652 628 namque
3699 560 3878 614 carnis
3918 577 3949 616 a

2363 642 2495 708 Deo,
2523 658 2755 714 persona
2797 645 2938 714 perit
2985 645 3240 712 hominis,
3287 662 3400 702 non
3441 655 3658 703 natura.
3707 649 3766 705 in
3793 652 3954 708 nobis

2361 741 2445 788 est
2470 749 2698 803 persona
2725 734 3049 804 adoptionis,
3083 751 3192 792 non
3239 738 3293 792 in
3327 737 3467 793 Filio
3495 739 3612 804 Dci,
3661 740 3788 810 quia
3833 742 3950 796 sin-

2363 824 2626 894 gulariter
2669 825 2758 880 ille
2799 841 2940 881 unus
2984 826 3148 882 homo
3193 843 3261 883 es
3303 828 3415 883 Deo
3461 839 3774 900 conceptus,
3805 839 3862 886 et
3893 833 3940 886 is

2363 917 2533 970 Deum
2561 925 2870 987 assumptus
2895 917 3056 972 habet
3077 919 3464 989 preprietatem
3491 919 3660 976 Filius
3682 921 3776 975 Dei
3805 935 3943 988 esse,

2363 1008 2509 1077 quod
2538 1021 2727 1062 omnes
2771 1009 2942 1062 sancti
2992 1008 3192 1062 habent
3236 1025 3338 1079 per
3377 1010 3726 1080 adoptionem
3761 1013 3948 1083 gratia:

2362 1095 2478 1160 Dei,
2505 1097 2597 1166 qui
2627 1096 2814 1151 habitu
2864 1098 3116 1152 inventus
3142 1106 3203 1152 ut
3231 1101 3412 1165 homo,
3454 1102 3548 1156 sed
3574 1102 3854 1159 divinitate
3887 1112 3949 1159 ut

2362 1185 2526 1243 Deus.
2577 1186 2689 1242 Nec
2726 1189 2781 1242 in
2822 1189 2910 1242 illa
2950 1191 3317 1259 assumptione
3345 1192 3483 1248 alios
3507 1201 3593 1249 est
3616 1194 3778 1262 Deus,
3811 1197 3947 1252 alios

2364 1278 2546 1342 homo,
2576 1278 2660 1334 vel
2707 1279 2845 1334 alios
2873 1279 3043 1334 Filius
3066 1280 3184 1346 Dei,
3227 1287 3285 1337 et
3327 1283 3465 1340 alios
3507 1284 3650 1341 lilius
3673 1286 3942 1357 Virginis:

2363 1368 2458 1425 sed
2503 1369 2644 1423 idem
2692 1377 2776 1424 est
2801 1370 2840 1425 F
2849 1369 2974 1425 ilius
2999 1370 3116 1436 Dei,
3147 1372 3241 1442 qui
3290 1383 3344 1428 et
3393 1375 3535 1430 [ilius
3560 1377 3797 1447 Virginis
3840 1394 3854 1433 :
3891 1389 3947 1435 et

2363 1463 2505 1517 idem
2533 1463 2672 1518 (ilius
2702 1465 2958 1534 Virginis,
2988 1465 3082 1535 qui
3121 1473 3178 1521 et
3217 1466 3389 1522 Filius
3416 1467 3511 1522 Dei
3557 1485 3570 1521 :
3615 1477 3675 1523 ut
3704 1471 3778 1524 sit
3806 1485 3946 1526 unus

2360 1552 2532 1608 Filius
2558 1554 2723 1608 etiam
2747 1555 2997 1625 proprius
3029 1565 3084 1611 et
3108 1555 3380 1628 perfectos
3411 1558 3466 1612 in
3494 1558 3702 1614 duabus
3737 1562 3946 1618 naturis

2363 1645 2456 1700 Dei
2487 1653 2542 1699 et
2568 1645 2821 1701 hominis.
2875 1645 2951 1702 De
2974 1661 3084 1718 quo
3112 1648 3277 1702 etiam
3302 1647 3506 1704 Christi
3540 1649 3729 1704 habitu
3753 1651 3947 1709 beatus

2359 1739 2693 1809 Augustinus
2740 1740 2817 1794 ait
2858 1751 2884 1780 ι
2930 1758 2945 1794 :
2994 1760 3012 1792 ‹
3058 1741 3150 1798 Sic
3199 1751 3508 1813 assumptus
3543 1754 3625 1800 est
3668 1746 3850 1811 homo,
3886 1755 3948 1802 ut

679 1830 782 1885 nisi
812 1831 955 1888 solus
975 1831 1117 1887 Deus
1146 1832 1338 1903 (Marc.
1371 1850 1432 1898 tt,
1465 1831 1618 1903 5-7)?
1644 1831 1850 1900 Quibus
1871 1833 2121 1889 Christus
2151 1849 2256 1888 non
2287 1836 2335 1900 Β
2359 1829 2647 1898 proliceret
2671 1827 2855 1902 [Aug.,
2881 1833 3335 1906 eommutaretur]
3373 1835 3425 1888 in
3455 1835 3669 1901 melius,
3701 1845 3756 1892 et
3783 1839 3853 1892 ab
3875 1853 3945 1894 eo

677 1922 851 1979 solum
879 1940 1031 1991 voce,
1057 1926 1151 1981 sed
1179 1927 1340 1979 etiam
1369 1927 1511 1980 facto
1535 1941 1593 1980 se
1614 1925 1903 1981 ostendens
1926 1926 2092 1981 Deum
2116 1941 2255 1991 esse,

675 2016 769 2085 qui
805 2023 859 2071 et
897 2015 1039 2072 ﬁlius
1077 2017 1313 2072 hominis
1347 2026 1448 2083 est,
1492 2017 1570 2072 ait
1606 2018 1749 2073 illis:
1781 2017 1922 2084 Quid
1949 2027 2023 2074 est
2047 2018 2259 2088 facilius

676 2106 871 2173 dicere,
914 2108 1250 2162 dimittuntur
1291 2109 1385 2164 tibi
1423 2120 1658 2180 peccata,
1703 2127 1774 2164 an
1809 2111 2003 2175 dicere,
2031 2127 2184 2180 surge
2210 2119 2256 2165 et

678 2201 932 2256 ambula?
971 2199 1036 2258 Ut
1067 2203 1244 2258 sciatis
1261 2213 1459 2270 autem,
1488 2205 1614 2276 quia
1641 2203 1814 2260 Filius
1851 2205 2076 2259 hominis
2114 2216 2259 2276 pote-

675 2299 861 2346 statem
886 2291 1036 2348 habet
1068 2294 1122 2348 in
1151 2304 1292 2348 terra
1315 2277 1610 2349 dimittendi
1639 2305 1874 2367 peccata,
1899 2304 2027 2352 tunc
2053 2297 2129 2350 ait
2157 2314 2257 2368 pa-

679 2385 896 2456 ralytico
920 2406 936 2444 :
961 2385 1128 2459 Surge
1155 2397 1203 2443 et
1229 2386 1438 2443 ambula
1467 2388 1654 2456 (Ibid.,
1679 2390 1730 2449 9,
1755 2389 1860 2462 l0),
1881 2398 1935 2444 et
1957 2391 2139 2446 statim
2163 2405 2250 2445 suo-

674 2494 778 2537 nos
806 2478 977 2540 factus
1000 2488 1084 2534 est
1111 2481 1292 2536 homo.
1321 2480 1521 2536 Sumus
1546 2482 1746 2552 itaque,
1773 2491 1830 2536 ut
1852 2483 1947 2546 ait,
1979 2482 2060 2538 vel
2086 2483 2256 2552 magis

674 2586 733 2631 ut
759 2573 1050 2646 Apostolus
1093 2574 1190 2643 ait,
1224 2595 1284 2634 os
1327 2590 1395 2634 ex
1434 2575 1672 2640 ossibUs,
1716 2583 1771 2630 et
1819 2591 1950 2632 caro
1977 2576 2045 2631 de
2087 2570 2253 2631 carne

673 2667 830 2738 ejus:
875 2686 980 2725 non
1009 2670 1178 2742 808
1203 2671 1343 2727 sicut
1385 2672 1557 2742 prima
1604 2680 1778 2727 mater
1820 2665 1929 2728 Eva
1963 2668 2256 2728 carnaliter

673 2761 933 2817 mditicata
957 2772 1042 2816 est
1083 2763 1150 2818 de
1179 2773 1333 2819 costa
1363 2764 1496 2829 viri;
1531 2766 1626 2820 sed
1654 2764 1965 2835 specialiter
1991 2765 2253 2837 sanguine

672 2852 894 2919 Christi,
927 2855 1020 2924 qui
1050 2854 1116 2910 de
1143 2855 1312 2911 latere
1338 2855 1453 2924 ejus
1481 2855 1682 2912 etl'usos
1726 2865 1839 2923 est;
1874 2859 2138 2928 redempti
2173 2858 2250 2914 si-

672 2948 888 3017 quilem
935 2964 1130 3019 magno
1154 2951 1332 3018 pretio
1357 2949 1478 3004 Filii
1505 2949 1618 3012 Dei,
1647 2965 1753 3006 non
1800 2948 2089 3019 cujuslibet
2117 2953 2248 3008 ado-

671 3039 823 3108 ptivi.
853 3038 1192 3110 Quapmpter
1223 3050 1278 3095 et
1301 3040 1590 3111 Apostolus
1618 3041 1695 3095 ait
1737 3059 1752 3098 :
1801 3039 2108 3112 Mysterinm
2152 3043 2251 3098 hoc

671 3146 918 3200 magnum
967 3141 1043 3186 est
1074 3131 1289 3202 (Ephes.
1320 3149 1373 3198 v,
1409 3133 1533 3204 52);
1571 3134 1885 3204 mysterium
1930 3135 2247 3200 nominavit,

670 3223 815 3290 quod
859 3223 1058 3280 factum
1089 3234 1296 3294 gestum
1332 3234 1417 3281 est
1455 3227 1507 3280 in
1537 3226 1708 3292 Adam
1738 3235 1794 3282 et
1819 3226 1951 3291 Eva,
1983 3227 2110 3297 quia
2141 3228 2252 3298 spi-

671 3316 905 3371 ritaliter
932 3319 1034 3373 hoc
1075 3321 1127 3372 in
1161 3320 1316 3375 nobis
1349 3330 1529 3375 actum
1557 3327 1659 3374 est.
1693 3318 1819 3376 Ideo
1849 3319 2023 3376 factus
2051 3331 2135 3376 cst
2164 3320 2252 3376 ille

673 3420 834 3462 verus
859 3408 1026 3464 Filios
1057 3411 1168 3476 Dei,
1195 3411 1349 3482 cujus
1373 3413 1589 3482 sanguis
1615 3427 1714 3481 pro
1736 3413 1891 3469 nobis
1918 3412 2120 3470 effusos
2145 3423 2249 3480 est,

671 3505 732 3551 nt
762 3515 859 3553 uos
881 3503 1148 3569 possimus
1176 3516 1294 3557 csse
1329 3503 1562 3574 adoptivi
1594 3519 1689 3572 per
1719 3504 1887 3559 illum.

745 3586 854 3643 ΧΠ.
884 3589 1147 3660 Proponis
1172 3609 1384 3661 quoque
1418 3593 1722 3662 hojosmodi
1763 3606 2140 3667 argumentum
2169 3597 2251 3652 di-

669 3697 859 3736 censzt
884 3682 1035 3748 Quod
1064 3685 1107 3738 si
1133 3684 1271 3738 idem
1289 3685 1615 3755 Redemptor
1641 3695 1824 3742 noster
1854 3688 1906 3742 in
1937 3703 2100 3743 carne
2128 3704 2248 3754 sua,

670 3789 830 3844 quam
870 3788 934 3830 ex
987 3783 1139 3829 utero
1166 3776 1399 3845 Virginis
1435 3778 1501 3831 ab
1548 3778 1662 3849 ipso
1700 3779 1951 3835 videlicet
1985 3788 2247 3849 conceptu

670 3864 925 3934 suscepit,
954 3866 1237 3935 adoptivus
1273 3869 1412 3937 apud
1443 3868 1653 3923 Patrem
1691 3887 1796 3924 non
1828 3878 1930 3936 est,
1969 3872 2061 3926 sed
2087 3886 2250 3926 verus

669 3961 725 4007 ct
768 3956 1017 4025 proprius
1061 3956 1260 4022 Filius,
1310 3960 1438 4027 quid
1489 3968 1762 4030 superest,
1815 3961 1916 4016 nisi
1967 3969 2026 4016 ut
2059 3961 2246 4017 eadem

667 4059 798 4100 caro
835 4045 952 4116 ejus
987 4065 1099 4104 non
1140 4050 1204 4105 de
1240 4068 1418 4107 massa
1453 4054 1670 4108 humani
1714 4055 1950 4124 generis,
1980 4069 2156 4126 neque
2185 4057 2251 4112 de

670 4154 832 4194 carne
879 4143 1070 4196 matris
1099 4143 1168 4197 sit
1197 4155 1378 4199 creata
1424 4155 1478 4200 et
1519 4144 1680 4210 facta,
1723 4147 1816 4202 sed
1843 4149 1910 4203 de
1945 4149 2248 4205 substantia

668 4229 867 4295 Patris,
901 4232 1040 4285 sicut
1073 4241 1127 4286 et
1172 4235 1472 4291 divinitatis
1499 4235 1614 4305 ejus
1647 4240 1940 4307 generata?
1972 4260 1991 4293 ι
2045 4239 2248 4311 Propo-

667 4339 795 4378 nam
825 4333 879 4379 et
916 4340 1022 4396 ego
1059 4338 1438 4395 argumentum
1484 4330 1578 4384 tibi
1612 4348 1623 4383 :
1655 4331 1711 4384 Si
1759 4332 1845 4385 ille
1877 4332 2057 4399 homo,
2085 4347 2245 4403 quem

669 4418 958 4487 assumpsit
988 4419 1156 4475 Filius
1197 4421 1309 4483 Dei,
1363 4422 1646 4491 adoptivus
1701 4432 1800 4486 est,
1839 4424 2124 4494 adoptivus
2163 4434 2248 4479 est

667 4502 758 4557 ille
800 4507 888 4573 qui
925 4523 1047 4561 eum
1095 4511 1407 4578 assumpsit,
1451 4512 1576 4582 quia
1629 4529 1735 4567 una
1778 4529 2011 4583 persona
2059 4523 2144 4570 est
2189 4515 2242 4569 in
2273 4547 2323 4608 ο

669 4596 885 4651 homine
913 4607 968 4653 et
993 4600 1045 4653 in
1073 4599 1200 4664 Deo,
1223 4611 1274 4656 et
1305 4613 1382 4656 est
1415 4605 1636 4658 omnino
1659 4621 1797 4659 unus
1817 4605 1974 4670 ﬁlius,
2003 4620 2108 4661 non
2134 4606 2241 4663 duo

670 4686 787 4742 lilii.
839 4687 988 4744 Unus
1018 4700 1198 4746 autem
1237 4692 1396 4757 ﬁlius,
1444 4695 1714 4765 quomodo
1753 4705 1929 4765 potest
1969 4712 2088 4753 esse
2116 4714 2242 4768 pro-

667 4781 818 4849 prius
860 4791 913 4835 et
955 4782 1238 4852 adoptivos
1287 4787 1444 4840 unius
1485 4787 1688 4856 patris?
1737 4785 1792 4841 Si
1829 4789 2109 4858 adoptivus
2137 4798 2239 4853 est,

665 4872 917 4940 proprius
962 4887 1080 4928 esse
1127 4889 1233 4928 non
1279 4876 1520 4946 poterit:
1565 4877 1608 4931 si
1650 4879 1921 4947 proprius,
1955 4879 2240 4950 adoptivus

668 4975 786 5018 esse
830 4977 935 5016 non
980 4965 1178 5033 poterit
1217 4963 1453 5032 ejusdem
1498 4967 1687 5035 patris.
1741 4968 1884 5024 Duos
1913 4978 2090 5023 autem
2121 4985 2240 5025 esse

668 5049 826 5114 ﬁlios,
861 5068 1022 5106 unum
1052 5055 1326 5123 proprium
1354 5065 1406 5110 et
1431 5056 1660 5112 alterum
1686 5059 2016 5128 adoptivum,
2049 5060 2240 5115 nefan-

669 5142 948 5197 dissimum
976 5155 1056 5200 est
1087 5146 1306 5200 credere
1331 5147 1394 5202 de
1419 5147 1649 5202 Christo.
1674 5147 1977 5220 Assumpsit
2005 5166 2238 5222 namque

670 5233 772 5288 sibi
815 5233 909 5290 Dei
951 5234 1122 5291 Filius
1155 5251 1372 5292 carnem
1421 5254 1485 5293 ex
1520 5239 1756 5308 Virgine,
1808 5249 1863 5296 et
1899 5258 2005 5299 non
2059 5245 2238 5300 amisit

670 5323 1088 5394 jroprietatcm,
1135 5341 1294 5397 quam
1345 5329 1527 5385 habuit.
1576 5330 1628 5384 iu
1674 5330 1792 5387 Filii
1837 5333 2075 5390 nomine.
2132 5335 2239 5393 Sed

671 5429 980 5485 quanquam
1025 5417 1157 5474 duas
1197 5419 1471 5475 habuisset
1507 5430 1628 5492 post
1654 5423 1993 5480 nativitatem
2025 5441 2093 5482 ex
2118 5427 2242 5484 Vir-

671 5509 795 5579 gine
816 5515 1054 5573 naturas,
1080 5519 1256 5566 tamen
1292 5527 1450 5567 unam
1479 5514 1857 5584 proprietatem
1889 5517 1943 5570 in
1967 5515 2089 5573 Filii
2115 5534 2238 5591 per-

673 5614 805 5656 sona
841 5599 1068 5658 firmiter
1117 5605 1310 5658 tenuit.
1345 5602 1586 5660 Accessit
1633 5605 1942 5663 humanitas
1976 5609 2030 5664 in
2058 5611 2238 5668 unita-

674 5701 782 5746 tem
817 5707 1058 5761 persona:
1089 5692 1206 5749 Filii
1239 5694 1364 5759 Dei;
1409 5704 1461 5750 et
1491 5698 1687 5755 mansit
1715 5700 1900 5757 eadem
1933 5702 2237 5771 proprietas

2361 1919 2691 1974 formaretor
2731 1919 3075 1978 ineﬂ‘abiliter
3103 1923 3454 1981 excellentius
3486 1934 3660 1996 'atque
3708 1928 3942 1998 conjun-

2360 2011 2521 2076 ctius,
2553 2025 2718 2080 quam
2749 2011 2938 2078 vestis,
2979 2029 3103 2068 cum
3143 2015 3212 2070 ab
3255 2015 3474 2072 homine
3521 2018 3778 2074 induitur.
3831 2020 3945 2076 Hoc

2358 2117 2489 2172 ergo
2551 2102 2770 2158 nomine
2821 2104 3041 2162 habitus
3085 2107 3219 2162 satis
3271 2107 3598 2179 significavit
3630 2111 3941 2182 Apostolus,

2358 2193 2809 2263 quemadmodum
2855 2195 3052 2251 dixerit
3102 2210 3118 2252 :
3170 2197 3237 2253 In
3281 2201 3629 2256 similitudine
3672 2203 3943 2258 hominum

2359 2282 2529 2350 [actus
2560 2279 2782 2354 (Philip.
2815 2300 2873 2348 ιι,
2901 2283 2954 2355 7)
2984 2303 2996 2338 :
3047 2287 3170 2355 quia
3213 2303 3321 2343 non
3367 2289 3844 2361 transﬁguratione
3885 2293 3942 2349 iu

2355 2373 2653 2439 hominem,
2687 2375 2780 2430 sed
2825 2375 3012 2431 habitu
3064 2376 3238 2432 factos
3271 2388 3373 2443 est,
3424 2394 3550 2435 cum
3597 2382 3817 2438 indutos
3855 2394 3942 2440 est

2356 2463 2596 2530 homine,
2626 2480 2785 2534 quem
2811 2466 2912 2522 sibi
2944 2476 3203 2536 eoapta‘ns
3227 2469 3410 2541 [Aug.,
3436 2473 3649 2544 unicus]
3677 2456 3942 2544 quodam-

2355 2555 2517 2613 modo
2545 2564 2706 2630 atque
2735 2558 3082 2619 conferamus
3117 2561 3508 2624 immortalitati
3540 2568 3942 2645 aeternitatique

2355 2654 2611 2708 soeiaret.
2650 2673 2670 2708 ι

2425 2743 2562 2801 Xlll.
2593 2747 2708 2803 Non
2739 2751 2872 2806 satis
2899 2760 3076 2806 autem
3109 2753 3372 2827 intelligo,
3413 2759 3542 2828 quid
3569 2754 3841 2829 pertineat
3871 2763 3940 2819 ad

2353 2850 2551 2908 corpus
2576 2838 2798 2907 Christi,
2845 2843 2988 2912 quod
3026 2860 3122 2914 pro
3168 2847 3324 2903 nobis
3362 2851 3618 2921 pependit
3653 2851 3707 2907 in
3754 2867 3937 2921 cruce,

2352 2928 2498 2998 quod
2547 2933 2628 2986 ais
2673 2933 2989 3005 Apostolum
3037 2938 3220 2994 dicere
3253 2957 3266 2993 :
3297 2938 3414 2996 Hoc
3462 2942 3658 3012 inquit,
3697 2945 3938 3011 scientes,

2351 3019 2476 3090 quia
2512 3031 2655 3077 vetus
2685 3024 2841 3078 homo
2881 3037 3055 3081 noster
3098 3029 3257 3082 simul
3305 3031 3590 3102 cruciﬁxus
3636 3042 3733 3096 est,
3767 3045 3824 3089 ut
3849 3035 3942 3090 dc-

2352 3120 2591 3166 struatur
2615 3127 2806 3184 corpus
2837 3119 3066 3184 peccati,
3105 3127 3162 3172 ut
3190 3118 3331 3174 ultra
3360 3137 3465 3177 non
3489 3125 3780 3180 serviamus
3817 3140 3940 3196 pec-

2278 3190 2324 3256 C
2353 3212 2472 3258 cato
2503 3202 2682 3275 (Rom.
2709 3222 2788 3270 vt,
2815 3205 2890 3279 6).
2935 3208 3183 3266 Christus
3214 3227 3448 3282 namque
3474 3230 3751 3286 nunquam
3783 3190 3944 3272 vetus

2355 3295 2516 3351 homo
2545 3295 2665 3364 fuit,
2703 3313 2978 3368 nunquam
3025 3317 3222 3374 corpus
3253 3305 3458 3375 peccati
3495 3307 3707 3374 habuit,
3737 3309 3830 3364 sed
3869 3311 3944 3366 ab

2353 3387 2509 3444 initio
2554 3390 2928 3459 conccptionis
2951 3391 3096 3448 Deus
3122 3410 3304 3462 verus,
3347 3405 3400 3452 et
3435 3413 3599 3454 verus
3623 3399 3664 3454 F
3669 3399 3793 3455 ilius
3819 3401 3940 3467 Dei,

2352 3482 2558 3552 absque
2601 3484 2748 3540 omni
2791 3493 3016 3555 peccato
3045 3497 3336 3557 conceptos
3379 3495 3465 3548 est
3504 3499 3555 3543 et
3598 3500 3776 3546 natus.
3831 3489 3942 3546 Nos

2355 3590 2482 3628 vero
2537 3590 2726 3631 omnes
2779 3585 2986 3633 veteres
3045 3577 3292 3635 homines
3344 3577 3545 3639 fuimus
3591 3584 3643 3638 in
3699 3587 3942 3654 peccatis

2351 3666 2524 3721 Adam
2551 3685 2562 3719 :
2595 3668 2688 3723 sed
2734 3667 2788 3721 in
2831 3683 2997 3723 novos
3029 3669 3203 3739 gratia
3233 3670 3489 3740 baptismi
3540 3689 3640 3744 per
3660 3673 3940 3730 Christum

2352 3758 2536 3814 Jesom
2569 3759 2813 3815 conversi
2858 3767 2914 3815 et
2939 3760 3184 3829 adoptati
3224 3771 3281 3816 et
3305 3763 3672 3832 praedestinati
3719 3765 3772 3819 in
3801 3767 3944 3840 tijios

2352 3851 2673 3920 adoptionis.
2697 3850 2868 3919 Quam
2893 3851 3420 3920 prtedestinationem
3443 3855 3642 3909 asseris
3663 3855 3941 3912 Christum

2352 3940 2630 4009 aequaliter
2650 3940 2931 3995 nobiscum
2957 3941 3178 4004 habere,
3205 3955 3310 3996 non
3332 3943 3612 3999 attendens
3623 3943 3937 4015 Apostolum

2354 4039 2662 4097 testantem,
2692 4031 2852 4086 aliter
2877 4026 3152 4086 Christum
3182 4045 3301 4087 CSse
3331 4035 3796 4104 praedestinatum,
3835 4037 3921 4092 ali-

2352 4127 2519 4174 teret
2547 4136 2665 4174 nos.
2718 4118 2870 4174 Illum
2917 4121 3051 4175 dicit
3097 4122 3538 4190 praedestinatum
3573 4139 3697 4181 esse
3739 4125 3937 4183 Filium

2351 4213 2466 4274 Dei,
2520 4213 2659 4268 sicut
2702 4213 2782 4267 ait
2811 4229 2822 4265 :
2851 4209 2956 4277 Qui
2997 4212 3405 4288 prwdestinatus
3445 4225 3522 4270 est
3548 4213 3724 4271 Filius
3752 4217 3848 4275 Dei
3881 4222 3941 4276 in

2351 4307 2539 4360 uirtute
2567 4305 2745 4377 (Rom.
2772 4321 2812 4370 ι,
2837 4304 2913 4376 Il).
2961 4305 3020 4360 ln
3052 4321 3157 4375 qua
3187 4307 3410 4372 virtute,
3459 4308 3561 4363 nisi
3603 4307 3936 4370 divinitatis!

2351 4396 2460 4452 Nos
2485 4413 2613 4451 vero
2640 4397 3057 4466 pret-destinatos
3089 4413 3209 4452 csse
3254 4415 3350 4469 per
3387 4398 3539 4453 illum
3588 4401 3642 4454 in
3690 4402 3913 4473 adoptio

2350 4502 2474 4542 nem
2502 4487 2735 4542 ﬁliorum
2760 4488 2910 4542 dicit.
2945 4486 3053 4541 Nos
3091 4503 3187 4557 per
3215 4489 3390 4555 illum,
3420 4506 3526 4545 non
3570 4492 3660 4546 ille
3683 4506 3781 4561 per
3811 4508 3924 4564 nos

2349 4579 2879 4650 praedestinationem
2923 4579 3204 4634 habemus.
3239 4577 3418 4650 (Rom.
3445 4597 3566 4646 vtu,
3597 4582 3709 4652 29).

2419 4695 2556 4750 XIV.
2581 4694 2744 4751 Pouis
2759 4709 2975 4765 quoque
3002 4703 3376 4764 argumentum
3406 4697 3470 4752 de
3499 4699 3763 4752 sententia
3787 4699 3934 4768 ejus-

2349 4786 2472 4841 dezn
2518 4784 2890 4854 prsedicatoris
2933 4785 3154 4855 egregii,
3204 4785 3292 4838 ubi
3338 4787 3452 4839 ait:
3484 4784 3632 4841 Scire
3659 4784 3928 4855 debemus,

2345 4876 2484 4952 quod
2511 4877 2677 4930 omnis
2705 4874 2802 4930 viri
2827 4883 3089 4952 caputzcst
3123 4873 3378 4937 Christus,
3413 4885 3568 4946 caput
3604 4887 3780 4931 autent
3808 4893 3932 4932 mu-

2347 4968 2491 5023 lieris
2517 4969 2594 5021 rir
2615 4987 2633 5026 :
2658 4977 2810 5038 caput
2841 4965 3007 5038 809
3036 4977 3208 5020 autem
3232 4967 3427 5022 Christi
3447 4967 3589 5022 Deus
3620 4967 3672 5040 (1
3697 4967 3818 5024 Cor.
3846 4986 3928 5030 tu.

2343 5058 2403 5130 5)
2429 5077 2442 5112 :
2470 5067 2525 5113 ct
2551 5057 2687 5114 dicis
2715 5074 2728 5112 :
2759 5056 2989 5112 Necesse
3019 5065 3102 5111 est
3134 5059 3374 5111 membra
3423 5059 3668 5128 adeptiva
3708 5059 3924 5132 adepti-

2319 5163 2473 5220 .vum
2505 5148 2705 5204 habere
2732 5155 2911 5218 caput.
2945 5145 3002 5201 Si
3039 5147 3204 5218 igitur
3227 5147 3496 5215 Christus,
3528 5149 3618 5218 qui
3655 5157 3740 5205 est
3763 5162 3930 5222 caput

2345 5241 2585 5298 omnium
2631 5248 2901 5305 nostrum,
2953 5240 3236 5310 adoptivus
3283 5248 3370 5296 est
3411 5253 3632 5312 propter
3677 5242 3926 5300 membra

2345 5333 2616 5404 adoptiva,
2659 5331 2803 5401 quod
2834 5345 2933 5385 nos
2963 5345 3169 5394 sumus,
3201 5345 3379 5385 nonne
3419 5331 3571 5387 vides
3613 5345 3679 5388 ea
3713 5333 3928 5390 ratione

2343 5441 2502 5499 posse
2528 5426 2634 5482 dici
2662 5425 2829 5480 Deum
2859 5421 3076 5478 Patrem
3108 5437 3229 5479 esse
3267 5423 3599 5493 adoptivum,
3635 5426 3728 5496 qui
3758 5437 3923 5497 caput

2343 5526 2427 5572 est
2451 5515 2688 5574 Christi?
2734 5513 2870 5569 Nam
2919 5523 3082 5584 caput
3124 5514 3178 5568 in
3223 5528 3448 5585 corpore
3473 5517 3777 5571 membrum
3804 5527 3918 5571 est:

2343 5619 2400 5665 et
2432 5611 2523 5682 qui
2551 5617 2716 5680 caput
2737 5619 2822 5665 est
2865 5607 3080 5678 capitis,
3112 5608 3380 5677 quomodo
3408 5617 3629 5678 propter
3677 5609 3924 5680 adeptio-

2341 5717 2465 5755 nem
2515 5701 2728 5770 capitis,
2777 5700 2917 5769 quod
2955 5699 3200 5756 Christus
3232 5707 3336 5765 est,
3384 5715 3488 5755 non
3538 5700 3641 5756 erit
3686 5711 3742 5758 ct
3787 5701 3921 5757 illud

750 5821 770 5847 ι
817 5808 871 5863 S.
903 5807 1060 5882 Aug,
1092 5811 1209 5868 libr.
1242 5813 1310 5868 De
1353 5814 1575 5870 diversis
1599 5819 2000 5887 qtucstionibus,
2033 5830 2216 5889 quaest.
2247 5819 2336 5873 73.
2367 5835 2514 5873 nu.u.
2539 5819 2592 5871 2.
