4346 6694
227 527 332 584 157

991 527 1407 587 ΒΟΟΜΑΤΙΟΑ.
1442 562 1515 572 --
1544 531 1701 588 ADV’.
1740 533 2033 588 FEthll‘IM
2070 533 2248 588 LIBRI
2291 533 2396 589 \‘il.
2428 565 2496 574 —
2534 534 2659 590 LIB.
2699 534 2760 590 ll.

3391 533 3492 590 138

224 645 525 720 principale
573 652 734 716 caput
778 644 1124 715 adoptivum?
1173 629 1327 712 Quod
1374 661 1537 716 quam
1585 646 1807 714 impium
1837 653 1885 709 Α
1916 644 2002 709 fit;
2029 645 2167 700 idcm
2192 645 2515 717 Redemptor
2535 650 3027 703 nostersecundum
3051 649 3325 704 hominem
3349 663 3494 704 com-

223 751 283 794 et
308 737 606 794 absurdum
630 737 722 800 sit,
755 751 914 790 nemo
938 751 1132 790 sanum
1161 736 1373 806 sapiens
1403 751 1509 791 non
1540 735 1807 807 intelligit.

224 830 371 900 Ergo
397 829 512 884 inec
544 830 811 883 sententia
841 828 1150 899 apostolica:
1184 829 1522 884 auctoritatis
1553 843 1659 883 non
1694 844 1814 884 car-

225 925 448 988 naliter,
475 922 571 978 sed
597 921 916 992 spiritaliter
960 922 1304 993 intelligenda
1332 931 1434 979 est.
1478 922 1650 978 Aliter
1685 939 1814 980 caro

223 1032 292 1070 ex
340 1030 506 1070 carne
540 1015 805 1079 nascitur,
838 1015 998 1070 aliter
1043 1017 1264 1086 spiritus
1297 1032 1365 1070 ex
1410 1015 1624 1086 spiritu,
1674 1016 1814 1072 sicut

224 1106 344 1175 ipsa
374 1107 590 1162 Veritas
619 1107 681 1161 [in
707 1106 997 1176 Evangelio
1035 1107 1166 1162 dicit
1197 1125 1208 1160 :
1237 1107 1390 1174 Quod
1438 1119 1618 1162 nolunt
1647 1117 1723 1162 est
1749 1125 1814 1162 ea;

224 1215 406 1260 carne,
439 1215 564 1253 caro
592 1209 710 1256 est:
737 1201 878 1272 quod
908 1210 1090 1254 nutum
1125 1211 1203 1255 est
1246 1218 1311 1255 ea:
1353 1201 1564 1272 spiritu,
1595 1201 1812 1272 spiritus

223 1297 303 1342 est
330 1288 513 1358 (Joan.
547 1306 631 1355 ιιι,
666 1289 747 1361 ϐ);
792 1290 918 1360 quia
966 1291 1109 1347 Deus
1155 1291 1390 1362 Spiritus
1432 1300 1538 1357 est,
1593 1307 1659 1346 ex
1702 1292 1836 1347 Deo‘
1871 1283 1875 1286 ’

223 1379 460 1435 donatus
485 1389 588 1434 est.
634 1379 910 1450 Spiritalis
951 1382 1208 1438 nativitas
1247 1398 1348 1437 nos
1394 1382 1523 1438 facit
1570 1383 1812 1438 membra

221 1483 350 1525 esse
379 1469 580 1526 Christi
616 1486 724 1526 non
749 1471 1018 1538 carnalis;
1061 1472 1233 1528 donec
1274 1473 1388 1542 ipsa
1415 1483 1666 1529 creatura
1696 1490 1815 1529 cor-

219 1559 378 1630 poris
418 1561 593 1615 nostri
632 1560 860 1616 iiberata
902 1577 933 1616 a
962 1563 1221 1618 servitute
1252 1564 1617 1633 corruptionis
1659 1580 1816 1621 reno-

223 1658 388 1706 vetur
433 1652 488 1706 in
534 1649 906 1724 assumptione
947 1654 1179 1709 ﬁliorum
1208 1655 1324 1720 Dei,
1357 1665 1413 1711 et
1457 1655 1676 1711 inimica
1722 1657 1816 1710 dc-

227 1750 476 1798 struatur
502 1759 683 1812 mors;
733 1753 790 1798 et
818 1744 1073 1800 induatur
1105 1747 1207 1802 hoc
1238 1746 1466 1802 mortale
1495 1747 1814 1803 immortali-

226 1841 361 1899 tate,
391 1843 447 1890 et
477 1834 548 1890 sit
570 1834 714 1891 Deus
741 1835 923 1890 omnia
955 1836 1008 1891 in
1036 1837 1304 1892 omnibus.

301 1925 415 1980 XV.
434 1926 564 1981 Post
586 1927 703 1982 hac
719 1928 882 1981 etiam
904 1927 1160 1997 praefatus
1175 1929 1324 1986 Felix
1341 1946 1449 1986 non
1469 1930 1630 2002 plano
1652 1933 1811 2003 pede,

1913 736 2100 806 plexns
2119 738 2172 790 in
2195 737 2487 807 semetipso
2502 738 2742 794 continet
2767 756 2779 792 :
2803 739 3032 809 primam
3052 738 3318 805 videlicet,
3334 753 3496 810 quam

1914 828 2149 898 suscepit
2171 845 2232 882 ex
2256 829 2472 900 Virgine
2496 829 2796 896 nascendo;
2829 830 3124 886 secundam
3153 846 3305 897 vero,
3331 846 3495 901 quant

1914 921 2146 974 initiavit
2184 921 2238 974 in
2279 921 2492 976 lavacro
2535 938 2563 976 a
2596 923 2824 978 mortuis
2856 923 3205 993 resurgendo.
3232 943 3250 974 ι
3299 922 3364 977 Et
3390 923 3494 978 hoc

1913 1012 2185 1067 aiiirmare
2226 1014 2416 1068 niteris
2464 1014 2515 1068 in
2560 1015 2914 1084 genealogiis,
2941 1030 3060 1085 quce
3105 1016 3158 1069 in
3207 1014 3496 1084 Evangelia

1914 1104 2179 1176 leguntur,
2205 1121 2309 1158 una
2343 1107 2634 1159 secundum
2661 1105 2987 1169 Matthteum,
3013 1107 3179 1160 altera
3202 1107 3495 1160 secundum

1913 1200 2134 1254 Lucam.
2167 1200 2296 1266 Quae
2332 1202 2512 1263 omnia
2544 1202 2685 1254 sicut
2707 1218 2734 1255 a
2768 1209 2820 1256 te
2849 1204 3022 1272 posita
3050 1211 3193 1264 sunt,
3219 1201 3493 1256 fastidium

1913 1291 2085 1360 magis
2128 1307 2291 1360 quam
2327 1291 2624 1363 profectum
2677 1301 2939 1363 generant
2986 1294 3301 1364 legentibus,
3327 1293 3498 1348 donec

1915 1380 1982 1434 ad
2002 1380 2246 1434 ultimum
2268 1382 2580 1451 pervenircs
2603 1382 2655 1436 in
2677 1383 2981 1453 hujusmodi
3005 1383 3327 1438 sententiam
3352 1400 3365 1436 :
3390 1380 3420 1432 ι’
3439 1381 3497 1436 Si

1915 1472 2038 1542 quis
2078 1488 2227 1535 vero,
2259 1473 2360 1538 ais,
2388 1473 2531 1527 hanc
2577 1473 2877 1543 spiritalem
2928 1475 3350 1545 generationem,
3381 1486 3500 1542 quae

1915 1578 2013 1633 per
2057 1564 2397 1634 adoptionem
2443 1563 2530 1628 ﬁt,
2563 1578 2592 1617 a
2635 1563 2854 1618 Christo
2901 1563 3195 1618 secundum
3225 1562 3498 1617 hominem

1917 1654 2169 1708 abdicare
2198 1654 2329 1718 vult,
2357 1655 2510 1724 prius
2557 1670 2780 1709 necesse.
2823 1663 2928 1717 est,
2960 1664 3016 1708 ut
3047 1653 3216 1719 illam,
3246 1668 3367 1724 qua:
3410 1668 3498 1707 se-

1916 1746 2152 1799 cundum
2180 1761 2400 1800 carnem
2429 1753 2530 1807 est,
2561 1745 2630 1798 ab
2669 1760 2733 1800 eo
2759 1743 3000 1799 funditus
3036 1744 3331 1799 abscindat.
3363 1741 3501 1796 Nam

1918 1838 1961 1891 si
2005 1837 2059 1890 in
2106 1839 2230 1903 ista,
2266 1853 2385 1908 quae
2431 1837 2688 1908 spiritalis
2735 1845 2838 1903 est,
2887 1837 3168 1892 nobiscum
3208 1852 3313 1890 non
3353 1850 3505 1891 com-

1918 1931 2180 1994 municat,
2209 1927 2394 1996 procul
2442 1928 2604 1984 dubio
2649 1943 2825 1999 neque
2869 1928 2923 1984 in
2973 1927 3063 1982 illa
3109 1941 3228 1998 quae
3267 1925 3505 1981 carnalis

222 2027 322 2082 sed
349 2025 687 2082 claudicante
710 2041 899 2096 gressu
927 2040 1024 2095 per
1051 2042 1270 2098 campos
1297 2025 1590 2097 Scripturac
1619 2037 1817 2084 SIiilCltB
1853 2037 1892 2096 Β
1919 2026 2020 2073 εει·
2052 2038 2068 2070 ι

223 2117 400 2173 currit
421 2115 588 2172 multa
609 2131 918 2187 proponens
942 2117 1270 2184 testimonia,
1292 2133 1413 2188 qua:
1438 2119 1550 2174 suis
1575 2120 1818 2190 partibus

221 2223 338 2262 non
389 2207 749 2272 conveniunt,
782 2216 843 2262 ut
886 2223 1192 2264 sermonem
1235 2208 1453 2265 fecisset
1495 2209 1814 2281 longiorem,

220 2315 403 2368 usque
427 2298 554 2353 dum
577 2299 915 2370 pervenisset
941 2300 1005 2354 ad
1026 2295 1345 2356 Jordanicas
1365 2301 1560 2367 undas,
1585 2311 1644 2356 ut
1664 2302 1822 2358 Chri-

219 2401 314 2447 sto
359 2391 633 2463 baptizato
680 2407 876 2447 nomen
937 2393 1280 2463 imposuisset
1321 2393 1643 2464 adoptionis.
1711 2394 1822 2451 Nec

221 2487 409 2542 adhuc
437 2493 661 2556 paterna
692 2501 823 2563 voce
852 2486 918 2540 de
953 2485 1106 2542 coelis
1152 2487 1375 2542 territus
1427 2494 1606 2543 tacere
1650 2488 1818 2554 novit,

217 2592 350 2647 quae
396 2576 561 2632 etiam
605 2590 710 2631 vox
759 2577 1034 2647 baptizato
1062 2576 1282 2633 Christo
1315 2579 1822 2643 testimonium,au—

219 2666 412 2722 diente
450 2666 615 2722 beato
656 2665 896 2738 Baptista
918 2665 1144 2734 Joanne,
1173 2669 1446 2739 perhibuit
1490 2668 1816 2740 hujusmodi,

219 2755 470 2812 clamans
497 2773 509 2809 :
534 2755 640 2812 Hic
690 2767 766 2813 est
807 2755 855 2812 F
858 2757 982 2813 ilius
1022 2775 1168 2814 meus
1202 2759 1450 2825 dilectus,
1481 2762 1537 2815 in
1564 2779 1666 2833 quo
1692 2761 1821 2815 mihi

222 2847 355 2901 bene
391 2847 684 2916 complacui
719 2847 934 2921 (Matth.
970 2866 1052 2914 ιιι,
1088 2848 1196 2923 l'i).
1248 2849 1324 2905 De
1361 2866 1468 2921 quo
1511 2853 1822 2908 testimonio

223 2953 394 3009 supra
439 2938 651 3009 plenius
699 2940 934 2996 diximus
962 2954 1010 2996 ιι.
1055 2940 1207 2998 Nunc
1251 2951 1458 2996 tantum
1482 2943 1540 2998 in
1574 2942 1676 2997 hoc
1702 2941 1822 2998 loco

223 3027 566 3099 interrogare
592 3027 745 3094 libet,
774 3029 819 3084 si
849 3031 966 3086 haec
993 3045 1095 3086 vox
1122 3039 1351 3102 paterna
1387 3033 1453 3087 ad
1479 3048 1641 3087 unam
1665 3031 1811 3088 Chri-

223 3121 298 3175 sti
321 3134 612 3190 personam
641 3123 976 3192 pertineret?
1001 3123 1057 3178 Si
1087 3125 1153 3178 ad
1182 3139 1344 3179 unam
1377 3143 1388 3178 :
1422 3139 1552 3194 ergo
1596 3124 1684 3178 illa
1713 3139 1823 3179 una

224 3225 482 3280 persona,
509 3211 576 3266 ad
621 3226 787 3280 quam
816 3212 931 3268 haec
957 3229 1060 3268 vox
1103 3212 1244 3269 facta
1273 3222 1374 3279 est,
1403 3222 1518 3270 tota
1545 3223 1629 3270 est
1654 3214 1823 3272 Filius

227 3301 326 3356 Dei
370 3301 621 3369 dilectus,
651 3302 780 3358 licet
806 3305 858 3358 in
887 3305 1098 3360 duabus
1123 3306 1357 3361 naturis.
1393 3305 1451 3361 Si
1481 3307 1547 3362 ad
1571 3305 1825 3362 divinita-

1994 2109 2150 2164 KV‘II.
2180 2111 2368 2166 Videat
2394 2111 2483 2179 qui
2509 2109 2636 2181 legit
2661 2111 2760 2165 has
2782 2106 2992 2180 prmfati
3025 2106 3263 2163 doctoris
3286 2111 3506 2160 senten-

1924 2202 2045 2256 tias.
2081 2201 2261 2256 Primo
2288 2203 2523 2272 partium
2549 2202 2810 2257 orationis
2839 2197 3230 2271 quolammodo
3259 2199 3509 2252 inconso—

1920 2294 2160 2348 nantiant
2189 2302 2242 2348 et
2270 2310 2523 2349 sensuum
2551 2294 2939 2348 obscuritatem
2963 2289 3504 2354 iuvolvitsententize,

1922 2402 1989 2442 ne
2014 2388 2182 2458 810
2212 2387 2390 2442 luceat
2426 2387 2796 2458 intelligentia.
2829 2385 2966 2452 Quid
2999 2393 3180 2439 autem
3207 2382 3322 2436 vult
3346 2381 3507 2436 intel—

1920 2479 2011 2550 ligi
2043 2480 2094 2533 iu
2124 2495 2190 2535 eo
2216 2479 2359 2550 quod
2400 2489 2477 2533 att
2503 2497 2513 2530 :
2540 2478 2775 2531 lnitiuvit
2818 2495 2849 2530 η
2894 2477 3108 2530 mortuis
3155 2471 3512 2543 resurgendo?

1919 2570 1964 2624 Α
1995 2571 2189 2640 quibus
2232 2569 2462 2624 mortuis
2504 2568 2805 2623 resurrexit
2845 2567 3093 2622 Christus
3120 2564 3172 2618 in
3204 2561 3510 2634 baptismo?

1921 2659 2175 2730 Nunquid
2215 2670 2436 2730 peccata
2462 2659 2670 2721 habuit,
2704 2665 2763 2711 ut
2788 2674 2816 2710 ει
2849 2664 3022 2710 morte
3051 2663 3396 2725 peccatorum
3423 2667 3510 2707 rc-

1921 2741 2188 2820 surgéret,
2217 2750 2381 2804 veluti
2415 2765 2513 2804 nos
2553 2750 2604 2803 in
2635 2749 2871 2819 peccatis
2912 2748 3024 2802 nati
3052 2755 3275 2818 propter
3302 2745 3509 2815 primo-

1921 2859 2039 2896 rum
2067 2836 2562 2912 prtevaricationem
2589 2849 2904 2911 parentum;
2936 2853 3036 2894 nec
3064 2839 3131 2893 ab
3161 2837 3245 2892 his
3271 2834 3506 2898 liberati,

1922 2937 2026 2991 nisi
2055 2938 2107 2990 in
2134 2934 2351 2989 Christo
2376 2933 2504 2989 Jesu
2534 2948 2632 3003 per
2672 2931 2962 2986 secundum
3007 2929 3430 3009 generationem,
3457 2926 3510 2982 in

1922 3047 2027 3100 qua
2058 3029 2148 3083 lilii
2177 3029 2268 3082 ira:
2289 3025 2596 3082 etiiciuntur
2611 3025 2732 3079 Filii
2756 3023 2884 3078 Dei?
2907 3022 3044 3091 Quin
3070 3022 3249 3092 pntius
3263 3018 3512 3074 Christus

1921 3118 2077 3175 Jesus
2105 3117 2309 3186 absque
2336 3115 2482 3170 omni
2511 3122 2735 3185 peccato
2768 3120 3060 3183 conceptus
3087 3119 3142 3165 et
3167 3120 3325 3166 natus
3367 3109 3516 3164 venit

1923 3210 1990 3264 ad
2033 3208 2384 3279 baptismum,
2425 3205 2730 3276 exetnplum
2773 3204 3095 3260 humilitatis
3120 3202 3431 3267 ostendere,
3456 3208 3514 3257 et

1923 3317 2093 3371 aquas
2121 3315 2219 3356 suo
2261 3298 2603 3354 sanctiﬁcat‘e
2632 3298 2931 3368 baptismo;
2967 3312 3073 3353 non
3103 3306 3163 3352 ut
3203 3295 3511 3352 sanctiﬁca-

224 3403 340 3448 tem
369 3401 599 3461 tantum,
627 3409 757 3466 ergo
783 3396 1036 3452 divinitas
1077 3398 1346 3468 baptizata
1377 3406 1463 3453 est
1501 3398 1592 3463 ibi,
1622 3405 1678 3452 et
1714 3413 1820 3453 non
1849 3389 1894 3452 C
1926 3401 2077 3447 retur
2105 3392 2155 3445 in
2186 3391 2360 3461 aquis,
2387 3391 2478 3460 qui
2507 3389 2640 3444 nihil
2669 3391 2860 3445 habuit
2901 3391 2954 3444 in
2992 3405 3051 3445 se
3085 3389 3316 3460 peccati,
3347 3403 3380 3443 a
3403 3403 3514 3458 quo

222 3485 538 3540 humanitas
564 3505 577 3540 :
605 3487 730 3556 quia
753 3503 918 3558 super
935 3487 1266 3558 baptizatum
1287 3488 1404 3543 haec
1425 3503 1528 3543 vox
1551 3487 1691 3543 facta
1714 3496 1817 3542 est.

221 3574 402 3630 {lonia
431 3577 720 3646 siquidem,
747 3579 838 3646 qui
870 3578 1177 3648 baptizatus
1200 3587 1304 3642 est,
1334 3578 1428 3632 Dei
1458 3575 1624 3632 Filius
1652 3591 1681 3630 a
1712 3577 1823 3632 Deo

219 3665 393 3724 Patre
425 3669 772 3738 praedicatur,
796 3687 960 3742 super
988 3685 1148 3742 quem
1171 3679 1224 3726 et
1255 3671 1490 3742 Spiritus
1517 3680 1736 3726 sanctus
1767 3671 1820 3725 in

217 3759 410 3829 specie
438 3759 700 3816 columba:
730 3761 1027 3817 descendit.
1070 3761 1347 3828 Quatenus
1389 3772 1612 3833 paterna
1638 3778 1741 3816 vox
1768 3770 1824 3817 et

221 3849 400 3904 sancti
435 3849 671 3921 Spiritus
713 3852 995 3908 descensio
1028 3854 1278 3909 eumdem
1319 3869 1441 3909 esse
1490 3854 1584 3909 Dei
1624 3853 1821 3908 Filium

219 3941 646 4008 demonstraret,
677 3945 767 4013 qui
818 3944 1125 4014 baptizatus
1165 3955 1270 4000 est.
1317 3945 1393 4000 De
1421 3962 1527 4016 qua
1557 3947 1722 4001 etiam
1767 3953 1824 4001 et

221 4033 341 4100 ipsc
365 4030 609 4103 Baptista
638 4046 702 4087 eo
734 4025 1049 4104 inspirante,
1080 4035 1172 4104 qui
1202 4048 1261 4089 se
1289 4035 1439 4090 misit
1458 4034 1524 4090 ad
1547 4035 1824 4105 baptizan-

222 4125 372 4187 dnm,
404 4135 646 4196 paterna:
676 4127 795 4181 voci
831 4141 1127 4182 consonum
1176 4127 1404 4197 protulit
1449 4127 1820 4183 testimonium

219 4211 410 4272 dicens
439 4237 450 4271 :
478 4217 547 4272 Et
569 4235 661 4289 ego
685 4219 810 4284 ridi,
838 4230 884 4272 et
920 4220 1272 4275 testimonium
1299 4220 1558 4291 perhibui,
1587 4221 1712 4290 quia
1737 4220 1821 4274 hic

222 4325 301 4368 est
330 4313 506 4370 Filius
533 4314 632 4369 Dei
662 4313 845 4387 (Joan.
875 4330 911 4380 i,
937 4315 1052 4385 54).

297 4404 435 4461 XVI.
478 4406 621 4474 Quid
666 4407 865 4471 adimo,
911 4423 944 4462 ο
975 4409 1162 4462 doctor
1189 4406 1471 4472 mirabilis,
1516 4406 1820 4477 adaptionis

220 4513 422 4554 nomen
445 4497 666 4554 Christo
707 4499 972 4570 imponis?
998 4516 1158 4570 quem
1196 4501 1416 4570 insuper
1441 4499 1657 4554 lavacro
1683 4499 1822 4554 indi-

221 4591 407 4662 guisse
454 4590 796 4659 baptismatis
845 4589 1066 4664 [Supple
1111 4591 1331 4653 asseris,
1382 4584 1461 4644 vel
1507 4588 1732 4662 simile],
1767 4597 1823 4642 et

219 4680 462 4736 secunda
510 4681 874 4751 generatione,
907 4682 1050 4736 sicut
1090 4699 1188 4737 nos
1232 4688 1546 4752 peccatores
1566 4677 1680 4747 jam
1708 4679 1818 4734 nati

1922 3485 2174 3540 mundari
2205 3484 2477 3540 debuisset
2503 3500 2599 3555 per
2619 3485 2972 3556 baptismum.
2994 3485 3127 3540 ilco
3156 3494 3211 3539 ct
3249 3487 3364 3554 ipse
3388 3485 3516 3541 bea-

1923 3586 2009 3633 tus
2055 3576 2294 3647 Baptista
2340 3577 2576 3632 venienti
2616 3577 2683 3631 ad
2719 3593 2778 3632 se
2820 3577 2911 3632 Dei
2945 3577 3077 3632 Filio
3116 3577 3227 3631 ait:
3252 3574 3364 3647 Ego
3395 3593 3425 3630 ιι
3468 3586 3516 3631 te

1922 3668 2078 3723 debeo
2114 3669 2390 3739 baptizari,
2425 3678 2472 3723 et
2510 3679 2567 3722 tu
2610 3669 2752 3724 venis
2803 3669 2872 3723 od
2912 3686 2990 3724 me
3019 3667 3232 3741 (Matth.
3274 3684 3355 3732 ιιι,
3393 3667 3515 3738 l-i)?

1922 3761 2074 3832 quasi
2109 3761 2369 3816 dixisset.
2396 3760 2453 3815 in
2478 3777 2563 3816 me
2587 3770 2690 3826 est,
2714 3762 2859 3831 quod
2883 3777 2982 3832 per
3004 3768 3054 3815 te
3081 3759 3298 3834 purgari
3323 3758 3512 3823 debet;

1923 3855 1976 3908 in
2007 3861 2058 3907 te
2085 3868 2190 3906 non
2231 3861 2316 3908 est
2361 3853 2500 3922 quod
2531 3862 2627 3923 per
2657 3867 2741 3907 me
2770 3853 2989 3923 purgari
3019 3851 3232 3906 debeat.
3277 3851 3384 3907 Sed
3410 3852 3514 3906 hoc

1922 3945 2199 4000 sciendum
2233 3953 2336 4009 est,
2365 3946 2508 4015 quod
2557 3946 2610 3999 in
2652 3945 2980 4016 baptismate
3025 3943 3270 4010 Joannis,
3305 3945 3355 3998 in
3403 3959 3511 4015 qun

1921 4037 2170 4092 Christus
2212 4037 2518 4107 baptizatus
2559 4044 2662 4102 est,
2709 4052 2814 4092 non
2857 4035 2959 4091 fuit
3005 4036 3368 4106 regeneratio,
3420 4035 3516 4089 sed

1920 4128 2167 4199 quaedam
2187 4129 2545 4199 prazcursoria
2568 4129 2889 4200 significatio
2913 4127 3254 4198 baptismatis
3274 4124 3475 4182 Christi
3498 4144 3510 4180 :

1921 4220 2042 4277 ideo
2063 4229 2119 4275 et
2139 4221 2191 4275 in
2215 4219 2436 4276 Actibus
2459 4219 2826 4291 apostolorum
2851 4219 3102 4290 legimus,
3126 4217 3348 4272 beatum
3374 4215 3515 4270 Pan--

1922 4312 2032 4368 lum
2079 4313 2384 4383 apostolum
2429 4327 2524 4367 eos
2566 4311 2907 4382 rebaptizare
2951 4310 3045 4379 qui
3084 4308 3342 4380 baptizati
3387 4317 3515 4364 sunt

1926 4404 2197 4476 baptismo
2249 4400 2474 4458 Joannis
2512 4403 2650 4475 (Act.
2690 4419 2804 4468 xix,
2847 4401 2922 4473 5).
2964 4401 3076 4457 Nec
3117 4400 3407 4471 quisquam
3451 4400 3510 4456 in

1920 4497 2249 4568 baptismate
2281 4494 2504 4551 Joannis
2551 4495 2894 4567 adoptionem
2938 4494 3170 4549 filiorum
3214 4493 3306 4549 Dei
3336 4493 3513 4565 potuit

1919 4588 2183 4656 accipere.
2212 4586 2424 4654 Quanto
2450 4585 2620 4656 magis
2640 4600 2742 4641 nec
2761 4584 3010 4642 Christus
3031 4586 3317 4655 adoptatus
3339 4584 3440 4639 fuit
3461 4586 3514 4641 in

1921 4678 2116 4734 Filium
2141 4679 2248 4734 Deo
2271 4677 2420 4732 Patri
2445 4678 2498 4730 in
2525 4693 2588 4732 eo
2616 4677 2905 4747 baptismo,
2927 4676 2978 4730 in
3007 4691 3113 4746 quo
3137 4676 3312 4732 nullus
3340 4677 3516 4748 potuit

216 4785 323 4842 per
347 4749 748 4840 generationem
769 4771 1042 4826 carnalem
1073 4772 1126 4825 in
1154 4749 1291 4826 iiiios
1318 4772 1431 4832 inp,
1461 4778 1521 4824 ut
1541 4778 1725 4840 aperte
1753 4785 1819 4823 ex
1855 4749 1900 4808 D
1923 4771 2228 4843 ad0ptionis
2245 4771 2474 4841 gratiam
2490 4768 2908 4840 accipere‘iqoia
2925 4784 3082 4825 nemo
3101 4769 3154 4824 in
3168 4782 3233 4823 eo
3247 4768 3514 4840 baptismo

221 4864 336 4918 tuis
386 4863 565 4918 verbis
606 4864 824 4935 intelligi
867 4874 1076 4936 potest;
1109 4865 1188 4919 ais
1232 4880 1377 4920 enim
1406 4865 1547 4919 inter
1576 4872 1772 4919 caztera
1802 4881 1814 4916 :

222 4973 244 5005 ι
277 4951 544 5020 Quoniam
579 4954 718 5009 sicut
765 4955 818 5010 in
861 4955 1033 5024 prima
1079 4956 1446 5026 generatione,
1478 4969 1544 5010 ex
1586 4970 1691 5024 qua
1735 4970 1821 5010 se—

217 5046 464 5102 cundum
495 5062 714 5102 carnem
757 5046 1047 5108 nascimur,
1082 5045 1258 5101 nullus
1285 5047 1446 5100 homo
1472 5060 1591 5100 esse
1616 5053 1816 5115 potest,

218 5140 315 5211 qui
342 5139 558 5194 aliunde
579 5140 842 5211 originem
867 5140 1066 5202 trahat,
1091 5139 1193 5193 nisi
1218 5139 1283 5194 de
1311 5139 1489 5211 primo
1509 5138 1598 5193 illo
1619 5138 1815 5203 Adam,

218 5234 312 5304 qui
341 5248 406 5287 ex
443 5241 583 5286 terra
613 5233 821 5302 virgine
862 5240 1079 5287 creatus
1115 5239 1228 5296 est;
1259 5231 1331 5284 ita
1362 5231 1418 5285 in
1450 5231 1554 5285 hac
1582 5230 1816 5284 secunda

222 5323 575 5394 generatione
615 5322 869 5393 spiritali,
902 5323 954 5377 in
990 5338 1094 5393 qua
1128 5321 1466 5377 renascimur
1493 5336 1559 5376 ex
1595 5335 1734 5389 aqua
1765 5328 1820 5373 et

223 5413 429 5483 Spiritu
475 5421 684 5478 sancto,
719 5427 879 5467 nemo
926 5412 1155 5481 gratiam
1203 5410 1507 5481 adoptionis
1557 5409 1814 5478 consequi

221 5501 390 5569 valet,
414 5510 614 5573 praeter
654 5501 823 5561 illum,
851 5501 941 5571 qui
989 5513 1111 5555 eam
1160 5498 1363 5573 (Locus
1400 5500 1705 5570 corruptus)
1761 5499 1814 5552 in

216 5608 343 5652 eam
375 5593 428 5647 in
454 5591 676 5648 Christo
695 5607 761 5646 ex
792 5605 953 5646 carne
989 5590 1215 5661 virginis
1245 5598 1486 5645 creatum
1517 5597 1569 5645 et
1599 5596 1807 5652 natum,

218 5687 314 5759 qui
356 5693 444 5740 est
471 5683 741 5741 secundus
785 5682 975 5746 Adam,
1002 5683 1210 5752 accepit
1248 5683 1349 5737 has
1378 5684 1621 5753 geminas
1649 5696 1810 5752 gene-

221 5777 464 5832 rationes
491 5795 503 5830 :
527 5776 758 5848 primam
805 5773 1088 5837 videlicet,
1111 5789 1231 5844 quas
1269 5775 1563 5828 secundum
1594 5787 1814 5829 carnem

220 5879 334 5931 est;
371 5868 662 5923 secundam
694 5882 826 5923 vero
852 5866 1172 5938 spiritalem,
1205 5880 1324 5936 quae
1348 5881 1446 5935 per
1474 5866 1813 5936 adoptionem

296 5993 321 6021 ο
364 5981 495 6036 Vide
526 5996 708 6052 supra,
739 5979 833 6036 lib.
866 5997 904 6048 ι,
937 5995 1085 6035 ιιιιιιι.
1122 5979 1184 6033 1'2
1206 5987 1257 6034 et
1287 5980 1368 6036 18.

1922 4867 2300 4923 remissionem
2341 4872 2688 4935 peccatorum
2730 4863 2987 4930 consequi
3032 4861 3228 4927 valuit;
3269 4861 3364 4917 sed
3393 4869 3512 4916 tan-

1923 4967 2034 5015 tum
2083 4958 2341 5029 baptizati
2386 4965 2513 5012 sunt
2540 4957 2593 5010 in
2623 4954 3028 5026 pcenitentiam,
3060 4961 3121 5008 ut
3143 4954 3429 5009 crederent
3457 4952 3512 5008 in

1920 5068 2067 5118 eum,
2090 5052 2229 5107 sicut
2253 5050 2391 5105 idem
2417 5047 2673 5120 praefatus
2694 5047 2984 5118 Apostolus
3004 5046 3079 5101 ait
3102 5064 3113 5100 :
3143 5044 3246 5112 Qui
3268 5054 3510 5100 venturus

1920 5156 2018 5210 est,
2046 5143 2100 5198 id
2131 5152 2228 5208 est,
2259 5144 2313 5196 in
2338 5141 2541 5196 Jcsum.
2570 5140 2728 5206 Nota,
2756 5139 2944 5202 lector,
2979 5139 3121 5209 quod
3149 5139 3278 5194 dicit
3300 5137 3510 5194 credere

1921 5238 1976 5290 in
2001 5237 2201 5298 Iesum.
2236 5234 2569 5294 Nullatenus,
2599 5234 2643 5288 si
2667 5233 2809 5289 Deus
2833 5241 2886 5286 et
2913 5233 3006 5287 Dei
3031 5231 3198 5288 Filius
3227 5247 3332 5288 non
3364 5239 3510 5286 esset

1920 5327 2096 5390 Jesus,
2122 5327 2215 5398 qui
2246 5343 2310 5380 ex
2341 5327 2562 5398 Virgine
2605 5334 2764 5380 natus
2794 5333 2895 5388 est,
2929 5333 3112 5382 tantus
3137 5324 3343 5379 diceret
3369 5323 3510 5395 Apo-

1921 5416 2110 5481 stolus,
2143 5423 2202 5470 ut
2238 5417 2293 5468 in
2331 5413 2512 5470 Iesum
2553 5416 2772 5472 credere
2803 5417 3084 5480 deberent,
3112 5415 3240 5486 quia
3272 5423 3506 5469 tantum-

1918 5505 2076 5561 modo
2100 5504 2230 5560 fides
2249 5505 2511 5560 catholica
2535 5504 3056 5567 habet,cre;icndum
3071 5521 3191 5560 esse
3207 5509 3260 5559 in
3287 5505 3504 5561 Patrem

1915 5605 1971 5650 et
1999 5597 2052 5648 in
2080 5594 2292 5659 Filium,
2323 5603 2379 5652 et
2403 5596 2456 5650 in
2480 5594 2738 5665 Spiritum
2769 5605 3030 5659 sanctum,
3056 5597 3159 5652 hoc
3182 5606 3266 5652 est
3292 5597 3342 5651 in
3374 5610 3502 5650 san-

1916 5694 2058 5739 etam
2106 5683 2745 5740 Trinitatemzcazterum
2787 5687 2838 5740 in
2885 5687 3006 5742 aliis
3049 5687 3328 5743 catholicas
3378 5685 3503 5742 fidei

1915 5775 2340 5844 professionibus
2383 5778 2439 5830 in
2484 5779 2920 5848 praepositionem
2975 5794 3250 5850 apponere
3314 5778 3503 5833 nolunt

1919 5869 2168 5922 doctores
2192 5867 2575 5934 ecclesiastici,
2608 5871 2700 5924 sed
2729 5874 3099 5927 tantummodo
3125 5872 3305 5927 dicere
3331 5890 3342 5924 :
3366 5871 3496 5927 Cre-
