4346 6614
620 304 730 363 159

1439 301 1502 357 Β.
1542 301 1607 358 F.
1643 299 1871 358 ALBINI
1910 299 2045 358 SEU
2082 298 2361 357 A-LCUINI
2397 298 2684 356 OPERUM
2720 298 2903 357 PARS
2937 299 3024 360 Ill.

3780 305 3879 358 N50

610 421 793 478 dimus
817 425 1064 478 sanctam
1101 415 1432 483 Eeclesiam,
1457 421 1517 473 et
1538 415 1914 472 remissionem
1941 421 2192 484 peccato—
2219 415 2268 474 Α
2296 411 2441 466 tione
2466 426 2589 481 qua:
2616 413 2913 468 secundum
2944 411 3255 469 Matthzeum
3279 413 3512 472 habetur
3537 431 3550 469 :
3574 421 3635 471 et.
3653 431 3752 485 per
3775 414 3881 472 Lu-

613 528 738 572 rum
757 551 774 579 ,
800 517 869 568 et
883 511 1344 568 resurrectionem
1366 517 1729 574 mortuorum,
1763 514 1821 562 et
1854 514 2059 562 cetera.
2079 519 2200 574 quae

613 602 671 659 in
694 598 939 677 symbolo
975 607 1165 656 sancto
1188 596 1554 655 continentur.
1595 593 1674 652 De
1717 594 2043 651 discretione
2069 609 2202 650 vero

610 692 953 765 baptismatis
997 689 1224 756 Christi,
1256 697 1317 746 et
1357 687 1699 762 baptismatis
1737 685 1963 744 Joannis
2006 687 2201 743 beatus

612 784 946 858 Augustinus
964 785 1018 840 in
1044 784 1182 840 libro
1213 782 1564 840 Enehir-idion
1589 781 1666 837 ita
1693 781 1817 836 ait!l
1847 796 1862 834 :
1901 799 1920 832 ι
1954 779 2087 835 illud
2115 787 2197 834 ta-

613 893 740 937 men
769 893 936 934 unum
960 884 1241 950 peccatum
1257 916 1285 941 ,.
1303 875 1457 948 quod.
1472 883 1585 931 tam
1611 887 1890 946 magnum,
1916 871 1971 929 in
1998 871 2118 928 loco
2144 879 2202 928 et

612 967 804 1027 habitu
832 975 994 1023 tantae
1035 964 1308 1023 felicitatis
1350 964 1645 1022 admissum
1673 971 1777 1029 est,
1803 970 1863 1018 ιιι
1892 963 1944 1018 in
1969 978 2077 1017 uno
2101 962 2200 1018 ho-

611 1060 761 1118 mine
785 1058 1143 1130 originaliter,
1176 1067 1255 1123 et,
1279 1064 1341 1112 ut
1364 1059 1442 1113 ita
1465 1056 1663 1120 dicam,
1689 1048 2000 1110 radicalitcr
2027 1061 2200 1109 totum

612 1167 786 1225 genus
811 1154 1108 1208 humanum
1151 1151 1505 1206 damnaretur
1529 1144 1663 1221 [non
1691 1147 1920 1204 solvitur
1947 1163 2013 1203 ac
2040 1146 2201 1202 dilui,-

611 1239 745 1314 tur],
775 1240 883 1298 nisi
929 1255 1031 1312 per
1074 1255 1242 1296 unum
1288 1239 1643 1296 mediatorem
1671 1237 1768 1293 Dei
1814 1244 1872 1292 et
1919 1236 2199 1292 hominum

614 1329 892 1387 hominem
915 1329 1190 1387 Christum
1211 1328 1419 1396 Jesum,
1445 1330 1536 1400 qui
1559 1329 1707 1386 solus
1727 1327 1904 1400 potuit
1925 1328 2000 1383 ita
2024 1326 2200 1393 nasci,

609 1423 735 1480 utsi
756 1437 864 1478 non
883 1436 1022 1492 opus
1039 1430 1186 1478 esset
1203 1421 1416 1478 renasci
1440 1438 1455 1476 :
1478 1435 1588 1476 non.
1599 1421 1746 1478 enim
1771 1417 2200 1475 renascebantur

609 1513 705 1584 qni
726 1510 1146 1584 baptizabantur
1172 1511 1498 1582 baptismate
1531 1507 1778 1576 Joannis,
1805 1525 1838 1564 a
1868 1525 1976 1580 quo
2001 1517 2057 1566 et
2080 1511 2196 1580 ipse

615 1601 876 1679 [Joannes
888 1602 1047 1677 (Aug.
1064 1605 1236 1661 omitt.
1268 1619 1440 1659 vocem
1461 1600 1742 1674 Joannesi]
1755 1600 2060 1671 baptizatus
2081 1607 2195 1667 est;

611 1694 956 1766 sed-quodam
968 1694 1325 1767 praewrsorio
1347 1691 1489 1750 illius
1511 1691 1830 1758 ministerio,
1845 1692 1936 1763 qui
1951 1691 2166 1747 dicebat
2181 1709 2194 1744 :

2299 516 2419 556 cam
2449 509 2584 572 post
2612 502 2956 572 baptismum.
2981 503 3312 569 ascendisse,
3334 511 3393 559 et
3435 518 3535 576 per
3579 508 3882 579 adoptionis

2298 592 2538 663 gratiam
2567 590 2764 648 Filium
2792 592 2888 651 Dei
2918 609 3040 651 esse
3067 596 3289 650 factum.
3320 594 3389 651 Et
3415 611 3485 652 ne
3514 598 3645 668 quis
3665 614 3753 656 me
3778 600 3881 656 t’al-

2297 701 2419 742 sum
2464 685 2669 760 ﬁngere
2696 689 2763 744 de
2787 703 2854 745 eo
2879 689 3110 746 aestimet
3128 730 3144 757 ,
3165 690 3352 746 audiat
3376 691 3502 747 novi
3527 689 3768 760 ejusdem
3797 694 3883 750 in-

2299 775 2556 846 terpretis
2599 775 2768 833 verba
2804 793 2821 832 :
2851 795 2872 830 ι
2923 777 3208 836 Μιιιιὶιωιιε
3233 819 3250 846 ,
3301 780 3515 851 inquit,
3566 783 3621 837 in
3657 783 3884 840 exordio

2299 865 2577 939 Evangelii
2621 868 2818 924 seriem
2859 869 3247 940 generationis,
3274 885 3395 941 qua
3433 873 3731 929 secundum
3758 889 3883 930 car-

2299 972 2425 1013 nem
2465 957 2535 1015 ad
2571 955 2848 1015 Christum
2892 959 3201 1027 descendit,
3227 977 3259 1017 a
3283 961 3456 1018 Dav-id
3485 962 3883 1020 seu-Abraham

2299 1046 2587 1117 incipiens,
2611 1061 2783 1118 usque
2823 1046 3024 1119 Joseph
3059 1064 3319 1121 sponsum
3361 1050 3565 1118 Mariae,
3587 1067 3688 1122 per
3727 1069 3885 1124 reges

2297 1146 2356 1194 et
2389 1146 2615 1196 cteteros
2636 1139 2706 1195 de
2743 1139 2886 1195 tribu
2915 1137 3056 1196 Juda
3081 1141 3308 1198 sibimet
3327 1143 3699 1210 succedentes,
3726 1144 3885 1201 dinu-

2299 1231 2562 1288 merando
2605 1231 2893 1304 perducit:
2919 1233 2975 1288 in
3003 1247 3112 1304 qua
3146 1234 3495 1306 generatione
3538 1236 3722 1292 carnis
3749 1252 3884 1308 qua-

2298 1330 2426 1379 tuor
2448 1322 2664 1380 l'eminre
2690 1324 3124 1382 introducuntur.
3157 1324 3293 1382 Tres
3322 1326 3572 1382 videlicet
3610 1341 3680 1385 ex
3707 1329 3883 1399 genti.-

2297 1414 2432 1483 bus;
2461 1422 2656 1485 quarta
2705 1429 2836 1471 vero
2879 1414 2988 1482 illa,
3043 1418 3099 1472 iu
3143 1431 3252 1488 qua
3303 1416 3481 1473 David
3513 1418 3888 1489 peccavit-.ut

2298 1505 2502 1576 liquide
2525 1511 2851 1576 putesceret,
2879 1506 3024 1576 quod
3049 1507 3194 1563 idem
3218 1506 3548 1578 Redemptor
3565 1515 3750 1565 noster
3776 1522 3884 1563 non

2299 1597 2473 1654 solum
2495 1611 2562 1654 ex
2586 1595 2807 1664 Judaeis,
2834 1597 2931 1654 sed
2951 1603 3008 1653 et
3027 1597 3094 1653 de
3113 1597 3394 1668 gentibus;
3417 1611 3594 1668 neque
3613 1597 3681 1654 de
3697 1596 3879 1666 iustis,

2301 1685 2398 1744 sed
2429 1687 2596 1744 etiam
2631 1695 2688 1742 et
2713 1687 2780 1743 de
2804 1687 3185 1759 peccatoribus
3212 1703 3399 1744 veram
3429 1703 3646 1745 carnem
3673 1705 3741 1744 ex
3768 1686 3887 1743 Vir-

621 1756 821 1841 Parcite
840 1756 1222 1841 riunt-Domino
1247 1784 1466 1857 (Matth.
1497 1800 1584 1851 ιιι,
1610 1785 1796 1858 3),ubi
1816 1756 1990 1840 unum
2011 1781 2195 1857 [Aug.,
2228 1756 2278 1817 Β
2299 1776 2426 1848 gine
2455 1777 2708 1848 suscepit.
2737 1756 2914 1834 Lucas
2951 1792 3081 1833 vero
3109 1778 3305 1832 seriem
3334 1779 3719 1848 generationis,
3765 1793 3886 1848 qua:

613 1873 743 1930 huic
762 1872 1027 1947 uni],quo
1051 1874 1169 1930 solo
1199 1874 1414 1930 renasci
1432 1873 2202 1945 poterant,parabantur.lln-

605 1957 700 2029 ius
735 1963 881 2018 enim
902 1961 1204 2033 baptismus
1232 1961 1530 2035 [Quercet.,
1560 1961 1912 2036 baptismum]
1950 1971 2058 2029 est,
2089 1979 2199 2019 non

608 2052 666 2108 in
704 2068 846 2126 aqua
875 2063 1107 2122 tantum,
1129 2055 1273 2112 sicut
1313 2053 1417 2111 fuit
1447 2053 1701 2121 Joannis,
1713 2071 1903 2112 verum
1929 2054 2098 2111 etiam
2141 2056 2200 2112 in

609 2144 814 2216 Spiritu
843 2156 1033 2203 sancto
1057 2165 1073 2202 :
1094 2153 1155 2203 ut
1177 2148 1246 2204 de
1270 2147 1361 2204 illo
1403 2146 1622 2220 Spiritu
1637 2155 2020 2218 regeneretur,
2044 2147 2198 2218 quis-

605 2238 737 2309 quis
767 2239 824 2294 in
867 2237 1147 2296 Christum
1195 2239 1388 2306 credit,
1409 2239 1478 2298 de
1527 2253 1636 2310 quo
1683 2239 1934 2296 Christus
1983 2239 2201 2310 genitus

608 2328 792 2402 [Aug.,
821 2333 1132 2402 generatus]
1161 2331 1573 2402 regeneratione
1598 2345 1707 2386 non
1731 2331 1899 2402 eguit.
1927 2351 1946 2382 ι
1980 2330 2050 2385 Ει
2076 2337 2202 2399 post

603 2435 778 2492 pauca
803 2419 860 2476 in
886 2422 1078 2477 eodem
1106 2421 1286 2479 libro:
1314 2441 1335 2476 ι
1367 2421 1426 2478 in
1454 2437 1596 2494 aqua
1638 2438 1772 2494 ergo
1811 2422 2076 2493 baptizari
2103 2438 2201 2478 vo-

607 2511 709 2568 luit
728 2527 761 2567 a
781 2509 1014 2578 Joanne,
1043 2526 1152 2568 non
1176 2520 1239 2568 ut
1272 2513 1391 2584 eius
1435 2513 1698 2583 iniquitas
1739 2511 1847 2567 ulla
1876 2513 2201 2580 dilueretur,

604 2602 701 2660 sed
722 2610 785 2658 ut
808 2616 1004 2674 magna
1033 2602 1514 2660 commendaretur
1546 2602 1846 2660 humilitas.
1887 2602 1964 2659 ita
2001 2604 2201 2676 quippe

603 2695 738 2752 nihil
765 2696 826 2752 in.
844 2710 910 2752 eo
939 2697 1262 2766 baptismus,
1294 2697 1441 2767 quod
1466 2697 1734 2762 ablueret,
1764 2696 1909 2754 sicut
1934 2712 2085 2752 mors
2109 2697 2198 2752 ni-

605 2785 704 2853 hil,
735 2785 882 2859 quod
905 2786 1142 2859 puniret,
1169 2787 1416 2846 invenit:
1438 2795 1501 2844 ut
1525 2788 1772 2846 diabolus
1795 2787 2202 2858 veritatejusti-

605 2877 730 2945 tite,
755 2893 868 2935 non
909 2878 1168 2935 violentia
1209 2881 1497 2952 potsstatis
1541 2895 1834 2952 oppressus
1879 2890 1936 2937 et
1978 2881 2154 2937 vietus
2181 2921 2198 2946 ,

605 2968 869 3040 quamam
889 2969 1069 3042 ipsum
1110 2971 1236 3028 sine
1254 2971 1368 3028 ullo
1397 2973 1608 3043 peccati
1635 2973 1831 3028 merito
1860 2973 2200 3042 iniquissime

601 3058 1010 3131 occiderat,per
1025 3059 1201 3131 ipsum
1216 3057 1517 3130 iustissime
1537 3061 1831 3128 amitteret,
1849 3063 1992 3132 quod
2007 3061 2194 3133 [Aug.,

603 3152 778 3227 quos]
823 3154 1032 3225 peccati
1079 3154 1276 3210 merito
1325 3153 1621 3210 detinebat.
1689 3153 1991 3225 Utrumque
2050 3155 2194 3210 enim

605 3241 796 3316 [Aug.,
824 3251 1115 3314 utrumque
1141 3241 1327 3314 igitur]
1355 3241 1424 3298 ab
1450 3243 1566 3308 illo,
1595 3243 1648 3298 id
1673 3249 1778 3307 est,
1809 3250 1866 3297 et
1891 3242 2199 3312 baptismus

605 3337 660 3387 et
683 3345 852 3397 mors,
880 3339 1046 3387 ecl-tte
1082 3331 1500 3401 dispensationis
1536 3347 1704 3387 causa
1743 3347 1850 3387 non
1888 3331 2198 3387 miseranda

605 3420 950 3488 necessitate,
968 3421 1064 3477 sed
1083 3421 1378 3478 miserante
1395 3421 1573 3493 potius
1593 3422 1870 3478 voluntate
1889 3432 2198 3492 susceptum

606 3521 711 3579 est,
742 3521 804 3569 ut
842 3528 985 3570 unus
1028 3521 1320 3584 peccatum
1359 3513 1576 3570 tolleret
1619 3514 1844 3578 mundi,
1871 3513 2013 3568 sicut
2059 3529 2199 3569 tinus

603 3613 889 3675 peccatum
931 3603 1083 3661 misit
1109 3605 1162 3660 in
1196 3604 1483 3671 mundum,
1510 3605 1616 3660 hoc
1657 3612 1745 3660 est
1783 3605 1836 3659 in
1884 3603 2196 3672 universum

607 3710 779 3766 genus
832 3698 1162 3764 humanum,
1203 3697 1464 3769 Apostolo
1514 3704 1804 3753 attestante
1829 3714 1840 3750 ;
1867 3695 2014 3752 Sicut
2058 3698 2197 3752 enim

607 3786 667 3844 in.
699 3787 874 3843 Adam
908 3805 1087 3844 omnes
1119 3789 1438 3855 moriuntur,
1467 3789 1544 3844 ita
1582 3797 1632 3843 et
1670 3788 1726 3843 in
1767 3786 1977 3843 Christo
2019 3804 2198 3842 omnes

609 3878 1014 3949 viviﬁcabuntur
1038 3879 1093 3954 (1
1119 3879 1242 3936 Cor.
1266 3895 1359 3946 xv,
1387 3879 1502 3953 29).
1539 3899 1558 3934 ι

680 3969 861 4026 XVIII.
903 3970 1076 4040 Quam
1108 3979 1297 4042 aperta
1318 3979 1404 4028 est
1445 3972 1562 4028 haec
1585 3970 1943 4041 blasphemia,
1972 3977 2031 4024 ut
2051 3969 2201 4024 dicat

607 4063 884 4119 Christum
930 4065 1167 4120 secunda
1198 4065 1492 4135 indiguisse
1514 4063 1906 4135 generatione?
1930 4061 1998 4116 Et
2035 4077 2196 4131 quem

608 4157 804 4228 sapius
845 4157 963 4213 sine
989 4165 1214 4227 peccato
1242 4155 1477 4212 aﬂirmat
1498 4171 1642 4221 esse,
1666 4171 1813 4212 nunc
1839 4154 2019 4210 subito
2039 4154 2198 4224 quasi

607 4255 949 4318 peccatorem
990 4249 1402 4319 regeneratione
1453 4247 1746 4318 indiguisse
1787 4245 2083 4301 contendit.
2132 4244 2200 4299 Et

609 4341 701 4412 qui
744 4339 917 4396 Deum
951 4339 1114 4410 paulo
1137 4347 1262 4394 ante
1292 4337 1549 4402 asseruit,
1577 4346 1634 4392 et
1661 4351 1727 4392 ex
1769 4344 1927 4392 utero
1948 4333 2198 4404 virginali

2296 1882 2396 1940 per
2439 1868 2784 1940 adoptionem
2817 1877 2934 1934 est,
2963 1884 3070 1924 non
3114 1884 3214 1939 per
3262 1869 3631 1941 genealogiam
3673 1869 3878 1933 carnis,

2296 1963 2748 2034 quemadmodum
2787 1963 3093 2032 Matthzeus,
3137 1963 3234 2020 sed
3275 1979 3308 2019 a
3344 1963 3635 2034 baptismo,
3669 1963 3724 2019 in
3769 1978 3878 2032 quo

2295 2052 2602 2123 baptizatus
2639 2059 2725 2109 est
2748 2050 3000 2109 Christus
3025 2053 3082 2108 in
3107 2049 3364 2118 Jordane,
3394 2051 3465 2107 ab
3509 2052 3628 2122 ipso
3665 2050 3889 2107 Christo

2297 2144 2563 2216 incipiens
2583 2159 2692 2201 non
2719 2159 2817 2216 per
2840 2145 3044 2200 tribum
3069 2143 3232 2211 Juda,
3249 2151 3317 2199 ut
3338 2143 3512 2214 prior,
3540 2144 3638 2200 sed-
3665 2159 3762 2214 ρει-
3791 2145 3890 2199 tri-

2297 2235 2426 2293 bum
2465 2235 2860 2293 sacerdotalem
2895 2241 3086 2292 texens
3114 2253 3129 2291 :
3153 2249 3329 2306 neque
3365 2235 3626 2291 deorsum.
3665 2235 3887 2292 descen-

2299 2328 2499 2393 dendo,
2527 2328 2670 2383 sicut
2696 2325 2806 2394 ille,
2839 2327 2935 2382 sed
2961 2341 3178 2384 sursum
3203 2341 3428 2384 versus:
3453 2340 3560 2382 non
3595 2341 3696 2397 per
3735 2325 3888 2381 Salo-

2299 2436 2516 2476 menem
2537 2436 2603 2476 ex
2626 2420 2893 2476 Bersabee
2921 2421 3161 2492 genitum
3178 2460 3192 2485 ,
3217 2419 3322 2476 sed
3344 2434 3443 2489 per
3467 2419 3677 2474 Nathan
3703 2419 3756 2473 in
3783 2416 3892 2473 Da-

2297 2509 2390 2566 vid
2436 2511 2758 2581 recopulans
2793 2526 2965 2580 usque
3009 2512 3065 2566 in
3100 2511 3272 2568 Adam
3302 2511 3557 2583 perduxit
3582 2511 3652 2568 ad
3691 2511 3890 2580 Deum,

2300 2609 2465 2672 caput
2489 2600 2742 2658 videlicet
2765 2601 3032 2671 replicans
3071 2603 3342 2672 adcaput.
3366 2623 3384 2656 ι

2374 2688 2517 2748 XIX.
2540 2690 2653 2748 Nec
2675 2692 2811 2748 mihi
2837 2693 2942 2748 hoc
2959 2691 3078 2749 loco
3095 2707 3231 2764 opus
3249 2702 3334 2750 est
3355 2693 3425 2751 ad
3446 2695 3881 2765 respondendum

2301 2787 2470 2842 verba
2505 2798 2855 2858 exaggerare,
2891 2785 3022 2840 dum
3062 2784 3268 2842 veritas
3295 2783 3574 2858 Evangelii
3621 2786 3882 2852 ostendit,

2301 2877 2370 2933 de
2393 2875 2598 2947 Spiritu
2626 2883 2818 2932 sancto
2836 2890 2906 2931 ex
2936 2874 3104 2932 Maria
3127 2877 3339 2946 virgine
3363 2885 3553 2933 natum
3579 2892 3701 2936 esse
3727 2879 3886 2934 Chri-

2302 2975 2467 3033 stum,
2499 2981 2606 3023 non
2649 2966 2808 3037 quasi
2822 2973 3198 3036 peccatorem,
3251 2967 3348 3023 sed
3379 2982 3509 3024 vere
3545 2967 3740 3024 Filium
3767 2967 3884 3035 Dei,

2304 3057 2419 3113 imo
2459 3066 2514 3112 et
2540 3056 2729 3112 Deum.
2763 3055 2952 3114 Nonne
2979 3056 3251 3114 dubitanti
3293 3055 3495 3128 Joseph
3540 3059 3660 3114 viro
3701 3057 3886 3116 Mariae

2301 3149 2523 3220 angelus
2550 3151 2802 3221 apparuit
2829 3149 2882 3204 in
2907 3151 3112 3206 somnis
3139 3151 3324 3207 dicens
3348 3164 3365 3204 :
3389 3149 3520 3206 Noli
3548 3151 3750 3207 timere.
3776 3149 3890 3208 Fili

2301 3241 2497 3308 David,
2528 3242 2761 3312 accipere
2788 3239 3018 3296 Mariam
3048 3241 3326 3312 confugerit
3365 3249 3531 3295 tuam.
3567 3237 3721 3307 Quod
3743 3243 3883 3296 enim

2297 3350 2365 3389 ea:
2395 3350 2458 3389 ea
2487 3344 2669 3388 natum
2696 3341 2795 3398 est,
2821 3333 2887 3387 de
2916 3331 3120 3402 Spiritu
3154 3342 3337 3387 sancto
3362 3340 3458 3387 est.
3504 3329 3688 3388 Pariet
3708 3342 3889 3389 autem

2299 3423 2522 3489 Filium,
2571 3432 2621 3477 et
2666 3423 2871 3477 vocabis
2921 3439 3108 3477 nomen
3161 3423 3277 3494 ejus
3316 3421 3522 3479 Iesum.
3556 3420 3672 3478 Hoc
3711 3433 3884 3480 autem

2297 3522 2465 3568 totum
2495 3513 2693 3583 [actum
2738 3522 2838 3579 est,
2865 3521 2922 3566 ut
2950 3511 3350 3582 adimpleretur,
3386 3512 3528 3586 quod
3576 3515 3774 3570 dictum
3812 3525 3887 3570 est

2297 3622 2390 3678 per
2437 3605 2745 3676 prophetam
2788 3618 2808 3657 :
2845 3603 3029 3660 Pariet
3073 3603 3295 3672 Filium,
3347 3617 3397 3662 et
3447 3607 3652 3662 vocabis
3701 3623 3891 3662 nomen

2297 3698 2414 3769 ejus
2444 3697 2760 3753 Emmanuel
2805 3697 3022 3770 (Matth.
3051 3714 3092 3764 ι,
3120 3699 3356 3772 20-23).
3391 3699 3458 3755 Et
3485 3715 3555 3756 ne
3584 3701 3889 3772 ignorantia

2296 3793 2442 3841 esset
2467 3786 2726 3852 nominis,
2757 3785 3005 3854 adiunxit
3049 3789 3381 3859 evangelista
3410 3804 3425 3843 :
3455 3790 3596 3862 quod
3622 3792 3882 3861 interpre-

2297 3887 2442 3934 tatur
2475 3877 2748 3932 nobiscum
2800 3878 2965 3933 Deus.
3017 3877 3121 3945 Qui
3170 3879 3226 3934 in
3275 3879 3526 3936 Mattiaco
3572 3879 3890 3936 Emmanuel

2297 3967 2518 4034 dicitur,
2552 3967 2608 4022 in
2634 3966 2783 4022 Luca
2812 3963 2988 4022 Filius
3032 3967 3287 4024 Altissimi
3321 3977 3565 4040 vocatur.
3596 3969 3667 4026 Et
3690 3983 3759 4026 ne
3791 3971 3889 4027 du-

2297 4058 2446 4115 bium
2471 4065 2636 4125 esset,
2664 4058 2786 4129 quis
2815 4066 2961 4114 esset
3007 4058 3342 4125 Altissimus,
3370 4060 3617 4129 adiunxit
3656 4062 3839 4118 statim
3870 4079 3884 4115 :

2298 4165 2347 4208 et
2382 4163 2644 4219 sanctum,
2669 4153 2812 4224 quod
2858 4169 2923 4209 ex
2949 4163 2999 4208 te
3030 4165 3293 4220 nascetur,
3325 4153 3500 4211 Filius
3535 4154 3636 4211 Dei
3682 4158 3889 4213 iocabi-

2299 4252 2387 4298 tur
2417 4241 2570 4316 (Luc.
2603 4259 2645 4309 ι,
2673 4241 2744 4300 52
2762 4243 2913 4310 455).
2966 4243 3120 4299 illam
3169 4259 3300 4315 ergo
3344 4244 3732 4317 genealogiam,
3766 4261 3886 4317 qua:

2299 4334 2595 4390 secundum
2624 4333 2826 4389 Lucam
2849 4341 2971 4400 est,
3017 4332 3168 4388 Felix
3198 4349 3296 4405 per
3317 4334 3667 4405 adoptionem
3685 4334 3886 4390 asserit

607 4440 797 4488 natum
823 4446 978 4496 esse,
1009 4445 1154 4486 nunc
1180 4429 1358 4485 subito
1383 4427 1538 4498 quasi
1569 4427 1842 4483 hominem
1882 4440 2078 4495 purum
2121 4424 2200 4479 la-
2226 4449 2278 4509 ι)
2301 4423 2620 4490 ascendere,
2649 4423 2807 4494 quasi
2827 4437 3018 4478 omnes
3057 4422 3167 4477 sint
3194 4422 3456 4493 adoptivi,
3485 4423 3578 4493 qui
3607 4423 3665 4479 in
3686 4437 3751 4476 ea
3779 4439 3884 4477 nu-

609 4522 757 4578 vacri
797 4520 1179 4576 emundatione
1217 4517 1557 4590 purgandum
1601 4533 1722 4573 esse
1769 4515 2110 4587 pronuntiat;
2143 4523 2198 4569 et

610 4613 680 4668 ad
705 4609 1110 4668 similitudinem
1139 4619 1384 4665 nostram
1425 4607 1671 4679 adoptari
1705 4607 1866 4678 811
1902 4606 1955 4660 in
1999 4605 2198 4661 Filium

613 4702 733 4767 Dei,
758 4701 850 4772 qui
897 4699 999 4756 fuit
1038 4701 1206 4757 Filius
1251 4699 1348 4755 Dei
1390 4707 1683 4768 conceptus
1711 4706 1767 4754 et
1795 4705 1973 4752 natus.
2021 4695 2199 4768 Atque

611 4792 714 4848 has
745 4790 881 4846 duas
904 4790 1281 4862 generationes
1305 4789 1359 4844 in
1384 4787 1604 4846 Christo
1635 4788 1843 4845 duabus
1870 4786 2199 4859 genealogiis

612 4881 836 4948 Christi,
857 4897 980 4953 quae
1020 4881 1075 4936 in
1116 4879 1405 4950 Evangelio
1445 4878 1719 4948 leguntur,
1748 4877 2073 4934 conﬁrmare
2097 4895 2194 4948 ag-

613 4969 1087 5042 grediturznnam
1134 4985 1233 5040 per
1267 4983 1434 5041 quam
1471 4957 1782 5033 descendit;
1829 4966 2054 5023 alteram
2100 4981 2196 5038 per

613 5077 780 5135 quam
831 5062 1077 5119 ascendit
1127 5062 1379 5118 Christus
1413 5061 1607 5132 :qnasi
1655 5069 1911 5132 peccator
1952 5067 2098 5117 esset
2140 5059 2196 5115 in

613 5152 998 5219 descensione,
1029 5160 1086 5210 et
1129 5153 1377 5224 expiatus
1419 5153 1476 5209 in
1522 5153 1837 5209 ascensione
1874 5151 2193 5222 adoptionis.

616 5240 871 5308 Attende,
900 5241 1087 5308 lector,
1105 5257 1304 5298 novum
1326 5240 1647 5310 evangelica:
1666 5241 1908 5297 historiae
1933 5243 2198 5311 interpre-

621 5340 751 5388 tem.
782 5329 929 5389 Duas
971 5331 1313 5404 genealogias
1334 5331 1536 5387 Christi
1561 5347 1686 5387 cum
1713 5329 2056 5402 evangelistis
2082 5345 2195 5386 me-

619 5431 800 5479 morat
838 5440 854 5478 :
886 5423 1182 5480 secundum
1209 5416 1516 5480 Matthazum
1545 5422 1815 5478 Christum
1857 5422 2198 5477 descendisse

623 5529 729 5570 non
775 5513 947 5570 solum
976 5529 1074 5584 per
1110 5513 1320 5584 iustos,
1360 5514 1456 5572 sed
1486 5513 1650 5570 etiam
1678 5529 1777 5584 per
1809 5513 2038 5569 feminas
2077 5527 2200 5583 pec-

623 5604 874 5670 catrices,
896 5612 953 5661 et
980 5605 1273 5678 indiguisse
1300 5620 1422 5660 eum
1453 5605 1718 5675 baptismo
1759 5605 1812 5660 in
1843 5603 1932 5661 illa
1974 5614 2197 5674 genera-

699 5730 727 5761 ι
756 5715 816 5772 S.
841 5714 1001 5788 Aug.,
1026 5717 1299 5774 Enehirid.
1326 5733 1446 5788 cap.
1476 5717 1562 5774 £8.

2298 4519 2602 4580 merantur,
2639 4513 2782 4584 quod
2829 4511 2989 4584 longe
3037 4510 3198 4568 aliter
3225 4527 3344 4567 esse
3386 4512 3652 4585 agnoscit,
3681 4513 3779 4584 qui
3797 4529 3886 4569 sa-

2297 4619 2421 4660 cras
2447 4612 2649 4660 sanctae
2675 4605 2972 4674 Scriptum
2993 4603 3126 4676 legit
3150 4605 3429 4660 historias.
3458 4604 3625 4660 Addit
3664 4619 3884 4676 quoque

2295 4695 2693 4752 atrocissimum
2733 4695 2936 4750 erroris
2964 4694 3050 4750 sui
3087 4708 3394 4750 venenum:
3431 4711 3452 4746 ι
3486 4693 3545 4749 Si
3574 4696 3698 4766 quis
3717 4711 3875 4762 vero,

2297 4786 2495 4857 inquit,
2527 4787 2670 4841 hanc
2703 4784 3003 4856 spiritalem
3033 4787 3456 4855 generationem,
3488 4801 3606 4856 quae
3632 4801 3730 4857 per
3755 4789 3887 4843 ado-

2297 4881 2540 4952 ptionem
2569 4879 2650 4945 tit,
2679 4895 2712 4934 a
2739 4876 2958 4934 Christo
2993 4878 3290 4934 secundum
3332 4878 3605 4935 hominem
3629 4879 3886 4936 abdicare

2301 4971 2435 5035 vult,
2473 4970 2627 5040 prius
2655 4983 2877 5026 necesse
2895 4977 3002 5036 est,
3030 4979 3090 5024 ut
3115 4968 3260 5025 illam
3281 4983 3402 5040 quae
3431 4968 3732 5026 secundum
3756 4985 3880 5026 car-

2301 5077 2428 5119 nem
2453 5068 2558 5128 est,
2588 5061 2657 5118 ab
2685 5076 2751 5116 eo
2784 5061 3027 5116 funditus
3056 5060 3354 5116 abscindat.
3395 5086 3414 5114 ο
3449 5061 3664 5127 Audite,
3699 5063 3884 5119 audite

2302 5153 2543 5224 legentes
2561 5161 2615 5209 et
2644 5153 3023 5223 intelligentes,
3046 5167 3211 5222 quam
3258 5159 3444 5222 aperta
3469 5161 3554 5209 est
3593 5154 3712 5209 haec
3737 5155 3882 5210 blas-

2301 5245 2538 5316 phemia.
2563 5244 2672 5300 Aut
2695 5245 2832 5300 duas
2857 5243 2972 5300 vult
3017 5245 3218 5301 habere
3255 5243 3555 5310 Christum,
3583 5247 3878 5302 secundum

2299 5335 2446 5409 quod
2487 5338 2648 5393 homo
2699 5346 2801 5402 est,
2841 5338 3242 5408 generationes,
3295 5345 3390 5392 aut
3417 5339 3582 5394 etiam
3631 5338 3874 5395 nullam:

2297 5429 2450 5499 quasi
2474 5444 2694 5485 necesse
2721 5431 2813 5494 sit,
2845 5438 2906 5483 ut
2940 5435 3062 5498 post
3087 5429 3360 5483 carnalem
3397 5429 3594 5489 habent
3619 5430 3785 5485 etiam
3820 5437 3882 5487 et

2297 5520 2593 5591 spiritalem
2622 5523 2677 5574 in
2697 5519 3006 5589 adoptione,
3053 5525 3112 5572 ut
3155 5518 3523 5587 arqualiterde
3565 5533 3630 5575 eo
3671 5519 3875 5577 dictum

2297 5599 2646 5683 intelligatur,
2674 5609 2817 5667 sicut
2845 5616 2901 5666 et
2940 5610 3006 5665 de
3033 5610 3187 5666 nobis
3217 5611 3331 5681 ipsa
3363 5610 3572 5668 Veritas
3606 5613 3682 5668 ait
3709 5626 3723 5666 :
3756 5611 3877 5669 Nisi
