4346 6572
464 336 556 390 161

1185 334 1602 392 DOGMNTICA.
1628 369 1699 378 —
1724 338 1883 394 AD-V'.
1923 337 2216 394 FELICEM
2259 336 2434 391 Uillll
2471 334 2579 390 V-ll.
2622 364 2691 373 --
2728 331 2855 386 LIB.
2898 330 2979 385 Ill.

3616 330 3719 383 tua

456 452 574 523 quis
599 459 810 506 renatus
863 452 1019 521 fuerit
1062 467 1127 504 ea:
1147 469 1284 522 aqua
1312 462 1359 505 et
1391 451 1614 521 Spiritu,
1643 470 1745 507 non
1770 462 1932 523 potest
1964 455 2045 506 in-
2074 461 2114 510 Α
2149 450 2258 519 ptio
2281 458 2365 502 est
2392 458 2768 517 peccatorum;
2806 448 2950 516 quod
2978 453 3157 500 autem
3187 445 3263 499 ait
3287 464 3299 498 :
3337 453 3394 497 nt
3420 445 3484 498 de
3511 452 3723 512 peccato

455 545 688 599 troircin
711 559 929 615 regnum
950 542 1045 597 Dei
1072 540 1251 611 (Joan.
1284 558 1366 605 ιιι,
1389 541 1465 613 5).
1485 541 1800 597 Nullatenus
1820 543 2039 613 quippe,

454 637 597 692 sicut
640 636 891 705 superius
940 634 1272 689 ostendimus
1326 633 1513 703 (Num.
1540 634 1649 704 17),
1683 635 1737 687 in
1772 635 2042 703 baptismo

454 725 681 781 Joannis
711 723 1059 795 regeneratio
1096 721 1198 776 fuit
1241 721 1489 790 alicujus,
1520 723 1614 777 sed
1644 723 2041 778 demonstratio

445 818 680 887 majoris
699 816 965 889 mysterii.
1001 814 1186 885 Neque
1210 813 1428 869 Christo
1456 815 1782 869 ascendente
1811 814 1877 869 de
1901 829 2040 885 aqua

455 910 531 966 ibi
560 911 678 980 ejus
701 912 886 966 unctio
918 909 1035 970 fuit,
1069 907 1121 963 id
1162 916 1245 961 est
1297 905 1653 961 sanctiﬁcatio
1694 906 1896 975 Spiritu
1918 920 2043 959 san-

454 1009 545 1058 eto
573 1003 933 1058 descendente
962 1016 1126 1071 super
1159 1015 1303 1063 eum,
1356 1000 1451 1054 sed
1501 999 1892 1053 demonstratio
1918 1000 2041 1069 quis

448 1102 620 1161 esset,
650 1103 706 1150 et
733 1092 983 1165 ﬁguratio
1004 1101 1203 1148 nostra:
1220 1093 1489 1147 unctionis
1511 1100 1566 1147 et
1586 1092 1912 1162 adoptionis,
1933 1106 2039 1161 qua

454 1187 509 1240 in
538 1186 810 1256 baptismo
840 1184 1242 1241 sanctiﬁcamur
1268 1183 1321 1238 in
1351 1183 1490 1240 ﬁlios
1530 1183 1645 1246 Dei,
1675 1183 1816 1237 sicut
1850 1185 2041 1237 beatus

453 1275 909 1347 Beda-presbyter
926 1273 1163 1330 ostendit
1193 1273 1247 1327 in
1285 1275 1619 1342 expositione
1638 1272 2041 1342 przcdicationis

455 1364 601 1419 beati
624 1363 786 1418 Petri
841 1362 1102 1432 principis
1154 1362 1540 1432 apostolorum,
1564 1376 1683 1429 qua
1730 1359 2038 1414 Cornelium

453 1469 578 1510 cum
605 1452 729 1508 aliis
752 1451 999 1521 plurimis
1026 1451 1247 1507 instruit
1272 1452 1337 1505 ad
1367 1451 1528 1505 ﬁdem
1558 1464 1584 1491 ιι
1623 1470 1631 1501 ;
1673 1467 1691 1499 ι
1732 1450 1938 1506 Unctus
1959 1458 2042 1505 est

455 1546 830 1618 ergo,inquit,
850 1542 1135 1599 Iesus-non
1157 1543 1277 1598 oleo
1306 1544 1558 1599 invisibili
1583 1542 1771 1615 [Beda,
1792 1544 2036 1615 visibili],

456 1638 551 1693 sed
575 1639 716 1693 dono
733 1636 940 1709 gratim,
972 1636 1116 1704 quod
1154 1633 1350 1689 visibili
1380 1634 1715 1705 signiﬁcatur
1743 1644 2034 1705 unguento,

453 1741 563 1797 quo
581 1727 885 1796 baptizatos
915 1725 1084 1796 ungit
1122 1724 1370 1779 Ecclesia
1405 1743 1416 1778 :
1454 1740 1557 1780 nec
1586 1733 1765 1780 tamen
1793 1732 1918 1780 tunc
1941 1741 2039 1780 un—

452 1825 687 1874 ctus-est
736 1815 947 1885 Spiritu
998 1825 1209 1878 saneto,
1257 1815 1472 1884 quando
1506 1830 1670 1883 super
1717 1829 1842 1870 eum
1891 1815 2038 1869 velut

449 1910 700 1965 columba
721 1905 955 1976 Spiritus
967 1906 1260 1961 descendit.
1291 1908 1444 1962 Tunc
1462 1908 1606 1962 enim
1632 1922 1831 1977 corpus
1856 1922 2034 1973 suum,

450 1999 505 2053 id
544 2007 647 2061 est,
668 1997 974 2052 SEeclesiam
1010 2012 1167 2051 suam
1205 1997 1369 2067 812
1405 1997 2039 2069 prazﬁguraredignatas

450 2097 555 2151 est,
589 2089 643 2143 in
674 2103 791 2158 qua
829 2088 1099 2156 praecipue
1155 2088 1413 2156 llaptizati
1460 2087 1734 2156 accipiunt
1777 2085 2038 2156 Spiritum

449 2189 720 2237 sanctum.
754 2181 861 2234 Sed
884 2181 987 2237 ista
1017 2181 1245 2252 mystica
1267 2188 1324 2233 et
1350 2177 1606 2234 invisibili
1631 2180 1886 2234 unctione
1911 2188 2039 2234 tunc

450 2269 833 2345 intelligendus
877 2282 962 2326 est
989 2279 1205 2335 unctus,
1257 2269 1473 2338 quando
1515 2269 1757 2324 'V'erhum
1788 2269 1883 2324 Dei
1909 2285 2039 2325 caro

450 2359 654 2419 factum
680 2372 783 2426 est,
815 2363 867 2417 id
896 2370 1000 2426 est,
1031 2360 1249 2429 quando
1268 2360 1505 2415 humana
1530 2368 1744 2425 natura,
1774 2360 1891 2415 sine
1915 2360 2038 2416 ullis

446 2454 1175 2527 prtecedentibusbonorum
1205 2465 1429 2520 operum
1462 2451 1690 2515 meritis,
1719 2451 1830 2505 Deo
1862 2451 2037 2507 Verbo

447 2553 554 2611 est,
597 2544 651 2600 in
686 2555 843 2600 utero
867 2544 1093 2614 virginis
1115 2543 1388 2613 copulata,
1418 2542 1491 2597 ita
1529 2551 1736 2598 ut-cum
1767 2543 1859 2597 illo
1882 2543 2037 2597 ﬁeret

444 2648 554 2690 una
580 2648 834 2706 persona.
868 2633 948 2688 0b
972 2635 1077 2687 hoc
1096 2648 1220 2687 eum
1253 2632 1577 2688 conﬁtemur
1600 2640 1786 2688 natum
1814 2633 1880 2688 de
1910 2632 2037 2703 Spi-

444 2724 555 2781 ritu
578 2733 847 2781 sanctoret
868 2724 1034 2779 Maria
1059 2725 1286 2794 virgine.
1331 2743 1351 2777 ι

520 2814 637 2871 XX.
666 2815 1108 2889 :De.gcnealogiis
1128 2831 1259 2870 vero
1282 2815 1483 2871 Christi
1513 2817 1587 2870 ita
1623 2817 1806 2886 potius
1837 2816 2036 2872 intelli-

447 2905 681 2979 gendum
710 2906 1064 2968 arbitramur,
1098 2905 1241 2973 quod
1263 2920 1385 2974 quae
1417 2920 1513 2974 per
1557 2906 1867 2961 Matthteum
1907 2923 2028 2961 nar-

449 3003 621 3061 ratur,
670 3002 981 3050 nostrorum
1023 2993 1294 3065 signiticet
1336 2996 1736 3065 susceptionem
1779 3005 2034 3065 peccato-

447 3099 569 3138 rum
598 3083 881 3140 aDomino
910 3082 1149 3148 Christo,
1196 3091 1415 3155 propter
1441 3099 1562 3154 quas
1603 3084 1658 3139 in
1685 3087 1866 3141 crucis
1893 3087 2032 3155 pati-

444 3171 573 3227 bulo
594 3187 896 3243 suspensus
931 3176 1034 3227 est.
1070 3172 1127 3227 In
1170 3172 1607 3243 generationibus
1637 3175 2025 3242 autemLucac,

440 3279 567 3335 qute
612 3262 914 3321 ascendunt
952 3264 1020 3318 ad
1063 3263 1256 3329 Deum,
1290 3263 1637 3319 abolitionem
1681 3273 2029 3336 peccatorum

443 3362 760 3410 nostrorum
806 3352 1109 3425 signiﬁcari
1144 3370 1258 3424 ,per
1302 3355 1573 3416 eumdem,
1617 3356 1707 3425 qui
1738 3357 2030 3413 cruciﬁxus

442 3454 531 3501 est
580 3461 678 3517 pro
732 3446 971 3515 peccatis
1014 3446 1236 3500 nostris.
1286 3444 1410 3499 ideo
1431 3460 1525 3501 cas
1573 3446 1661 3502 ille
1697 3447 2031 3504 descendens

442 3545 685 3604 enarrat,
722 3538 1148 3595 isteascendens
1177 3556 1189 3590 :
1221 3538 1349 3609 quia
1383 3537 1663 3593 descendit
1687 3538 1937 3594 Christus
1958 3540 2029 3593 ad

441 3630 754 3688 liberandos
779 3645 897 3694 nos,
918 3630 1162 3685 ascendit
1187 3638 1366 3684 autem
1399 3631 1466 3684 ad
1492 3630 1866 3700 justiﬁcandos
1891 3648 1990 3687 nos
2012 3648 2027 3699 ;

440 3723 724 3778 descendit
751 3730 810 3779 ut
846 3729 1149 3777 moreretur
1181 3735 1282 3791 pro
1302 3720 1481 3787 nobis,
1514 3724 1777 3789 ascendit,
1802 3725 2032 3778 utviva-

440 3831 567 3871 mus
597 3816 651 3870 in
695 3815 807 3870 illo.
839 3814 994 3881 Quod
1038 3815 1182 3868 enim
1209 3814 1289 3868 ait
1330 3813 1659 3885 Apostolus:
1691 3813 1841 3870 Misit
1888 3815 2030 3872 Deus

432 3906 646 3964 Fiiium
675 3924 828 3963 suum
858 3908 914 3963 in
952 3906 1347 3963 similitudinem
1375 3908 1550 3961 carnis
1577 3909 1799 3973 peccati,
1838 3923 2027 3964 susce-

516 4056 541 4082 ι
570 4043 715 4098 'Ven.
743 4041 910 4105 Beda,
941 4040 995 4094 in
1017 4055 1138 4111 cap.
1167 4055 1201 4094 ι
1224 4038 1346 4094 Act.
1377 4046 1551 4109 apost.

454 4169 636 4184 “.-

2141 542 2413 594 daumarct
2450 548 2715 609 peccatum
2744 540 2800 591 in
2840 553 2996 591 carne
3025 535 3201 602 (Rom.
3230 551 3348 599 vm,
3376 534 3453 605 5),
3486 534 3724 604 expiatio

2140 642 2225 687 est
2252 642 2619 702 peccatorum.
2678 631 2803 685 Ideo
2856 628 3139 684 Mattlneus
3166 628 3234 683 ah
3274 628 3389 697 ipso
3426 627 3592 681 David
3626 641 3723 697 per

2142 722 2488 778 Salomoncm
2518 722 2815 783 descendit,
2859 721 2911 775 in
2937 719 3090 788 cujus
3115 729 3291 773 matre
3317 718 3405 772 ille
3428 720 3674 789 peremit
3705 736 3717 771 :

2138 813 2317 870 Lucas
2358 829 2486 869 vero
2531 814 2598 867 ad
2642 813 2817 882 ipsum
2850 812 3017 865 David
3050 826 3158 881 per
3188 809 3406 863 Nathan
3457 808 3719 874 ascendit,

2138 921 2240 974 per
2262 920 2422 974 quem
2452 905 2770 974 prophetam
2804 901 2946 955 Deus
2974 906 3255 970 peccatum
3292 898 3433 953 illius
3464 899 3716 968 expiavit.

2140 994 2428 1050 Descendit
2453 1009 2546 1064 per
2571 994 2748 1064 regale
2786 1008 2978 1063 genus,
3004 999 3059 1045 et
3082 991 3324 1045 ascendit
3348 1005 3445 1058 per
3472 992 3722 1044 sacerdo-

2140 1087 2270 1152 tale,
2296 1086 2387 1156 qui
2417 1101 2517 1157 pro
2558 1084 2726 1141 nobis
2777 1084 3029 1140 sacerdos
3057 1092 3142 1138 est
3188 1091 3243 1138 et
3284 1083 3457 1138 hostia
3503 1083 3718 1137 factus:

2139 1180 2266 1248 quia
2296 1186 2586 1248 utrumque
2628 1186 2731 1241 est,
2762 1192 2856 1231 rex
2888 1183 2943 1229 et
2965 1175 3216 1230 sacerdos
3236 1183 3291 1229 et
3318 1174 3576 1228 Dominus
3599 1190 3725 1244 pro-

2138 1268 2379 1337 pitiator.
2410 1265 2749 1321 Firmissime
2792 1280 3027 1334 namque
3053 1265 3341 1318 tenendum
3368 1273 3471 1328 est,
3501 1279 3719 1317 comem

2129 1357 2340 1414 Christi
2380 1373 2447 1413 cx
2475 1368 2706 1426 utroque
2746 1371 2943 1428 genere
2973 1365 3347 1426 propagatam,
3369 1356 3551 1426 ~regali
3574 1355 3722 1411 scili-

2138 1459 2226 1507 cet
2258 1458 2314 1505 et
2338 1449 2678 1509 sacerdotali,
2709 1449 2760 1503 in
2789 1449 2982 1517 quibus
3004 1451 3250 1518 personis
3272 1450 3413 1519 apud
3448 1448 3599 1504 illum
3624 1464 3722 1518 po-

2138 1540 2325 1609 pulum
2367 1539 2915 1595 -Hebr:eorum-etiam
2958 1540 3183 1610 mystica
3218 1538 3720 1610 .unctio'ﬁgurabau

2143 1640 2249 1695 tur,
2284 1631 2338 1685 id
2371 1639 2472 1693 est.
2508 1632 2792 1696 Chrisma,
2845 1632 2988 1685 unde
3036 1630 3238 1686 Christi
3278 1646 3477 1686 nomen
3520 1630 3720 1695 elucet,

2144 1728 2294 1775 tanto
2328 1730 2455 1776 ante
2496 1722 2897 1776 evidentissima
2945 1720 3339 1792 signiﬁcatione
3379 1722 3722 1793 prmnuntia-

2054 1793 2111 1851 Ἦ
2140 1823 2275 1869 tum.
2316 1813 2540 1869 Sed‘nos
2563 1815 2731 1868 libera
2756 1829 2888 1869 voce
2915 1813 3213 1869 clamamus
3242 1829 3362 1869 cum
3396 1820 3504 1869 tota
3535 1814 3721 1868 Eccle-

2139 1905 2219 1961 sia
2247 1904 2467 1968 Christi.
2498 1905 2773 1959 Christum
2803 1919 2903 1959 nec.
2948 1914 3232 1974 peccatum
3262 1905 3534 1968 habuisse,
3578 1904 3721 1975 quod

2138 1997 2486 2066 expiaretur;
2522 2010 2621 2050 nec
2650 1998 2887 2051 secunda
2917 1996 3213 2066 indiguisse
3233 1997 3600 2068 generatione,
3626 1995 3719 2066 qui

2138 2086 2281 2142 Deus
2308 2102 2470 2141 verus
2493 2095 2549 2141 et
2575 2102 2738 2141 verus
2762 2086 2856 2141 Dei
2884 2085 3055 2140 Filius
3075 2087 3141 2141 de
3162 2085 3366 2155 Spiritu
3390 2101 3513 2142 sant
3524 2095 3577 2141 to
3594 2101 3724 2141 con-

2137 2186 2329 2249 ceptus
2350 2187 2433 2233 est
2461 2186 2517 2234 et
2541 2185 2721 2232 natus.
2752 2175 2889 2233 Nam
2903 2176 3210 2233 siChristus
3236 2177 3470 2232 secunda
3495 2178 3723 2249 indiguit

2136 2270 2508 2343 generatione,
2530 2270 2990 2339 utique-peccator
3012 2268 3145 2325 fuit:
3176 2277 3232 2325 et
3255 2270 3300 2323 si
3315 2279 3584 2340 peccator
3600 2269 3721 2336 fuit,

2134 2364 2265 2434 quid
2307 2372 2427 2427 est,
2470 2363 2613 2432 quod
2661 2363 2775 2433 ipse
2811 2362 3085 2418 Dominus
3123 2364 3203 2418 ait
3241 2381 3255 2418 :
3296 2362 3447 2419 Venit
3481 2365 3723 2437 princeps

2135 2454 2319 2508 mundi
2339 2447 2521 2523 hujus,
2540 2464 2587 2508 et
2604 2456 2657 2507 in
2683 2471 2763 2509 me
2790 2456 3065 2510 nonrltabet
3092 2456 3379 2528 quidquam
3403 2454 3586 2529 (Joan.
3604 2474 3718 2523 xxv,

2134 2544 2260 2615 30)?
2285 2546 2343 2599 Si
2358 2545 2651 2615 quidquam
2668 2546 2721 2599 in
2739 2560 2807 2601 eo
2820 2560 2925 2601 non
2941 2547 3129 2603 habuit
3147 2548 3402 2618 princeps
3421 2549 3606 2605 mundi
3622 2550 3723 2603 hu-

2128 2636 2235 2707 jus,
2268 2636 2318 2691 id
2349 2644 2450 2699 est,
2481 2638 2862 2703 diabolus,cur
2885 2640 3034 2709 eguit
3059 2641 3308 2696 renasci?
3333 2637 3725 2697 Nosvero-non

2134 2726 2256 2782 Filii
2286 2728 2379 2782 Dei
2408 2729 2701 2795 nascimur,
2743 2733 2836 2786 sed
2864 2732 3220 2788 renascimur.
3245 2733 3338 2790 ille
3363 2747 3488 2790 mox
3506 2734 3611 2791 'Dei
3633 2735 3727 2791 Fi-

2135 2818 2238 2873 lius
2272 2830 2565 2890 conceptus
2589 2830 2672 2876 est
2697 2831 2952 2880 et-natus
2980 2842 2994 2881 :
3024 2833 3083 2881 et
3126 2824 3249 2882 ideo
3288 2828 3577 2899 adoptione
3609 2844 3717 2886 non

2133 2908 2371 2980 eguittut
2400 2908 2569 2965 Filius
2620 2912 2714 2967 Dei
2741 2922 2906 2978 esset,
2945 2915 3037 2984 qui
3091 2914 3383 2972 FiliuS'Dei
3434 2924 3593 2974 natus
3617 2927 3720 2975 est.

2135 2997 2193 3052 Si
2224 2997 2512 3069 igitur'per
2550 3002 2891 3072 adoptionem
2912 3003 3093 3059 Filius
3123 3004 3218 3060 Dei
3271 3005 3448 3062 factus
3491 3013 3599 3073 est,
3628 3010 3723 3079 qui

2135 3088 2202 3143 de
2233 3090 2451 3160 Virgine
2475 3101 2635 3147 natus
2661 3104 2743 3149 est
2776 3113 2787 3148 :
2828 3111 2959 3166 ergo
3005 3097 3603 3170 nec-beata'Virgo-Dei
3631 3115 3725 3170 ge-

2088 3180 2105 3203 ‘
2136 3179 2299 3234 nitrix
2331 3190 2469 3247 erat,
2498 3183 2599 3237 sed
2623 3188 2997 3243 tantummodo
3022 3189 3282 3255 hominis,
3313 3190 3407 3259 qui
3434 3198 3554 3261 post
3577 3193 3722 3247 nati-

2128 3270 2359 3325 .vitatem
2386 3272 2676 3342 adoptatus
2718 3283 2805 3331 est
2830 3277 2881 3331 in
2925 3276 3120 3333 Filium
3150 3278 3454 3347 Dei.'Quod
3494 3282 3720 3353 impium

2134 3362 2376 3427 credere,
2408 3368 2819 3437 quanto-magis
2847 3375 2903 3423 et
2936 3370 3161 3425 dicere?

2204 3460 2347 3515 XXI.
2385 3460 2499 3518 Sed
2526 3463 2688 3532 hujus
2719 3467 3101 3537 disputationis
3128 3468 3218 3526 hic
3243 3466 3369 3530 ﬁnit
3391 3471 3482 3538 sit,
3511 3482 3573 3529 ut
3593 3474 3721 3531 libe-

2132 3553 2250 3609 rius
2276 3554 2345 3609 ab
2372 3555 2479 3611 alio
2511 3558 2779 3628 principio
2817 3560 3045 3631 incipiat
3083 3576 3265 3617 sermo
3293 3559 3361 3618 de
3389 3562 3474 3619 his
3500 3581 3619 3634 qum
3639 3566 3722 3623 di-

2134 3647 2305 3701 cenda
2331 3654 2473 3702 sunt.
2504 3647 2639 3702 Nam
2684 3650 2951 3719 quoddam
2999 3651 3339 3725 refrigerium
3368 3653 3565 3727 legenti
3597 3656 3721 3713 ﬁnis

2135 3736 2300 3793 libelli
2327 3748 2571 3808 praestat,
2614 3741 2754 3797 sicut
2779 3743 3052 3814 naviganti
3080 3757 3290 3813 portus,
3336 3749 3571 3802 maxime
3596 3763 3719 3804 cum

2133 3824 2365 3898 fragosis
2388 3828 2519 3884 locis
2556 3830 2784 3888 diversze
2810 3829 3192 3904 disputationis
3216 3834 3429 3893 laborat
3446 3836 3720 3909 eloquium

2134 3920 2530 3991 respondentis.

1893 4167 3702 4205 mm

1757 4258 1993 4320 LIBER
2035 4259 2395 4323 TERIIUS.

518 4458 562 4515 Ι.
581 4456 744 4512 Nova
788 4459 1139 4525 proponentts
1178 4457 1598 4522 argumentatio,
1629 4463 1828 4504 novum
1855 4447 2023 4505 libelli
2036 4453 2103 4513 ξι)
2126 4450 2260 4505 aiat.
2296 4448 2479 4519 Neque
2499 4450 2646 4505 eiiim
2679 4449 2795 4507 ﬁeri
2822 4462 3025 4523 potest,
3053 4463 3113 4509 ut
3149 4468 3287 4509 unus
3316 4455 3712 4519 ﬁlius-natura-

446 4550 625 4622 poseit
648 4547 946 4611 exordium,
974 4560 1045 4599 ne
1069 4541 1295 4600 confusa
1322 4543 1591 4599 sermonis
1619 4542 1789 4597 series
1831 4540 2031 4613 legenti

448 4639 730 4696 fastidium
756 4636 941 4710 faciat,
968 4643 1025 4691 et
1051 4635 1232 4691 minus
1257 4632 1591 4703 intelligatur
1621 4632 1753 4703 quid
1779 4634 1866 4688 cui
1886 4636 2031 4705 parti

446 4728 758 4793 conveniat,
784 4726 829 4783 si
856 4742 965 4781 non
1006 4726 1440 4797 competentibus
1485 4724 1620 4780 locis
1649 4724 1716 4780 ab
1747 4725 1854 4780 alio
1879 4726 2031 4795 prin—

446 4822 594 4892 cipio
630 4819 895 4875 orationis
946 4816 1173 4887 incipiat
1219 4824 1417 4872 textus.
1474 4815 1628 4885 Saepe
1658 4816 1836 4872 dictus
1869 4817 2034 4888 igitur

446 4909 695 4981 sophista
718 4908 896 4964 subito
921 4906 1299 4978 abaptismate
1345 4905 1546 4961 Christi
1576 4907 1809 4961 recurrit
1832 4906 2033 4963 adna-

447 5002 718 5057 tivitatem
747 5013 761 5052 :
808 5006 1046 5067 etquem
1067 4998 1383 5066 adoptatum
1416 4994 1685 5051 inFilium
1718 4996 1809 5050 Dci
1829 5009 2035 5051 secun-

447 5094 887 5167 dageneratione
914 5090 1028 5147 vult
1070 5089 1316 5161 intelligi,
1368 5089 1619 5145 eumdem
1668 5089 1839 5146 David
1888 5091 2032 5161 regis

451 5187 625 5259 magis
650 5199 775 5242 esse
798 5181 995 5239 Filium
1022 5195 1183 5251 quam
1214 5177 1321 5234 Dei
1346 5178 1545 5243 Patris,
1589 5187 1837 5235 testatur.
1879 5180 1949 5235 Et
1974 5188 2035 5235 ut

458 5275 694 5347 ejusdem
750 5273 918 5332 verba
983 5285 1270 5343 ponamus,
1324 5272 1404 5326 ait
1438 5284 1607 5343 ergo:
1644 5289 1663 5322 ι
1700 5270 1861 5326 Certe
1889 5272 2032 5328 enim

455 5366 596 5424 Idem
616 5366 928 5435 redemptor
951 5369 1137 5417 noster
1165 5362 1217 5417 in
1262 5358 1434 5416 forma
1455 5362 1828 5424 humanitatis,
1861 5369 1923 5415 ut
1948 5377 2033 5419 sa.

452 5470 549 5514 cra
576 5455 787 5525 eloquia
834 5460 1121 5518 testantur,
1167 5450 1311 5505 ﬁlius
1337 5450 1505 5507 David
1541 5459 1625 5507 est
1666 5458 1723 5506 et
1746 5451 2033 5507 ﬁliusDei.

453 5548 608 5617 Quod
626 5555 919 5616 utrumque
939 5559 1126 5614 verum
1150 5552 1235 5600 est
1258 5562 1271 5599 :
1302 5544 1448 5616 quod
1471 5553 1649 5599 tamen
1672 5560 1779 5599 non
1800 5544 2035 5601 absurde

453 5639 804 5711 querendum
848 5648 956 5703 est,
980 5637 1251 5708 quomodo
1280 5636 1336 5690 in
1365 5650 1490 5691 eum
1518 5643 1810 5707 utrumque
1836 5648 2036 5694 conve-

530 5761 557 5791 ³
596 5748 731 5807 Vide
764 5762 948 5821 supra,
972 5747 1067 5805 lib.
1091 5763 1135 5818 ι,
1155 5760 1303 5803 num.
1337 5744 1422 5800 12.

2135 4539 2422 4596 Ιίιθινίιιιοε
2456 4549 2657 4610 patres
2693 4542 2896 4598 habere
2940 4545 3153 4615 possit:
3186 4561 3353 4602 unum
3392 4557 3584 4606 tamen
3610 4566 3711 4623 per

2133 4639 2406 4698 naturam,
2438 4631 2603 4687 alium
2630 4643 2818 4690 autem
2846 4649 2947 4705 per
2983 4637 3329 4706 adoptionem
3368 4650 3591 4707 prorsus
3619 4656 3717 4711 po-

2134 4729 2260 4779 test.
2320 4743 2340 4777 »
2383 4722 2565 4794 Hujus
2591 4724 3226 4796 duplicis-paternitatis,
3278 4727 3375 4785 Dei
3414 4730 3631 4789 scilicet
3658 4743 3716 4790 et

2122 4813 2330 4879 Patris,
2372 4824 2429 4871 et
2463 4816 2631 4870 David
2669 4817 2813 4889 regis
2833 4818 2895 4872 in
2942 4818 3159 4875 Christo
3186 4820 3350 4891 8‘13
3382 4819 3515 4876 chsu
3545 4822 3599 4877 in
3622 4837 3713 4878 su—

2133 4905 2438 4977 perioribus
2483 4907 2778 4963 secundum
2819 4911 3277 4982 opportunitatem
3320 4913 3509 4983 procul
3548 4913 3713 4970 dubio

2134 5002 2515 5070 disputationis
2545 5018 2858 5073 responsum
2884 5006 3055 5061 babes
3083 5019 3107 5047 α
3138 5025 3151 5060 :
3194 5006 3595 5067 nisi-forte'hoc
3618 5011 3711 5067 ad-

2133 5092 2366 5149 dendum
2387 5108 2506 5147 esse
2534 5093 2795 5161 videatur,
2833 5096 2979 5165 quod
3025 5111 3289 5167 nusquam
3335 5098 3389 5152 in
3409 5097 3713 5171 Scripturis

2134 5185 2335 5241 sanctis
2363 5184 2608 5240 invenies
2630 5188 2913 5255 scriptum,
2945 5186 3115 5242 David
3139 5187 3209 5245 de
3228 5188 3444 5247 Christo
3465 5190 3667 5247 dixisse
3693 5211 3707 5246 :

2136 5274 2214 5329 Tu
2241 5293 2294 5330 es
2331 5274 2387 5328 ἰη’
2388 5275 2510 5329 ilius
2536 5292 2681 5330 meus
2706 5276 2946 5343 dilectus,
2996 5281 3265 5348 quomodo
3295 5281 3466 5338 Deum
3492 5282 3708 5338 Patrem

2131 5365 2361 5437 legimus
2379 5382 2552 5437 .supcr
2578 5366 3001 5424 Christovocem
3032 5371 3283 5426 emittere
3327 5370 3554 5427 dicendo
3583 5392 3596 5427 :
3624 5372 3707 5427 Tu

2132 5479 2187 5515 es
2216 5459 2561 5515 Filiusantcus
2605 5461 2851 5527 dilectus,
2894 5464 2949 5515 in
2974 5480 3077 5533 quo
3104 5465 3235 5518 mihi
3263 5465 3389 5520 bene
3416 5465 3711 5537 complacui

2134 5551 2350 5622 (Matth.
2380 5570 2466 5619 ιιι,
2494 5553 2604 5625 17).
2626 5552 2741 5609 ὃθάν
2758 5553 2930 5619 ilium,
2954 5570 3113 5625 quem
3134 5565 3359 5626 paterna
3383 5557 3708 5615 vox‘l-‘ilium

2131 5658 2288 5699 suum
2330 5643 2586 5700 dilectum
2642 5651 2833 5703 testata
2877 5655 2989 5713 est,
3040 5647 3183 5704 hunc
3235 5649 3482 5706 eumdem
3540 5647 3707 5704 David
