4346 6640
688 350 792 409 16³

1538 341 1600 397 B.
1639 340 1704 397 F.
1727 337 1954 396 ALBIN!
1992 335 2121 393 SEU
2163 331 2437 390 ALCULVI
2473 328 2759 388 OPERUM
2799 324 2978 381 PARS
3016 322 3100 379 lll.

3853 305 3952 363 lGl

684 456 1001 532 prophetico
1025 455 1218 528 spiritu
1262 454 1551 510 Dominum
1602 466 1757 506 suum
1793 449 1997 505 dixisse
2045 446 2263 517 legitur.
2296 449 2341 507 Α
2367 441 2510 513 ipse,
2543 442 2633 511 qui
2664 439 2747 495 lex
2775 447 2857 494 est
2895 446 3242 532 naturarum,
3264 430 3411 486 nulla
3456 428 3573 500 lege
3603 424 3829 528 alterius
3855 439 3952 477 na-

687 552 857 624 lgitur
895 547 1053 618 juxta
1098 547 1390 601 humanam
1443 541 1888 599 consuetudinem
1931 538 2103 595 David
2128 538 2269 592 inter

688 655 820 697 avos
857 639 943 695 vel
996 651 1229 707 proavos
1278 633 1481 690 Christi
1528 631 1895 687 numerandus
1938 637 2043 695 est,
2098 627 2273 696 magis

688 744 849 800 quam
874 727 1029 798 prius
1051 723 1256 798 [Forte,
1288 720 1481 794 ipsius]
1509 721 1671 776 Pater
1700 719 1961 775 dicendus
2009 718 2098 773 sit.
2135 715 2271 770 Nam

689 823 737 879 si
767 821 910 875 Deus
938 818 1121 881 Pater,
1163 814 1417 887 proprius
1443 828 1551 868 non
1570 821 1657 866 est
1683 810 1885 867 Christi
1907 809 2073 863 Pater
2097 825 2110 860 :
2142 821 2272 876 ergo

689 910 897 967 nullum
925 905 1403 977 habeLproprium
1450 904 1703 957 Patrem:
1741 901 1867 971 quia
1917 900 2074 953 beata
2110 896 2275 967 Virgo

688 1016 760 1059 ex
789 999 985 1056 nullius
1007 998 1110 1053 viri
1141 996 1347 1052 semine
1385 992 1649 1063 concepit,
1678 991 1775 1048 sed
1812 991 1882 1045 de
1916 989 2121 1059 Spiritu
2147 1003 2274 1043 san-

691 1100 780 1148 cto
807 1092 1160 1162 imprzegnata
1188 1093 1290 1141 est.
1342 1083 1401 1139 Si
1430 1083 1525 1138 Dei
1562 1081 1742 1136 Patris
1797 1079 2107 1134 testimonio
2150 1092 2274 1133 cre-

693 1182 929 1239 dendum
958 1182 1218 1245 :estimes,
1263 1176 1426 1232 crede
1450 1174 1728 1230 Christum
1769 1185 1891 1225 esse
1912 1170 2009 1225 Dei
2035 1169 2230 1225 Filium
2258 1185 2274 1225 ;

668 1275 776 1338 ,vel
824 1274 872 1330 si
900 1272 1221 1345 prophetico
1258 1270 1431 1339 ipsius
1473 1265 1643 1322 David
1691 1262 2002 1319 testimonio
2051 1261 2278 1317 credere

690 1377 899 1424 rectum
927 1363 1228 1427 arbitreris,
1261 1360 1420 1417 crede
1444 1357 1714 1422 eumdem,
1757 1355 1849 1425 qui
1888 1354 2057 1410 Filius
2081 1351 2280 1408 dicitur

693 1460 883 1525 David,
914 1458 1201 1513 Dominum
1224 1450 1530 1509 esse‘illius.

712 1600 715 1603 ,
762 1551 827 1606 ll.
868 1549 1015 1605 Dicis
1054 1548 1237 1616 itaque
1271 1544 1414 1613 quod
1442 1557 1583 1597 unus
1606 1540 1770 1595 homo
1800 1537 1936 1593 duos
1962 1542 2148 1606 patres
2184 1547 2279 1588 na-

693 1644 896 1701 turales
935 1656 1043 1697 non
1086 1639 1256 1711 possit
1284 1637 1505 1701 habere,
1549 1648 1716 1687 unum
1745 1645 1877 1686 vero
1917 1627 2089 1699 possit
2116 1634 2278 1680 natu-

694 1737 865 1792 ralem
892 1732 1120 1795 habere,
1146 1738 1199 1784 et
1239 1728 1467 1781 alterum
1497 1724 1829 1793 adoptivum.
1865 1719 2052 1774 Dicam
2070 1724 2125 1772 et
2152 1731 2274 1787 ego,

2374 543 2510 588 tura:
2536 531 2797 602 subjacet,
2827 544 2925 584 nec
2953 526 3183 582 inﬁrmis
3230 523 3479 578 humanae
3512 516 3840 585 conjecturae
3866 530 3949 569 ra-

2375 622 2649 688 tiunculis,
2693 622 2783 691 qui
2830 614 3392 689 incomprehensibilis
3432 620 3538 676 est,
3568 605 3951 679 comprehendi

2372 714 2589 784 poterit.
2629 711 2967 780 Quapropter
3010 707 3270 777 unigeniti
3324 705 3420 759 Dei
3460 702 3820 763 nativitatem,
3865 696 3956 758 vel

2375 804 2611 859 divinam
2659 801 2745 855 vel
2787 800 2951 856 etiam
3000 798 3308 858 humanam.
3346 794 3532 851 desine
3588 792 3658 847 ad
3707 798 3955 846 nostram

2374 891 2721 948 mortalitatis
2745 889 3231 960 impossibilitatem
3254 885 3498 957 redigere
3522 900 3536 937 :
3571 895 3744 952 neque
3768 880 3841 945 ei,
3861 878 3957 950 qui

2374 992 2529 1037 extra
2572 990 2893 1052 conceptum
2942 982 3192 1035 humanae
3227 978 3454 1049 originis
3495 983 3657 1034 natus
3702 983 3807 1039 est,
3855 973 3959 1029 hu—

2376 1078 2554 1132 manis
2581 1073 3012 1131 difﬁnitiunculis
3062 1071 3423 1145 praeiudicare
3456 1078 3658 1134 tentes,
3683 1065 3958 1140 quomodo

2376 1168 2529 1223 nasci
2555 1166 2840 1237 potuisset,
2886 1165 2973 1220 vel
3015 1163 3286 1233 quomodo
3321 1170 3465 1218 esset
3507 1162 3759 1233 proprius
3787 1159 3961 1216 Filius

2378 1258 2497 1323 Dei,
2536 1258 2661 1312 dum
2692 1267 2853 1313 natus
2892 1262 3053 1312 esset.
3104 1254 3162 1309 Si
3189 1254 3301 1310 Deo
3328 1253 3511 1311 omnia
3557 1252 3833 1325 possibilia
3861 1266 3960 1309 oo-

2378 1362 2629 1419 gnoseas,
2656 1356 2713 1402 et
2740 1349 2845 1403 hoc
2868 1348 2920 1403 ei
2962 1346 3219 1416 possibile
3261 1359 3383 1401 esse
3414 1346 3571 1410 scito,
3599 1352 3658 1399 ut
3680 1344 3962 1416 proprium

2379 1439 2577 1494 Filium
2610 1454 2677 1493 ex
2706 1438 2929 1508 Virgine
2957 1444 3202 1493 creatum
3222 1436 3425 1492 habere
3446 1435 3725 1490 valuisset.

2450 1530 2618 1603 814
2650 1530 2734 1586 Ill.
2776 1530 2922 1585 Dicis
2953 1547 2967 1584 :
3004 1548 3023 1580 ι
3060 1528 3201 1597 Quid
3229 1528 3404 1598 potuit
3455 1543 3524 1583 ex
3572 1526 3766 1582 ancilla
3810 1526 3964 1581 nasci

2381 1622 2486 1677 nisi
2524 1620 2762 1676 servus?
2798 1638 2817 1674 ι
2870 1620 2987 1676 Hoc
3007 1630 3063 1677 et
3105 1628 3420 1675 antecessor
3444 1626 3571 1674 tuus
3599 1617 3867 1687 Pelagius,
3900 1616 3971 1672 li-

2383 1720 2471 1768 cet
2493 1710 2614 1766 aliis
2639 1711 2843 1777 verbis,
2892 1718 3075 1765 tamen
3118 1708 3310 1765 eodem
3339 1723 3502 1763 sensu
3546 1706 3676 1763 olim
3726 1705 3966 1771 dicebat,

694 1829 838 1897 quod
859 1825 1036 1880 nullus
1056 1791 1212 1894 pater
1240 1836 1406 1875 unum
1428 1791 1807 1885 ﬁlium—potest
1820 1813 2048 1877 habere,
2068 1819 2280 1865 utrum-
2310 1791 2355 1851 Β
2381 1817 2636 1859 asserens
2655 1801 2929 1858 Christum
2949 1800 3252 1856 solitarium
3275 1814 3397 1855 esse
3424 1797 3697 1854 hominem
3721 1814 3746 1850 :-
3766 1813 3835 1851 ex.
3851 1812 3969 1867 quo

696 1935 802 1991 que
827 1928 882 1974 et
910 1914 1211 1972 naturalem
1242 1912 1346 1967 sibi
1384 1920 1439 1967 et
1471 1909 1784 1979 adoptivum
1811 1925 1828 1960 :>
1858 1906 1980 1976 quia
2014 1903 2108 1959 ille
2139 1917 2282 1957 unus

700 2012 844 2068 ﬁlius
869 2024 975 2079 non
1010 2014 1190 2078 potest
1234 2002 1419 2065 dividi,
1447 2008 1509 2055 ut
1551 2000 1623 2053 sit
1650 2012 1788 2052 unus
1833 1996 2003 2066 patris
2039 2002 2095 2048 et
2120 1999 2281 2048 natu-

698 2100 830 2156 ralis
852 2107 907 2153 et
932 2096 1217 2166 adoptivus
1248 2111 1261 2146 :
1297 2092 1377 2146 vel
1417 2090 1661 2161 quaedam
1722 2101 1850 2156 pars
1905 2084 2016 2139 ﬁlii.
2046 2084 2118 2137 sit
2145 2082 2282 2136 ado-

697 2191 869 2264 ptiva,
899 2195 955 2243 et
1001 2185 1172 2241 altera
1214 2180 1476 2237 naturalis
1506 2180 1559 2234 in
1588 2178 1685 2233 ﬁlii
1726 2176 2002 2247 dignitate,
2060 2174 2206 2228 velut
2233 2172 2281 2227 si

696 2302 805 2342 una
829 2298 1021 2339 manus
1045 2282 1117 2337 sit
1148 2278 1419 2348 adoptiva,
1447 2284 1502 2332 et
1533 2275 1703 2329 altera
1730 2272 1966 2344 propria,
1993 2269 2075 2324 vel
2102 2268 2281 2323 anima

698 2379 775 2433 sit
798 2375 1066 2445 adoptiva,
1118 2379 1174 2427 et
1224 2385 1354 2426 caro
1411 2368 1465 2422 in
1494 2365 1822 2436 proprietate
1864 2360 1977 2416 filii.
2027 2357 2282 2425 Quamvis

699 2469 847 2525 enim
873 2468 1056 2521 anima
1079 2478 1185 2519 non
1211 2462 1284 2518 sit
1310 2475 1374 2515 ex
1396 2459 1570 2529 patris
1600 2456 1828 2519 semine,
1852 2451 1993 2507 sicut
2022 2458 2105 2503 est
2129 2460 2278 2512 caro,

699 2569 881 2617 tamen
915 2573 1057 2613 unus
1095 2564 1181 2611 est
1229 2553 1371 2609 ﬁlius
1412 2552 1584 2623 patris
1630 2549 1811 2604 anima
1838 2554 1895 2601 et
1919 2558 2105 2609 carne,
2140 2549 2284 2597 totus

699 2652 788 2709 vel
823 2651 1125 2721 adoptivus,
1153 2648 1239 2702 vel
1276 2645 1546 2717 proprius,
1577 2652 1740 2713 prout
1781 2640 2022 2697 conditio
2046 2637 2283 2693 nominis

701 2742 788 2801 vel
817 2750 1025 2799 natum
1077 2739 1177 2795 sibi
1232 2736 1493 2793 attulerit.
1545 2735 1729 2789 Potest
1758 2747 1888 2788 vero
1939 2731 1993 2785 in
2020 2745 2127 2783 una
2157 2742 2283 2797 per-

702 2850 838 2894 sona
868 2848 989 2889 esse
1014 2830 1289 2904 passibilis
1310 2837 1366 2884 et
1403 2825 1769 2898 impassihilis,
1823 2823 2071 2880 mortalis
2099 2828 2156 2877 et
2185 2822 2286 2875 im-

707 2923 973 2987 mortalis,
1002 2922 1167 2978 veluti
1202 2921 1364 2976 homo
1394 2916 1714 2974 immortalis
1742 2922 1825 2970 est
1852 2914 2055 2979 anima,
2082 2919 2286 2967 morta—

705 3015 775 3072 lis
795 3028 962 3070 carne
988 3030 1001 3067 :
1032 3012 1113 3068 sie
1142 3012 1306 3066 etiam
1338 3018 1395 3065 et
1422 3007 1670 3064 Christus
1703 3004 2049 3075 impassibilis
2092 3000 2287 3056 divini-

705 3115 838 3171 tate,
864 3102 1141 3174 passibilis
1189 3115 1392 3166 carne;
1431 3108 1611 3154 tamen
1659 3106 1802 3152 totus
1848 3110 1990 3151 unus
2034 3093 2287 3162 idemque

706 3205 791 3253 est
817 3194 957 3252 Deus
984 3204 1039 3250 et
1066 3196 1229 3249 homo
1256 3208 1269 3246 :
1303 3207 1443 3246 unus
1487 3197 1571 3245 est
1606 3188 1855 3244 Christus
1881 3188 1937 3242 in
1964 3184 2137 3241 forma
2168 3184 2281 3247 Dei,

706 3294 763 3341 et
787 3301 925 3341 unus
970 3284 1218 3341 Christus
1272 3284 1328 3338 in
1356 3281 1529 3337 forma
1579 3279 1745 3344 servi,
1783 3288 1837 3334 et
1860 3294 2001 3333 unus
2039 3276 2287 3333 Christus

708 3374 931 3444 aequalis
981 3373 1151 3437 Patri,
1187 3382 1243 3426 et
1272 3386 1410 3426 unus
1457 3379 1540 3427 est
1588 3369 1836 3425 Christus
1885 3369 2065 3422 minor
2106 3367 2285 3433 Patre,

710 3464 851 3520 idem
882 3463 1043 3529 Deus,
1074 3463 1214 3518 idem
1244 3463 1429 3528 homo,
1458 3477 1598 3516 unus
1625 3460 1794 3516 Filius
1824 3461 1916 3515 Dei
1948 3460 2126 3515 Patris
2147 3468 2290 3515 totus

709 3550 982 3622 proprius,
1020 3558 1074 3605 et
1099 3550 1334 3622 Virginis
1386 3551 1578 3604 matris
1632 3559 1777 3605 totus
1825 3551 2095 3620 proprius.
2136 3550 2289 3617 Quod

709 3640 898 3695 beatus
927 3633 1036 3695 Leo
1062 3655 1200 3711 papa
1230 3638 1503 3694 Romanus
1525 3639 1580 3693 in
1618 3640 1844 3711 epistola
1875 3640 1941 3693 ad
1969 3639 2288 3695 Flavianum

709 3731 996 3803 perspicue
1041 3739 1275 3786 testatur
1306 3744 1371 3785 δε
1407 3749 1424 3782 ‹
1459 3731 1593 3786 Cum
1640 3747 1793 3803 ergo,
1832 3733 2024 3802 inquit,
2049 3748 2197 3787 unus
2222 3733 2295 3788 sit

712 3819 970 3899 Dominus
996 3817 1153 3879 Iesus
1195 3823 1467 3889 Christus,
1499 3832 1555 3879 et
1589 3840 1732 3881 verre
1778 3826 1993 3881 deitatis
2044 3840 2293 3896 veraeque

709 3914 1065 3973 humanitatis
1095 3917 1146 3970 in
1186 3918 1301 3987 ipso
1324 3934 1427 3971 una
1466 3932 1688 3987 prorsus
1745 3918 2042 3988 eademque
2059 3933 2292 3989 persona

713 4010 809 4074 sit,
848 4009 1228 4065 exaltationem
1282 4019 1483 4074 tamen,
1532 4025 1638 4079 qua
1687 4010 1856 4075 illum,
1906 4011 2047 4066 sicut
2095 4010 2295 4066 Doctor

716 4099 968 4156 Gentium
999 4103 1150 4167 dicit,
1180 4102 1441 4156 cxaltavit
1462 4110 1518 4156 et
1546 4102 1764 4157 donavit
1803 4103 1876 4156 illi
1907 4118 2122 4168 nomen,
2149 4102 2294 4173 quod

713 4207 876 4249 omne
904 4207 1099 4247 nomen
1132 4193 1347 4247 excellit
1375 4192 1594 4265 (Philip.
1623 4210 1682 4260 ιι,
1714 4194 1789 4265 9),
1826 4194 1892 4249 ad
1925 4195 2168 4249 eamdem
2200 4196 2285 4250 in-

715 4281 1006 4352 telligimus
1023 4283 1295 4352 pertinere
1323 4281 1574 4348 formam,
1603 4300 1724 4354 qua:
1747 4284 1965 4339 ditanda
1985 4292 2102 4341 erat
2132 4294 2297 4342 tantm

717 4373 1124 4444 gloriﬁcationis
1144 4382 1453 4441 augmento.
1490 4373 1547 4427 In
1571 4373 1742 4428 forma
1773 4374 1971 4445 quippe
1997 4376 2091 4430 Dei
2114 4391 2297 4446 aequa-

2380 1892 2531 1950 fonte
2561 1903 2616 1948 et
2643 1892 2928 1951 Nestorius
2952 1908 3106 1949 suam
3133 1891 3373 1949 condidit
3400 1889 3674 1955 haeresim,
3700 1904 3808 1959 qua
3830 1888 3971 1944 duas

2379 2002 2642 2058 personas
2672 1987 2726 2040 in
2771 1984 2990 2041 Christo
3020 1984 3189 2040 voluit
3239 1982 3487 2053 intelligi.
3524 1982 3746 2052 Expone
3780 1981 3966 2052 igitur,

2381 2078 2652 2148 quomodo
2682 2092 2809 2147 apes
2839 2076 3093 2131 animalia
3121 2075 3241 2137 viva
3285 2074 3352 2129 de.
3381 2072 3629 2139 ﬁoribus,
3659 2075 3825 2129 rebus
3854 2072 3969 2127 sci-

2382 2171 2510 2227 licet
2536 2169 2847 2235 insensatis,
2872 2178 3165 2224 nascantur
3192 2185 3218 2234 ;-
3255 2168 3338 2222 vel
3392 2167 3697 2223 mirabilem
3748 2166 3970 2220 illarum

2381 2271 2655 2329 naturam,
2682 2263 2869 2334 reique
2897 2263 3125 2332 publieae
3152 2261 3613 2317 ordinatissimam
3659 2261 3975 2332 dispositio—

2382 2370 2508 2410 nem
2536 2356 2591 2408 in
2613 2369 2803 2409 earum
2838 2352 3308 2408 administratione
3334 2353 3593 2408 edissere.
3626 2352 3784 2408 Dices
3809 2350 3975 2407 forsi-

2383 2458 2500 2514 tan,
2546 2448 2672 2517 quia
2705 2447 2827 2502 talis
2872 2462 2903 2502 a
2930 2454 3176 2503 creatore
3230 2456 3423 2502 natura
3470 2447 3575 2503 illis
3622 2447 3837 2502 condita
3865 2456 3972 2501 est.

2383 2542 2570 2612 Cogita
2609 2549 2664 2596 et
2698 2540 2958 2610 intelligo,
3007 2540 3100 2610 qui
3154 2540 3271 2595 hazc
3323 2539 3585 2595 miracula
3632 2540 3686 2594 in
3733 2538 3981 2595 minimis

2384 2646 2572 2686 creare
2600 2631 2793 2700 potuit,
2820 2645 2939 2699 quae
2964 2630 3031 2684 ab
3056 2630 3273 2685 homine
3297 2646 3399 2685 nec
3428 2629 3675 2702 intelligi,
3700 2645 3801 2686 nec
3821 2646 3979 2686 enar-

2385 2726 2497 2780 rari
2528 2732 2772 2796 possunt,
2808 2724 2949 2794 quod
2982 2725 3155 2794 potuit
3178 2738 3245 2779 ex
3278 2724 3525 2795 virginali
3559 2733 3718 2780 utero
3740 2723 3979 2779 liberum

2386 2818 2489 2874 sibi
2520 2831 2708 2872 creare
2732 2815 2948 2872 Filium.
2990 2816 3287 2872 Considera
3310 2818 3433 2873 cmli
3471 2817 3839 2881 altitudinem,
3860 2823 3982 2871 ter-

2386 2927 2463 2968 rae
2505 2912 2879 2977 stabilitatem,
2932 2926 3194 2980 aquarum
3240 2909 3687 2982 profunditatem,
3736 2909 3981 2964 omnium

2386 3005 2685 3060 viventium
2715 3004 3085 3059 diversitatem
3113 3019 3128 3068 ;
3176 3003 3437 3066 edissere,
3469 3003 3515 3058 si
3549 3002 3751 3066 valeas,
3780 3000 3984 3056 harum

2390 3096 2631 3153 omnium
2649 3111 2829 3151 rerum
2855 3096 3113 3161 rationes,
3141 3102 3197 3149 et
3223 3097 3269 3148 si
3309 3095 3410 3149 hoc
3434 3092 3765 3163 impossibile
3789 3099 3839 3146 te
3854 3106 3985 3162 pro-

2392 3188 2619 3253 ﬁtearis,
2657 3188 2786 3258 quid
2813 3195 2866 3242 te
2887 3195 3313 3256 praesumptuosis
3339 3185 3541 3254 ingeris
3586 3181 3844 3237 ineffabili
3874 3180 3950 3236 mi

2391 3281 2577 3337 raculo
2628 3280 2925 3335 nativitatis
2971 3278 3195 3343 Christi,
3245 3276 3481 3347 qnalit‘er
3508 3274 3597 3331 vel
3648 3275 3791 3331 Deus
3816 3274 3987 3331 homo

2391 3374 2509 3428 ﬁeri
2564 3373 2849 3444 potuisset,
2901 3371 2986 3427 vel
3030 3370 3191 3425 homo
3213 3370 3392 3435 Deus;
3424 3367 3509 3424 vel
3550 3367 3643 3422 Dei
3688 3367 3857 3423 Filius
3882 3366 3989 3421 ho-

2392 3464 2555 3518 minis
2585 3461 2745 3517 ﬁlius.
2798 3461 2932 3515 Ntm
2980 3458 3141 3530 hujus
3177 3460 3516 3525 nativitatis,
3552 3458 3650 3516 vel
3668 3458 3834 3514 etiam
3865 3459 3991 3512 uni-

2392 3556 2523 3610 tatis
2552 3555 2606 3608 in
2663 3553 2773 3608 Deo
2810 3563 2865 3608 et
2904 3554 3124 3608 homine
3176 3552 3354 3623 majus
3405 3559 3489 3606 est
3548 3560 3984 3612 sacramentum,

2392 3663 2558 3719 quam
2602 3646 2844 3703 omnium
2884 3654 3261 3701 creaturarum
3299 3643 3561 3700 conditio.
3602 3642 3852 3699 Concede
3882 3642 3989 3711 igi-

2394 3751 2483 3796 tur
2512 3740 2680 3795 Deum
2723 3739 2925 3809 aliquid
2968 3753 3149 3808 posse,
3192 3737 3334 3807 quod
3372 3737 3607 3793 humana
3658 3752 3768 3791 non
3805 3734 3993 3789 valeat

2393 3830 2680 3886 infirmitas
2698 3829 3157 3901 comprehendere
3182 3845 3196 3893 ;
3232 3843 3331 3883 nec
3354 3835 3539 3883 nostra
3567 3825 3991 3881 ratiocinatione

2392 3924 2569 3994 legem
2594 3937 2860 3993 ponamus
2900 3921 3169 3991 majestati
3204 3928 3440 3984 :eternae,
3478 3917 3606 3988 quid
3632 3918 3826 3988 possit,
3854 3915 3991 3971 duini

2394 4016 2574 4069 omnia
2619 4022 2818 4086 potest,
2873 4013 2963 4082 qui
3022 4013 3363 4081 omnipotens
3392 4021 3494 4066 est.
3550 4011 3663 4066 Nec
3709 4008 3852 4064 enim
3884 4008 3994 4063 hac

2395 4104 2509 4160 sola
2540 4105 2821 4159 nativitate
2849 4103 3049 4159 Christi
3095 4103 3357 4160 defectiva
3389 4113 3471 4158 est
3519 4102 3760 4174 potentia
3814 4101 3987 4165 illius,

2397 4194 2490 4265 qui
2513 4196 2855 4266 omnipotens
2882 4205 2989 4259 est,
3037 4203 3096 4249 ut
3136 4211 3239 4249 non
3276 4202 3461 4265 posset
3510 4194 3658 4248 illum
3688 4194 3991 4260 hominem,

2398 4287 2489 4357 qui
2517 4301 2585 4341 ex
2609 4286 2829 4358 Virgine
2863 4295 3024 4341 natus
3068 4294 3170 4351 est,
3199 4288 3300 4341 sibi
3342 4286 3621 4355 proprium
3649 4286 3732 4340 vel
3760 4296 3993 4339 natura-

2397 4376 2505 4434 lem
2537 4378 2732 4433 Filium
2781 4394 2989 4433 creare.
3030 4378 3273 4449 lntellige
3304 4379 3518 4433 tandem
3574 4379 3884 4450 aliquando,
3917 4379 3992 4435 ad

719 4463 1092 4521 liseratFilius
1106 4463 1274 4529 Patri,
1299 4473 1353 4519 et
1377 4465 1519 4519 inter
1546 4465 1841 4534 genitorem
1868 4475 2029 4535 atque
2055 4468 2301 4539 unigeni-
2330 4469 2380 4531 D
2403 4483 2565 4539 quem
2595 4468 2757 4523 ﬁnem
2800 4468 2884 4523 vel
2915 4468 2981 4523 ad
3020 4478 3278 4537 quantam
3325 4467 3712 4538 blasphemiam
3752 4468 3877 4523 haec
3898 4478 3994 4526 tua

720 4564 835 4611 tum
890 4554 1035 4610 nulla
1080 4563 1198 4609 erat
1220 4555 1469 4610 essentire
1530 4556 1806 4619 discretio,
1866 4556 2012 4610 nulla
2044 4557 2099 4611 in
2126 4556 2298 4626 maje-

720 4655 863 4703 state
891 4647 1211 4713 diversitas;
1263 4662 1364 4701 nec
1388 4662 1486 4717 per
1537 4647 1927 4703 incarnationis
1978 4649 2297 4719 mysterium

722 4738 924 4809 aliquid
966 4738 1272 4794 decesserat
1295 4753 1364 4793 ex
1392 4739 1585 4801 Verbo,
1619 4738 1763 4808 quod
1805 4740 1855 4795 ei
1882 4741 2061 4796 Patris
2088 4757 2154 4797 ex
2184 4758 2302 4797 mu-

720 4846 851 4887 nere
900 4831 1217 4885 redderetur
1246 4848 1258 4861 ·
1292 4828 1466 4886 forma
1516 4840 1703 4885 autem
1746 4830 1953 4905 [servi],
2011 4849 2109 4904 per
2135 4850 2300 4903 quam

723 4925 1070 4997 impassibilis
1131 4925 1304 4980 deitas
1368 4934 1765 4979 sacramentum
1815 4941 2023 4998 magna:
2086 4929 2302 4997 pietatis

725 5017 986 5089 implevit,
1034 5018 1269 5073 humana
1331 5015 1607 5072 humilitas
1656 5024 1761 5082 est,
1807 5033 1927 5087 quae
1974 5018 2029 5073 in
2071 5020 2301 5089 gloriam

726 5110 921 5167 divinae
945 5109 1224 5178 potestatis
1261 5116 1469 5172 evecta,
1504 5115 1588 5162 est
1636 5108 1689 5162 in
1715 5117 1915 5163 tantam
1948 5110 2212 5166 unitatem
2235 5113 2304 5168 ab

730 5198 848 5268 ipso
868 5206 1125 5267 conceptu
1155 5198 1393 5266 Virginis
1419 5198 1618 5253 deitate
1640 5207 1694 5255 et
1720 5199 2057 5255 humanitate
2085 5216 2307 5257 conser-

715 5292 810 5362 ta,
852 5293 915 5342 ut
945 5301 1046 5342 nec
1092 5287 1208 5341 sine
1239 5286 1457 5342 homine
1502 5287 1704 5352 divina,
1753 5302 1853 5345 nee
1888 5291 2006 5344 sine
2040 5290 2151 5346 Deo
2180 5306 2306 5363 age-

730 5383 922 5435 rentur
945 5376 1198 5431 humana.
1234 5395 1254 5431 ›
1306 5376 1622 5433 Nullatenus
1645 5393 1774 5449 ergo
1804 5387 1873 5445 te,
1927 5395 1960 5434 ο
1981 5380 2151 5448 Felix,
2196 5383 2301 5437 hu-

734 5480 894 5523 mana
917 5464 1125 5522 ratione
1151 5467 1473 5538 investigare
1501 5468 1836 5525 nativitatem
1865 5470 2026 5526 Verbi
2054 5472 2168 5538 Dei,
2201 5488 2305 5544 qua

734 5573 864 5615 caro
910 5556 1114 5613 factum
1169 5564 1270 5620 est,
1320 5572 1478 5630 posse
1530 5566 1726 5629 putes:
1758 5575 1865 5615 non
1897 5563 2041 5617 enim
2070 5562 2306 5619 humana

732 5648 1087 5719 possibilitate
1108 5649 1547 5717 omnipotentiam
1572 5651 1870 5707 divinitatis
1908 5654 2087 5709 metiri
2121 5656 2304 5712 debes.

2404 4560 2632 4615 assertio
2684 4560 3000 4631 perveniat;
3034 4570 3127 4614 aut
3166 4560 3261 4614 Dei
3292 4560 3470 4616 Patris
3520 4559 3795 4616 ChristUm
3819 4559 3996 4616 confl-

2403 4658 2517 4705 tcre
2538 4653 2815 4720 proprium
2841 4664 2960 4705 esse
3001 4648 3176 4704 Flium
3201 4659 3254 4705 et
3298 4660 3505 4715 verum,
3544 4650 3698 4719 juxta
3745 4655 3999 4721 omnipo.

2405 4742 2627 4795 tentiam
2677 4757 2788 4797 sua:
2832 4740 3117 4797 inefl‘ahilis
3162 4742 3491 4809 voluntatis;
3526 4753 3617 4798 aut
3644 4742 3688 4799 si
3727 4744 3841 4800 haec
3869 4743 3996 4800 ﬁeri

2405 4849 2509 4886 non
2555 4847 2713 4902 posse
2745 4833 3117 4897 contenderis,
3174 4833 3525 4903 impotentem
3559 4850 3670 4890 suae
3696 4834 3999 4893 voluntatis

2407 4922 2595 4980 fateris
2642 4925 2850 4979 Deum:
2889 4926 3031 4993 quod
3077 4926 3453 4995 impiissimum
3505 4936 3592 4981 est
3630 4926 3858 4983 credere
3901 4928 3997 4983 vel

2404 5014 2605 5070 dicere.
2661 5015 2801 5085 Ergo
2828 5030 2892 5070 ex
2919 5017 3020 5071 hac
3052 5016 3483 5072 consideratione
3521 5018 3730 5073 meliori
3757 5019 3992 5089 teipsum

2407 5107 2569 5163 indue
2602 5108 2727 5173 ﬁde,
2760 5118 3015 5178 tuamque
3048 5123 3376 5179 cognoscens
3420 5111 3790 5168 inﬁrmitatem
3818 5114 3991 5170 Deum

2407 5197 2664 5253 conﬁtere
2691 5199 2872 5252 omnia
2908 5214 3066 5267 posse
3117 5198 3317 5265 facere,
3366 5216 3485 5271 qua:
3508 5202 3644 5267 vult,
3684 5213 3738 5258 et
3775 5212 3828 5258 te
3850 5216 3992 5258 cun-

2410 5297 2495 5343 cta
2550 5304 2657 5343 non
2704 5304 2864 5357 posse
2929 5289 3245 5361 intelligere,
3295 5306 3418 5361 quae
3472 5293 3589 5347 vult
3633 5302 3868 5358 creator,
3929 5304 3993 5349 ut

2408 5381 2558 5435 ﬁant

2479 5472 2567 5528 iV.
2608 5472 2833 5529 Plurimi
2858 5475 3001 5530 enim
3029 5484 3340 5533 sanctorum
3366 5478 3595 5548 professi
3623 5486 3750 5535 sunt
3772 5492 3877 5535 non
3909 5479 3995 5534 in-

2408 5563 2699 5628 tellexisse,
2725 5580 2826 5621 nec
2847 5580 3103 5621 enarrare
3132 5568 3370 5639 potuisse
3397 5569 3534 5625 hanc
3567 5568 3866 5625 mirabilem
3895 5580 3996 5640 ge-

2411 5657 2744 5712 nerationem
2772 5657 2991 5720 Christi,
3022 5672 3085 5711 ex
3114 5658 3308 5726 quibus
3354 5657 3538 5725 lsaias,
3586 5659 3712 5714 dum
3763 5656 3994 5713 inﬁrmi-

811 5774 835 5801 ε
877 5758 1071 5816 5.1M)
1098 5772 1253 5830 papa,
1303 5760 1460 5832 epist.
1519 5759 1614 5816 163
1646 5759 1711 5816 ad
1764 5760 1996 5819 Leonem
2033 5763 2353 5835 Augustum,
2395 5784 2510 5837 cap.
2547 5768 2597 5821 8.
