4346 6682
242 526 349 587 163

957 523 1376 586 DOGMATICA.
1411 553 1483 565 -—
1510 522 1672 580 ADV.
1714 519 2011 576 FELICEM
2048 520 2229 577 LIBRI
2268 521 2379 578 VII.
2410 554 2479 565 —-—
2507 522 2634 580 LIB.
2676 522 2762 580 III.

3422 525 3523 585 166

241 658 413 714 tates,
443 644 758 718 opprobria,
783 641 993 714 ﬂagella
1017 650 1077 700 et
1103 649 1283 715 sputa,
1318 655 1439 712 qua:
1457 639 1709 697 Christus
1727 651 1829 707 pro
1854 636 1906 694 A
1934 634 2081 690 milia
2115 635 2363 692 Pascbaii
2408 646 2895 709 pmsumptuosam
2938 638 3341 710 inquisitionem
3380 642 3523 697 nati-

241 747 434 800 uostra
485 754 676 813 passus
717 747 802 794 est
844 737 1041 804 salute,
1084 735 1441 809 pradixisset,
1486 732 1592 790 hoc
1618 743 1835 802 quoque

240 830 444 901 adjecit
472 846 488 882 :
532 826 931 884 Generationem
960 828 1076 899 ejus
1101 827 1217 899 quis
1236 824 1505 882 enarrabit
1531 821 1686 894 ('Isai.
1711 837 1833 889 ιιη,

240 922 350 993 8)?
385 920 586 977 Beatus
624 934 839 990 quoque
884 918 1126 990 Baptista
1176 915 1414 973 Joannes
1442 930 1502 972 se
1557 912 1834 985 indignum

241 1019 478 1066 testatus
536 1018 620 1066 est
668 1009 881 1064 solvere
944 1008 1238 1078 corrigiam
1300 1004 1655 1062 calceamenti
1715 1003 1835 1074 ejus

243 1102 442 1175 (Mare.
474 1119 515 1167 ι,
546 1100 622 1173 7).
663 1100 817 1168 Quod
837 1100 1030 1155 beatus
1056 1098 1355 1168 Gregorius
1385 1098 1440 1151 in
1466 1094 1706 1152 homiliis
1721 1093 1834 1150 suis

237 1196 319 1251 ita
359 1193 664 1265 exposuita
700 1208 713 1244 :
761 1207 779 1241 ε
826 1188 935 1247 Sed
975 1187 1156 1257 hujus,
1202 1187 1392 1258 inquit,
1446 1183 1835 1241 incarnationis

239 1284 565 1356 mysterium
592 1282 863 1336 humanus
888 1265 1077 1341 oculus
1102 1283 1389 1348 penetrare
1431 1291 1541 1331 non
1586 1273 1788 1330 sufficit
1815 1291 1830 1327 :

239 1372 557 1446 investigari
583 1372 731 1427 enim
749 1369 1058 1425 nullatenus
1086 1374 1287 1440 potest,
1331 1365 1604 1437 quomodo
1641 1379 1837 1436 corpo-

239 1471 396 1520 ratur
420 1462 685 1527 Verbum,
713 1461 984 1532 quomodo
1021 1475 1267 1516 summus
1288 1467 1344 1515 et
1383 1458 1688 1514 vivificator
1713 1456 1837 1529 Spi-

239 1556 383 1611 ritus
400 1537 548 1609 intra
575 1561 791 1608 uterum
820 1552 1015 1608 matris
1039 1551 1335 1617 animatur,
1370 1551 1640 1620 quomodo
1668 1550 1714 1605 is
1740 1550 1833 1619 qui

232 1645 459 1702 initum
486 1661 595 1700 non
637 1644 819 1708 habet,
847 1650 904 1698 et
940 1644 1126 1699 existit
1150 1650 1207 1700 et
1234 1642 1557 1712 concipitur.
1586 1640 1834 1712 Corrigia

239 1753 377 1809 ergo
397 1736 747 1792 calceamenti
771 1743 853 1791 est
891 1734 1123 1806 ligatum
1158 1734 1429 1809 mysterii.
1462 1732 1698 1790 Joannes
1724 1734 1831 1788 ita-

237 1808 353 1899 que
373 1827 660 1897 corrigiam
707 1824 1059 1880 calceamenti
1084 1808 1296 1879 solvere
1340 1838 1449 1878 non
1494 1822 1660 1888 valet,
1705 1822 1833 1891 quia

200 1958 201 1961 η
239 1919 632 1976 incarnationis
659 1915 979 1988 mysterium
1002 1928 1102 1969 nec
1124 1913 1239 1984 ipse
1262 1913 1590 1982 investigare
1613 1909 1827 1977 suiﬁcit,

1933 724 2121 781 vitatis
2142 726 2342 783 Christi
2374 728 2459 784 his
2483 728 2663 785 verbis
2691 731 3024 801 compescuit
3049 741 3071 771 ο
3102 745 3117 785 :
3147 749 3168 783 ι
3203 730 3304 799 Qui
3332 731 3523 803 igitur,

1933 814 2032 880 ait,
2072 816 2345 885 paschalis
2380 818 2561 889 gaudii
2586 818 2981 875 solemnitatem
3007 816 3282 877 celebrare
3310 823 3521 880 deside-

1933 919 2041 979 rat,
2072 926 2268 984 agnum
2293 925 2395 968 nec
2423 927 2561 981 aqua
2592 918 2813 982 coquat,
2850 926 2952 967 nec
2979 911 3206 967 crudum
3231 913 3517 969 comedat:

1932 1010 1996 1060 ut
2039 1016 2214 1074 neque
2249 1018 2345 1075 per
2392 1004 2685 1059 humanam
2732 1002 3048 1074 sapientiam
3093 1002 3519 1074 profunditatem

1932 1096 2323 1153 incarnationis
2351 1096 2494 1152 illius
2524 1105 2810 1168 penetrare
2847 1105 3090 1167 appetat;
3120 1112 3294 1169 neque
3319 1098 3373 1152 in
3396 1113 3519 1155 eum

1933 1196 2192 1261 tanquam
2222 1190 2278 1244 in
2309 1188 2583 1268 hominem
2614 1204 2811 1271 purum
2841 1190 3060 1256 credat;
3090 1191 3187 1246 sed
3215 1206 3369 1247 assas
3396 1192 3523 1262 igne

1934 1294 2128 1337 carnes
2154 1280 2423 1346 comedat,
2439 1265 2442 1268 ’
2460 1287 2523 1334 ut
2546 1265 2845 1349 dispensari
2872 1279 3053 1334 omnia
3082 1295 3181 1350 per
3206 1281 3376 1337 sancti
3401 1278 3522 1352 Spi-

1934 1372 2075 1429 ritus
2098 1372 2393 1441 Potentiam
2420 1373 2574 1427 sciat.
2606 1391 2626 1424 ι
2657 1371 2724 1426 Et
2748 1371 2907 1443 paulo
2934 1379 3056 1443 post
3081 1390 3095 1426 :
3131 1389 3149 1423 ι
3173 1371 3243 1425 Et
3269 1373 3408 1444 quod
3441 1387 3522 1427 re-

1934 1463 2211 1526 manserit,
2245 1462 2356 1532 igni
2397 1462 2707 1516 comburetis
2752 1459 2950 1533 (Exod.
2989 1478 3086 1525 xu,
3128 1461 3239 1530 10).
3274 1462 3426 1529 Quod
3454 1478 3521 1519 ex

1935 1565 2077 1623 agno
2105 1562 2370 1618 remanet,
2401 1551 2510 1621 igni
2550 1553 2939 1619 comburimus,
2967 1552 3183 1624 quando
3226 1555 3348 1617 hoc,
3377 1554 3522 1624 quod

1934 1643 2002 1701 de
2037 1644 2424 1701 incarnationis
2467 1644 2583 1716 ejus
2626 1646 2884 1718 mysterio
2928 1646 3229 1718 intelligere
3274 1655 3327 1701 et
3353 1662 3520 1716 pene-

1932 1739 2081 1791 trare
2108 1749 2217 1789 non
2240 1750 2546 1805 possumus,
2570 1737 2824 1806 potestati
2849 1737 3020 1792 sancti
3050 1735 3281 1807 Spiritus
3308 1738 3524 1792 humili-

1933 1831 2022 1884 ter
2068 1841 2452 1882 reservamus:
2484 1835 2544 1882 ut
2589 1843 2697 1883 non
2747 1829 2981 1899 superbe
3027 1828 3151 1900 quis
3198 1831 3394 1884 audeat
3438 1828 3524 1884 vel

1932 1925 2278 1974 contemnere
2304 1920 2388 1974 vel
2421 1921 2762 1987 denuntiare,
2790 1922 2933 1991 quod
2975 1937 3084 1977 non
3126 1921 3392 1992 intelligit,
3427 1922 3524 1979 sed

237 2014 335 2085 qui
365 2014 503 2068 hanc
535 2028 635 2084 per
664 2008 963 2080 prophetia:
1002 2006 1251 2077 spiritum
1302 2007 1540 2079 agnovit.
1577 2005 1718 2073 Quid
1746 2011 1832 2060 est
1860 1988 1909 2051 Β
1934 2008 2040 2064 hoc
2070 2009 2180 2079 igni
2213 2012 2468 2067 traditum
2502 2009 2583 2084 [8.
2615 1988 2944 2083 (ἔτερ.ίὶεηί
2972 2012 3159 2086 tradit]
3185 1988 3524 2072 cum‘sancto

234 2121 373 2176 ergo
394 2105 597 2170 dicere,
645 2119 749 2157 non
776 2116 895 2155 sum
922 2098 1114 2171 dignus
1163 2098 1362 2155 solvere
1404 2101 1686 2170 corrigiam
1722 2097 1833 2153 cal-

233 2198 497 2253 ceamenti
551 2197 685 2268 ejus,
725 2191 833 2248 nisi
865 2198 1052 2262 aperte
1077 2196 1134 2245 et
1172 2191 1455 2245 humiliter
1493 2205 1646 2244 suam
1677 2190 1831 2260 igno-

234 2288 475 2342 rantiam
522 2284 814 2341 confiteri?
864 2281 944 2337 Ac
973 2280 1019 2337 si
1054 2288 1305 2351 patenter
1328 2281 1475 2336 dicat
1505 2298 1519 2335 :
1559 2279 1698 2347 Quid
1727 2279 1831 2334 mi-

232 2394 383 2444 rum,
407 2379 452 2435 si
478 2378 610 2434 mihi
639 2376 727 2432 ille
745 2374 1001 2446 praelatus
1028 2381 1134 2437 est,
1162 2387 1323 2442 quem
1353 2381 1473 2442 post
1501 2387 1588 2428 me
1608 2372 1828 2442 quidem

231 2478 429 2526 natum
456 2470 763 2535 considero,
800 2466 899 2522 sed
924 2465 1228 2520 nativitatis
1256 2465 1573 2536 mysterium
1596 2479 1705 2520 non
1726 2479 1826 2535 ap-

230 2561 518 2634 prehendo
538 2562 563 2615 ?
597 2580 616 2614 ι

310 2650 380 2709 ν.
438 2650 797 2724 Hieronymus
849 2661 1066 2722 quoque
1117 2647 1311 2704 doctor
1362 2645 1512 2703 omni
1569 2644 1826 2702 Ecclesiae

231 2739 443 2799 Christi
471 2742 804 2798 honorabilis
818 2741 886 2796 in
911 2738 1613 2810 expositionenonagesimi
1640 2738 1823 2794 octavi

233 2833 443 2891 Psalmi
478 2833 650 2907 (Psal.
677 2849 871 2900 xcvm,
904 2833 1016 2904 15),
1053 2832 1194 2888 hanc
1227 2832 1635 2904 generationem
1665 2829 1828 2885 Chri-

127 2916 131 2920 ’
232 2932 311 2983 sti
357 2940 417 2981 se
458 2926 681 2981 omnino
735 2925 1011 2996 ignorare,
1050 2939 1160 2978 non
1213 2923 1434 2980 erubuit
1477 2920 1720 2991 proﬁteri
1750 2920 1820 2974 δε

238 3036 263 3071 ε
302 3016 514 3082 Videte,
564 3016 755 3085 inquit,
793 3031 957 3086 quam
983 3031 1098 3070 rem
1144 3015 1369 3071 audeam
1396 3013 1540 3083 loqui
1568 3030 1583 3069 '.
1612 3013 1725 3083 Ego
1750 3014 1825 3089 ita

235 3107 378 3164 adeo
395 3105 542 3181 [Με.,
563 3104 753 3180 adoro]
772 3104 1089 3171 scabeilum,
1102 3106 1245 3176 quod
1260 3106 1533 3176 quondam
1549 3103 1667 3170 fuit,
1685 3106 1828 3161 sicut

234 3202 519 3257 thronum.
569 3200 638 3254 Et
681 3200 728 3255 si
762 3200 907 3254 enim
946 3213 1270 3256 noveramus
1307 3198 1584 3254 Christum
1627 3210 1825 3252 secun-

236 3291 372 3348 dum
398 3306 645 3357 carnem,
671 3290 791 3363 [sed
822 3288 938 3360 jam
962 3306 1073 3346 non
1100 3288 1351 3346 novimus
1378 3304 1501 3344 eum
1528 3292 1822 3345 secundum

234 3398 460 3440 carnem
490 3381 577 3455 (II
606 3380 732 3437 Cor.
759 3399 813 3449 v,
847 3382 936 3455 l6)
966 3380 1007 3455 1.
1043 3381 1308 3437 Habuerit
1358 3377 1498 3436 forte
1533 3381 1826 3437 scabelium

234 3487 365 3534 ante
414 3486 667 3544 mortem,
721 3484 847 3532 ante
899 3475 1370 3541 resurrectionem,
1411 3474 1577 3546 815
1612 3474 1827 3545 quando

236 3569 622 3632 manducahat,
652 3569 867 3641 quando
890 3568 1129 3633 bibebat,
1173 3567 1389 3637 quando
1416 3574 1630 3621 nostros
1650 3564 1825 3634 patie-

233 3661 403 3719 batur
425 3659 685 3727 aﬂ'eclus;
725 3668 1014 3731 postquam
1048 3673 1178 3714 vero
1203 3657 1522 3722 resurrexit,
1550 3664 1607 3711 et
1629 3656 1696 3711 ad
1722 3671 1828 3712 cm-

234 3756 323 3811 tos
344 3753 526 3809 victor
548 3752 810 3819 ascendit,
843 3766 944 3821 ego
976 3767 1086 3806 non
1114 3750 1356 3821 intelligo
1414 3749 1581 3803 alium
1627 3747 1822 3803 seden-

234 3853 372 3910 tem,
399 3851 456 3899 et
479 3843 644 3899 alium
671 3842 988 3909 scabellum,
1021 3841 1117 3898 sed
1147 3848 1317 3895 totum
1350 3840 1405 3894 in
1433 3839 1653 3895 Christo
1675 3840 1826 3895 thro-

234 3952 341 3992 nus
365 3943 469 3991 est.
515 3935 719 4003 Quaerit
762 3942 816 3990 et
863 3934 1035 3990 dicit:
1067 3932 1268 4000 Quare,
1316 3933 1402 3987 vel
1432 3931 1639 4003 quare?
1682 3932 1827 3999 Quo—

240 4026 404 4083 modo
439 4027 529 4091 sit,
560 4026 768 4091 nescjo,
795 4032 848 4080 et
888 4032 1064 4081 tamen
1094 4020 1430 4098 credo'quod
1453 4023 1543 4078 sit.
1596 4021 1826 4078 Mirarer

237 4118 395 4193 llis,
409 4117 675 4195 miraris},
697 4118 744 4173 si
761 4118 1000 4187 ignorem
1026 4116 1324 4171 divinitatis
1344 4114 1679 4186 mysterium,
1699 4130 1824 4170 cum

235 4211 504 4281 meipsum
535 4210 795 4265 nesciam.
859 4207 1165 4279 Interrogas
1202 4222 1288 4263 me
1332 4207 1633 4278 quomodo,
1681 4208 1824 4276 quod

232 4306 331 4371 sit,
363 4314 418 4361 et
441 4304 698 4361 divinitas
718 4310 774 4357 et
800 4302 1102 4357 incarnatio
1147 4316 1289 4356 unus
1311 4303 1381 4355 sit
1408 4299 1562 4373 Ulla,
1592 4315 1821 4369 quomo-

235 4397 311 4454 do
340 4407 393 4451 et
421 4396 677 4452 divinitas
696 4403 752 4449 et
778 4395 1083 4448 incarnatio
1114 4409 1278 4447 unum
1304 4392 1418 4465 sit],
1451 4408 1573 4447 cum
1603 4407 1704 4463 ego
1731 4406 1825 4446 nc-

236 4490 449 4558 sciam,,
471 4489 742 4561 quomodo
765 4489 961 4542 vivam.
981 4487 1150 4543 Deum
1172 4487 1502 4543 intellexisse
1527 4487 1824 4543 credidisse

235 4592 363 4651 est;
398 4585 568 4638 Deum
604 4596 767 4639 nosse
808 4582 1077 4639 honorare
1101 4590 1203 4636 cst.
1261 4578 1472 4635 Suilicit
1521 4580 1655 4635 mihi
1681 4580 1824 4635 scire

1855 3346 1903 3410 C

1933 2098 2138 2171 Spiritu
2168 2112 2425 2159 reservat.
2458 2124 2477 2157 ι
2508 2104 2603 2159 llis
2628 2113 2685 2159 et
2712 2106 3020 2176 huiusmodi
3051 2107 3373 2161 testimoniis
3401 2120 3525 2164 san-

1930 2201 2142 2249 ctorum
2172 2194 2414 2262 Patrum,
2442 2198 2675 2252 humana
2701 2197 2978 2254 humilitas
3004 2199 3238 2267 seipsam
3270 2207 3523 2254 coerceat

1930 2284 2069 2339 intra
2101 2286 2391 2341 terminum
2424 2286 2625 2343 moduli
2654 2288 2759 2352 sui,
2786 2284 3196 2358 Saivatorisque
3222 2288 3393 2344 nostri
3423 2287 3526 2345 mi-

1929 2377 2158 2433 rabilem
2226 2378 2564 2434 nativitatem
2624 2379 2880 2435 humanis
2938 2379 3259 2435 ratiunculis
3313 2380 3525 2437 desinat

1926 2471 2219 2533 estimare,
2257 2485 2359 2525 nec
2384 2470 2506 2540 plus
2532 2483 2723 2540 sapere
2750 2478 2958 2541 quaerat
2993 2484 3154 2541 quam
3186 2478 3398 2540 oportet
3426 2485 3520 2525 sa.

1924 2574 2076 2630 pere.
2102 2558 2407 2631 Audiatque
2448 2560 2835 2631 sapientissimi
2883 2559 3187 2616 Salomonis
3230 2559 3519 2615 consilium

1928 2652 2195 2707 dicentis:
2224 2652 2428 2707 Altiora
2466 2661 2518 2706 te
2542 2669 2620 2708 ἠε
2658 2654 2951 2725 ᾳιιωείεήε,
2994 2664 3043 2708 et
3077 2651 3423 2724 profundiore
3451 2667 3517 2707 ne

1924 2744 2174 2797 scruteris
2209 2742 2397 2815 (Eccli.
2444 2760 2530 2811 ιη,
2578 2742 2691 2815 22).
2737 2744 2988 2814 Opponat
3033 2758 3249 2814 quoque
3298 2742 3520 2798 sibimet

1928 2837 2087 2894 aliam
2116 2836 2357 2907 ejusdem
2384 2838 2729 2900 sententiam,
2758 2853 2865 2909 qua
2905 2837 3105 2892 terruit
3130 2843 3522 2907 praesumptuo-

1927 2944 2044 2984 sam
2086 2929 2335 2986 humame
2364 2930 2701 2986 inﬁrmitatis
2728 2930 3109 2986 temeritatem.
3138 2926 3242 2995 Qui
3275 2926 3520 2993 multum,

1927 3020 2024 3086 ait,
2051 3020 2153 3075 mel
2178 3021 2423 3087 comedit,
2466 3039 2570 3076 non
2604 3030 2680 3077 est
2718 3022 2766 3076 ei
2810 3023 3003 3076 bonum
3028 3039 3046 3076 :
3066 3030 3116 3076 et
3140 3022 3231 3092 qui
3257 3030 3524 3074 scrutator

1926 3122 2005 3167 est
2031 3112 2327 3183 majestatis
2351 3114 2664 3185 opprimitur
2692 3132 2724 3169 α
2754 3112 2922 3185 gloria
2949 3109 3130 3185 (Prov.
3165 3128 3292 3176 xxv,
3324 3110 3434 3185 16).
3463 3110 3524 3166 Si

1926 3209 2130 3258 nostra:
2150 3203 2375 3273 originis
2393 3204 2668 3273 patienter
2691 3204 2963 3259 nescimus
2992 3200 3355 3267 nativitatem,
3387 3216 3524 3273 quoc

1929 3296 2090 3352 modo
2136 3298 2317 3352 anima
2367 3296 2422 3352 in
2475 3305 2633 3352 utero
2681 3296 2873 3352 matris
2922 3296 3274 3351 tenerrimam
3324 3302 3523 3351 nostra:

1931 3388 2111 3445 carnis
2130 3389 2490 3445 substantiam
2515 3387 2751 3444 viviﬁcet
2772 3402 2786 3443 :
2805 3395 3007 3458 quanto
3032 3386 3207 3458 magis
3223 3384 3319 3440 Dei
3345 3387 3525 3442 omni-

1929 3480 2166 3551 potentis
2194 3479 2553 3550 humanreque
2596 3488 2805 3534 naturae
2832 3475 3157 3533 incﬂabilem
3185 3474 3521 3545 coniunctio.

1929 3589 2055 3629 nem
2089 3589 2188 3629 nos
2222 3573 2369 3629 nullo
2415 3574 2574 3628 modo
2613 3571 3073 3644 comprehendere
3108 3585 3290 3642 posse,
3320 3570 3407 3627 vel
3436 3571 3522 3626 in-

1930 3664 2171 3735 telligere
2200 3663 2476 3721 fatendum
2498 3661 2615 3721 est?
2639 3665 2782 3720 Deus
2808 3671 3008 3731 autem,
3036 3662 3305 3735 quomodo
3328 3663 3522 3729 voluit,

1925 3764 1982 3812 et
2001 3757 2217 3828 quando
2241 3757 2431 3821 voluit,
2459 3766 2513 3811 et
2544 3771 2611 3812 ex
2642 3770 2747 3826 qua
2776 3754 2966 3820 voluit,
2999 3753 3219 3809 advenit
3266 3753 3320 3808 in
3364 3767 3523 3808 mun-

1928 3846 2080 3912 dum,
2115 3862 2215 3903 nec
2259 3854 2469 3915 tempus
2508 3846 2581 3911 ei,
2621 3861 2723 3901 nec
2764 3859 3016 3916 persona,
3051 3860 3153 3900 nec
3188 3843 3524 3900 consuetudo

1928 3941 2231 4008 hominum,
2275 3955 2377 3996 nee
2408 3940 2653 4010 exempla
2699 3955 2881 3995 rerum
2917 3938 3355 4008 prmjudicarunt,
3390 3936 3522 4007 quin

1927 4034 2108 4089 minus
2154 4043 2299 4089 esset
2324 4036 2466 4104 quod
2495 4033 2685 4088 voluit.
2715 4030 2853 4086 Nam
2879 4031 3146 4087 obsistere
3183 4030 3231 4085 ei
3277 4028 3363 4084 lex
3404 4044 3514 4085 non

1925 4125 2101 4194 potuit
2123 4130 2520 4189 creaturarum,
2552 4120 2644 4192 qui
2670 4127 2754 4177 est
2781 4119 3136 4188 creatoripse
3172 4127 3513 4174 cunctorum.

1927 4213 1999 4272 Ut
2027 4222 2228 4286 posset,
2266 4216 2410 4285 quod
2435 4214 2623 4277 voluit,
2664 4219 2970 4284 promptum
3012 4211 3089 4268 illi
3135 4222 3349 4280 semper
3388 4207 3516 4275 fuit,

1926 4310 2052 4379 quia
2092 4317 2333 4380 potestas
2358 4308 2532 4365 adfuit
2565 4307 2849 4363 voluntati.
2881 4305 2926 4361 Ο
2970 4306 3134 4361 homo
3166 4312 3225 4359 tu
3274 4303 3397 4374 quis
3435 4318 3516 4368 es,

1926 4402 2018 4472 qui
2062 4404 2391 4473 respondeas
2433 4401 2577 4456 Deo?
2624 4399 2874 4469 Nunquid
2918 4397 3090 4469 legem
3138 4397 3383 4465 impones
3416 4393 3516 4461 illi,

1926 4493 2016 4563 qui
2041 4503 2124 4548 est
2152 4492 2237 4548 lex
2268 4492 2654 4556 universitatis,
2686 4491 2809 4562 quia
2841 4490 3016 4545 omnis
3051 4495 3301 4544 creatura
3327 4486 3517 4542 volun-

1928 4584 2026 4640 tati
2052 4583 2197 4639 iilius
2224 4582 2465 4661 subjecta
2492 4583 2608 4638 est?

237 4676 386 4746 quod
414 4676 676 4745 scriptum
703 4681 825 4739 est;
859 4672 1055 4728 suﬂicit
1082 4673 1213 4726 mihi
1267 4672 1408 4726 scire
1441 4670 1583 4740 quod
1613 4670 1774 4726 credo
1802 4689 1814 4724 :
1849 4706 1901 4768 υ
2000 4673 2107 4731 VII.
2152 4671 2259 4730 Sed
2305 4674 2461 4738 dicis,
2488 4681 2554 4728 ut
2594 4675 2647 4726 in
2691 4672 2798 4728 tuis
2845 4672 3042 4741 legitur
3089 4671 3310 4735 iitteris,
3340 4690 3359 4721 ‹
3390 4670 3517 4740 quia

237 4768 365 4838 plus
390 4774 569 4820 autem
600 4779 701 4823 nec
748 4765 890 4831 volo,
944 4779 1044 4819 nec
1077 4763 1252 4833 cupio.
1288 4763 1344 4817 Si
1372 4764 1517 4817 enim
1544 4763 1684 4817 scire
1719 4777 1818 4816 vo-

237 4860 415 4925 luero,
457 4866 512 4913 et
548 4858 653 4914 hoc
698 4857 899 4928 incipio
945 4858 1189 4928 perdere,
1225 4855 1366 4927 quod
1399 4856 1601 4911 credo:
1635 4854 1822 4911 fideles

238 4953 493 5021 dicimur,
529 4969 637 5009 non
662 4934 956 5008 rationales
983 4950 1135 5024 [Ms.,
1169 4936 1567 5025 ratiocihales]:
1584 4952 1825 5023 Denique

238 5046 443 5103 dicitur
470 5054 525 5101 et
550 5060 580 5098 a
605 5044 832 5100 Domino
856 5071 869 5097 ι
921 5042 1133 5107 Credis,
1181 5044 1324 5112 quod
1350 5058 1449 5113 ego
1473 5058 1692 5114 possum
1721 5043 1820 5097 hoc

239 5136 472 5194 facere?
502 5134 567 5189 Et
595 5135 792 5192 dicitur
813 5135 879 5190 ad
901 5134 1181 5189 mulierem
1211 5151 1222 5187 :
1257 5131 1419 5188 Fides
1440 5144 1529 5188 tua
1552 5143 1600 5188 te
1624 5134 1821 5189 salvam

242 5229 365 5299 fecit
392 5225 611 5302 (Matth.
640 5240 716 5293 ιχ,
744 5224 860 5299 22),
889 5240 997 5280 non
1038 5225 1196 5300 ratio,
1242 5240 1347 5279 non
1392 5224 1689 5295 inquisitio,
1716 5242 1822 5281 non

245 5334 429 5388 quare,
462 5317 548 5374 vel
577 5331 746 5387 quare
793 5315 991 5372 factum
1037 5318 1126 5371 sit.
1159 5316 1419 5382 Credidit,
1473 5318 1597 5387 quia
1648 5318 1823 5384 fleret,

247 5417 304 5464 et
329 5408 525 5465 factum
550 5419 635 5465 est
665 5407 818 5481 [Mm
848 5418 904 5463 ct
939 5407 1140 5464 factum
1164 5416 1248 5465 est
1282 5410 1406 5479 quia
1438 5409 1709 5483 credidit].
1748 5432 1766 5465 ι

324 5498 406 5554 Vi.
430 5499 604 5556 Simili
623 5500 782 5555 modo
806 5507 860 5554 et
885 5498 1137 5570 pratiatus
1158 5498 1319 5554 Pater
1339 5498 1631 5570 Gregorius
1656 5502 1707 5557 in
1735 5502 1829 5558 ho-

320 5689 344 5717 ι
387 5675 445 5746 S.
476 5676 665 5746 Greg.,
699 5676 846 5732 hom.
879 5676 909 5746 7
939 5675 994 5729 in
1025 5674 1228 5746 Evang.

320 5690 344 5717 ι
387 5690 445 5731 δ.
476 5690 665 5746 ureg.,
702 5690 846 5732 nom.
880 5690 906 5729 'l
939 5690 994 5729 tn
1025 5690 1172 5730 nvan
1216 5713 1228 5727 .

320 5746 349 5787 ι’
384 5745 447 5815 β.
480 5746 655 5810 ilict,
684 5747 737 5800 in
784 5745 919 5815 psai.
968 5760 1154 5800 xcvm.
1177 5690 1384 5809 qlerba,
1410 5759 1549 5815 quae
1580 5744 1684 5815 hoc
1712 5744 1828 5799 Ioco

248 5815 320 5873 ab
336 5814 570 5874 Aleuino
598 5814 930 5879 referuntur,
954 5832 1058 5870 non
1084 5823 1302 5870 exstant
1331 5815 1384 5870 in
1405 5814 1690 5870 Breviario
1712 5816 1831 5868 vui-

252 5898 381 5959 ςαῑο
409 5884 468 5944 S.
488 5886 821 5959 Hieronymi.
844 5887 1086 5959 ~Exstant
1109 5900 1239 5941 vero
1266 5885 1323 5959 in,
1338 5885 1828 5959 vetustissimam-

254 5956 376 6014 iiiee
404 5974 527 6014 srec.
558 5975 609 6013 ιχ
650 5956 989 6013 bibliothecae
1038 5956 1352 6014 monasterii
1403 5956 1573 6012 nostri
1605 5956 1661 6011 S.
1701 5956 1829 6011 Ein—

1926 4766 2075 4822 nullo
2100 4766 2259 4820 modo
2284 4765 2612 4820 credendum
2647 4772 2747 4828 est,
2774 4763 2847 4818 ut!
2865 4764 3208 4834 omnipotens
3247 4763 3388 4819 Deus
3414 4761 3519 4818 Pa-

1913 4867 2031 4923 ter,
2056 4858 2147 4926 qui
2174 4856 2398 4925 spiritus
2427 4866 2530 4920 ρει,
2562 4854 2628 4909 de
2650 4855 2941 4925 semetipso
2968 4869 3190 4911 carnem
3220 4860 3463 4923 generet.
3489 4871 3509 4904 ι

1926 4948 2043 5013 Dic,
2078 4962 2228 5017 rogo,
2259 4948 2303 5002 si
2335 4947 2478 5002 scias
2517 4954 2571 5001 te
2602 4948 2837 5002 animam
2867 4947 3086 5011 habere,
3117 4962 3187 5000 an
3217 4945 3358 5000 non?
3386 4943 3517 4999 Nul-

1926 5041 2139 5096 latenus
2169 5046 2319 5093 tanta
2354 5046 2439 5094 est
2465 5040 2765 5109 ignorantia
2793 5040 2845 5093 in
2883 5046 2956 5102 te,
2981 5048 3039 5094 ut
3081 5039 3292 5094 nescias
3318 5045 3369 5093 te
3399 5037 3517 5092 ani-

1926 5148 2072 5189 mam
2114 5132 2335 5187 habere.
2369 5129 2488 5185 Scis
2525 5132 2686 5186 etiam
2725 5139 2932 5201 patrem
2964 5137 3016 5185 te
3045 5131 3296 5186 habuisse
3314 5142 3511 5184 carna-

1926 5222 2055 5289 lem,
2082 5238 2149 5277 ex
2192 5220 2346 5289 cujus
2382 5234 2544 5275 carne
2580 5222 2777 5283 anima,
2807 5236 2927 5289 qua:
2964 5229 3048 5275 est
3084 5220 3138 5274 in
3176 5229 3251 5285 te,
3291 5233 3398 5273 non
3433 5226 3517 5274 est

1927 5321 2237 5385 procreata,
2267 5329 2370 5368 nec
2398 5322 2670 5382 generata,
2703 5321 2763 5367 ut
2784 5312 3048 5369 catholica
3074 5313 3207 5369 ﬁdes
3237 5313 3418 5368 habet.
3446 5312 3516 5368 Et

1930 5405 2200 5476 quomodo
2224 5412 2405 5474 potest
2431 5404 2570 5469 fieri,
2611 5413 2671 5458 ut
2714 5412 2768 5458 tu
2796 5405 2909 5473 ipse
2934 5412 3081 5461 totus
3114 5404 3189 5461 sis
3236 5405 3309 5460 tui
3343 5405 3515 5475 patris

1930 5498 2183 5569 proprius
2226 5496 2370 5551 illius
2396 5505 2449 5549 et
2478 5511 2659 5561 verus,
2690 5512 2756 5552 ex
2792 5496 2943 5565 cujus
2987 5512 3153 5553 carne
3198 5506 3288 5551 tua
3332 5497 3512 5553 anima

1931 5676 2179 5740 merami,
2210 5681 2391 5730 notato
2422 5687 2570 5728 num.
2619 5672 2743 5729 ιω.
2796 5672 2897 5742 Qui
2944 5673 3190 5729 continet
3216 5676 3510 5742 tractatum

1932 5750 1999 5804 de
2027 5737 2291 5803 Psalterio
2328 5744 2428 5800 sub
2477 5746 2692 5799 nomine
2724 5743 2781 5797 S.
2823 5737 3164 5813 'llieronymi,
3220 5742 3276 5794 in
3324 5737 3511 5795 multis

1933 5820 2002 5874 ab
2026 5817 2191 5873 editis
2221 5814 2577 5872 diil‘erentem.

2008 5902 2027 5927 ο
2076 5888 2133 5944 S.
2164 5887 2325 5958 Greg.
2360 5887 2452 5952 51.,
2479 5883 2667 5941 homil.
2694 5880 2767 5938 22
2790 5880 2845 5936 in
2880 5878 3107 5952 Evang.,
3138 5897 3284 5938 mum.
3313 5882 3371 5939 8.
