4346 6634
725 327 820 385 N7
1576 315 1635 370 ll.
1667 315 1734 368 .1·“.
1771 313 1996 368 ΛΜΛῆ
2039 309 2168 368 Stal}
2202 309 2441 365 ΑΜΖῦῐὲ

2283 308 2477 365 ,(ἋΠΝΙ
2511 306 2794 364 ΟΡΕΠΕΜ
2835 304 3012 361 f‘AflS
3044 305 3130 360 ιιι.
3885 303 3993 360 168

718 460 828 501 non
855 449 940 498 est
967 436 1254 511 generata?
1273 433 1659 500 Atei-toipsum
1681 431 1988 482 consentias
2013 423 2290 496 proprium
2323 425 2366 482 ἡ
2397 418 2801 511 posesti’atris
2828 418 3120 476 secundum
3139 413 3830 511 humanitatemChristus,
3855 415 3995 485 quia

719 548 842 588 esse
863 505 1047 584 Iﬁlinm
1073 526 1246 596 patris
1269 522 1351 577 .tui
1379 537 1498 574 cum
1530 518 1706 572 auium
1737 523 1790 568 et
1819 529 2006 577 car-iw,
2053 513 2299 582 quamvis
2400 510 2558 567 azDei
2594 508 2731 566 Filio
2755 517 3061 578 assumptus
3083 515 3166 561 est
3201 507 3380 569 hoino,
3422 505 3526 569 vel,
3559 513 3617 558 ut
3651 514 3704 560 tu
3732 505 3832 568 vis,
3859 508 3994 563 ado-

720 637 852 678 caro
883 621 1007 675 sola
1041 594 1106 673 de
1124 613 1429 670 substantia
1476 610 1645 680 patris
1673 616 1740 663 .et
1787 607 1976 660 tnatris
2015 612 2299 674 procreata
2399 610 2604 673 ptatus.
2629 598 2751 657 Non
2779 615 2908 670 ergo
2933 599 3110 654 omnis
3151 596 3444 664 assumptio
3467 597 3686 663 adoptio
3707 603 3807 651 est.
3834 594 4000 666 Legi-

723 717 791 770 sit
820 732 833 767 :
859 726 988 782 ergo
1010 707 1176 764 multo
1205 705 1375 774 magis
1396 699 1674 773 perpende
1703 697 1876 751 oculis
1903 695 2100 758 cordis,
2126 695 2304 749 .ut.ino
2391 699 2439 748 ytt

2278 722 2304 746 ρ
2391 699 2492 748 ξων
2521 691 2586 748 εἰη
2634 689 2926 760 Evangelio
2965 688 3031 744 de
3069 686 3310 750 Christo,
3362 686 3506 755 quod
3546 687 3828 756 assumpsit
3858 701 3994 739 eum

711 805 930 876 -telligas
974 801 1069 856 Dei
1110 798 1288 853 Patris
1310 792 1498 850 desum
1529 793 1800 847 Christum
1831 790 1882 843 in
1922 799 2150 856 utraque
2179 787 2304 840 sub-

713 898 923 954 stantia
955 893 1240 964 proprium
1280 888 1483 946 Filium
1529 892 1584 939 et
1625 898 1809 938 verum
1844 880 1968 934 ﬁeri
2012 893 2188 948 posse.
2221 877 2304 933 An

725 993 871 1048 illius
891 987 1139 1060 potentia
1171 985 1224 1039 in
1255 985 1356 1037 hoc
1391 981 1784 1049 impotensest,
1817 985 1874 1027 ut
1911 974 2012 1027 hcc
2038 984 2306 1038 .nonzpos-

725 1083 800 1137 sit
826 1078 1089 1150 perﬁcere
1119 1077 1172 1130 in
1193 1073 1313 1126 tilio
1355 1085 1472 1131 suo,
1501 1068 1644 1138 quod
1673 1065 1726 1119 in
1757 1063 1963 1118 cunctis
1988 1060 2306 1117 :bominihns

710 1173 858 1230 'facit
878 1170 1030 1226 ﬁeri?
1052 1167 1159 1222 Aut
1188 1170 1488 1234 tuuspator
1527 1159 1800 1229 potentior
1835 1162 1917 1209 est
1956 1152 2066 1206 Deo
2097 1152 2161 1204 .iu
2191 1153 2307 1204 hac

727 1272 901 1333 parte,
930 1269 985 1314 et
1015 1259 1267 1329 potnitrte
1284 1251 1571 1322 proprium
1609 1249 1780 1303 ﬁlium
1810 1246 2009 1300 habere
2031 1240 2304 1333 exanima

715 1330 785 1409 et
807 1364 1053 1422 corpore,
1083 1347 1250 1418 διε
1275 1344 1398 1398 licet
1420 1343 1600 1396 anima
1632 1338 1847 1393 aliunde
1867 1331 2180 1402 sitcorpori
2209 1330 2308 1385 im-

734 1444 936 1498 missa?
961 1439 1017 1495 Si
1046 1454 1175 1492 vero
1208 1433 1384 1490 nullus
1424 1431 1675 1501 proprius
1716 1426 1858 1482 ﬁlius
1888 1431 1942 1479 et
1969 1431 2311 1493 vcruspote-

721 1534 804 1589 rit
828 1545 968 1595 esse,
1007 1527 1113 1583 nisi
1156 1540 1223 1580 ex
1253 1521 1570 1577 substantia
1598 1517 1773 1574 Patris
1811 1523 1954 1570 totus
1996 1523 2153 1568 nutus
2194 1511 2303 1574 sit;

732 1639 859 1695 ergo
901 1623 953 1678 in
998 1620 1145 1677 omni
1176 1619 1412 1673 humano
1442 1613 1618 1668 nullus
1646 1609 1991 1680 pater:habet
2033 1604 2307 1674 proprium

734 1718 901 1772 ﬁlium
927 1723 1215 1776 et-vcrum,
1239 1708 1574 1764 nisiztantnm
1608 1703 1673 1759 de
1696 1716 1859 1756 carne
1886 1697 2023 1754 sola.
2045 1697 2304 1760 Videsne,

2403 779 2746 845 diabatus,.-et
2772 779 2956 835 statuit
2999 795 3156 848 super
3178 777 3521 847 pinnaculum
3567 776 3743 848 templi
3771 775 3990 848 (Matth.

2405 889 2478 936 IN,
2501 873 2586 947 ﬁ).
2618 874 2675 929 in
2712 888 2818 944 qua
2861 873 3228 940 assumptione
3259 869 3458 927 diaboli
3497 869 3644 928 nulla
3672 877 3850 940 potest
3870 883 3998 924 esse

2406 962 2647 1031 adoptio,
2677 962 2770 1017 sed
2796 975 2962 1030 prava
2988 961 3244 1015 .tentatio.
3276 959 3536 1014 Placitum
3570 972 3716 1021 vero,
3737 959 3871 1027 .quis
3899 972 3998 1012 ne-

2407 1053 2532 1116 scit,
2561 1051 2612 1106 in
2643 1051 2828 1106 multis
2863 1052 3034 1106 rebus
3071 1067 3189 1105 esse
3237 1066 3420 1120 posse,
3466 1065 3568 1106 nec
3609 1050 3663 1104 in
3705 1049 3998 1118 adoptione

2397 1141 2556 1197 sola?
2583 1140 2845 1198 Similiter
2871 1149 2927 1195 et
2951 1141 3257 1211 applicatio.
3301 1140 3434 1197 Nam
3465 1141 3664 1210 saepius
3705 1139 3901 1210 legitur
3940 1140 3998 1194 in

2409 1234 2648 1293 historiis
2681 1251 2690 1285 :
2717 1234 2794 1288 sEt
2815 1233 3071 1303 applicuit
3091 1235 3198 1291 dux
3221 1233 3309 1287 ille
3337 1232 3528 1287 vellillc
3551 1241 3730 1288 castra
3759 1232 3828 1287 ad
3856 1232 4002 1290 hanc

2400 1325 2493 1379 vel
2521 1327 2587 1380 ad
2607 1325 2761 1381 illam
2792 1323 3159 1384 ςὶνὶιθιρτυ.8ιί
3181 1324 3471 1394 applicatio
3499 1333 3583 1380 est
3605 1305 3844 1393 adoptio,
3866 1338 4002 1394 ergo

2408 1415 2684 1483 adoptavit
2711 1414 2986 1469 civitatem
3015 1415 3119 1472 sibi
3147 1414 3420 1480 in'ﬁlium,
3449 1429 3613 1484 quam
3649 1414 3824 1485 magis
3839 1415 4003 1472 .venit

2409 1504 2703 1562 debellare.

2471 1592 2569 1651 JX.
2599 1592 2739 1647 Ecce
2767 1599 2822 1647 et
2850 1593 2938 1647 hic
2959 1607 3104 1646 «mea
3132 1592 3477 1652 stultitiatua
3511 1600 3562 1648 et
3587 1593 3801 1653 indocta
3818 1603 4003 1652 dome-

2411 1685 2544 1741 ritas
2591 1693 2834 1755 apparet,
2867 1700 2986 1754 .qua
3019 1699 3124 1738 non
3154 1683 3429 1753 intelligis,
3463 1698 3625 1752 quam
3671 1685 3897 1744 adversa
3944 1692 4006 1738 rt

731 1765 1378 1879 iii-quantamstul'titiam
1407 1798 1508 1852 iste
1537 1804 1884 1848 tuusscnsus
1910 1787 2309 1851 devolvitur,.ct
2328 1765 2386 1827 ίΒ
2411 1779 2681 1879 sanitatis
2721 1774 2894 1879 ‘O‘mni‘
2921 1773 3118 1876 rationi
3147 1776 3310 1879 ponis
3351 1784 3406 1833 ct
3445 1772 3752 1840 confirmas,
3800 1773 4008 1832 addere

733 1873 896 1969 quam
921 1893 1188 1950 contraria
1217 1889 1364 1945 omni
1380 1884 1586 1940 .rationi
1615 1892 1672 1938 et
1691 1881 1836 1936 omni
1867 1873 2312 1946 humano-generi

737 1990 966 2048 asseris?
999 1987 1100 2041 Tui
1118 1977 1497 2054 igituripsius
1524 1984 1682 2031 utens
1705 1971 1952 2042 exemplo
1981 1979 2034 2025 et
2071 1969 2313 2039 teipuum

723 2081 1107 2140 considerans,
1133 2073 1532 2144 :proprietatem
1577 2066 1692 2130 lilii,
1726 2077 1889 2134 quant
1917 2063 2062 2118 ,in-te
2093 2059 2314 2124 asseris,

737 2187 1002 2245 cognosce
1047 2170 1101 2224 in
1134 2167 1285 2222 2Eilio
1325 2164 1420 2219 Dei
1469 2160 1586 2217 ﬁeri
1628 2173 1826 2230 posse:
1855 2163 1912 2210 et
1953 2154 2042 2225 qui
2087 2154 2316 2245 teipsum

738 2241 978 2322 dividere
1012 2275 1116 2315 non
1135 2257 1226 2312 vis
1255 2262 1478 2326 propter
1513 2250 1750 2306 animum
1778 2256 1833 2302 et
1858 2259 2076 2302 carnem
2095 2241 2318 2298 induos

724 2357 901 2420 ﬁlios,
940 2352 1214 2424 proprium
1259 2346 1470 2400 scilicet
1511 2354 1569 2396 et
1617 2339 1927 2410 adoptivum
1957 2353 1970 2390 :
1995 2350 2060 2390 ea
2094 2333 2318 2390 iratione

741 2464 842 2504 nec
867 2445 1144 2501 Christum
1180 2439 1625 2495 dividere-tentes
1667 2431 1893 2486 induas
1924 2427 2063 2481 ﬁlios
2097 2431 2318 2496 propter

737 2538 989 2611 perfecta:
1034 2533 1332 2590 divinitatis
1366 2537 1430 2584 ct
1469 2525 1724 2598 perfecte
1763 2521 2133 2611 humanitatis
2163 2525 2319 2572 natu.

739 2609 877 2696 ram,
906 2629 1032 2699 quia
1059 2631 1304 2681 unusest
1333 2619 1596 2675 mediator
1620 2622 1802 2670 noster
1824 2609 2278 2699 JesusChristus.

813 2697 941 2778 νιιίζ
973 2719 1230 2789 Sequitur
1253 2715 1307 2769 in
1335 2720 1483 2768 textu
1513 2708 1676 2764 libelli
1701 2705 1776 2761 tui
1803 2722 1869 2758 ;,‹
1897 2701 2083 2774 Igitur,
2115 2697 2316 2768 inquis,

741 2819 786 2873 si
832 2810 1136 2883 adoptionis
1163 2821 1357 2862 nomen
1391 2803 1445 2858 in
1487 2800 1706 2857 Christo
1741 2794 1980 2850 :Domino
2012 2789 2318 2883 secundum

744 2881 961 2964 carnem
998 2903 1144 2958 claro
1169 2905 1464 2970 apertoque
1492 2904 1744 2949 sermone
1783 2889 2098 2954 inutroque
2133 2881 2320 2937 Testa-

744 3007 948 3060 mento,
984 3001 1044 3048 ut
1069 3006 1163 3046 vos
1205 2984 1552 3052 contenditis,
1592 2978 1832 3050 reperire
1869 2975 2184 3046 nequimus;
2215 2987 2321 3030 ca-

740 3099 856 3144 tcra
886 3097 1062 3141 tamen
1084 3082 1288 3142 omnia,
1312 3093 1432 3148 qua:
1452 3073 1757 3145 adoptionis
1779 3071 1944 3127 verbo
1971 3068 2313 3128 conveniunt,

741 3185 796 3239 in
835 3179 1032 3237 divinis
1071 3175 1236 3232 :lihris
1276 3170 1568 3243 perspicue
1599 3174 1761 3236 atque
1810 3161 2093 3220 manifeste
2120 3158 2320 3216 multis

743 3273 919 3328 modis
946 3268 1305 3338 reperiuntur.
1331 3258 1647 3331 Namquid,
1670 3271 1852 3328 quaeso
1868 3295 1882 3320 ,
1905 3263 1989 3311 est
2013 3252 2233 3308 cuilibet
2258 3251 2322 3307 ii-

741 3365 814 3420 lio
854 3362 1091 3432 adoptio,
1125 3358 1226 3413 nisi
1269 3355 1494 3420 electio,
1541 3352 1644 3408 nisi
1677 3349 1870 3422 gratia,
1914 3345 2318 3408 nisi-voluntas,

743 3459 846 3514 nisi
873 3452 1192 3521 assumptio,
1222 3448 1323 3503 nisi
1352 3444 1650 3514 susceptio,
1677 3441 1780 3497 nisi
1809 3440 2066 3510 placitum
2091 3453 2194 3497 seu
2223 3451 2323 3507 ap-

742 3544 994 3618 plioatio?
1021 3543 1149 3608 Quae
1177 3539 1427 3593 universa
1468 3534 1614 3589 nullo
1656 3531 1813 3587 modo
1856 3530 2072 3601 proprio
2096 3543 2163 3582 ac
2191 3540 2323 3582 vero

745 3641 854 3695 ﬁlio
884 3635 1169 3690 convenire
1205 3639 1426 3702 queunt.
1459 3626 1518 3680 Si
1557 3625 1682 3695 quis
1725 3637 1854 3678 vero
1901 3622 1955 3676 in
1985 3619 2322 3675 Christizhu-

745 3732 1061 3786 inanitatem
1111 3721 1410 3794 adoptionis
1467 3719 1694 3788 gratiam
1741 3727 1936 3786 negare
1983 3713 2114 3778 vult,
2162 3710 2324 3767 simul

745 3829 963 3885 cuncta,
998 3832 1117 3887 ipsa:
1156 3816 1326 3870 dictas
1354 3809 1562 3884 μόνιε,
1592 3809 1734 3862 dicta
1782 3802 1930 3877 sunt]
1965 3819 2087 3860 cum
2117 3802 2322 3858 eadem

747 3911 1034 3982 adoptione
1062 3909 1113 3961 in
1145 3920 1211 3960 eo
1239 3917 1434 3974 negare
1469 3899 1699 3955 studeat.
1728 3896 2144 3964 rQuidhorum,
2173 3909 2322 3963 rogo,

748 4021 868 4077 qua:
911 3997 1262 4073 preposuisti,
1290 3997 1342 4048 in
1389 3992 1605 4065 proprio
1655 3989 1766 4044 lilio
1810 3987 1925 4042 ﬁeri
1973 4002 2077 4042 non
2115 3983 2327 4077 potest?

748 4075 1000 4165 Nunquid
1036 4108 1143 4146 non
1187 4087 1356 4141 David
1389 4100 1483 4140 rex
1527 4080 1730 4150 majore
1761 4080 1932 4149 gratia
1977 4079 2139 4149 elegit
2172 4075 2327 4131 Salo-

748 4202 962 4244 monem
993 4183 1269 4255 proprium
1314 4179 1481 4232 ﬁlium
1519 4191 1674 4230 suum
1716 4186 2082 4228 successorem
2112 4170 2212 4224 sibi
2242 4185 2328 4225 rc—

747 4281 860 4351 gni,
896 4290 1057 4347 quam
1103 4273 1237 4326 alios
1265 4268 1404 4323 tllios
1451 4266 1715 4336 proprios,
1744 4277 1882 4334 quos
1923 4261 2142 4351 habuit?
2170 4260 2327 4351 'Ecee

747 4349 922 4437 major
961 4363 1132 4435 gratia
1162 4360 1354 4432 patris,
1390 4356 1562 4426 major
1600 4353 1869 4418 voluntas,
1911 4349 2329 4421 majorque.ele-

748 4461 859 4518 ctio
897 4459 953 4512 in
989 4470 1056 4512 eo
1093 4453 1216 4511 fuit.
1247 4465 1409 4522 quam
1450 4449 1504 4503 in
1545 4445 1664 4501 aliis
1702 4445 1826 4501 ﬁliis
1855 4443 1992 4508 suis,
2020 4442 2146 4497 licet
2171 4451 2228 4497 et
2250 4441 2323 4496 illi

746 4547 949 4622 proprii
979 4551 1161 4603 essent
1183 4542 1298 4598 ﬁlii.
1329 4539 1436 4597 Sed
1466 4554 1565 4594 nec
1594 4537 1770 4590 omnis
1807 4534 2103 4603 assumptio
2147 4541 2324 4603 potest

747 4652 870 4697 esse
894 4637 1144 4708 adoptio;
1175 4629 1632 4700 assumpsitonim
1671 4627 1765 4682 Dei
1806 4625 1974 4680 Filius
1999 4639 2218 4682 carnem
2255 4639 2324 4680 ex

750 4737 908 4786 utero
954 4723 1200 4798 virginali
1248 4722 1301 4776 in
1346 4719 1605 4775 unitatem
1661 4732 1770 4771 sua:
1805 4728 2218 4784 personm,.non
2268 4713 2323 4768 in

751 4835 972 4877 carnem
999 4823 1253 4877 mutatus,
1276 4813 1377 4868 sed
1417 4819 1478 4865 ut
1499 4817 1646 4864 esset
1671 4807 1923 4878 proprius
1949 4804 2325 4860 :Filius-Deiin

751 4913 961 4971 duabus
996 4907 1336 4974 substantiis,
1377 4904 1471 4959 Dei
1517 4903 1722 4959 scilicet
1749 4899 2113 4954 ctzhominis:
2161 4898 2324 4954 veluti

754 5014 882 5060 ante
919 5002 1106 5059 fuitin
1153 5014 1258 5055 una
1305 5005 1494 5052 natura
1539 4993 1789 5065 proprius
1833 4991 1926 5045 Dei
1956 4991 2141 5044 :Filins
2173 4991 2327 5045 .nihil

756 5097 1012 5153 amittens
1033 5093 1177 5165 quod
1205 5098 1346 5154 erat,
1371 5089 1620 5161 quamvis
1643 5086 2022 5154 assumpsisset
2051 5084 2193 5154 (ptod
2221 5098 2328 5136 non

753 5199 893 5256 erat,
924 5203 1029 5244 non
1053 5185 1370 5242 divisionem
1394 5182 1597 5237 faciens
1619 5182 1670 5235 in
1711 5194 1956 5250 persona:
1975 5186 2329 5248 proprietate,

743 5298 859 5337 nec
890 5279 1325 5336 commistionem
1371 5277 1425 5332 in
1466 5281 1782 5329 naturarum
1826 5270 2223 5342 conjunctione.
2267 5270 2332 5324 Si

758 5383 940 5429 autem
965 5379 1187 5442 propter
1212 5368 1634 5438 assumptioncm
1658 5365 1741 5418 vel
1761 5362 2156 5434 susceptionem
2183 5362 2334 5418 Chri-

759 5473 874 5520 stus
917 5463 1200 5532 adoptivus
1229 5469 1313 5516 est
1353 5459 1516 5522 ﬁlius,
1544 5457 1636 5526 qui
1680 5470 1744 5529 ex
1779 5455 1999 5526 Virgine
2027 5463 2188 5510 natus
2225 5463 2331 5518 est,

760 5553 912 5624 cujus
938 5539 1181 5624 personae
1206 5552 1258 5606 in
1293 5555 1479 5604 sancta
1513 5547 1777 5608 Trinitatc
1803 5545 2084 5614 adoptivus
2110 5559 2229 5599 esse
2253 5543 2332 5605 di-

762 5644 964 5699 cendus
987 5643 1104 5700 est?
1134 5641 1330 5710 Utique
1366 5639 1585 5694 ortinino
1611 5637 1744 5692 Filii
1782 5652 2046 5706 personae.
2094 5636 2211 5706 Ipse
2246 5651 2332 5691 as-

764 5735 992 5805 sumpsit
1018 5733 1311 5796 hominem,
1343 5729 1426 5786 vel
1456 5731 1709 5801 suscepit.
1735 5728 1888 5796 Quod
1915 5729 1959 5785 si
1990 5730 2063 5784 ita
2107 5738 2213 5796 est,
2233 5744 2330 5788 ne‘

2416 1864 2624 1940 Morte,
2671 1864 2896 1938 addens]
2926 1866 3090 1923 etiam
3120 1863 3233 1920 :-Ut
3269 1873 3479 1935 propter
3521 1882 3706 1920 nomen
3749 1868 3881 1921 servi
3930 1867 4004 1920 sit

2411 1975 2617 2032 quoque
2643 1960 2953 2030 adoptivus;
2983 1957 3422 2029 non-intelligens
3447 1959 3592 2029 apud
3630 1960 3865 2029 priorem
3907 1975 4008 2030 po-

2414 2050 2621 2120 pulum,
2645 2050 2739 2118 qui
2771 2052 2906 2105 dura
2949 2048 3084 2120 legis
3123 2049 3385 2106 servitute
3433 2048 3705 2118 subjectus
3746 2059 3847 2115 est,
3877 2066 4009 2122 pro-

2403 2149 2536 2211 pter
2554 2155 2819 2210 magnum
2835 2140 3165 2199 humilitatis
3189 2149 3610 2206 sacramentum,
3639 2142 4007 2212 dispensatio-

2416 2246 2647 2301 nemque
2675 2246 2818 2287 verat
2842 2231 3230 2300 humanitatis,
3270 2248 3484 2288 servum
3528 2249 3557 2288 a
3585 2237 3864 2305 prophetis
3904 2253 4008 2292 no-

2416 2321 2612 2377 minari
2648 2321 2941 2378 Christum.
2983 2321 3266 2393 Aliquibus
3311 2324 3365 2378 in
3407 2325 3539 2380 locis
3585 2324 3826 2394 legimus.
3859 2326 4010 2383 Inter

2403 2411 2557 2468 ﬁlios
2590 2412 2854 2482 siquidem
2884 2413 3090 2484 gratim,
3120 2413 3175 2470 id
3201 2424 3312 2480 est,
3349 2414 3414 2467 .in
3449 2431 3588 2470 novo
3616 2419 3810 2486 populo
3835 2418 4009 2474 Eilius

2416 2504 2615 2576 ubique
2641 2505 2970 2562 nominatur.
2998 2506 3414 2574 Qum-vocabula
3457 2510 3512 2564 in
3550 2509 3693 2565 Isaia
3727 2513 4010 2582 propheta

2417 2597 2703 2656 manifeste
2749 2598 2982 2668 quodam
3030 2600 3084 2654 in
3129 2598 3247 2656 loco
3290 2601 3712 2670 distinguuntur,
3742 2602 3834 2656 ubi
3882 2605 3961 2656 ait
3994 2622 4008 2635 -

2419 2688 2681 2746 Parvulas
2721 2700 2876 2745 natus
2915 2700 2986 2746 est
3030 2692 3199 2754 nobis,
3238 2702 3286 2746 et
3326 2690 3499 2747 Filius
3540 2693 3697 2746 datus
3740 2703 3816 2748 est
3859 2695 4012 2749 nobis

2418 2779 2575 2852 (Isai.
2609 2796 2685 2845 ix,
2711 2778 2921 2851 6).:Qni
2951 2778 3053 2835 fuit
3076 2780 3332 2851 parvulus
3349 2782 3440 2837 .vel
3468 2797 3658 2837 servus
3678 2783 3819 2854 apud
3843 2799 4012 2854 syna-

2416 2888 2611 2945 gogam
2654 2873 2708 2928 in
2742 2874 2940 2929 .umbra
2982 2873 3327 2940 servientem,
3373 2877 3516 2946 apud
3545 2875 3905 2941 Christianos,
3953 2875 4012 2930 in

2419 2967 2542 3023 luce
2583 2965 2852 3022 libertatis
2879 2967 3147 3030 viventes,
3171 2965 3354 3022 tFiliUS
3396 2966 3698 3034 estaQnam
3730 2968 4016 3022 discretio—

2418 3074 2544 3115 nem
2563 3058 2671 3114 .ﬁlii
2701 3067 2758 3113 et
2781 3059 2923 3114 servi
2950 3058 3064 3130 ipse
3093 3073 3308 3129 quoque
3339 3059 3599 3114 Dominus
3636 3061 3687 3114 in
3717 3060 4017 3129 Evangelia

2424 3150 2708 3221 designare
2734 3148 2962 3215 videtur,
2985 3147 3076 3203 ubi
3096 3150 3174 3204 ait
3202 3146 3437 3210 εδει-ενδ
3461 3165 3564 3202 non
3584 3159 3756 3204 monet
3779 3151 3833 3204 in
3851 3150 4013 3204 deum

2421 3244 2479 3299 in
2505 3239 2982 3307 mternum,.Fitius
3010 3241 3461 3297 nutammanet-in
3482 3252 3752 3296 rrtermtm.
3779 3241 4016 3313 Movquc

2422 3333 2695 3406 subjungit
2715 3333 2901 3388 dicens
2931 3351 2944 3384 :
2977 3330 3038 3387 Si
3075 3329 3247 3386 Filius
3270 3348 3355 3386 vos
3388 3331 3704 3396 liberaverit,
3728 3351 3841 3388 vere
3859 3333 4017 3388 liberi

2421 3426 2569 3480 eritis
2611 3425 2792 3497 (Joan.
2835 3439 2958 3489 vnt,
2995 3423 3082 3487 55,
3113 3424 3354 3494 36)..Qni
3385 3424 3526 3496 apud
3560 3424 3805 3480 inﬁdeles
3828 3423 4019 3479 Filius

2423 3524 2509 3573 est
2550 3513 2690 3570 fabri
2735 3525 2790 3570 et
2829 3529 3018 3570 servus
3051 3531 3063 3566 :
3091 3514 3236 3583 apud
3278 3511 3671 3572 ﬁdelesdiilius
3695 3513 3922 3579 cstDei,
3955 3523 4018 3569 et

2413 3607 2568 3664 Dens
2579 3621 2766 3662 verus.

2439 3775 2441 3777 .
2495 3717 2564 3774 Χ.
2606 3719 2820 3784 Nescio,
2863 3715 3174 3788 qua-fronte
3202 3717 3788 3786 sacerdotemChristi,
3818 3734 3852 3775 ο
3875 3736 4020 3776 nove

2425 3815 2633 3878 doctor,
2690 3823 2740 3868 te
2793 3811 3101 3868 conﬁtearis
3146 3827 3289 3877 esse,
3338 3812 3465 3866 dum
3511 3812 3788 3868 Christum
3841 3813 4017 3868 Deum

2426 3908 2679 3976 denegas.
2704 3902 2872 3959 Judaei
2891 3903 3212 3958 claudebant
3237 3919 3396 3958 aures
3414 3906 3681 3974 corporis,
3709 3920 3776 3960 ne
3799 3913 4020 3975 aposto-

2425 3997 2536 4054 lum
2569 3996 2732 4068 81']
2760 3995 2983 4051 Paulum
3016 3994 3399 4065 praedicantem
3431 3997 3702 4062 audirent,
3734 3997 4020 4054 Christum

2427 4091 2596 4145 Deum
2623 4103 2744 4144 esse
2774 4106 2786 4141 :
2813 4087 2894 4142 Tu
2929 4087 3134 4143 claudis
3162 4088 3348 4142 oculos
3391 4089 3593 4154 cordis,
3640 4105 3708 4144 ne
3747 4089 4024 4159 intelligas

2426 4182 2674 4238 eumdem
2701 4182 2866 4236 Deum
2892 4195 3034 4236 esse.
3075 4181 3152 4237 De
3186 4197 3294 4253 quo
3325 4183 3439 4251 ipse
3466 4189 3715 4255 egregius
3756 4184 4024 4252 praedica-

2428 4284 2514 4330 tor
2541 4275 2652 4329 ait:
2678 4274 2794 4329 Nos
2819 4281 2994 4329 autem
3013 4275 3363 4345 prmdicamus
3389 4272 3656 4330 Christum
3677 4275 4018 4344 cruciﬁxum,

2427 4367 2642 4424 Domini
2683 4366 2834 4439 [Leg.
2868 4367 2970 4420 Dei
3010 4368 3094 4420 hic
3129 4376 3177 4422 et
3223 4365 3390 4439 infra]
3421 4367 3660 4421 virtutem
3703 4377 3751 4420 et
3797 4367 4023 4422 Domini

2338 4505 2407 4566 ,υ
2429 4459 2741 4530 sapientiam
2771 4455 2822 4528 (1
2849 4454 2974 4511 Cor.
3003 4473 3045 4521 t,
3067 4455 3158 4521 23,
3183 4454 3296 4526 24).
3317 4456 3385 4510 Et
3411 4456 3630 4526 quidem
3669 4459 3931 4527 sapientia
3958 4466 4025 4512 et

2432 4551 2604 4604 virtus
2640 4547 2756 4612 Dei,
2793 4547 3019 4601 Domino
3059 4547 3241 4615 utique
3271 4546 3470 4618 [Locus
3512 4559 3820 4620 corruptus.
3853 4547 4023 4603 Forte

2431 4638 2531 4708 leg.
2557 4652 2576 4690 :
2601 4639 2670 4692 Et
2685 4638 2818 4707 quid
2841 4645 2922 4692 est
2948 4637 3209 4706 sapientia
3232 4647 3287 4691 et
3310 4638 3605 4694 virtusDei
3635 4641 3890 4695 Dominus
3911 4643 4026 4694 uti-

2431 4733 2580 4804 que].
2609 4732 2724 4786 Nos
2749 4748 2871 4802 ergo
2899 4732 3247 4802 pra'dicamus
3287 4732 3556 4787 Christum
3579 4736 3912 4804 cruci/istum,
3936 4736 4023 4789 in-

2432 4824 2569 4894 quit,
2591 4821 2798 4877 Judwis
2818 4821 3026 4892 quidem
3049 4825 3384 4888 scandalum,
3418 4826 3654 4895 gentibus
3675 4838 3847 4880 autem
3881 4827 4021 4880 stul-

2435 4915 2622 4969 titiam.
2647 4911 2790 4969 Crux
2823 4913 2968 4967 enim
3003 4913 3239 4980 Domini,
3263 4931 3384 4984 qua:
3408 4917 3634 4971 stultitia
3662 4916 3932 4988 gentibus,
3964 4927 4026 4974 et

2431 5003 2632 5058 Judmis
2679 5002 2990 5058 scandalum
3041 5002 3162 5067 fuit,
3207 5004 3306 5058 tibi
3347 5013 3637 5077 utrumque
3687 5015 3791 5062 est.
3818 5006 4025 5078 'Neque

2435 5093 2578 5149 enim
2609 5099 2703 5146 aut
2731 5093 2958 5146 stultitia
2984 5091 3092 5146 ulla
3132 5093 3306 5162 major
3326 5104 3437 5160 est,
3468 5110 3632 5165 quam
3662 5112 3768 5151 non
3798 5099 4025 5153 credere

2436 5185 2651 5239 veritati
2677 5198 2692 5238 :
2718 5192 2812 5238 aut
2851 5182 3026 5251 majus
3071 5184 3404 5249 scandalum,
3435 5203 3596 5255 quam
3643 5189 3829 5244 audire
3873 5193 4024 5259 quod

2435 5290 2624 5333 verum
2667 5284 2751 5329 est
2778 5275 2938 5329 nolle.
2977 5274 3218 5330 Stultitia
3245 5277 3361 5330 visa
3407 5287 3489 5331 est
3531 5281 3798 5349 gentibus,
3839 5281 4026 5335 Domi-

2437 5382 2568 5424 num
2596 5364 2870 5436 cruciﬁgi;
2899 5373 2956 5420 et
2981 5363 3201 5430 ludatis,
3237 5366 3332 5422 Dei
3365 5367 3558 5424 Filium
3593 5370 3752 5435 mori,
3793 5370 4024 5424 scanda-

2434 5457 2545 5511 lum
2574 5454 2694 5510 i'uit.
2723 5455 2832 5510 Par
2875 5455 3012 5511 forte
3045 5458 3217 5512 videri
3247 5461 3521 5531 potuisset
3548 5469 3604 5515 et
3650 5462 3897 5532 impietas
3927 5469 4023 5516 tua

2436 5562 2559 5601 cum
2602 5543 2822 5609 Judreis,
2870 5546 2974 5601 nisi
3021 5547 3166 5618 quod
3213 5548 3268 5602 in
3316 5550 3418 5604 hoc
3465 5549 3635 5618 majus
3684 5560 3767 5607 est
3809 5552 4021 5607 crimen

2437 5649 2609 5704 tuum,
2653 5639 2795 5708 quod
2842 5639 2915 5694 illi
2946 5655 3070 5698 eum
3108 5641 3388 5710 negabant
3429 5642 3594 5695 Deum
3641 5658 3782 5708 esse,
3829 5643 3884 5697 in
3910 5658 4023 5710 quo

2437 5733 2612 5789 adhuc
2637 5733 2818 5803 passio
2843 5733 3162 5790 ostendebat
3190 5734 3462 5790 hominem
3501 5753 3511 5788 :
3547 5743 3599 5790 tu
3629 5750 3752 5790 eum
3783 5735 4020 5803 deneges
