4346 6690
121 526 222 585 ίῧθ

834 522 1253 582 οοοειετιελ.
1288 551 1355 561 -
1403 517 1564 573 ΑΜ.
1606 510 1905 572 raucam
1946 507 2123 565 1.th
2168 505 2277 563 vn.
2318 537 2380 546 -
2425 484 2553 560 LIB.
2599 503 2685 559 ιιι.

3290 495 3394 553 170

120 639 309 705 Deum,
357 652 519 708 quem
561 637 671 706 jam
711 637 1038 693 resurrectio
1081 634 1333 706 probavit
1387 631 1578 687 Deum.
1625 628 1706 682 Ac
1734 632 1782 691 Α
1811 623 2085 687 nobilitas,
2129 630 2359 680 veritas,
2406 628 2463 675 et
2489 618 2742 690 dignitas,
2780 632 2886 672 non
2918 613 3222 685 adoptionis
3248 629 3399 670 coni-

119 747 215 801 ρει-
258 705 470 787 hoc—im
509 705 635 785 eum
672 730 1135 801 persequebantur
1178 728 1232 780 in
1276 732 1447 790 terra,
1492 733 1546 778 tu
1583 736 1707 777 eum
1809 713 1995 768 munio
2022 724 2147 767 cum
2176 710 2410 774 ceteris,
2440 708 2526 763 vel
2569 706 2985 776 nuncupationis
3031 705 3399 773 l‘ragiiitasin-

118 795 463 894 pcrsequeris
487 829 545 876 et
569 822 624 877 in
645 795 803 886 cnalo,
832 795 1021 874 uolens
1044 819 1193 873 illum
1218 817 1388 872 Deum
1413 815 1709 887 prasdicare
1811 815 1897 860 ter
1911 809 2141 859 caeteros
2168 820 2181 857 :
2215 802 2343 871 quia
2371 799 2577 894 nullum
2605 798 2915 894 ﬁgtttentuiii
2950 795 3320 894 appellationis
3348 795 3400 894 in

120 924 437 986 regnantem
461 915 518 970 in
545 914 705 977 ccelo,
731 913 886 983 cujus
918 910 1221 966 ministerio
1250 908 1491 979 iungeris
1526 908 1581 961 in
1609 904 1710 960 Ec-

116 1006 307 1063 clesia.

189 1096 281 1151 XI.
311 1095 444 1152 Post
468 1097 662 1151 horum
700 1096 888 1165 itaque
915 1094 1381 1149 enumerationem
1408 1091 1713 1155 nominum,

117 1188 318 1257 quibus
338 1188 615 1243 Christum
651 1187 842 1242 niteris
880 1186 1207 1241 conﬁrmare
1235 1185 1545 1254 adoptivum
1570 1197 1712 1246 esse,

1810 896 2050 960 Christo,
2080 895 2175 964 qui
2204 902 2290 949 est
2316 888 2536 957 veritas,
2587 901 2643 945 et
2671 890 2724 944 iu
2764 905 2869 959 quo
2902 889 3078 943 omnis
3115 897 3200 943 est
3234 886 3404 955 pleni-

1812 989 1942 1044 tudo
1967 987 2285 1050 divinitatis,
2314 984 2432 1040 ﬁeri
2452 983 2657 1055 potuit,
2688 979 2947 1051 Apostolo
2970 986 3283 1041 attestante,
3312 976 3402 1046 qui

1814 1082 1893 1137 ait
1919 1100 1932 1136 :
1959 1082 2056 1136 Dei
2089 1081 2226 1136 enim
2258 1077 2433 1133 Filius
2476 1079 2632 1133 Iesus
2662 1075 2905 1131 Christus
2943 1075 3031 1145 qui
3063 1074 3119 1126 in
3143 1070 3284 1127 vobis
3311 1087 3405 1141 per

1816 1191 1909 1228 nos
1949 1171 2268 1245 prwdicutus
2287 1181 2382 1235 est,
2411 1186 2506 1241 per
2528 1185 2607 1223 me
2752 1183 2857 1220 non
2888 1166 2989 1235 fuit
3016 1163 3140 1236 Est]
3165 1174 3212 1218 et
3254 1163 3401 1225 Non,

116 1253 277 1333 addis
320 1287 377 1333 et
408 1280 511 1333 hoc
544 1297 557 1332 :
592 1296 611 1329 ι
649 1277 906 1347 Quisquis
953 1253 1403 1345 untunquodlibct
1446 1276 1715 1346 denegare
1814 1264 1906 1318 θεά
1933 1263 2028 1317 Εεῑ
2054 1265 2114 1316 in
2150 1259 2242 1315 ίίλο
2270 1262 2389 1331 fuit
2418 1260 2693 1331 Quotquot
2731 1258 2869 1312 ιήίτη
2896 1256 3268 1328 Ρνοικῖδδίοπεε
3304 1253 3407 1310 Dei

117 1368 445 1432 decreverit,
496 1369 623 1440 quia
663 1385 838 1423 unum
877 1368 1084 1437 absque
1131 1367 1236 1421 alio
1287 1374 1436 1421 stare
1481 1366 1712 1436 nequit:

117 1460 249 1529 quin
303 1461 506 1531 potius,
561 1461 875 1530 quicunque
923 1459 1012 1514 ille
1061 1468 1167 1525 est,
1216 1459 1441 1513 rationis
1486 1457 1718 1513 veritate

114 1552 425 1617 convictus,
456 1552 588 1607 velit
624 1552 781 1615 nolit,
808 1560 1107 1624 negaturus
1129 1560 1214 1606 est
1241 1565 1365 1605 eum
1396 1564 1585 1605 verum
1620 1548 1717 1604 ho-

116 1643 346 1699 minem.
379 1663 397 1696 ι
443 1642 554 1698 Nos
581 1659 712 1698 vero
736 1656 926 1697 verum
963 1642 1240 1697 hominem
1269 1656 1389 1697 esse
1416 1639 1714 1705 Christum,

116 1742 172 1789 et
199 1749 392 1789 veram
416 1750 637 1789 carnem
675 1733 743 1789 de
782 1733 993 1804 virgine
1028 1732 1412 1803 assumpsisse,
1451 1731 1719 1787 veraciter

115 1837 173 1883 et
225 1825 551 1883 ﬁducialiter
587 1826 931 1881 conﬁtemur.
976 1822 1086 1880 Sed
1126 1832 1181 1879 et
1224 1825 1349 1889 hoc,
1397 1822 1543 1895 quod
1593 1821 1713 1878 ais:

122 1936 141 1968 ι
180 1916 286 1984 Qui
317 1933 484 1972 unum
514 1918 706 1972 horum
732 1918 1000 1988 denegare
1027 1915 1326 1982 contendit,
1356 1914 1503 1987 quod
1523 1923 1719 1969 extera

1817 1368 1959 1424 sunt,
1983 1357 2038 1410 in
2061 1355 2153 1410 illo
2184 1353 2279 1409 Est
2299 1351 2385 1425 (11
2409 1350 2534 1407 Cor.
2559 1368 2598 1417 ι,
2634 1351 2722 1416 i9,
2746 1350 2862 1422 20).

1886 1468 2057 1541 818
2082 1467 2221 1522 XIV.
2256 1464 2385 1521 Haec
2415 1472 2500 1519 est
2524 1477 2759 1533 namque
2788 1477 2997 1516 summa
3028 1461 3408 1533 disputationis

1820 1568 2049 1624 nostra};
2094 1572 2221 1612 nam
2252 1572 2352 1627 ego
2382 1556 2522 1619 dico,
2554 1565 2609 1610 et
2640 1569 2746 1609 non
2774 1552 2919 1608 solus
2947 1567 3067 1624 ego,
3096 1554 3191 1620 sed
3214 1562 3270 1608 et
3297 1562 3408 1609 tota

1819 1652 2150 1708 unanimitas
2174 1650 2457 1706 catholicae
2494 1648 2751 1703 Ecclesiae
2781 1649 2871 1718 pia
2901 1648 3219 1703 credulitate
3246 1656 3412 1704 testa-

1821 1754 1931 1811 tur,
1954 1742 2127 1799 Deum
2156 1756 2278 1799 esse
2314 1739 2591 1798 Christum
2617 1747 2673 1795 et
2698 1739 2895 1795 Filium
2926 1740 3020 1795 Dei
3047 1755 3253 1805 verum,
3302 1741 3411 1797 imo

1818 1853 2010 1893 verum
2033 1835 2226 1900 Deum,
2256 1836 2350 1908 qui
2371 1844 2532 1890 natus
2551 1843 2635 1890 est
2662 1833 2729 1889 de
2758 1833 2962 1903 Spiritu
3003 1843 3189 1890 sancto
3218 1842 3273 1889 et
3300 1833 3414 1888 Ma-

1824 1932 1904 1987 ria
1928 1930 2139 2000 virgine
2172 1944 2188 1983 :
2216 1938 2277 1984 tu
2304 1927 2442 1984 dicis
2470 1927 2723 1983 eumdem
2752 1942 2871 1982 esse
2901 1926 3212 1997 adoptivum
3242 1926 3412 1982 ﬁlium

115 2019 270 2064 stare
297 2024 405 2064 non
452 2010 685 2078 possint;
726 2028 745 2060 ε
783 2008 1088 2064 nullatenus
1113 2022 1301 2062 verum
1330 2015 1415 2063 est
1445 2023 1457 2057 :
1487 2005 1715 2070 scilicet,
1753 1983 1795 2042 Β
1822 2029 1879 2076 ει
1901 1983 2328 2089 ηυηξυρειιίνυιη
2353 2018 2545 2074 Deum,
2575 2016 2689 2073 Hoc
2713 2032 2843 2088 ergo
2887 2033 2916 2071 ε
2956 1983 3022 2071 ιε’
3054 2019 3242 2072 audire
3272 2018 3416 2073 άεεί-

114 2101 269 2173 quod
300 2111 521 2173 propter
548 2102 976 2171 assumptionem
1007 2101 1316 2158 necessario
1344 2102 1416 2157 sit
1435 2101 1719 2170 adoptivus

115 2195 218 2250 Dei
249 2194 432 2251 Patris
447 2194 616 2251 Filius
659 2196 821 2251 homo
847 2196 913 2251 de
937 2195 1145 2267 virgine
1168 2203 1348 2260 natus,
1390 2195 1537 2249 sicut
1563 2208 1721 2264 supc-

114 2289 241 2344 rius
269 2287 641 2358 probavimus.
688 2287 757 2342 Et
801 2288 845 2344 si
888 2289 993 2343 hoc
1018 2303 1183 2343 unum
1222 2302 1346 2342 esse
1389 2302 1496 2341 non
1518 2295 1718 2355 potest,

112 2381 348 2438 omnino
404 2381 699 2437 secundum
745 2390 895 2436 tuam
942 2381 1266 2436 sententiam
1312 2389 1369 2435 et
1399 2378 1503 2435 alia
1536 2379 1720 2435 omnia

114 2475 430 2546 abjicrenda
451 2482 599 2539 sunt,
629 2474 755 2544 quia
795 2476 900 2529 hoc
917 2489 1086 2530 unum
1106 2474 1225 2528 sine
1249 2473 1413 2528 dubio
1441 2479 1587 2527 stare
1612 2487 1721 2525 non

112 2577 325 2639 potest,
356 2566 497 2637 quod
544 2575 767 2636 propter
790 2566 1216 2635 assumptionem
1248 2564 1430 2620 carnis
1455 2563 1529 2618 sit
1558 2562 1723 2631 adop-

116 2664 270 2717 tivus
296 2658 549 2714 Christus
579 2658 673 2713 Dei
698 2658 877 2714 Patris
906 2657 1094 2713 Filius.

192 2754 314 2811 ΧΠ.
348 2755 495 2811 Dicis
526 2772 538 2809 :
581 2773 599 2805 σ
632 2754 785 2821 Quod
812 2767 1005 2811 nomen
1030 2751 1332 2823 adoptionis
1359 2751 1546 2806 electa:
1570 2764 1725 2806 crea-

116 2856 264 2903 tura:
285 2846 383 2913 sit,
412 2856 468 2901 et
495 2861 602 2901 non
627 2847 893 2918 πέρι-οδω.
927 2865 946 2897 ι
977 2845 1047 2901 Et
1072 2847 1179 2901 hoc
1202 2860 1366 2916 quam
1396 2859 1589 2900 verum
1629 2842 1721 2906 sit,

113 2940 309 2996 sciens
344 2940 574 3011 quisque
601 2938 871 3010 intelligit,
898 2947 1125 3009 possunt
1153 2938 1296 2994 enim
1319 2945 1375 2994 et
1392 2936 1518 2991 mali
1560 2934 1726 3005 adop-

115 3038 270 3092 tivos
297 3036 499 3091 habere
525 3034 687 3099 ﬁlios,
709 3034 852 3089 sicut
874 3042 928 3089 ει
952 3031 1076 3088 boni
1111 3051 1124 3086 :
1157 3033 1331 3089 ethoc
1356 3045 1554 3086 nomen
1575 3043 1725 3085 com-

118 3144 293 3184 mune
323 3137 409 3183 est
436 3126 594 3183 bonis
621 3135 678 3180 et
705 3126 885 3191 malis,
912 3126 1041 3197 quia
1066 3126 1120 3180 in
1151 3125 1399 3196 utrisque
1429 3122 1720 3179 invenitur.

116 3218 266 3274 Nam
297 3219 393 3289 qui
422 3217 549 3289 legit
578 3218 833 3274 historias
859 3218 1169 3281 saeculares,
1199 3216 1436 3273 inveniet
1462 3224 1519 3272 et
1547 3215 1601 3271 in
1628 3230 1727 3286 pa-

1820 2116 1972 2177 dero,
2006 2112 2049 2167 si
2079 2112 2229 2167 illum
2258 2112 2351 2181 qui
2380 2109 2675 2165 cruciﬁxus
2718 2117 2821 2174 est,
2854 2118 2909 2163 et
2943 2117 3191 2166 mortuus
3216 2119 3321 2175 est,
3362 2119 3420 2165 et

1822 2209 1909 2262 die
1939 2207 2100 2262 tertio
2142 2204 2463 2269 resurrexit,
2511 2202 2679 2258 Deum
2714 2204 2942 2259 adorare
2970 2202 3158 2258 volunt
3184 2203 3202 2275 [
3228 2200 3415 2269 Forte,

1823 2295 2043 2352 adorari
2074 2293 2301 2367 velis]?
2336 2292 2394 2349 Si
2432 2294 2770 2352 adorandum
2815 2308 2939 2350 eum
2971 2310 3092 2350 esse
3122 2295 3274 2355 dicis.
3308 2296 3417 2351 uti-

1821 2402 1929 2457 que
1974 2395 2373 2460 consequenter
2402 2388 2571 2445 Deum
2618 2402 2760 2452 esse,
2804 2402 2965 2458 quem
2997 2388 3324 2451 adoraveris,
3360 2396 3422 2442 ut

1825 2480 2049 2535 fatearis
2069 2494 2296 2536 necesse
2317 2488 2423 2545 est,
2459 2494 2530 2535 ne
2562 2488 2615 2534 te
2644 2481 3015 2535 testimonium
3045 2480 3175 2535 illud
3200 2480 3422 2535 damnet

1824 2572 2088 2636 divinum,
2136 2585 2244 2641 quo
2281 2570 2531 2627 diabolus
2578 2571 2800 2628 territus
2838 2573 3066 2627 recessit
3107 2587 3136 2625 a
3181 2570 3416 2636 Christo,

1825 2665 2049 2721 audiens
2077 2664 2146 2719 ab
2187 2680 2253 2720 eo
2285 2682 2297 2717 :
2336 2663 2477 2719 Vade
2512 2675 2673 2729 retro,
2707 2663 2977 2728 Satanas;
3009 2664 3259 2735 scriptum
3298 2674 3372 2717 est
3402 2679 3423 2716 :

1826 2756 2111 2812 Dominum
2147 2755 2319 2811 Deum
2371 2763 2519 2810 tuum
2564 2755 2831 2819 adorabis,
2878 2765 2927 2811 et
2960 2756 3043 2809 illi
3080 2755 3179 2809 soli
3232 2755 3424 2809 servies

1827 2848 1847 2920 (
1877 2846 2047 2902 Marc.
2097 2862 2215 2910 vut,
2246 2843 2379 2916 53).
2413 2845 2472 2900 Si
2501 2855 2684 2900 autem
2722 2860 2831 2900 non
2878 2846 3218 2901 adorandum
3253 2845 3424 2902 Deum

1828 2943 2083 3007 aestimes,
2112 2941 2213 3012 qui
2233 2941 2530 2997 cruciﬁxus
2556 2947 2669 3006 est,
2698 2956 2830 3011 ergo
2862 2940 3141 3012 culpanda:
3168 2948 3298 2995 sunt
3325 2956 3426 2993 an-

1827 3033 2012 3106 gelicae
2052 3042 2371 3104 potestates,
2399 3033 2492 3102 qui
2537 3032 2787 3087 eumdem
2838 3032 2893 3087 in
2944 3033 3140 3087 throno
3185 3038 3425 3102 paterna:

1830 3126 2131 3197 maiestatis
2177 3126 2453 3202 sedentem
2514 3125 2742 3179 adorare
2798 3122 3117 3193 probantur,
3166 3121 3425 3191 Apostolo

1829 3227 2146 3283 attestante,
2177 3218 2269 3288 qui
2297 3217 2373 3271 ait
2404 3231 2419 3269 :
2451 3214 2584 3270 Cum
2624 3216 2910 3269 introdurit
2936 3214 3337 3285 primogenitum
3366 3213 3422 3268 in

119 3313 286 3392 ganis
326 3312 466 3367 hanc
494 3312 940 3368 consuetudinem
984 3311 1290 3380 adoptionis
1310 3326 1471 3366 esse:
1508 3326 1607 3367 nec
1630 3326 1725 3365 ne-
1754 3350 1802 3414 Ο
1830 3314 2006 3368 orbem
2044 3322 2221 3376 terrae,
2269 3310 2398 3364 dicit
2441 3325 2458 3361 :
2500 3309 2567 3363 Et
2612 3308 2834 3363 adorent
2872 3324 2992 3361 eum
3040 3324 3216 3361 omnes
3256 3306 3429 3377 angeli

119 3418 285 3460 cessa
318 3411 404 3460 est
437 3418 653 3473 semper
682 3404 882 3474 ubique
917 3417 1036 3458 esse
1085 3402 1448 3472 adoptionem,
1484 3401 1574 3457 ubi
1603 3418 1727 3472 gra-

123 3497 205 3553 tia
251 3504 355 3551 est.
388 3494 597 3550 Dicitur
646 3496 695 3549 in
738 3502 1028 3565 Conspectu
1075 3494 1315 3549 custodis
1358 3494 1599 3549 carceris
1636 3490 1728 3550 Jo-

123 3586 270 3659 seph
300 3587 573 3643 invenisse
602 3585 831 3658 gratiam
882 3584 1058 3657 (Gen.
1094 3601 1287 3650 xxxu,
1314 3583 1379 3642 21
1409 3586 1429 3657 )
1458 3604 1470 3637 :
1508 3600 1613 3640 non
1648 3594 1729 3640 ta-

124 3694 259 3734 men
284 3677 689 3750 intelligendum
714 3684 797 3731 est
824 3692 948 3731 eum
972 3675 1075 3731 sibi
1102 3676 1388 3746 adoptasse
1416 3676 1469 3730 iu
1496 3675 1724 3740 Filium;

124 3770 233 3825 sed
276 3777 333 3823 et
363 3769 419 3824 in
448 3768 634 3824 multis
660 3767 795 3823 locis
827 3768 986 3822 aliter
1025 3766 1266 3821 inveniet
1290 3767 1522 3836 gratiam
1551 3768 1727 3822 nomi-

125 3862 279 3928 nari,
320 3876 422 3917 nec
448 3877 665 3934 semper
691 3862 759 3917 ad
787 3860 1135 3931 adoptionem
1165 3861 1550 3932 pertinentem,
1591 3862 1733 3918 sicut

125 3965 191 4012 et
218 3955 545 4013 electionem
568 3964 625 4009 et
655 3951 1101 4026 assumptionem,
1137 3961 1195 4008 et
1236 3961 1437 4008 caetera
1489 3953 1732 4017 nomina,

127 4061 263 4119 qua:
288 4046 627 4103 contentiose
667 4044 1028 4115 congregasti,
1075 4052 1133 4098 ut
1159 4041 1461 4098 aﬂirmares
1490 4058 1735 4101 necessa-

133 4138 223 4193 rio
262 4146 485 4208 prepter
513 4136 630 4191 haec
672 4136 889 4190 nomina
917 4133 1199 4189 Christum
1232 4149 1355 4190 esse
1386 4134 1732 4206 adoptivum;

129 4227 288 4300 quod
304 4227 527 4283 omnino
553 4240 742 4281 verum
770 4242 877 4280 non
896 4240 1019 4280 esse
1039 4225 1310 4297 intelligit,
1334 4227 1426 4297 qui
1454 4225 1739 4298 diligenter

130 4334 353 4385 sacras,
380 4319 493 4375 sive
523 4315 814 4374 saeculares
839 4315 971 4388 legit
997 4315 1224 4373 litteras.

214 4410 353 4468 Xlll.
402 4409 547 4465 Dicis
586 4419 641 4464 et
680 4422 809 4464 vere
838 4407 974 4463 dicis
1005 4423 1020 4462 :
1056 4426 1074 4459 ι
1103 4407 1354 4466 Christus
1387 4409 1590 4466 veritas
1632 4418 1737 4475 est,

128 4502 351 4574 justitia
379 4511 484 4566 εει,
514 4501 744 4571 ιειιιιιιειε
773 4507 878 4564 εει,
901 4500 1075 4569 pietas
1097 4508 1204 4566 est,
1230 4501 1604 4557 misericordia
1632 4511 1739 4567 est;

135 4610 253 4652 non
284 4593 400 4650 vult
426 4594 492 4649 de
520 4609 579 4649 se
608 4594 837 4649 credere
860 4594 942 4647 vel
971 4593 1291 4663 praedicare,
1314 4608 1477 4664 quam
1503 4593 1577 4660 id,
1598 4595 1745 4664 quod

1832 3403 1932 3458 Dei
1978 3401 2184 3475 (Hebr.
2241 3416 2280 3466 ι,
2329 3398 2429 3472 6).
2464 3398 2579 3455 Hoc
2608 3413 2739 3454 vero
2787 3398 2855 3453 de
2904 3405 3157 3468 suscepto
3212 3398 3432 3455 homine

1831 3496 2035 3553 dictum
2066 3509 2205 3560 esse,
2235 3491 2475 3549 Joannes
2503 3499 2771 3547 tractator
2793 3489 3037 3559 ejusdem
3071 3491 3312 3562 epistola:
3348 3489 3433 3544 ai-

1832 3592 2016 3646 tirmat
2060 3590 2114 3645 in
2159 3588 2427 3653 homiliis,
2463 3603 2603 3659 quas
2631 3588 2684 3642 in
2707 3587 2956 3641 eamdem
2999 3585 3308 3655 epistolam,
3338 3585 3432 3640 ubi

1832 3682 1949 3736 hinc
1978 3679 2180 3751 legitur
2206 3678 2498 3743 sententia,
2543 3678 2847 3748 composuit
2875 3689 2923 3730 α.
2961 3696 2980 3727 ‹
3018 3676 3242 3743 Quoties
3262 3675 3431 3740 enim,

1835 3773 2032 3844 inquit,
2062 3786 2260 3843 magna
2303 3771 2548 3840 quaedam
2580 3778 2633 3824 et
2660 3768 2854 3824 altiora
2897 3768 3140 3823 dicturus
3165 3776 3267 3830 est,
3295 3783 3424 3837 pra:-

1834 3866 1999 3920 struit
2028 3864 2119 3919 illa
2160 3865 2422 3935 primum,
2460 3858 2673 3916 etfacit
2717 3860 2805 3915 illa
2842 3857 3231 3929 susceptibilia.
3263 3858 3438 3929 Supe-

1836 3959 1950 4014 rius
1975 3958 2120 4014 enim
2143 3957 2362 4013 dixerat
2399 3954 2527 4024 quia
2572 3969 2677 4008 non
2711 3968 2810 4023 per
2846 3953 3141 4022 prophetas
3169 3951 3326 4007 nobis
3355 3950 3437 4005 lo-

1836 4059 1996 4107 cutus
2019 4059 2127 4117 est,
2161 4048 2257 4104 sed
2281 4063 2381 4119 per
2400 4046 2572 4111 illum,
2603 4043 2724 4117 [et]
2766 4044 2895 4114 quia
2928 4043 3098 4098 Filius
3135 4042 3327 4098 melior
3355 4051 3442 4098 est

1841 4141 2070 4212 angelis,
2098 4140 2245 4210 quod
2268 4155 2336 4193 ex
2369 4138 2486 4209 ipso
2514 4140 2927 4208 drguinentatus
2952 4142 3037 4189 est
3061 4136 3279 4189 nomine
3304 4150 3318 4187 :
3352 4132 3442 4187 hic

1842 4241 2020 4287 autem
2056 4231 2172 4301 jam
2203 4244 2268 4283 ex
2297 4226 2401 4282 alia
2431 4243 2490 4282 re
2518 4225 2633 4281 vult
2665 4231 2984 4297 argumenta
3022 4224 3309 4279 deducere.
3360 4221 3442 4278 Ex

1841 4338 1947 4393 qua
1979 4323 2116 4378 ista?
2153 4319 2233 4377 Ex
2276 4320 2593 4375 adcretione
2619 4318 2889 4374 videlicet.
2932 4315 3067 4371 Nam
3115 4325 3267 4371 tanto
3310 4330 3442 4373 eum

1842 4416 2125 4474 meliorem
2152 4414 2513 4479 demonstrat,
2545 4419 2751 4482 quanto
2780 4408 3068 4467 Dominum
3111 4410 3286 4467 servis
3306 4425 3442 4466 con-

1844 4519 1954 4565 stat
1992 4520 2115 4563 esse
2151 4504 2453 4561 meliorem.
2484 4502 2766 4571 Quomodo
2800 4503 2847 4558 si
2886 4502 3008 4573 quis
3052 4501 3108 4557 in
3151 4502 3445 4574 quamdam

1846 4600 2066 4655 domum
2107 4596 2415 4655 introducat
2440 4593 2702 4665 aliquem,
2734 4602 2789 4649 et
2822 4590 3113 4648 confestim
3156 4607 3347 4648 omnes
3382 4591 3441 4646 il-

136 4698 249 4747 cst.
283 4707 303 4740 ι
332 4684 391 4743 Si
420 4686 622 4740 veritas
661 4698 742 4740 est
766 4683 1038 4748 Christus,
1069 4685 1274 4741 nullam
1303 4685 1490 4755 utique
1515 4683 1743 4757 ﬁgmen-
1776 4711 1826 4771 ι)
1849 4691 1957 4747 lius
2001 4690 2193 4746 domus
2235 4688 2512 4761 principes
2557 4682 2809 4755 [Chrgs.,
2854 4679 3150 4758 princeps]
3168 4682 3359 4753 jubeat
3386 4692 3445 4737 ut

141 4794 263 4838 tum
290 4788 376 4836 est
401 4778 454 4834 in
480 4794 577 4844 eo;
616 4788 673 4835 et
694 4779 738 4833 si
769 4778 974 4833 nullum
996 4779 1313 4848 ﬁgmentum
1334 4778 1498 4833 estin
1519 4792 1609 4844 eo,
1641 4778 1745 4833 uti-

141 4866 256 4943 que
278 4885 443 4926 verus
482 4878 567 4926 est
602 4869 766 4932 ﬁlius,
814 4876 872 4923 et
911 4869 1196 4937 adoptivus
1240 4869 1346 4923 dici
1385 4884 1495 4924 non
1522 4876 1740 4940 potest:

143 4967 279 5038 quia
306 4964 558 5019 videlicet
587 4962 806 5032 adoptio
830 4964 1075 5033 quaedam
1110 4971 1197 5017 est
1220 4962 1513 5027 voluntatis
1536 4963 1744 5033 signiﬁ-

145 5057 320 5121 catio,
350 5070 455 5109 non
498 5053 797 5109 nativitatis
837 5053 1063 5108 veritas.
1105 5052 1233 5107 Vult
1270 5053 1415 5107 enim
1454 5053 1657 5109 habere
1692 5054 1748 5109 in

150 5151 395 5215 nomine,
440 5148 534 5220 qui
564 5150 789 5216 adoptat
835 5146 939 5202 sibi
975 5146 1143 5200 ﬁlium
1172 5161 1236 5200 ex
1277 5145 1521 5217 quolibet
1548 5146 1747 5213 alieno,

152 5244 307 5299 illum
336 5256 497 5311 quem
544 5255 653 5295 non
699 5238 864 5293 habet
904 5238 1182 5308 proprium
1220 5237 1272 5292 in
1320 5250 1534 5293 natura.
1587 5237 1751 5294 Juxta

152 5323 502 5390 Psalmistam
531 5346 684 5393 vero,
736 5329 927 5384 veritas
958 5328 1023 5384 de
1066 5340 1209 5383 terra
1262 5338 1381 5383 arta
1425 5341 1500 5385 est
1550 5328 1747 5400 (Ρεαι.

157 5440 384 5489 ιιιιλιν,
436 5424 564 5496 12):
600 5437 761 5479 verus
800 5422 987 5491 utique
1029 5421 1200 5475 Filius
1233 5420 1349 5485 Dei,
1391 5423 1484 5493 qui
1507 5423 1573 5477 de
1603 5430 1750 5476 terra

156 5527 362 5574 nostra:
403 5525 633 5580 natum,
665 5514 719 5568 id
745 5520 851 5579 est,
883 5514 950 5569 de
978 5512 1230 5584 virginali
1275 5529 1444 5570 carne
1464 5522 1618 5570 ortus
1646 5524 1748 5579 εει,

158 5624 216 5669 ει
235 5620 397 5667 natus
445 5625 607 5665 verus
648 5608 811 5669 Deus,
860 5615 916 5662 et
964 5622 1125 5662 verus
1176 5607 1359 5662 homo.
1420 5605 1533 5662 Hoc
1588 5606 1752 5678 igitur

160 5701 309 5775 quod
336 5710 439 5763 est,
472 5699 524 5754 id
558 5707 661 5764 est,
685 5697 889 5752 veritas
919 5694 985 5752 de
1012 5711 1079 5753 eo
1107 5696 1400 5751 credimus.
1431 5695 1623 5751 Decuit
1651 5697 1749 5752 ita-

162 5811 273 5870 que
295 5804 351 5851 et
373 5808 502 5849 vere
529 5792 747 5856 decuit,
773 5799 835 5845 ut
858 5791 912 5845 in
937 5790 1034 5848 Dei
1065 5790 1202 5845 Filio
1235 5790 1585 5863 proprietatis
1611 5800 1757 5848 esset

238 5923 267 5954 ι
298 5909 358 5964 S.
395 5907 554 5962 Joan.
593 5905 1095 5977 Chrysost.,_hom.
1125 5904 1256 5977 γὸᾼίιι
1284 5902 1456 5977 Epist.
1492 5903 1561 5959 ad
1589 5901 1751 5959 Hebr.

168 6000 204 6039 ιι
270 5983 320 6047 ι,
348 5996 419 6039 επ
442 5974 889 6048 interpretatione
916 5974 1138 6033 Mutiani
1166 5974 1511 6033 Scholastici.

493 6071 768 6131 Ρηιιοι..
814 6067 915 6131 Cl.

1849 4797 2040 4839 omnes
2068 4779 2217 4836 illum
2263 4780 2419 4851 proni
2465 4779 2629 4835 simul
2677 4777 2947 4833 adorent:
2982 4775 3055 4832 ita
3084 4786 3141 4831 et
3166 4774 3445 4834 Christum

1851 4873 2147 4931 secundum
2189 4886 2412 4927 carnem
2450 4868 2617 4939 jussit
2651 4884 2684 4923 a
2727 4868 2941 4924 cunctis
2985 4867 3193 4937 angelis
3229 4865 3447 4923 adorari

1854 4967 2039 5023 dicens
2072 4984 2084 5019 :
2116 4963 2182 5019 Et
2217 4965 2439 5019 adorent
2477 4980 2596 5018 eum
2641 4978 2820 5017 omnes
2865 4960 3039 5033 angeli
3084 4959 3203 5014 Dei.
3242 4981 3261 5012 ι
3294 4959 3361 5014 Ει
3391 4960 3446 5015 in

1856 5060 2104 5130 sequenti
2168 5057 2395 5114 alterius
2452 5055 2687 5115 homilite
2741 5054 2862 5110 loco
2916 5053 3167 5109 eumdem
3220 5051 3448 5122 replicat

1856 5168 2076 5210 sensum
2102 5151 2290 5207 dicens
2319 5151 2345 5190 δ
2374 5167 2387 5202 :
2434 5168 2452 5201 ι
2486 5148 2695 5203 Revera
2738 5162 2992 5217 magnum
3021 5154 3074 5200 et
3106 5144 3354 5199 mirabile
3392 5154 3450 5199 et

1854 5252 2075 5315 stupore
2103 5242 2320 5313 plenum
2358 5248 2461 5305 est,
2493 5254 2713 5293 carnem
2738 5245 2980 5293 nostram
3010 5248 3227 5291 sursum
3261 5237 3451 5293 sedere

1854 5344 1909 5390 et
1934 5334 2153 5389 adorari
2183 5333 2251 5387 ah
2295 5330 2501 5403 angelis
2529 5337 2586 5385 et
2606 5327 2970 5398 archangelis,
2996 5336 3051 5383 et
3078 5327 3359 5383 cherubim
3397 5337 3453 5383 et

1854 5428 2150 5498 seraphim.
2194 5426 2308 5481 Hoc
2349 5424 2546 5496 schius
2575 5423 2631 5477 iu
2671 5432 2853 5478 mente
2895 5436 3122 5477 versans
3168 5436 3451 5476 excessum

1856 5522 2053 5590 patior,
2080 5528 2135 5572 et
2160 5518 2369 5587 majora
2399 5517 2465 5573 de
2491 5531 2686 5588 genere
2716 5517 2953 5572 humano
2980 5515 3250 5587 imaginor
3281 5534 3293 5570 :
3330 5532 3448 5570 ma-

1856 5611 1977 5681 jora
2002 5597 2200 5681 quippe
2219 5609 2378 5663 video
2396 5616 2452 5663 et
2478 5607 2625 5662 clara
2648 5606 2890 5671 exordia,
2920 5605 3146 5662 multum
3166 5604 3276 5660 Deo
3304 5604 3454 5662 festi-

1864 5704 2138 5759 nationem
2168 5699 2422 5773 [Chrg8.,
2449 5698 2679 5755 multum
2702 5697 2815 5756 Deo
2841 5697 3133 5756 festinante
3159 5695 3183 5770 j
3220 5711 3321 5769 pro
3360 5712 3461 5751 ua-

1863 5804 1986 5851 tura
2013 5800 2219 5849 nostra.
2260 5814 2279 5846 ι

1939 5904 2148 5971 bidem,
2173 5904 2321 5961 hom.
2346 5904 2405 5980 5,
2425 5919 2576 5959 num.
2602 5905 2656 5960 l.
