4136 6568
541 337 656 418 iri
1387 351 1448 404 n.
1489 307 1552 404 r.
1592 344 1821 401 suum
1861 340 1993 401 seu
2034 336 2312 397 aecum
2348 333 2640 394 OPERUM
2678 329 2860 386 mas
2898 329 2984 385 III.
3323 324 3340 346 κ
3714 321 3822 375 ατε

607 468 727 528 ιν.
765 469 923 525 Dis'ce
967 465 1130 538 igitur
1171 464 1239 517 ab
1275 460 1480 529 angelis
1530 458 1792 521 feliciter,
1843 453 2118 510 Christum
2151 457 2200 521 Α
2223 447 2569 508 confunditis,
2609 454 2672 500 ιιι
2707 444 2850 500 inter
2885 443 3055 498 Deum
3093 449 3150 496 et
3176 441 3474 506 hominem,
3517 441 3660 495 inter
3688 439 3826 538 Ver-

545 566 767 618 credere
791 535 1060 619 Deum,'ct
1080 554 1326 614 adorare,
1355 567 1421 604 ne
1445 564 1569 604 cum
1597 547 1813 604 diabolo
1840 543 2131 600 infeliciter
2231 542 2360 597 bum
2380 551 2438 596 et
2462 553 2706 604 carnem,
2729 539 2872 593 inter
2908 547 3214 636 creatorem
3240 545 3296 591 et
3325 545 3655 636 creat/uram,
3685 535 3828 636 inter

545 655 795 709 dubitare
837 649 1078 719 incipias,
1111 645 1193 698 vel
1215 685 1229 708 ,
1261 643 1402 713 quod
1429 640 1582 713 pejus
1621 650 1726 702 est,
1752 652 1876 696 eum
1908 649 2129 708 negare,
2234 631 2704 731 suseipientemhet
2736 635 3048 731 susceptum
3075 625 3274 731 nullam
3309 640 3430 679 esse
3469 625 3829 730 differentiam

547 749 602 802 in
633 761 738 814 quo
761 742 847 796 ille
884 739 1167 793 dubitabat
1197 754 1209 788 :
1243 734 1330 789 ille
1373 733 1550 788 dixit:
1584 733 1644 786 Si
1689 729 1865 783 Filius
1902 728 2000 782 Dei
2046 742 2132 790 es;
2235 723 2513 814 astruatis.
2557 742 2576 775 ι
2607 721 2760 814 Quod
2801 720 2938 776 dicis
2967 720 3210 789 geminas
3237 735 3336 814 nos
3366 728 3598 814 naturas
3634 720 3690 773 in
3716 720 3830 774 sin-

552 848 607 894 tu
637 809 813 890 dicis:
843 829 1012 884 Filius
1055 828 1153 882 Dei
1199 843 1302 880 non
1331 833 1405 878 est
1437 837 1454 874 :
1481 820 1626 893 quod
1668 821 1755 875 ille
1784 816 2139 888 interregavit
2237 813 2582 886 gularitatem
2637 813 3094 912 unius-personzc
3144 809 3504 912 confundere,
3555 825 3621 864 ex
3676 820 3832 880 parte

551 927 882 987 dubitanter,
913 931 969 976 tu
1017 932 1180 988 negas
1209 919 1492 971 instanter.
1534 913 1701 968 Nemo
1743 912 1921 966 adhuc
1946 909 2138 963 inven—
2238 905 2687 1005 quidem-verum
2710 903 2897 1005 .dici‘s';
2929 919 2996 957 ex
3024 910 3176 971 parte
3215 916 3346 1005 vero
3374 902 3533 956 solito
3561 914 3657 1005 tuo.
3681 915 3837 956 more

553 1031 643 1076 ius
669 1028 753 1074 εει
774 1024 971 1088 ρι-ςυιρι·
995 1011 1156 1080 huius
1181 1017 1343 1066 secta:
1371 1016 1643 1069 auctores,
1683 1004 1774 1072 qui
1805 1001 2141 1072 impietatem
2241 992 2379 1097 falso
2406 992 2772 1097 calumniaris.
2823 992 2933 1048 Nos
2958 1005 3195 1097 namque
3221 993 3359 1048 duas
3384 1001 3616 1097 natu—ras.
3644 994 3698 1048 in
3729 1010 3837 1050 una

549 1085 873 1168 diabolicam
901 1105 1108 1161 fuerint
1139 1099 1496 1173 supergressi,
1525 1097 1669 1167 quod
1710 1093 1796 1150 ille
1828 1095 1882 1148 in
1914 1090 2144 1147 Domino
2241 1085 2449 1190 Christi
2475 1098 2729 1190 persona,
2755 1101 2889 1190 ripa,
2917 1094 2977 1186 ιιι
2999 1094 3054 1138 ιιι
3085 1085 3250 1190 (ἥιτὶεῇ
3273 1101 3409 1188 cum.
3428 1086 3672 1190 Eutyche
3694 1102 3839 1190 con-

555 1209 839 1266 confessus
867 1213 952 1261 est
978 1218 1099 1258 esse
1145 1215 1328 1272 posse,
1373 1213 1471 1253 vos
1515 1210 1621 1250 ηοη
1648 1190 1868 1248 creditis
1893 1202 2016 1246 esse
2049 1201 2146 1260 po.
2243 1174 2416 1242 fusas,
2456 1176 2552 1231 sed
2595 1191 2718 1232 cum
2765 1175 3005 1231 Ecclesia
3051 1176 3321 1278 cathholica
3365 1177 3446 1232 sic
3493 1175 3841 1233 ineliabiliter

564 1257 845 1356 Iasii;
875 1257 929 1351 isi
969 1295 1059 1350 ille
1083 1257 1434 1348 validissimis
1458 1301 1630 1344 sacrae
1665 1283 1965 1353 Scriptura:
1990 1279 2146 1337 testi-

2275 1264 2566 1335 onjunctas
2623 1265 2898 1322 credimus
2952 1273 3009 1319 et
3056 1265 3380 1322 conﬁtemur
3404 1307 3420 1332 ,
3475 1277 3536 1321 ut
3587 1277 3844 1325 manente

563 1392 758 1450 moniis
793 1388 1038 1461 repulsus
1066 1383 1364 1440 discederet
1393 1395 1424 1434 ε
1452 1379 1689 1442 Christo,
1723 1382 1904 1431 tamen
1947 1371 2151 1430 mansit

2275 1359 2531 1428 utriusque
2562 1367 2770 1412 natura:
2797 1359 3150 1442 proprietate,
3193 1368 3250 1414 et
3277 1367 3338 1414 ut
3360 1359 3434 1414 ita
3459 1359 3660 1425 dicam,
3693 1361 3844 1416 salva

563 1449 715 1544 ineo
743 1449 1004 1550 usquead
1035 1478 1204 1546 ipsam
1234 1487 1454 1529 crucem
1483 1469 1661 1526 omnia
1688 1466 1926 1538 suspicio
1949 1464 2150 1519 divini-
2251 1449 2564 1556 igtesfilate
2593 1450 2895 1556 ambarum,
2926 1458 2982 1504 et
3005 1449 3186 1556 divina
3220 1451 3492 1556 humanis,
3525 1452 3846 1556 et-humana
3897 1467 3906 1478 ·

565 1541 845 1642 tatisejus
859 1587 871 1636 ;
905 1585 1004 1623 nec
1035 1541 1163 1621 tunc
1182 1564 1398 1633 quidem
1425 1560 1640 1632 opinari
1669 1573 1793 1613 eum
1821 1556 2018 1611 Filium
2054 1554 2151 1646 Boi

2275 1541 2448 1597 Iivinis
2482 1543 2882 1597 communicent
2910 1560 2922 1595 :
2952 1551 3202 1611 essetque
3236 1543 3287 1597 in
3313 1544 3416 1598 hac
3444 1552 3632 1598 sancta
3659 1554 3717 1600 et
3744 1545 3848 1602 mi-

567 1631 768 1725 desiit:
787 1631 1072 1730 postquam
1121 1631 1329 1710 tantum
1368 1654 1423 1708 in
1464 1631 1536 1707 eo
1572 1647 2023 1740 persecutoribus
2041 1644 2155 1700 suis
2257 1631 2820 1740 τεθρίῙξξίξηὶιξηοξξοξξθ
2855 1649 2963 1740 ﬁt":
2991 1634 3211 1740 dell-“is
3248 1636 3563 1740 εξξηνθτείον
3616 1636 3712 1692 θεά
3740 1637 3849 1740 διξο

572 1723 1028 1819 ιίρρνονοὸεηοιίι.
1057 1744 1406 1801 Sedeallidus
1432 1744 1618 1811 utique
1643 1739 1812 1794 hostis
1839 1739 1982 1792 inter
2010 1736 2155 1832 ipsas
2181 1809 2225 1832 η
2255 1723 2535 1832 ξηθιιξῑιξτίε
2576 1723 2838 1832 eia-“filio-
2855 1739 2870 1777 ἒ
2904 1725 3091 1832 iii-est:
3128 1742 3236 1832 non
3455 1742 3754 1783 conversus

571 1858 785 1913 quoque
814 1854 1104 1907 corporeas
1132 1836 1414 1905 passiones
1440 1830 1754 1888 omnimodo
1779 1829 2060 1925 pervenire
2082 1826 2149 1882 ad

2275 1815 2558 1880 iominem,
2586 1817 2681 1871 sed
2721 1817 2882 1872 homo
2919 1817 3254 1888 gloriﬁcatus
3284 1819 3336 1874 in
3383 1818 3594 1883 Deum;
3642 1835 3742 1875 nec
3765 1820 3851 1875 di-

568 1908 668 1987 Dei
699 1908 1048 2002 agnitionem,
1077 1928 1242 1982 etiam
1280 1926 1334 1978 in
1365 1925 1481 1994 ipso
1521 1920 1711 1976 mortis
1753 1918 2003 1983 articulo,
2034 1928 2155 1973 ten-

2275 1908 2378 1961 iina
2406 1916 2601 1963 natura
2624 1910 2898 1966 amisisset
2928 1926 3050 1968 esse
3087 1912 3231 1982 quod
3259 1921 3402 1978 erat,
3446 1913 3500 1967 id
3527 1924 3633 1977 est,
3678 1915 3851 1978 Deus,

572 2026 710 2079 tavit
740 1999 927 2078 dicens
967 2038 1063 2092 per
1113 2036 1229 2084 eos,
1277 2019 1367 2087 qui
1416 2015 1837 2071 cruciﬁxerant:
1874 2011 1935 2067 Si
1982 2011 2157 2066 Filius
2258 1999 2351 2092 εει]
2382 1999 2615 2056 humana
2646 2009 2838 2056 nam”
2880 2003 3143 2073 inciperet
3183 2019 3306 2058 953°
3349 2005 3497 2076 (Ιυοά
3532 2021 3638 2059 ηοη
3683 2016 3848 2060 οῖ’ῖηε

577 2116 673 2184 Ι)βὶ
714 2127 787 2170 est
813 2156 826 2178 ,
862 2113 1139 2169 descendat
1191 2127 1327 2164 nunc
1376 2109 1439 2162 de
1493 2123 1666 2171 cruce,
1715 2115 1762 2158 et
1816 2104 2076 2157 credimus
2111 2105 2160 2158 ei

2275 2091 2464 2160 sicque,
2499 2100 2559 2146 ut
2601 2107 2741 2163 srepe
2769 2094 3026 2160 diximus,
3071 2104 3128 2150 et
3169 2112 3382 2167 semper
3406 2097 3670 2163 dicemus,
3715 2115 3857 2156 unus

571 2208 790 2280 (Matth.
840 2222 1009 2269 xxvii,
1060 2204 1191 2274 id):
1225 2201 1449 2263 scilicet,
1501 2207 1562 2253 ut
1599 2206 1778 2252 motus
1821 2194 2164 2251 contumeliis

585 2301 867 2357 verborum
913 2297 1175 2351 Dominus
1213 2294 1490 2346 desereret
1534 2297 1932 2344 sacramentum
1972 2285 2165 2341 salutis

578 2395 852 2456 humanm,
891 2390 1018 2444 dum
1046 2387 1374 2441 irasceretur
1402 2383 1471 2436 ob
1497 2379 1772 2452 iniuriam.
1821 2377 1929 2432 Sed
1968 2391 2163 2447 magna

577 2483 675 2538 Dei
721 2477 1018 2536 Salvator-is
1038 2475 1210 2530 nostri
1231 2473 1495 2544 patientia
1524 2469 1783 2540 triumphi
1808 2467 2170 2539 dispensatio-

580 2590 703 2632 nem
739 2580 796 2626 et
832 2566 1217 2638 redemptionis
1255 2573 1454 2618 nostrae
1496 2561 1816 2632 mysterium
1865 2559 1934 2613 ad
1982 2574 2165 2614 resur-

584 2665 838 2723 rectionis
865 2662 1091 2733 gloriam
1122 2658 1452 2720 reservavit,
1485 2653 1678 2723 majori
1714 2652 1983 2722 siquidem
2005 2652 2169 2705 mira-

580 2761 701 2816 culo
765 2763 1011 2811 mortuus
1065 2754 1132 2807 de
1192 2749 1440 2821 sepulcro
1498 2744 1799 2802 resurrexit
1847 2743 1917 2798 ad
1964 2744 2166 2808 vitam,

580 2867 744 2929 quam
775 2850 929 2904 vivus
951 2843 1325 2901 descendisset
1343 2843 1409 2898 de
1435 2855 1618 2894 cruce.

650 2944 791 3000 XVI.
837 2938 1097 3009 Sequitur
1142 2948 1358 3005 quoque
1397 2933 1452 2987 in
1497 2927 1738 3000 Epistola
1772 2936 1907 2982 tua:
1949 2944 1968 2978 ι
2020 2924 2172 2981 Sicut

581 3054 665 3099 ea,
693 3033 892 3103 inquis,
929 3044 1048 3099 quin
1075 3027 1142 3082 de
1183 3025 1271 3080 illo
1311 3023 1492 3084 celsa,
1537 3019 1977 3090 atque‘gloriosa
2021 3024 2170 3081 sunt,

581 3129 852 3183 credimus
887 3131 940 3174 et
979 3119 1345 3175 collaudamus
1369 3157 1384 3179 ,
1439 3116 1515 3168 ita
1557 3111 1920 3168 humilitatem
1964 3108 2084 3180 ejus
2119 3115 2176 3162 et

2261 2181 2333 2235 sit
2355 2180 2604 2239 Christus
2628 2199 2693 2239 ex
2731 2185 2940 2242 duabus
2969 2187 3182 2242 naturis
3218 2188 3544 2244 mirabiliter
3584 2200 3638 2245 et
3667 2191 3858 2246 inclia-

2263 2272 2446 2328 biliter
2467 2274 2654 2342 unitis,
2685 2283 2830 2333 totus
2867 2293 3010 2334 unus
3033 2287 3091 2333 et
3120 2294 3282 2336 verus
3309 2281 3476 2336 Filius
3500 2282 3616 2337 Dei.
3648 2285 3725 2339 Ac
3759 2301 3858 2356 per

2264 2364 2366 2419 hoc
2395 2365 2449 2418 in
2471 2365 2680 2422 duabus
2702 2369 2912 2424 naturis
2927 2384 3070 2424 unus
3094 2386 3256 2427 verus
3283 2371 3426 2428 Deus
3452 2381 3509 2427 et
3548 2375 3858 2430 nominatur

2265 2463 2322 2510 et
2342 2469 2471 2510 vere
2498 2463 2582 2511 est
2605 2469 2621 2510 :
2649 2457 2776 2527 quia
2805 2459 3058 2515 videlicet
3078 2469 3136 2516 et
3175 2461 3318 2518 Deus
3345 2465 3692 2535 omnipotens
3722 2483 3860 2521 nun-

2266 2564 2430 2621 quam
2448 2549 2518 2606 de
2537 2564 2597 2606 se
2625 2551 2828 2623 aliquid
2850 2553 2967 2608 vult
2992 2555 3097 2610 diei
3137 2557 3280 2627 quod
3309 2574 3414 2613 non
3438 2559 3509 2614 sit
3537 2578 3550 2612 :
3580 2560 3684 2616 hoc
3710 2561 3863 2615 enim

2267 2655 2300 2694 a
2342 2639 2450 2696 ﬁde
2499 2641 2763 2698 catholica
2808 2644 3029 2701 omnino
3069 2646 3303 2704 alienum
3340 2659 3454 2715 est;
3497 2651 3590 2706 sed
3640 2652 3748 2717 ita,
3805 2659 3862 2705 ut

2267 2729 2529 2798 diximus,
2585 2731 2677 2788 Dei
2727 2731 2902 2789 Filius"
2940 2735 3212 2794 hominem
3259 2743 3571 2811 assumpsit,
3612 2751 3672 2797 ut
3722 2742 3862 2798 nihil

2273 2821 2542 2877 amisisset
2567 2824 2710 2892 quod
2740 2823 2960 2892 habuit,
3003 2835 3060 2882 et
3087 2844 3212 2884 eum
3257 2833 3599 2903 susceptione
3624 2834 3864 2889 hominis

2270 2909 2376 2967 fuit
2399 2927 2562 2968 verus
2611 2911 2780 2970 Filius
2819 2913 2936 2982 Dei,
2969 2917 3111 2973 sicut
3155 2935 3371 2991 semper
3414 2932 3527 2988 est;
3569 2939 3674 2979 nec
3696 2925 3866 2979 etiam

2274 3005 2542 3062 uiinorata
2566 3013 2650 3062 est
2676 3007 2931 3065 divinitas
2956 3020 3180 3082 prOpter
3201 3013 3498 3081 hominem,
3526 3031 3628 3075 nec
3653 3027 3866 3072 mutata
3957 2993 3967 2998 ἡ

2277 3097 2333 3150 in
2362 3095 2667 3164 hominem;
2704 3097 2847 3154 sicut
2883 3114 2985 3155 nec
3030 3102 3192 3158 homo
3219 3119 3251 3157 a
3281 3113 3475 3160 natura
3513 3105 3867 3164 humanitatis

1063 3254 1079 3277 ,
1137 3226 1258 3281 qua:
1313 3217 1535 3280 propter
1587 3221 1687 3260 nos
1749 3202 2175 3258 misericorditer
2197 3172 2246 3234 δ
2276 3189 2519 3286 recessit,
2552 3195 2612 3244 ut
2638 3204 2746 3246 non
2774 3201 2921 3246 esset
2941 3192 3121 3257 homo,
3159 3197 3252 3250 sed
3281 3205 3473 3252 natura
3510 3199 3867 3254 humanitatis

583 3313 860 3380 suscipere
887 3305 1078 3369 voluit,
1124 3303 1403 3372 despicere
1450 3298 1596 3353 nullo
1632 3295 1792 3351 modo
1835 3294 2113 3349 debemus.
2149 3313 2168 3346 ι

585 3402 730 3458 Dicis
760 3401 939 3468 itaque
975 3397 1153 3458 illum,
1182 3394 1274 3462 qni
1305 3407 1401 3446 nos
1438 3388 1676 3453 creavit,
1714 3401 1839 3441 cum
1878 3401 1986 3440 non
2026 3398 2176 3440 csse-

585 3511 731 3559 mns,
768 3492 884 3548 Iure
937 3488 1155 3556 indigna
1201 3483 1385 3540 omnia
1427 3481 1541 3551 pati
1591 3495 1692 3549 pro
1744 3477 1918 3534 nobis.
1961 3476 2176 3531 Scimus

586 3587 709 3661 quis
768 3584 858 3639 ille
911 3590 1028 3642 est,
1087 3577 1176 3648 qui
1240 3592 1338 3645 nos
1399 3574 1635 3637 creavit,
1692 3569 1946 3642 proprius
2004 3568 2175 3625 Filius

589 3677 703 3730 Dei.
739 3670 1018 3742 Quomodo
1047 3676 1223 3738 potest
1264 3663 1431 3735 819
1469 3672 1759 3740 utrumque
1800 3675 1918 3716 esse
1961 3675 2171 3725 verum,

590 3778 651 3823 ut
684 3767 772 3822 ille
798 3765 890 3834 qui
934 3760 1191 3824 condidit,
1232 3757 1347 3813 haec
1385 3755 1602 3827 indigna
1653 3767 1846 3825 passus
1892 3759 2037 3808 esset
2075 3767 2176 3822 pro

589 3859 766 3923 nobis,
810 3856 855 3911 si
884 3854 972 3910 ille
1000 3852 1091 3924 qui
1114 3849 1342 3916 creavit,
1391 3855 1473 3903 est
1499 3846 1751 3918 proprius
1781 3843 1947 3899 Filius
1971 3843 2091 3909 Dei,
2121 3853 2178 3899 et

591 3949 677 4004 ille
710 3947 798 4019 qui
836 3961 1028 4017 passus
1053 3949 1168 4007 est,
1216 3941 1497 4010 adoptivus
1538 3938 1644 3993 sit?
1682 3935 1996 3990 Nullatenus
2031 3935 2173 3988 divi-

590 4044 716 4097 dere
749 4039 984 4109 poteris,
1028 4038 1166 4091 sicut
1211 4036 1324 4104 ipsa
1367 4032 1751 4100 consequentia
1789 4028 2053 4084 sermoiiis
2095 4027 2173 4083 tui

593 4141 844 4194 testatur,
887 4135 1189 4183 creatorem
1226 4124 1295 4177 ab
1332 4140 1398 4176 eo
1442 4122 1532 4192 qui
1574 4121 1687 4175 h:cc
1724 4135 1915 4189 passus
1951 4126 2034 4174 est
2075 4132 2175 4188 pro

591 4220 764 4274 nobis.
797 4217 866 4271 At
889 4218 932 4270 si
974 4231 1110 4268 unus
1131 4221 1213 4267 est
1250 4213 1301 4266 in
1331 4226 1594 4281 persona,
1627 4225 1767 4264 unus
1800 4218 1883 4265 est
1914 4210 2078 4264 etiam
2120 4208 2172 4262 in

592 4311 924 4383 proprietate
965 4307 1058 4361 ﬁlii
1085 4325 1096 4360 :
1127 4306 1251 4375 quia
1281 4304 1487 4375 proprii
1529 4303 1622 4358 ﬁlii
1655 4313 1706 4357 et
1745 4302 2004 4372 adoptivi,
2036 4302 2177 4356 sicut

592 4420 733 4473 saepe
747 4404 829 4458 die
837 4411 947 4458 tum
961 4410 1065 4467 est,
1079 4401 1194 4456 dum
1207 4408 1330 4454 sunt
1343 4413 1605 4470 personm.
1622 4397 1765 4452 Deus
1777 4398 1940 4468 igitur
1951 4405 2004 4450 et
2017 4397 2178 4450 homo

592 4494 684 4560 qui
705 4501 1010 4562 assumptus
1030 4499 1134 4556 est,
1168 4506 1272 4544 una
1296 4505 1555 4561 persona;
1583 4497 1636 4543 et
1659 4504 1879 4543 necesse
1901 4497 1986 4542 est
2012 4503 2175 4542 unam

593 4601 713 4640 esse
752 4583 1139 4659 proprietatem
1174 4582 1229 4638 in
1277 4595 1380 4635 una
1427 4595 1676 4649 persona,
1705 4588 1766 4632 ut
1809 4587 1919 4633 tota
1944 4593 2176 4648 persona

592 4675 842 4748 proprius
855 4674 924 4728 sit
938 4673 1097 4736 Illius,
1114 4672 1193 4726 vel
1209 4681 1317 4726 tota
1337 4672 1636 4742 adoptivus.
1654 4669 1768 4725 Una
1782 4684 2011 4740 persona
2025 4679 2075 4725 te
2089 4687 2178 4726 co-

594 4766 670 4836 git
691 4780 850 4819 unam
877 4764 1118 4819 confiteri
1135 4764 1521 4833 proprietatem
1544 4762 1638 4816 ﬁlii
1653 4764 1707 4815 in
1722 4762 1928 4816 duabus
1946 4764 2176 4817 naturis.

665 4854 824 4910 XVII.
868 4854 1030 4909 Ponis
1057 4851 1242 4925 itaque
1292 4853 1455 4908 verba
1495 4853 1738 4924 epistola:
1765 4863 1979 4908 .nostrze
2009 4866 2060 4920 ιι,
2085 4856 2178 4910 ubi

598 4955 718 5018 post
762 4948 1169 5002 convenientem
1219 4947 1484 5001 sermonis
1532 4947 1699 5001 nostri
1744 4947 2177 5002 exhortationem

598 5038 870 5093 diximus:
899 5055 916 5087 ι
944 5037 988 5092 Ο
1031 5037 1250 5107 quantis
1297 5046 1604 5091 sanctorum
1652 5034 1871 5090 Patrum
1914 5036 2177 5106 exemplis

597 5129 740 5185 hanc
773 5127 933 5189 ﬁdem
970 5129 1200 5198 probare
1246 5129 1534 5197 possimus,
1563 5130 1708 5200 quod
1745 5128 1995 5184 Christus
2019 5129 2179 5186 Jesus

600 5235 760 5275 verus
781 5229 863 5278 est
889 5219 983 5290 Dei
1014 5219 1189 5274 Patris
1203 5219 1389 5288 Filius,
1419 5229 1473 5275 et
1495 5236 1617 5275 mox
1644 5236 1674 5276 a
1695 5223 2046 5293 conceptione
2069 5225 2179 5279 vir-

563 5312 570 5321 '
600 5308 790 5380 giualis
827 5301 966 5362 uteri
993 5324 1153 5363 verus
1179 5320 1467 5381 conceptus
1493 5320 1577 5366 est
1610 5313 1772 5376 Deus,
1802 5327 1964 5368 verus
2003 5322 2058 5370 et
2084 5331 2179 5369 na:

604 5410 687 5454 tus
715 5397 854 5452 Deus
882 5411 894 5462 ;
933 5417 950 5450 ι
981 5408 1036 5452 ct
1063 5400 1129 5452 ad
1164 5397 1280 5452 hate
1309 5399 1585 5468 respondit
1625 5391 1963 5474 [respondes]
1994 5420 2006 5454 :
2041 5421 2059 5453 ι
2085 5401 2180 5458 Hac

601 5497 724 5541 sunt
781 5489 1060 5542 sententiae
1103 5486 1434 5543 credulitatis
1488 5498 1680 5544 vestra:
1733 5492 1799 5546 de
1848 5492 2077 5562 geminis
2127 5493 2183 5549 in

600 5573 814 5632 Christo
857 5579 1083 5642 naturis,
1116 5590 1252 5647 quas
1281 5579 1352 5631 ita
1385 5580 1436 5633 in
1479 5580 1910 5649 singularitatem
1939 5598 2185 5652 persona:

608 5688 1168 5811 Himilglepistolam
1211 5689 1423 5744 Alcuini
1470 5691 1536 5745 ad
1580 5689 1835 5759 Felicem,
1864 5710 2046 5765 supra,
2074 5695 2177 5752 col.

641 5775 723 5823 si,
751 5775 898 5813 num.
925 5775 977 5812 4.

2277 3281 2664 3352 proprietatem
2685 3292 2892 3338 naturze
2918 3287 3176 3351 servavit,
3208 3295 3266 3342 et
3289 3289 3587 3344 substantia
3616 3291 3864 3346 divinita-

2278 3373 2349 3428 tis
2374 3373 2766 3444 proprietatem
2785 3375 3085 3432 divinitatis
3105 3392 3213 3432 non
3240 3379 3438 3434 amisit.
3472 3378 3672 3435 Tamen
3706 3382 3870 3438 homo

2275 3464 2420 3522 Deus
2459 3472 2544 3521 est
2572 3464 2841 3532 Christus,
2873 3475 2931 3522 et
2972 3466 3116 3523 Deus
3137 3468 3300 3524 homo
3343 3472 3537 3534 factus,
3569 3481 3626 3526 ut
3665 3473 3738 3528 sit
3776 3488 3868 3528 ve-

2273 3572 2418 3622 rum,
2443 3555 2587 3626 quod
2615 3557 2804 3613 beatus
2833 3559 3161 3630 evangelista
3187 3560 3265 3614 ait
3293 3578 3306 3614 :
3352 3559 3573 3616 Verbum
3598 3579 3722 3618 caro
3751 3563 3869 3633 fac-

2276 3657 2389 3701 tum
2428 3647 2625 3703 est:in
2665 3648 2827 3704 Verbi
2876 3651 3094 3706 nomine
3145 3650 3315 3706 Deum
3359 3651 3672 3724 designans,
3725 3656 3872 3710 etin

2277 3739 2458 3793 carnis
2483 3738 2698 3794 nomine
2721 3739 2995 3794 hominem
3021 3741 3419 3807 demonstrans,
3454 3745 3520 3800 de
3548 3761 3656 3816 quo
3676 3746 3872 3804 beatus

2277 3828 2637 3902 Hieronymus
2660 3838 2850 3886 contra
2869 3831 3210 3888 Iovinianum
3237 3835 3312 3889 ait
3335 3835 3361 3874 δ
3388 3854 3400 3887 :
3437 3855 3456 3887 ι
3483 3837 3718 3894 Verbum
3737 3853 3875 3894 caro

2279 3916 2480 3974 factum
2506 3929 2609 3984 est,
2634 3929 2695 3975 ut
2723 3936 2822 3977 nos
2849 3922 2915 3978 de
2934 3939 3098 3978 carne
3121 3927 3478 3984 transiremus
3507 3930 3560 3984 in
3585 3930 3820 3986 Verbum
3855 3951 3873 3984 :

2279 4030 2378 4069 nec
2415 4016 2650 4070 Verbum
2676 4017 2836 4072 desiit
2862 4033 2984 4074 esse
3015 4021 3157 4090 quod
3187 4022 3363 4078 fuerat
3394 4039 3407 4076 :
3442 4041 3540 4082 nec
3565 4028 3727 4093 homo
3745 4043 3872 4098 per-

2279 4105 2414 4159 didit
2441 4119 2561 4160 essc
2584 4106 2728 4175 quod
2757 4115 2915 4162 natus
2936 4119 3036 4164 est.
3067 4108 3250 4166 Gloria
3281 4123 3440 4168 aucta
3467 4125 3580 4181 est,
3609 4133 3716 4173 non
3745 4121 3888 4173 mn-'

2279 4203 2394 4250 tata
2424 4204 2508 4250 est
2536 4204 2749 4251 natura.
2789 4218 2808 4250 ι
2846 4198 2913 4256 Et
2932 4200 3124 4257 beatus
3147 4201 3481 4274 Augustinus
3514 4207 3565 4260 in
3597 4207 3738 4265 libro
3759 4209 3874 4264 En-

2278 4287 2540 4343 chiridion
2581 4299 2647 4342 οε
2683 4309 2702 4340 ι
2748 4291 2822 4346 De
2861 4309 2970 4362 quo
3016 4295 3348 4362 mediatore,
3399 4300 3598 4369 inquit,
3651 4302 3874 4377 longum

2277 4386 2382 4440 est,
2412 4386 2472 4432 ut
2495 4388 2700 4449 quanta
2735 4381 2956 4451 dignum
2995 4392 3099 4449 est,
3132 4393 3282 4441 tanta
3310 4388 3588 4451 dicantur.
3620 4395 3875 4462 quannis

2283 4470 2352 4524 ab
2389 4470 2604 4524 homine
2642 4470 2747 4527 dici
2790 4471 2951 4543 digna
2991 4491 3098 4529 non
3133 4478 3361 4546 possint.
3418 4480 3549 4548 Quis
3595 4485 3739 4538 enim
3765 4485 3875 4540 hoc

2281 4561 2452 4618 solum
2481 4565 2901 4634 congruentibus
2929 4568 3161 4637 explicet
3202 4570 3403 4636 verbis,
3448 4573 3592 4643 quod
3627 4574 3870 4637 Verbum

2278 4671 2405 4710 earo
2426 4656 2629 4711 factum
2651 4667 2755 4723 est,
2785 4667 2841 4713 ut
2876 4659 3145 4715 habitaret
3179 4662 3231 4716 in
3261 4663 3417 4719 nobis
3441 4666 3634 4734 (latin.
3669 4682 3710 4730 ι,
3736 4667 3802 4721 η
3824 4668 3873 4738 ),

2277 4755 2336 4800 ιιι
2373 4748 2716 4803 crederemus
2747 4748 2800 4801 in
2849 4747 2943 4803 Dei
2987 4749 3164 4805 Patris
3207 4754 3592 4824 omnipotentis
3648 4756 3872 4812 unicum

2277 4838 2474 4893 Filium
2511 4848 2699 4893 natum
2741 4839 2810 4894 de
2849 4838 3054 4910 Spiritu
3086 4853 3277 4898 sancto
3315 4854 3372 4900 et
3412 4844 3577 4901 Maria
3617 4848 3877 4918 virgine?

2277 4929 2463 5001 Itaque
2515 4929 2749 4985 Verbum
2802 4946 2931 4988 caro
2985 4931 3188 4988 factum
3233 4945 3348 5002 est,
3403 4937 3471 4991 ad
3527 4938 3868 4997 divinitatem

2280 5020 2463 5095 [Aug..
2505 5035 2536 5074 a
2563 5021 2865 5095 divinitate]
2895 5023 3113 5094 quidem
3143 5040 3308 5081 carne
3335 5036 3606 5098 suscepta,
3633 5031 3727 5086 sed
3752 5045 3867 5087 non

2281 5123 2334 5177 in
2363 5137 2584 5178 carnem
2613 5122 2896 5178 divinitate
2944 5135 3172 5180 mutata.
3212 5127 3442 5183 Carnem
3472 5145 3635 5198 porro
3657 5132 3747 5187 hic
3771 5133 3870 5188 de-

2281 5215 2472 5271 bemus
2517 5215 2791 5270 hominem
2845 5218 3112 5286 aecipcre,
3162 5235 3193 5272 a
3244 5229 3399 5291 parte
3443 5229 3612 5276 totum
3660 5223 3838 5294 signiﬁ

2281 5314 2440 5361 caute
2476 5303 2776 5369 locutione,
2807 5305 2946 5360 sicut
2978 5307 3180 5362 dictum
3219 5316 3341 5364 est:
3377 5309 3640 5374 Quoniam
3669 5329 3768 5367 nor
3813 5337 3878 5367 ,ι

2285 5395 2524 5468 operibus
2550 5394 2678 5465 legis
2691 5396 3075 5465 justi/imbitur
3095 5400 3265 5454 omnis
3285 5417 3410 5454 caro
3432 5401 3608 5470 (Rom.
3635 5420 3672 5461 ι’
3747 5405 3871 5472 ιθ),

2286 5489 2341 5542 id
2365 5495 2479 5553 est,
2509 5487 2686 5544 omnis
2713 5489 2892 5542 homo.
2937 5487 3072 5544 Nam
3112 5491 3244 5544 nihil
3280 5501 3487 5548 naturae
3529 5496 3583 5550 hi
3624 5512 3777 5550 arma:
3807 5498 3866 5551 ὴ

2286 5579 2377 5636 illa
2405 5583 2747 5653 susceptione
2790 5582 2874 5639 fas
2899 5592 2984 5640 est
3012 5585 3193 5641 dicere
3219 5586 3474 5652 defuisse,
3520 5605 3567 5643 si
3601 5607 3616 5645 ί
3655 5605 3867 5649 natura

2359 5697 2389 5737 ιι
2418 5693 2805 5766 S.Ilier.,libr.
2829 5713 2867 5752 ιι
2890 5699 3147 5754 adversus
3162 5698 3521 5766 Iovinianum,
3606 5721 3698 5759 im.
3723 5705 3816 5761 Β.

2363 5776 2386 5806 ε
2416 5765 2472 5820 S.
2492 5765 2652 5840 Αιισ..
2675 5765 2950 5824 Enchirid.
2980 5784 3101 5840 cap.
3123 5768 3213 5826 34.
