4136 6618
260 471 373 531 175

975 475 1394 532 DOGMATICA.
1437 507 1508 516 —-
1542 476 1704 533 ADV.
1747 475 2044 533 FELICEM
2080 476 2264 533 LIBRI
2303 476 2413 532 VII.
2445 505 2518 517 —-
2549 477 2680 534 LIB.
2719 475 2809 535 IV.

3457 487 3561 541 I75

255 588 332 642 ab
367 586 518 644 omni
544 595 758 659 peccat!
789 603 932 642 nexu
961 590 1272 644 omnimodo
1298 588 1520 646 liberte:
1546 605 1655 644 non
1684 588 1862 660 qualis
1889 593 1936 648 Δ
1964 593 2186 660 sumpsit
2217 606 2312 643 nos
2331 631 2345 653 ,
2382 599 2431 643 et
2457 590 2602 645 dedit
2636 592 2784 646 nobis
2822 607 3032 646 sensum
3051 631 3065 658 ,
3098 603 3155 647 ut
3183 609 3561 664 cognoscamus

256 682 328 736 de
357 689 591 751 utroque
635 696 768 736 sexu
800 681 1044 735 nascitur
1084 697 1181 751 per
1215 681 1714 751 concupiscentiam
1743 695 1865 735 car-

255 772 372 840 nis,
410 787 538 829 cum
560 772 890 844 obligatione
927 773 1142 838 delicti,
1183 771 1336 841 cujus
1365 783 1547 827 reatus
1574 788 1864 844 regenera-

254 865 411 921 tione
435 865 692 931 diluitur;
745 867 838 921 sed
869 865 1084 935 qualem
1122 865 1191 922 de
1218 865 1428 935 virgine
1456 866 1606 920 nasci
1646 873 1864 936 oporte-

252 956 375 1022 bat,
403 971 564 1028 quem
587 955 719 1011 ﬁdes
738 957 906 1027 820
927 956 1138 1021 matris,
1169 971 1277 1010 non
1292 955 1457 1012 libido
1479 964 1822 1025 conceperat.
1837 974 1855 1007 ι

250 1049 336 1104 Illi
369 1049 533 1120 igitur
558 1049 787 1113 homini,
816 1050 908 1118 qui
934 1064 1000 1103 ex
1028 1050 1240 1120 virgine
1276 1058 1437 1104 natus
1464 1057 1571 1114 est,
1598 1049 1860 1119 singulari

251 1155 485 1196 munere
511 1157 626 1210 pra:
654 1141 872 1196 caeteris
897 1141 1103 1196 sanctis
1131 1142 1316 1196 datum
1345 1151 1450 1206 est,
1481 1149 1543 1196 ut
1565 1141 1754 1197 statim
1791 1157 1860 1198 ex

249 1247 368 1303 quo
413 1232 469 1287 in
517 1240 676 1288 utero
715 1232 944 1300 virginis
983 1232 1185 1303 incepit
1231 1231 1396 1288 homo
1438 1231 1580 1298 ﬁeri,
1618 1240 1764 1289 esset
1806 1241 1861 1289 et

249 1320 422 1378 Deus.
459 1320 610 1377 Unde
647 1331 703 1377 et
731 1322 923 1379 eadem
960 1321 1196 1395 gloriosa
1231 1337 1449 1393 semper
1487 1323 1644 1394 virgo
1689 1322 1860 1378 Maria

246 1428 363 1468 non
391 1414 565 1468 solum
610 1414 872 1480 hominis.
903 1416 1000 1472 sed
1033 1428 1090 1472 et
1114 1416 1213 1471 Dei
1254 1416 1491 1488 genitrix
1541 1424 1689 1472 recte
1735 1432 1858 1472 cre—

245 1505 428 1561 denda
448 1513 534 1561 est
557 1513 614 1562 et
635 1506 966 1564 conﬁtenda.

323 1595 506 1654 XVIII.
528 1595 675 1654 Inter
701 1599 804 1654 alia
828 1614 1044 1670 quoque
1069 1601 1380 1657 testimonia
1409 1617 1532 1675 qua:
1559 1615 1858 1672 congregas

244 1687 321 1744 de
348 1699 540 1745 sancta
565 1689 873 1761 Scriptura,
901 1701 958 1746 tu
985 1705 1129 1762 saepe
1150 1692 1295 1747 dicte
1314 1689 1488 1757 Felix,
1515 1693 1673 1762 ponis
1692 1708 1860 1748 evan-

241 1782 478 1853 gelicam
523 1783 856 1842 sententiam
889 1793 944 1840 et
975 1784 1362 1854 apostolicam,
1394 1787 1594 1856 quibus
1618 1785 1858 1841 maxime

241 1878 365 1926 tota
394 1869 550 1926 make
592 1872 934 1930 credulitatis
957 1881 1064 1928 tua:
1099 1873 1401 1930 destruitur
1438 1874 1694 1944 impietas
1714 1916 1728 1938 ,
1761 1876 1853 1929 ιιΙιί

1964 697 2141 735 verum
2166 681 2356 746 Deum,
2381 692 2428 753 et
2449 684 2616 737 simus
2644 684 2698 737 in
2721 700 2839 738 vero
2855 683 2999 738 Filia
3015 687 3130 755 ejus
3156 686 3287 741 Jesu
3313 688 3518 744 Christo
3540 713 3558 744 .-

1961 771 2045 824 hie
2071 781 2148 826 est
2177 791 2329 827 verus
2354 773 2499 830 Deus
2524 785 2574 829 et
2605 776 2710 829 vita
2751 786 2948 830 retenta
2994 777 3054 847 (Ι
3085 779 3246 834 Joau.
3270 796 3323 843 v,
3353 782 3464 851 20).
3499 786 3562 836 Si

1963 863 2132 934 igitur
2155 862 2321 928 Deus,
2347 866 2648 922 secundum
2687 867 2831 935 quod
2858 867 3078 938 angelus
3108 869 3354 938 prasdixit
3391 872 3564 928 betttzr

1963 956 2148 1011 Mat-ite
2185 957 2408 1028 virgini,
2453 973 2651 1015 nomen
2682 965 2769 1013 est
2795 959 3148 1014 humanitatis
3195 972 3486 1032 assumpta;
3533 978 3564 1016 a

1960 1047 2058 1104 Dei
2090 1049 2260 1112 Filio;
2309 1056 2366 1105 et
2407 1050 2659 1106 Christus
2698 1059 2922 1122 propter
2968 1052 3170 1122 regiam
3217 1053 3563 1122 dignitatem,

1961 1156 2088 1196 vere
2127 1144 2353 1198 omnino
2393 1140 2412 1212 (
2435 1143 2591 1214 juxta
2618 1145 2990 1199 testimonium
3034 1145 3276 1214 ejusdem
3322 1161 3584 1216 cvange-_

1960 1230 2117 1296 listae,
2169 1233 2285 1288 sive
2316 1233 2371 1291 in
2401 1227 2694 1302 Evangelio
2745 1234 2858 1303 ipsa
2889 1234 3128 1290 \‘eritate
3161 1234 3376 1290 dicente
3397 1277 3414 1301 ,
3447 1239 3563 1290 sive

1961 1325 2015 1379 in
2043 1325 2271 1396 epistola
2303 1339 2400 1383 sua
2426 1327 2448 1396 )
2479 1325 2620 1380 idem
2663 1327 2810 1396 ipse,
2859 1326 2951 1396 qui
2979 1327 3179 1381 dicitur
3202 1324 3359 1381 ἔνευε
3399 1326 3561 1388 Chri-

1960 1425 2098 1480 stus,
2125 1431 2292 1472 verus
2333 1425 2420 1472 est
2451 1417 2617 1482 Deus,
2649 1425 2707 1473 et
2731 1432 2894 1471 verus
2934 1416 3106 1471 Filius
3141 1417 3258 1472 Dei.
3287 1418 3394 1472 Aut
3431 1433 3561 1489 ergo

1961 1511 2079 1565 haec
2107 1510 2326 1564 nomina
2357 1507 2592 1564 tollenda
2614 1519 2744 1564 sunt
2783 1510 2853 1562 ab
2878 1509 3214 1563 humanitate
3260 1507 3380 1563 Filii
3417 1509 3509 1563 Dei
3543 1526 3556 1562 :

1958 1614 2075 1668 aut,
2124 1603 2171 1658 si
2218 1604 2335 1660 haec
2381 1605 2602 1659 nomina
2645 1604 2789 1660 illius
2836 1602 3062 1676 [Supple
3091 1619 3108 1656 :
3139 1605 3360 1674 propria
3408 1614 3560 1670 sunt,

1958 1695 2037 1750 uel
2065 1695 2238 1750 simile
2280 1694 2466 1768 quid],
2498 1695 2591 1766 qui
2639 1703 2802 1752 natus
2841 1705 2929 1753 est
2953 1710 3019 1750 ex
3065 1696 3305 1767 virgine;
3351 1711 3484 1768 ergo
3506 1705 3563 1752 et

1959 1787 2050 1841 ille
2078 1787 2262 1853 homo,
2283 1787 2376 1858 qui
2401 1796 2562 1841 natus
2589 1795 2767 1842 estex
2797 1786 3024 1858 virgine,
3059 1797 3113 1841 et
3141 1789 3224 1842 his
3250 1788 3561 1843 nominibus

1957 1887 2205 1942 vocatur,
2253 1893 2416 1933 verus
2459 1888 2544 1934 est
2588 1877 2731 1936 Deus
2777 1888 2834 1934 et
2857 1893 3020 1934 verus
3066 1878 3237 1934 Filius
3285 1879 3400 1932 Dei.
3453 1877 3560 1934 Sed

242 1963 367 2034 ipse
415 1961 672 2020 Salvator
714 1963 891 2019 oculis
939 1965 1166 2021 elevatis
1220 1965 1288 2020 ad
1341 1964 1560 2020 Patrem
1606 1966 1683 2020 ait
1721 1980 1738 2019 :
1783 1965 1852 2021 Ut
1889 1950 1932 2007 Β
1958 1971 2083 2040 quia
2107 1969 2176 2024 de
2214 1969 2319 2025 hac
2343 1970 2460 2039 ipsa
2508 1971 2809 2038 quastione
2842 1969 2996 2039 plura
3025 1970 3281 2026 videntur
3310 1984 3432 2026 esse
3473 1969 3547 2025 di-

240 2065 566 2128 cognoscant
612 2067 664 2112 te
701 2055 875 2113 solum
922 2073 1101 2112 rerum
1142 2056 1346 2122 Deum,
1393 2068 1442 2112 et
1473 2073 1628 2128 quem
1666 2059 1855 2111 misisti

236 2146 433 2205 Iesum
473 2146 744 2206 Christum
771 2149 789 2218 (
819 2148 982 2205 Joun.
1033 2165 1173 2214 xvii,
1201 2151 1236 2204 5
1265 2149 1284 2221 )
1319 2169 1332 2203 :
1360 2159 1526 2220 atque
1567 2153 1764 2206 iterum
1789 2150 1856 2205 de.

238 2236 476 2310 cpistola
528 2235 675 2294 beati
705 2237 932 2296 Joannis
963 2239 1334 2311 evangelistae,
1373 2241 1463 2297 ubi
1499 2239 1575 2295 ait
1604 2258 1618 2296 :
1653 2239 1722 2295 Et
1769 2258 1858 2294 as-

1958 2058 2150 2123 cenda,
2189 2060 2477 2128 prtesentis
2515 2059 2680 2115 libelli
2707 2060 2796 2114 hic
2836 2060 3128 2114 terminum
3159 2073 3362 2129 ponere
3395 2074 3556 2115 cura-

1961 2149 2159 2212 vimus,
2193 2157 2340 2203 utea
2369 2165 2491 2219 qurc
2511 2157 2833 2220 sequuntur.
2865 2148 3144 2218 sequentis
3178 2147 3345 2204 libelli
3369 2147 3560 2218 dispu-

1960 2240 2150 2294 tationi
2180 2249 2487 2296 serventur.

249 2363 2330 2389 Mm

1562 2477 1798 2540 LIBER
1841 2479 2236 2552 QUARTUS.

315 2667 360 2725 I.
399 2667 660 2740 Sequitur
706 2666 762 2722 in
801 2665 982 2724 libello
1010 2665 1223 2736 praefati
1265 2667 1508 2724 doctoris
1548 2668 1849 2738 pessimum
1952 2677 2174 2731 aeterna,
2202 2677 2259 2722 ut
2285 2679 2598 2739 cognoscant
2629 2679 2679 2723 te
2706 2670 2876 2725 solum
2901 2687 3078 2728 rerum
3109 2673 3304 2742 Deum,
3329 2687 3380 2734 et
3404 2696 3555 2753 quem

235 2773 300 2818 et
328 2778 361 2819 a
382 2762 582 2820 smerdo
612 2760 872 2819 inaudita:
908 2760 1258 2832 blasphemia:
1287 2771 1695 2833 argumentum,
1741 2778 1852 2832 quo
1951 2759 2143 2815 misisti
2184 2759 2370 2814 Jesum
2400 2759 2668 2814 Christum
2709 2762 2728 2832 (
2755 2761 2918 2816 Joan.
2972 2779 3105 2827 xvtt,
3137 2764 3216 2837 3)
3257 2785 3270 2820 :
3320 2767 3391 2823 Et
3414 2771 3559 2840 quod

235 2855 470 2912 omnino
492 2851 700 2910 Christi
721 2853 819 2910 Dei
842 2852 1163 2924 impiissima
1194 2855 1504 2909 temeritate
1527 2856 1856 2911 contradicit

237 2949 546 3014 divinitati,
593 2947 738 3018 quod
780 2946 966 3005 multis
1002 2956 1320 3004 sanctorum
1348 2947 1573 3003 Patrum
1606 2949 1850 3003 testimo-

237 3044 356 3102 niis
393 3042 786 3102 destruendum
824 3056 945 3099 esse
994 3041 1368 3096 necessarium
1413 3040 1649 3096 videtur.
1699 3039 1851 3110 Qua-

237 3143 470 3210 propter
500 3134 766 3190 lectorem
810 3133 1062 3196 obsccro,
1103 3145 1172 3186 ne
1198 3143 1285 3184 me
1317 3129 1617 3202 longiorem
1665 3131 1718 3184 in
1747 3130 1853 3185 hac

238 3225 393 3284 serie
427 3223 814 3296 disputationis
861 3224 1242 3294 reprehendat.
1300 3221 1544 3292 Simplici
1601 3237 1853 3278 sermone

246 3317 395 3392 apud
428 3319 707 3374 auditores
735 3316 856 3388 pios
897 3316 1032 3371 ﬁdes
1071 3330 1196 3370 vera
1223 3313 1461 3384 proferri
1489 3322 1708 3384 potest;
1756 3315 1852 3369 sed

241 3411 548 3486 impietatis
585 3410 818 3467 assertio
849 3409 1082 3482 plurima
1130 3407 1566 3464 testimoniorum
1610 3407 1850 3462 auctori-

243 3514 362 3562 tate
387 3502 640 3561 diluenda
669 3519 681 3556 :
713 3510 986 3574 quatenus
1027 3500 1074 3556 si
1101 3507 1303 3556 nostra:
1325 3499 1614 3570 parvitatis
1659 3513 1855 3555 sensus

239 3594 685 3669 contemptibiles
716 3596 933 3660 habeat,
965 3593 1158 3650 saltem
1197 3591 1520 3649 multimoda
1555 3591 1858 3648 catholico-

242 3703 372 3744 rum
401 3687 686 3744 doctorum
725 3687 1053 3745 auctoritate
1078 3685 1349 3749 vincatur,
1379 3691 1550 3754 utque
1569 3681 1665 3736 Dei
1689 3680 1852 3738 Chri-

249 3781 327 3838 sti
349 3779 585 3835 donante
612 3786 671 3832 et
688 3777 985 3833 miserante
1014 3775 1302 3831 clementia
1332 3775 1657 3845 corrigatur.

319 3870 386 3928 Il.
429 3871 592 3926 Ponit
613 3872 795 3940 itaque
823 3869 1134 3940 hujusmodi
1167 3868 1370 3922 verba:
1406 3885 1425 3916 ‹
1463 3865 1714 3922 Secundo
1760 3880 1856 3920 au-

244 3977 364 4025 tem
404 3968 585 4034 modo,
630 3968 724 4029 ait,
757 3966 1121 4036 nuncupative
1152 3965 1296 4020 Deus
1325 3963 1551 4028 dicitur,
1598 3964 1740 4019 sicut
1766 3979 1857 4018 su-

244 4059 439 4132 perius
465 4059 670 4116 dictum
697 4067 780 4113 est
811 4058 878 4114 de
907 4058 1112 4112 sanctis
1149 4055 1618 4128 prtedicatorihus,
1650 4057 1720 4112 de
1741 4056 1859 4128 qui~

247 4152 357 4208 bus
385 4148 636 4204 Salvator
661 4147 863 4203 ludatis
895 4149 972 4203 ait
998 4167 1010 4201 :
1040 4146 1098 4202 Si
1121 4147 1258 4202 enim
1300 4146 1421 4200 illos
1451 4145 1588 4200 dixit
1616 4146 1764 4209 deos,
1786 4145 1858 4199 ad

247 4261 385 4318 quos
427 4243 524 4298 Dei
555 4259 725 4297 sermo
754 4241 927 4312 factus
952 4241 1135 4312 (Joan.
1165 4257 1220 4304 ι,
1248 4239 1339 4312 55)
1367 4255 1382 4303 ;
1412 4239 1501 4308 qui
1536 4248 1718 4293 tamen
1748 4253 1859 4292 non

249 4344 449 4393 natura
483 4343 543 4390 ut
574 4335 736 4398 Deus,
782 4334 878 4389 sed
908 4349 1007 4403 per
1040 4332 1135 4386 Dei
1166 4331 1396 4402 gratiam
1427 4331 1496 4386 ah
1521 4344 1607 4394 eo,
1645 4328 1739 4398 qui
1768 4342 1861 4382 ve-

250 4443 354 4484 rus
378 4435 462 4481 est
492 4425 655 4490 Deus,
700 4425 935 4480 dcilicati
981 4424 1055 4479 dii
1099 4431 1227 4478 sunt
1269 4422 1369 4476 sub
1418 4421 1508 4475 illo
1545 4421 1722 4474 vocati
1758 4433 1772 4472 ε
1805 4420 1857 4474 in

249 4525 362 4580 hoc
385 4521 585 4593 quippe
610 4517 801 4573 ordine
827 4515 921 4570 Dei
959 4514 1128 4569 Filius
1157 4514 1418 4568 Dominus
1439 4522 1494 4567 et
1530 4511 1606 4565 Rc
1631 4514 1861 4581 lemptor

251 4624 446 4671 noster
463 4613 621 4686 juxta
665 4609 1080 4671 humanitatem,
1113 4605 1252 4660 sicut
1288 4605 1340 4659 in
1372 4614 1584 4665 natura,
1625 4607 1698 4658 ita
1726 4612 1782 4655 et
1807 4602 1858 4654 in

252 4708 499 4771 nomine,
525 4702 776 4775 quamvis
803 4698 1158 4756 excellentius
1184 4696 1396 4752 cunctis
1434 4694 1658 4752 electus,
1691 4693 1864 4748 veris-

253 4804 398 4859 sime
423 4808 752 4857 tamencum
783 4794 888 4850 illis
917 4789 1307 4854 communicat,
1333 4788 1474 4844 sicut
1503 4794 1557 4841 et
1582 4787 1634 4839 in
1665 4793 1863 4840 caetera

253 4891 444 4949 omnia
487 4887 508 4962 [
537 4887 686 4958 Leg.,
717 4885 770 4941 in
797 4882 1012 4940 caeteris
1035 4879 1362 4952 munibus],
1399 4879 1449 4937 id
1478 4887 1564 4932 cst
1590 4919 1605 4941 ,
1639 4876 1693 4929 in
1722 4890 1865 4946 prae-

253 4981 650 5044 destinatione,
675 4978 730 5034 in
761 4975 1050 5039 electione,
1085 4973 1138 5028 in
1172 4971 1368 5043 gratia,
1414 4971 1469 5025 in
1500 4968 1866 5039 susceptione,

255 5079 317 5134 in
345 5072 719 5144 assumptione
767 5066 1004 5126 nominis
1056 5065 1221 5127 servi,
1273 5073 1438 5132 atque
1480 5060 1866 5131 applicatione,

255 5182 358 5224 seu
382 5176 583 5222 caetera
607 5161 694 5217 his
724 5158 945 5223 similia,
975 5164 1038 5211 ut
1059 5154 1203 5209 idem
1227 5154 1320 5223 qui
1346 5151 1713 5207 essentialiter
1739 5164 1866 5204 cum

255 5260 427 5316 Patre
453 5265 510 5313 et
529 5254 737 5326 Spiritu
764 5258 956 5308 sancto
996 5249 1051 5304 in
1080 5247 1292 5302 unitate
1327 5246 1548 5303 deitatis
1585 5259 1749 5300 verus
1782 5251 1872 5298 est

259 5351 429 5413 Deus,
453 5350 570 5422 ipse
595 5348 650 5402 in
674 5345 850 5401 forma
875 5341 1237 5399 humanitatis
1277 5354 1402 5394 cum
1425 5339 1614 5393 electis
1637 5338 1752 5390 suis
1770 5351 1870 5406 per

263 5441 577 5514 adoptionis
623 5439 856 5514 gratiam
896 5433 1178 5490 deificatus
1205 5433 1376 5496 tieret,
1423 5442 1478 5486 et
1507 5431 1870 5500 nuncupative

263 5537 432 5594 Deus.
473 5554 492 5587 ι
517 5533 694 5601 Quem
739 5529 901 5600 paulo
948 5538 1073 5583 ante
1111 5525 1429 5598 evangelica
1472 5525 1786 5580 testimonio
1818 5531 1873 5576 et

266 5627 440 5700 ipsius
461 5622 809 5695 evangelista:
841 5618 1226 5675 testiﬁcatione
1247 5618 1426 5671 dixisti
1451 5633 1638 5670 verum
1667 5615 1866 5670 Deum:

256 5704 542 5790 lquomodo
607 5729 754 5770 nunc
809 5712 948 5766 dicis
1013 5708 1438 5780 nuncupativum
1503 5708 1709 5762 Deum?
1765 5707 1875 5760 Aut

269 5807 585 5866 auctoritati
621 5802 948 5875 evangelica:
978 5803 1141 5855 etiam
1169 5809 1224 5855 et
1249 5800 1416 5869 ipsius
1441 5801 1692 5854 veritatis
1723 5801 1874 5853 testi-

275 5903 538 5968 ﬁcationi,
571 5913 733 5961 etiam
761 5895 1017 5966 posuisti,
1059 5893 1150 5948 uhi
1184 5892 1298 5946 ait:
1334 5891 1460 5946 11αέ
1494 5903 1564 5945 est
1604 5893 1740 5944 enim
1773 5894 1875 5946 vim

1877 3269 1927 3334 Ο

1955 2849 2099 2904 idem
2143 2852 2474 2923 evangelista
2507 2854 2584 2905 ait
2617 2871 2628 2904 :
2658 2851 2727 2906 Ut
2755 2869 3134 2924 cognoscamus
3159 2876 3336 2914 verum
3366 2859 3558 2927 Deum,

1956 2953 2005 2998 et
2031 2944 2196 2999 simus
2219 2945 2275 2998 in
2305 2961 2424 2999 vero
2448 2943 2590 2998 Filio
2604 2945 2718 3014 ejus
2731 2943 2861 3000 Iesu
2876 2943 3084 3002 Christo
3110 2949 3164 3020 (1
3187 2951 3347 3007 Joan.
3365 2969 3417 3015 v,
3440 2953 3560 3026 20),

1958 3037 2274 3090 consentire
2313 3036 2512 3098 habes;
2555 3033 2634 3089 vel
2677 3043 2824 3088 tuam
2866 3039 3190 3093 sententiam
3237 3042 3564 3100 conﬁrmare

1957 3125 2066 3180 alio
2101 3124 2419 3198 [Quercct.,
2476 3125 2658 3200 aliud]
2703 3127 2909 3195 majore
2943 3129 3186 3198 quolibet
3229 3135 3558 3200 testimonio,

1960 3233 2124 3288 quam
2152 3218 2322 3288 ipsius
2353 3219 2622 3281 veritatis,
2673 3218 2757 3273 vel
2792 3220 2927 3274 tanti
2955 3222 3204 3292 apostoli,
3253 3233 3310 3280 et
3333 3241 3564 3299 evange-

1960 3313 2119 3377 listae,
2163 3311 2258 3383 qui
2281 3326 2447 3382 super
2471 3321 2662 3384 pectus
2689 3311 2902 3368 Domini
2941 3315 3187 3371 recubuit
3221 3337 3234 3370 ι
3265 3320 3352 3374 vel
3383 3321 3431 3375 si
3458 3323 3565 3378 hoc

1959 3419 2068 3458 non
2097 3419 2260 3459 ausus
2289 3419 2352 3460 es
2391 3403 2594 3468 facere,
2636 3404 2747 3460 imo
2787 3405 2916 3476 quia
2946 3422 3053 3461 non
3078 3399 3258 3477 potes.
3306 3421 3478 3468 restat
3505 3424 3566 3469 ut

1962 3503 2114 3550 tuam
2149 3495 2479 3550 sententiam
2519 3494 2786 3550 damnans
2836 3497 2995 3552 radas
3022 3499 3089 3553 de
3127 3502 3290 3556 corde
3327 3510 3420 3558 tuo
3463 3505 3567 3560 hoc

1960 3601 2158 3644 nomen
2185 3587 2242 3642 in
2272 3586 2491 3643 Christo
2521 3589 2903 3658 nuncupativae
2942 3588 3174 3648 Deitatis
3213 3598 3356 3664 quod
3402 3596 3566 3654 homo

1961 3680 2140 3747 ﬁnxit,
2166 3696 2276 3742 non
2302 3681 2472 3745 Deus;
2507 3683 2652 3751 quod
2680 3681 2920 3739 humana
2950 3682 3213 3750 inventio,
3243 3702 3351 3742 non
3380 3686 3564 3744 divina

1962 3775 2261 3831 auctoritas
2284 3773 2611 3845 composuit.

2034 3866 2119 3922 III.
2160 3865 2322 3940 821
2371 3865 2528 3921 Dicat
2551 3865 2742 3924 beatus
2771 3867 3084 3938 Apostolus,
3116 3870 3246 3938 quid
3275 3870 3402 3927 inde
3437 3863 3563 3927 sen-

1965 3960 2087 4023 tiat,
2117 3959 2201 4012 vel
2231 3958 2300 4013 de
2325 3973 2433 4029 quo
2459 3958 2688 4017 dixisset
2729 3959 2878 4022 illud,
2913 3961 3058 4030 quod
3089 3969 3145 4015 et
3186 3968 3242 4016 tu
3287 3963 3516 4032 posuisti
3549 3979 3565 4020 :

1967 4047 2072 4116 Qui
2090 4057 2167 4104 est
2194 4065 2352 4119 super
2377 4049 2554 4110 omnia
2581 4048 2723 4104 Deus
2751 4050 3050 4105 benedictus
3074 4053 3128 4104 in
3157 4051 3353 4106 sa’cula
3381 4052 3560 4123 (Rom.

1967 4161 2040 4204 Ix.
2087 4144 2162 4215 5).
2199 4145 2340 4201 Dicit
2365 4144 2550 4212 itaque
2579 4143 2802 4202 Christo
2846 4144 2901 4198 in
2945 4159 3006 4199 se
3053 4144 3348 4213 loquente:
3397 4143 3568 4217 Opta-

1966 4235 2087 4288 bam
2128 4249 2223 4304 ego
2265 4235 2373 4303 ipse
2402 4235 2684 4289 anathema
2723 4251 2837 4288 esse
2879 4251 2912 4291 α
2939 4233 3152 4288 Christo
3179 4251 3276 4304 pro
3308 4235 3566 4304 fratribus

1967 4325 2118 4388 meis,
2161 4325 2253 4394 qui
2299 4334 2420 4378 sunt
2461 4325 2672 4394 cognati
2720 4325 2822 4378 mei
2872 4325 3162 4379 secundum
3210 4342 3445 4389 carnem,
3474 4328 3567 4396 qui

1967 4429 2090 4474 sunt
2131 4418 2413 4481 Israelita',
2439 4434 2662 4488 quorum
2697 4417 2910 4488 adoptio
2935 4429 3009 4478 est
3035 4417 3269 4486 ﬁliorum
3298 4429 3346 4472 et
3374 4411 3567 4489 gloria,

1969 4522 2016 4565 et
2045 4520 2433 4572 testamentum,
2458 4519 2504 4560 et
2535 4509 2817 4580 legislatio,
2850 4520 2896 4562 et
2921 4509 3245 4579 obsequium,
3277 4521 3323 4562 et
3351 4512 3571 4579 promis-

1971 4605 2070 4666 sio,
2116 4619 2341 4673 quorum
2388 4612 2586 4671 patres,
2634 4619 2700 4656 ex
2747 4601 2935 4673 quibus
2988 4599 3230 4656 Christus
3282 4600 3569 4656 secundum

1970 4713 2202 4759 carnem,
2233 4696 2323 4765 qui
2351 4706 2426 4750 est
2466 4711 2623 4765 super
2658 4695 2836 4748 omnia
2862 4693 3006 4750 Deus
3048 4693 3348 4751 benedictus
3378 4695 3434 4747 in
3464 4710 3566 4748 sa:-

1973 4788 2094 4842 cula
2124 4785 2306 4857 (Rom.
2342 4802 2420 4846 ix,
2471 4787 2504 4839 3
2546 4795 2593 4838 et
2623 4787 2780 4855 δρψ).
2831 4783 3074 4856 Intelligo
3125 4784 3570 4855 consequentiam

1973 4878 2242 4934 sermonis
2289 4877 2592 4946 apostolici.
2627 4875 2702 4934 De
2741 4875 2996 4932 Israelitis
3042 4883 3294 4938 testatur,
3328 4876 3483 4945 quasi
3513 4891 3574 4931 se

1975 4985 2239 5026 excusare
2267 4971 2491 5030 volens,.
2518 4969 2661 5037 quod
2704 4985 2810 5024 non
2842 4976 3067 5038 propter
3109 4967 3366 5023 invidiam
3396 4968 3568 5038 legem

1975 5060 2190 5116 illorum
2217 5074 2326 5117 non
2354 5069 2598 5114 servaret
2632 5076 2642 5110 :
2677 5059 2774 5114 sed
2801 5059 2927 5113 dum
2957 5058 3244 5114 veritatem
3274 5057 3571 5120 intellexis-

1976 5160 2078 5214 set,
2109 5151 2327 5207 veritati
2377 5149 2598 5204 obedire
2645 5149 2848 5203 mallet.
2887 5146 3030 5202 Dicit
3079 5147 3291 5202 illorum
3341 5148 3575 5218 promis-

1968 5247 2173 5306 siones,
2205 5244 2260 5298 id
2288 5252 2392 5303 εει,
2424 5242 2816 5300 Israelitarum,
2848 5255 3079 5307 quorum
3109 5239 3436 5308 patriarchae
3473 5255 3572 5309 pa-

1969 5346 2081 5392 tres
2106 5345 2288 5398 erant,
2315 5351 2382 5390 cx
2428 5336 2646 5405 quibus,
2692 5334 2742 5387 id
2778 5343 2882 5396 est,
2931 5332 3282 5402 patriarchis,
3323 5330 3574 5388 Christus

1971 5427 2270 5483 secundum
2295 5441 2520 5480 carnem
2550 5433 2709 5478 natus
2735 5432 2842 5488 est,
2875 5438 3035 5492 quem
3065 5424 3230 5476 etiam
3258 5437 3422 5493 super
3455 5437 3571 5478 om-

1975 5520 2063 5574 nia
2090 5520 2256 5573 Denm
2287 5517 2629 5572 benedictum
2658 5517 2710 5571 in
2742 5515 2936 5570 saecula
2965 5515 3250 5570 nominans
3277 5530 3387 5570 non
3417 5513 3575 5570 dubi—

1983 5612 2115 5666 tavit
2144 5627 2156 5663 :
2207 5610 2395 5673 Deum,
2428 5610 2671 5679 inquam,
2703 5606 3004 5665 nominavit
3030 5605 3357 5661 benedictum
3401 5604 3576 5669 illum,

1983 5707 2074 5774 qui
2109 5713 2267 5761 natus
2314 5712 2397 5758 est
2423 5702 2719 5759 carnaliter
2747 5717 2810 5756 ex
2865 5700 3089 5754 Patrum
3137 5700 3417 5772 progenie,
3468 5715 3576 5754 non

1985 5800 2436 5869 nuncupativnm.
2486 5798 2562 5852 De
2612 5812 2717 5865 qua
2771 5794 3042 5854 sententia
3110 5794 3303 5859 beatus
3352 5792 3576 5850 Produs
3647 5870 3650 5873 _

1986 5892 2622 5958 Constantinopolitanus
2674 5890 2960 5963 episcopus
3005 5888 3062 5947 in
3103 5887 3332 5965 epistola
3375 5887 3442 5942 ad
3469 5883 3570 5941 Ar-
