4136 6592
608 420 709 477 {'75

1433 419 1496 475 Β.
1536 418 1599 474 F.
1639 416 1866 474 ALBth
1904 416 2038 475 SEU
2074 414 2353 472 ALCUINI
2388 412 2676 473 OPERUM
2715 414 2894 474 PARS
2930 416 3016 474 ιιι.

3760 412 3869 467 176

605 528 813 588 menius
848 528 926 583 ita
966 528 1046 583 ait
1072 539 1141 582 ιτ
1176 544 1196 580 ι
1238 524 1531 597 ‘Apostolus
1557 525 1697 583 dix'it
1737 540 1861 581 eum
1890 524 2180 589 Christum,
2210 526 2256 584 Α
2284 525 2536 581 eumdem
2562 541 2752 582 verum
2779 526 2951 581 Deum
2979 530 3249 581 monstrat
3290 523 3514 580 dicens:
3554 520 3654 578 Hic
3676 532 3753 579 est
3780 540 3874 580 ne-

603 631 666 678 ut
688 620 960 684 ostendat,
989 619 1116 689 quia
1148 617 1446 673 secundum
1484 617 1770 673 veritatem
1810 616 1956 672 Deus
2005 615 2180 670 iactus

603 718 689 767 est
712 712 892 767 homo.
918 709 1064 764 Dixit
1101 723 1227 763 eum
1249 708 1340 779 qui
1364 718 1463 773 est,
1490 716 1551 763 ut
1576 723 1701 762 eum
1736 708 1852 763 sine
1878 707 2031 763 initio
2059 721 2181 762 esse

605 801 862 858 declaret.
893 799 1038 853 Dixit
1067 814 1191 854 eum
1216 815 1370 868 super
1410 800 1606 861 omnia,
1637 807 1698 853 ut
1724 799 1888 854 totius
1917 806 2184 853 creatum

605 889 1193 961 Dominum-pradicet.
1224 888 1370 944 Dixit
1396 904 1521 944 eum
1566 890 1912 954 benedictum,
1955 898 2015 944 ut
2056 890 2185 944 ado-

604 998 788 1038 remus
817 997 942 1036 eum
982 989 1241 1051 tanquam
1285 979 1708 1050 omnipotentem
1749 981 2053 1047 humiliter,
2083 995 2185 1036 nec

607 1084 666 1129 ut
691 1087 1010 1129 conservum
1040 1072 1323 1127 calumniis
1351 1079 1687 1142 appetamus.
1728 1092 1746 1124 ι
1789 1072 1922 1126 item
1948 1070 2185 1142 Cyrillus

606 1166 889 1235 episcopus
919 1161 1315 1217 Alexandrinus
1341 1162 1405 1216 de
1444 1162 1653 1216 unitate
1680 1176 1926 1230 persona:
1964 1169 2019 1216 et
2057 1174 2186 1230 pro-

606 1254 841 1324 prietate
866 1253 918 1307 in
944 1253 1148 1307 duabus
1176 1251 1383 1307 naturis
1406 1250 1528 1307 Filii
1555 1251 1651 1306 Dei
1683 1252 1710 1293 b
1736 1269 1750 1306 :
1788 1269 1812 1305 σ
1848 1252 1998 1308 Unus
2023 1252 2187 1323 igitur

606 1353 711 1411 est,
769 1343 965 1414 inquit,
1016 1350 1073 1397 et
1126 1352 1252 1398 ante
1297 1342 1724 1409 incarnationem
1770 1342 1913 1397 Deus
1971 1340 2182 1414 [Cyril.,

608 1438 753 1492 Deus
794 1434 1000 1507 verus],
1047 1444 1101 1489 et
1130 1434 1222 1504 qui
1268 1435 1323 1488 in
1361 1434 1700 1490 humanitate
1726 1434 1948 1499 mansit,
1999 1435 2052 1490 in
2079 1449 2187 1504 quo

606 1537 724 1582 erat
750 1525 962 1598 [Cyril.,
991 1524 1044 1579 id
1070 1526 1211 1594 quod
1240 1523 1402 1597 erat],
1431 1534 1485 1580 et
1525 1532 1628 1589 est,
1672 1533 1729 1581 et
1756 1525 1882 1580 erit.
1915 1523 2034 1580 Non
2077 1525 2189 1581 dis-

606 1619 876 1676 cernendo
923 1618 1088 1690 igitur
1133 1632 1299 1671 unum
1345 1617 1631 1673 Dominum
1679 1615 1861 1673 Jesum
1910 1617 2187 1673 Christum

606 1716 662 1771 in
714 1715 988 1771 hominem
1040 1729 1305 1778 seorsum,
1358 1722 1414 1769 et
1460 1727 1706 1769 seorsum
1753 1713 1808 1769 in
1862 1712 2055 1779 Deum,
2088 1712 2184 1769 sed

606 1825 773 1864 unum
813 1809 1171 1877 eumdemque
1216 1805 1399 1862 Jesum
1449 1804 1723 1861 Christum
1765 1819 1886 1861 esse
1930 1804 2180 1870 dicimus,

2284 633 2376 672 rus
2413 616 2556 673 Deus
2582 629 2630 674 et
2658 619 2763 674 vita
2802 628 3001 673 (eterna
3036 615 3091 688 (1
3113 617 3276 674 Joan.
3305 635 3357 684 v,
3384 618 3498 691 20).
3522 618 3723 675 Verum
3765 618 3869 673 ho—

2282 708 2484 763 minem
2532 707 2806 766 Christum
2857 710 3228 781 recognoscit,
3283 710 3409 780 quia
3471 708 3691 764 Verbum
3745 724 3873 763 caro

2282 798 2448 870 822
2493 800 2691 869 factum
2734 810 2834 865 est,
2871 811 2918 854 et
2944 799 3194 854 habitavit
3221 801 3278 853 in
3306 799 3487 865 nobis;
3514 798 3874 869 eumdemque

2282 904 2471 943 verum
2497 887 2663 943 Deum
2686 888 2958 953 ostendit;
2981 888 3109 958 quia
3134 889 3190 941 in
3213 888 3467 958 principio
3488 896 3599 942 erat
3624 886 3875 955 Verbum,

2284 988 2332 1035 et
2375 977 2597 1034 Verbum
2634 989 2745 1033 erat
2780 979 2921 1050 apud
2949 978 3136 1041 Deum,
3168 988 3215 1034 et
3245 978 3385 1033 Deus
3413 988 3524 1033 erat
3568 977 3811 1034 Verbum.
3848 998 3871 1033 ι

2283 1070 2355 1125 Ει
2376 1068 2537 1140 paulo
2577 1077 2699 1141 post
2736 1070 2877 1125 idem
2924 1069 3218 1125 Cassianus
3247 1071 3301 1124 in
3328 1070 3471 1127 libro
3502 1072 3662 1126 tertio
3688 1072 3754 1128 de
3786 1087 3879 1128 sa-

2285 1168 2566 1216 cramento
2607 1162 2875 1231 passionis
2915 1159 3136 1227 Christi,
3170 1170 3227 1217 et
3270 1162 3335 1217 de
3363 1163 3573 1219 unitate
3610 1162 3733 1218 Filii
3777 1163 3879 1219 Dei

2285 1253 2561 1310 disserens
2604 1255 2681 1311 ait
2723 1274 2737 1309 :
2784 1274 2803 1307 ι
2848 1254 3035 1325 Itaque
3078 1256 3157 1312 sic
3201 1257 3257 1312 in
3303 1272 3362 1313 se
3386 1267 3557 1314 totum
3598 1259 3878 1315 hominem

2285 1359 2448 1400 verus
2474 1344 2619 1401 Deus
2641 1355 2701 1402 et
2734 1363 2978 1404 summus
3002 1349 3230 1419 accepit,
3257 1358 3311 1405 et
3333 1349 3412 1411 sic
3436 1348 3714 1422 plenitudo
3742 1352 3881 1407 divi-

2285 1434 2496 1502 nitatis,
2536 1438 2765 1493 veritate
2805 1437 3003 1495 divinas
3051 1439 3410 1511 humanaeque
3446 1442 3768 1498 substantia:
3794 1444 3882 1498 in-

2286 1524 2684 1584 confusihiiiter
2726 1536 3095 1599 permanente,
3145 1530 3496 1602 semetipsum
3543 1528 3706 1603 pleno
3744 1546 3882 1589 cou—

2282 1617 2464 1689 junxit
2485 1620 2714 1688 homini,
2755 1630 2816 1677 ut
2845 1621 3054 1678 unitate
3089 1621 3343 1695 deinceps
3387 1623 3444 1678 in
3469 1631 3732 1679 atteruum
3762 1637 3883 1679 ma-

2288 1718 2455 1765 nente
2476 1726 2743 1782 personae,
2770 1728 2875 1769 nec
2910 1713 3072 1770 homo
3098 1712 3349 1769 Christus
3384 1729 3417 1768 a
3447 1729 3548 1770 sua
3573 1714 3879 1780 divinitate,

2291 1817 2394 1859 nec
2438 1802 2580 1858 idem
2618 1803 2761 1859 Deus
2807 1802 3063 1861 Christus
3098 1819 3131 1861 a
3173 1819 3272 1861 sua
3316 1807 3488 1876 possit
3544 1805 3885 1865 humanitate

607 1918 710 1957 non
761 1867 1432 1973 ignorantes-differentias
1476 1906 1815 1965 naturarum,
1856 1895 1950 1953 sed
1982 1911 2077 1952 eas
2105 1867 2189 1950 in-
2217 1867 2264 1929 Β
2291 1888 2523 1965 disiungi
2557 1911 2570 1948 :
2614 1908 2755 1948 unus
2777 1900 2959 1949 tamen
2984 1901 3146 1965 atque
3171 1867 3592 1952 idem-Christus
3612 1905 3670 1953 et
3691 1911 3757 1952 ex
3789 1913 3884 1953 ve-

608 1988 859 2045 coufnsas
883 1988 1024 2042 inter
1062 2002 1122 2042 se
1145 1994 1426 2043 servantes
1454 1984 1669 2058 [Cyril.,
1700 1982 2036 2056 statuentes].
2069 2003 2088 2037 ι
2120 1983 2189 2039 Ει

608 2089 726 2150 post
756 2093 926 2150 pauca
963 2089 985 2117 ο
1022 2095 1035 2130 :
1084 2094 1105 2128 ι
1143 2075 1443 2143 Christum,
1480 2078 1677 2147 inquit,
1724 2076 1893 2131 Deum
1941 2090 2109 2130 unum
2134 2078 2190 2131 et

609 2171 889 2225 Dominum
912 2166 1256 2233 conﬁtemur,
1279 2151 1389 2221 non
1412 2174 1525 2222 tam
1558 2166 1831 2223 hominem
1859 2179 1983 2223 cum
2009 2166 2191 2222 Verbo

609 2261 979 2323 coadorantes,
1012 2273 1082 2313 ne
1118 2258 1399 2313 divisionis
1424 2259 1671 2328 quaedam
1720 2258 1930 2329 species
1963 2258 2189 2313 induca-

608 2365 722 2421 tur;
747 2354 841 2409 sed
866 2367 1031 2408 unum
1056 2351 1219 2407 etiam
1240 2357 1297 2405 et
1319 2350 1570 2405 eumdem
1592 2350 1901 2417 adorantes,
1930 2349 2057 2419 quia
2080 2364 2190 2406 non

607 2456 689 2503 est
719 2447 951 2502 alienum
983 2459 1013 2498 a
1049 2442 1228 2498 Verbo
1273 2455 1472 2513 corpus
1518 2456 1697 2507 suum,
1744 2455 1868 2497 cum
1918 2456 2027 2511 quo
2072 2441 2190 2511 ipse

610 2542 773 2597 etiam
799 2537 999 2593 assidet
1026 2533 1317 2607 [Quercet.,
1346 2530 1590 2604 adsedet]
1623 2530 1794 2586 Patri.
1830 2530 1945 2587 Nec
1983 2532 2088 2586 hoc
2112 2533 2190 2586 ita

611 2633 860 2696 dicimus,
906 2628 1062 2699 quasi
1096 2626 1304 2682 duobus
1351 2624 1479 2679 ﬁliis
1522 2624 1906 2688 assidentibus,
1944 2621 2041 2678 sed
2082 2637 2192 2678 uno

610 2746 732 2786 cum
761 2743 927 2784 carne
959 2741 1058 2797 per
1097 2724 1361 2780 unitatem
1391 2740 1404 2777 :
1445 2722 1573 2793 quia
1617 2723 1661 2778 si
1695 2722 1857 2778 talem
1898 2722 2192 2792 copulatio-

610 2836 733 2878 neui
765 2818 963 2874 iactam
991 2829 1089 2886 per
1123 2813 1501 2879 substantiam,
1542 2819 1638 2867 aut
1681 2812 1838 2882 quaSi
1879 2811 2191 2883 impossibi-

610 2920 737 2978 lem,
764 2918 857 2966 aut
882 2908 1038 2980 quasi
1074 2920 1265 2978 parum
1287 2906 1543 2961 decoram
1562 2904 1901 2962 voluerimus
1919 2905 2189 2977 accipere,

611 3007 665 3061 in
704 3003 760 3058 id
800 3000 1106 3062 incidimus,
1144 3004 1205 3051 ut
1236 2996 1370 3051 duos
1419 2994 1561 3050 illius
1601 3007 1724 3050 esse
1764 2994 2028 3050 dicamus.
2080 2992 2194 3050 Nec

610 3096 751 3154 enim
785 3092 933 3166 [Leg.
961 3108 1026 3147 ex
1073 3087 1322 3159 Cyrillo:
1365 3086 1596 3143 Necesse
1641 3093 1724 3141 est
1772 3084 1940 3158 enim]
1988 3084 2195 3141 discer-

612 3202 740 3244 nere
766 3192 823 3240 et
849 3184 1057 3238 discere
1082 3178 1359 3234 hominem
1390 3184 1720 3245 separatum,
1764 3174 1931 3231 fuisse
1955 3175 2071 3231 sola
2094 3174 2191 3230 ﬁlii

612 3274 973 3347 appellatione
994 3271 1335 3330 honoratum,
1362 3274 1417 3321 et
1444 3281 1636 3321 rursus
1658 3266 1914 3331 Verbum,
1945 3265 2090 3336 quod
2109 3273 2196 3322 est

611 3385 678 3427 cx
704 3369 812 3424 Deo
846 3373 902 3421 et
922 3362 1140 3420 nomine
1164 3367 1219 3415 et
1237 3359 1467 3414 veritate
1493 3356 1663 3413 Filius
1683 3355 1781 3412 Dei
1812 3372 1829 3412 :
1858 3358 1955 3413 sed
1984 3356 2193 3413 discer-

612 3476 742 3517 nere
771 3461 826 3514 in
874 3457 1009 3513 duos
1038 3453 1178 3510 ﬁlios
1228 3466 1339 3507 non
1387 3450 1646 3507 debemns
1692 3464 1861 3505 unum
1905 3448 2197 3504 Dominum

611 3551 797 3607 Jesum
823 3546 1118 3602 Christum.
1157 3564 1176 3596 ι
1210 3542 1347 3599 item
1367 3540 1562 3597 beatus
1586 3538 1826 3596 Hilarius
1847 3540 1903 3595 in
1920 3539 2067 3596 libro
2092 3555 2194 3595 no-

612 3660 683 3700 no
718 3642 844 3697 ﬁdei
865 3637 1144 3694 catholicae
1170 3634 1236 3688 ἀς
1275 3652 1293 3685 ι
1332 3631 1461 3689 Haec
1502 3632 1686 3703 itaque
1723 3632 1973 3688 humanae
2018 3632 2193 3688 beati-

613 3736 814 3792 tudinis
844 3733 976 3788 iides
1003 3746 1130 3785 vera
1154 3736 1260 3796 est,
1291 3728 1459 3784 Deum
1484 3735 1539 3783 et
1564 3718 1838 3783 hominem
1868 3727 2191 3798 praedicare,

614 3827 850 3883 Verbum
880 3833 933 3879 et
960 3837 1177 3879 carnem
1210 3819 1478 3877 conﬁteri.
1526 3818 1714 3891 Neque
1742 3817 1913 3874 Deum
1954 3818 2191 3884 nescire,

616 3918 760 3989 quod
784 3925 841 3983 et
888 3917 1052 3971 homo
1097 3915 1188 3980 sit,
1236 3926 1412 3983 neque
1466 3906 1685 3966 carnem
1734 3910 2007 3982 ignorare,
2049 3911 2196 3982 quod

615 4008 850 4065 Verbum
876 4007 965 4062 sit.
1005 4026 1024 4059 ι
1057 4005 1428 4061 Consentanea
1456 4016 1670 4073 quoque
1694 4000 2020 4074 evangelicis
2047 4004 2199 4058 testi-

613 4100 832 4164 moniis,
884 4095 1299 4167 apostolicisque
1340 4092 1605 4149 doctrinis
1652 4102 1710 4148 et
1753 4102 2063 4150 sanctorum
2093 4094 2198 4150 Pa-

614 4203 761 4246 trum
784 4189 1053 4253 sensibus,
1082 4186 1275 4241 beatus
1290 4185 1585 4240 Cassianus
1602 4178 1813 4253 profert
1836 4184 1893 4239 in
1919 4184 2011 4239 illo
2034 4184 2193 4251 libro,

613 4301 774 4356 quem
801 4291 990 4338 contra
1018 4280 1284 4335 haereticus
1309 4275 1590 4346 pravitatis
1616 4282 1826 4331 sectam
1866 4276 2087 4347 scripsit
2128 4288 2153 4317 ε
2178 4293 2191 4329 :

620 4397 638 4428 ι
674 4377 1103 4435 Testamentum,
1133 4368 1326 4438 inquit,
1350 4374 1504 4421 vetus
1527 4364 1803 4422 concinuit
1834 4378 1997 4432 novo,
2027 4365 2197 4423 David

612 4466 805 4522 Joanni
835 4460 1115 4519 concedat.
1165 4477 1185 4511 ι
1216 4458 1286 4513 Ει
1329 4456 1490 4530 paulo
1537 4465 1698 4527 post:
1732 4474 1753 4507 ι
1793 4456 1961 4523 Quem
2004 4472 2195 4513 verum

2290 1981 2452 2039 ritate
2476 1983 2751 2055 passionis
2776 1984 3045 2051 humanae,
3067 2000 3191 2056 quae
3216 1993 3400 2042 nostra
3429 1986 3668 2054 inerant,
3691 1990 3885 2044 redde-

2290 2084 2413 2133 ret:
2458 2086 2515 2134 et
2557 2093 2626 2133 ex
2670 2077 2902 2135 veritate
2944 2077 3311 2157 impassibiiis,
3363 2078 3580 2147 divinae,
3625 2094 3747 2151 qua:
3781 2095 3885 2138 sua

2288 2165 2526 2233 fuerant,
2555 2167 2851 2225 tribuisset.
2892 2168 2965 2225 Et
3001 2168 3082 2224 sic
3125 2168 3411 2240 utriusque
3456 2178 3665 2227 naturae
3694 2172 3886 2227 incon-

2289 2257 2409 2315 fusa
2437 2258 2642 2316 veritas
2679 2258 3016 2332 perduravit,
3042 2268 3105 2313 ut
3142 2273 3243 2315 nec
3283 2260 3445 2316 homo
3470 2275 3503 2315 a
3534 2258 3646 2318 Deo
3677 2260 3883 2328 divelli,

2290 2363 2393 2405 nec
2428 2347 2581 2406 Deus
2617 2366 2651 2405 a
2678 2358 2933 2421 suscepto
2970 2350 3149 2421 possit
3192 2349 3413 2407 homine
3437 2353 3702 2423 separari.
3742 2372 3764 2406 ι
3808 2353 3888 2410 De

2289 2455 2397 2512 qua
2424 2441 2592 2497 etiam
2610 2440 2819 2498 unitate
2840 2440 3175 2499 clarissimus
3196 2442 3385 2499 doctor
3408 2442 3603 2500 beatus
3620 2442 3888 2518 Augusti-

2289 2547 2394 2588 nus
2421 2532 2479 2588 iu
2503 2531 2645 2589 libro
2669 2532 2849 2604 primo
2893 2532 2964 2589 de
3005 2541 3197 2589 sancta
3240 2533 3511 2592 Trinitate
3558 2550 3681 2606 cap.
3724 2534 3899 2592 tertio

2291 2621 2503 2678 decimo
2541 2622 2684 2678 inter
2707 2622 2814 2678 alia
2838 2623 3005 2680 multa
3032 2622 3314 2681 catholica:
3340 2622 3469 2681 ﬁdei
3494 2625 3889 2682 convenientia

2292 2712 2367 2767 ita
2406 2711 2483 2768 ait
2516 2712 2535 2752 ί
2564 2727 2581 2769 :
2617 2730 2639 2764 ι
2673 2711 2791 2768 Nisi
2819 2721 3003 2769 tamen
3042 2713 3186 2770 idem
3214 2715 3330 2787 ipse
3356 2724 3504 2772 esset
3531 2716 3675 2773 ﬁlius
3702 2716 3889 2772 homi-

2288 2801 2397 2867 nis,
2441 2811 2663 2873 propter
2703 2803 2938 2859 formam
2978 2804 3144 2871 servi,
3188 2820 3353 2877 quam
3403 2809 3633 2880 accepit,
3673 2809 3768 2879 qui
3796 2818 3891 2866 est

2290 2891 2461 2949 Filius
2485 2894 2579 2950 Dei
2608 2904 2831 2967 propter
2855 2896 2950 2953 Dei
2980 2895 3236 2964 fortnam,
3266 2900 3323 2955 in
3351 2915 3458 2969 qua
3498 2909 3606 2967 est,
3648 2917 3758 2959 non
3797 2902 3888 2958 di-

2290 2995 2440 3043 ceret
2467 2988 2742 3059 apostolus
2782 2988 2984 3047 Paulus
3018 2990 3087 3046 de
3114 2991 3449 3064 principibus
3471 2992 3633 3065 hujus
3653 2993 3838 3051 saeculi
3869 3013 3889 3050 :

2293 3076 2355 3134 Si
2381 3078 2518 3132 enim
2543 3072 2922 3149 cognovissent,
2954 3095 3223 3151 nunquam
3245 3081 3529 3140 Dominum
3548 3084 3733 3156 gloria
3754 3102 3887 3142 cru-

2294 3166 2578 3236 ciﬁn'uent
2605 3166 2662 3238 (Ι
2693 3166 2817 3224 Cor.
2844 3184 2887 3225 ιι
2903 3210 2920 3234 ,
2945 3168 3025 3242 8).
3049 3169 3130 3226 Ex
3169 3169 3343 3229 forma
3367 3173 3516 3229 enim
3541 3175 3685 3232 servi
3704 3176 3894 3234 cruci-

2298 3254 2437 3312 ﬁxus
2466 3266 2571 3323 est,
2612 3266 2671 3313 et
2714 3266 2898 3315 tamen
2940 3258 3200 3317 Dominus
3242 3263 3748 3335 glorimcruciﬁxus
3769 3279 3883 3327 est.

2295 3347 2441 3403 Talis
2463 3348 2609 3404 enim
2640 3358 2761 3406 erat
2804 3349 2895 3405 illa
2930 3353 3227 3421 susceptio,
3253 3369 3374 3424 quae
3402 3354 3574 3413 Deum
3605 3357 3891 3418 hominem

2295 3440 2521 3509 faceret,
2546 3452 2603 3500 et
2643 3443 2918 3502 hominem
2948 3446 3139 3503 Deum.
3186 3467 3208 3502 ι
3237 3446 3373 3505 item
3411 3450 3472 3507 in
3503 3452 3697 3509 eodem
3742 3453 3892 3510 libro

2295 3548 2416 3604 cap.
2457 3533 2688 3604 septimo
2735 3534 2798 3589 σε
2844 3553 2864 3586 ι
2902 3533 3089 3605 Neque
3112 3536 3257 3593 enim
3296 3539 3379 3594 sic
3412 3541 3623 3612 accepit
3650 3541 3888 3601 formam

2295 3624 2460 3691 servi,
2501 3635 2563 3681 ut
2588 3623 2868 3683 amitteret
2903 3624 3133 3684 formam
3169 3626 3287 3695 Dei,
3323 3627 3380 3685 in
3414 3644 3522 3700 qua
3553 3640 3676 3688 erat
3696 3647 3890 3705 aequa-

2294 3716 2362 3772 lis
2401 3715 2571 3772 Patri.
2606 3735 2627 3771 ι

2366 3818 2454 3875 iV.
2498 3817 2557 3875 Si
2594 3834 2724 3891 ergo
2765 3822 2842 3876 ita
2886 3829 3107 3892 accepta
3152 3830 3239 3877 est
3273 3820 3447 3879 forma
3488 3827 3655 3888 servi,
3685 3835 3747 3891 ut
3772 3843 3889 3885 non

2295 3918 2639 3972 amitteretur
2674 3914 2849 3970 forma
2882 3913 2999 3981 Dei,
3041 3931 3165 3972 cum
3190 3925 3248 3971 et
3289 3918 3345 3971 in
3371 3915 3545 3973 forma
3574 3920 3717 3975 servi
3740 3929 3796 3976 et
3826 3922 3891 3977 in

2297 4006 2471 4064 forma
2498 4007 2592 4063 Dei
2622 4006 2765 4062 idem
2802 4007 2918 4077 ipse
2962 4008 3035 4063 sit
3079 4006 3252 4064 Filius
3294 4010 3606 4081 unigenitus
3643 4010 3740 4068 Dei
3779 4011 3892 4068 Pa-

2298 4101 2397 4156 tris
2427 4118 2442 4153 :
2489 4099 2640 4155 illum
2670 4113 2833 4169 quem
2875 4107 3055 4156 vestra
3086 4100 3368 4156 temeritas
3393 4098 3625 4157 allirmat
3666 4101 3890 4173 adopti-

2296 4205 2448 4257 vum,
2494 4190 2637 4245 hunc
2664 4189 2855 4246 beatus
2879 4189 3214 4261 Augustinus
3241 4202 3349 4245 non
3388 4190 3655 4246 dubitavit
3690 4193 3889 4264 unige-

2298 4282 2473 4337 nitum
2502 4280 2803 4338 nominare.
2832 4280 2938 4336 Ubi
2976 4279 3288 4353 unigenitus
3311 4288 3414 4345 est,
3457 4279 3531 4338 ibi
3560 4283 3736 4338 locum
3772 4301 3889 4340 non

2296 4375 2460 4431 habet
2481 4374 2785 4445 adoptivus.
2816 4372 2927 4430 Nec
2944 4374 3237 4431 secundum
3261 4381 3498 4430 vestram
3524 4378 3889 4435 assertionem

2296 4464 2606 4536 unigenitus
2631 4472 2715 4520 est
2752 4472 2961 4520 tantum
2990 4464 3042 4519 in
3065 4462 3248 4520 divina
3282 4472 3501 4531 natura,
3531 4474 3587 4521 et
3612 4467 3890 4539 primoge.

613 4558 887 4614 hominem
909 4552 1040 4608 dicit
1061 4550 1252 4614 David,
1281 4550 1407 4618 quia
1432 4556 1608 4603 mater
1636 4547 1766 4604 Sion
1792 4548 1961 4603 dicit:
1995 4548 2189 4615 Homo,
2223 4568 2271 4627 ι)
2297 4556 2446 4611 nitus
2489 4556 2546 4612 in
2588 4554 2863 4621 humana;
2903 4556 3031 4627 quia
3074 4554 3235 4612 beata
3283 4555 3447 4627 Virgo
3496 4557 3725 4614 alterum
3771 4577 3888 4619 non

610 4660 658 4704 et
678 4650 832 4702 homo
863 4653 1017 4699 natus
1041 4644 1099 4696 in
1129 4658 1210 4705 ea,
1239 4639 1486 4695 eumdem
1516 4653 1705 4694 verum
1736 4637 1905 4696 Deum
1936 4639 2113 4696 credit
2135 4649 2192 4696 et

611 4740 891 4812 praedicat,
918 4736 1045 4807 quia
1097 4735 1206 4804 ipse
1256 4729 1499 4804 fundavit
1527 4742 1645 4784 eam
1687 4730 1986 4786 Altissimus
2015 4731 2190 4804 (Ptol.

613 4842 841 4892 tum,
880 4823 956 4897 5).
1003 4821 1173 4890 Quem
1204 4834 1391 4875 verum
1437 4817 1711 4873 hominem
1757 4820 1908 4873 novit
1954 4816 2193 4876 Joannes

610 4921 838 4977 audiens
869 4932 992 4972 eum
1022 4914 1287 4969 dicentem
1312 4928 1326 4962 :
1368 4906 1617 4974 Qwﬁtis
1646 4926 1727 4963 me
1753 4910 1987 4965 occidere
2022 4911 2191 4965 homi-

611 5027 750 5076 nem,
778 5008 866 5081 qui
885 5006 1147 5061 veritatem
1176 5002 1378 5055 locutus
1401 5016 1519 5054 sum
1544 5000 1685 5054 vobis
1715 4998 1773 5072 (1
1777 5016 1896 5055 οαη.
1926 5017 2047 5069 vm,
2072 5001 2185 5074 40);

684 5187 711 5217 ι
748 5173 811 5228 Β.
852 5169 1028 5227 Procli
1052 5166 1276 5239 epistola
1304 5173 1361 5220 et
1380 5172 1560 5220 textus
1586 5171 1802 5219 exstant
1834 5161 1888 5216 in
1915 5161 2054 5218 Bibi.
2081 5162 2185 5219 PP.

614 5243 1073 5382 ῳιῖιῂδγὲγπιιιυς
1094 5307 1248 5382 Alex.
1277 5306 1331 5360 in
1371 5302 1604 5360 Scholiis
1628 5310 1761 5357 tom.
1790 5302 2188 5382 V,__uhi‘_tamen

612 5378 767 5441 deest
805 5371 1171 5438 testimonium
1200 5378 1426 5431 alterum
1465 5384 1809 5444 postpauca.
1843 5371 2054 5427 Similia
2078 5371 2192 5429 fere

615 5456 782 5527 habet
806 5449 1101 5527 Cyrillus‘l.
1128 5449 1250 5527 (ιιι...
1273 5461 1405 5527 cap.
1426 5445 1514 5499 17.
1769 5513 1784 5527 _
1816 5513 1827 5525 .
1942 5511 1976 5527 ﬂ

686 5536 717 5565 ε-
750 5524 808 5578 S.
837 5513 1006 5595 (δτι-ἑξ
1036 5534 1141 5595 non
1181 5515 1255 5595 ibi
1293 5513 1406 5595 post
1435 5528 1644 5595 pauca,
1688 5513 1785 5595 sed
1815 5513 2018 5595 innaiig
2045 5514 2183 5595 loco,

613 5583 914 5715 mf?
965 5583 1630 5715 ggiiﬂetagmugswrauum
1654 5592 1814 5709 ἥθ’
1841 5583 2185 5711 Emam?

615 5662 932 5733 Mansipag.
971 5662 1098 5723 890,
1126 5665 1180 5711 et
1208 5664 1339 5711 tom.
1372 5662 1431 5718 ν,
1484 5669 1611 5725 pag.
1654 5662 1791 5719 497;
1841 5664 1896 5709 et
1936 5662 2068 5709 tom.
2121 5662 2187 5722 ν,

614 5743 752 5805 part.
777 5750 819 5789 ιι
850 5733 1096 5805 Operum_
1122 5726 1181 5782 S.
1207 5724 1393 5805 Cyrilli
1437 5722 1691 5805 epistuli,
1718 5739 1842 5805 pag:
1872 5724 1965 5789 24,
1989 5726 2191 5805 ubique

616 5793 792 5860 iaiucn
836 5793 1015 5860 teitus
1057 5793 1670 5864 Grtnci'interpretatio.
1710 5793 1931 5850 ah’hac
1976 5793 2187 5850 Alcu'ini

2297 4648 2504 4721 genuit,
2531 4648 2637 4704 nisi
2662 4663 2850 4703 verum
2876 4656 2933 4703 et
2959 4650 3101 4706 hunc
3128 4647 3467 4719 unigenitum
3499 4648 3597 4704 Dei
3622 4648 3799 4705 Patris
3826 4662 3889 4708 et

2294 4754 2472 4795 suum.
2517 4739 2653 4795 item
2710 4737 3102 4809 primogenitus
3151 4738 3207 4794 in
3258 4736 3614 4802 humanitate,
3677 4748 3737 4794 ut
3799 4743 3889 4798 ait

2295 4830 2633 4902 Evangeiista
2657 4844 2674 4883 :
2700 4828 2873 4884 Donec
2895 4829 3091 4899 peperit
3115 4828 3286 4898 ﬁlium
3305 4844 3456 4884 suum
3478 4831 3889 4901 primogenitum

2295 4921 2513 4995 (Matth.
2543 4939 2590 4987 i,
2622 4918 2715 4991 25)
2747 4938 2759 4972 :
2792 4921 2845 4974 in
2874 4919 3060 4974 divina
3097 4934 3229 4976 vero
3269 4920 3570 4985 nativitate,
3615 4923 3755 4977 sicut
3802 4926 3887 4979 ait

2291 5011 2581 5082 Apostolus
2610 5029 2622 5065 :
2659 5008 3049 5081 Primogenitus
3088 5010 3256 5065 omnis
3296 5020 3550 5067 creatura:
3570 5010 3791 5083 (Coloss.
3830 5032 3880 5081 I,

2290 5165 2469 5236 quoad
2494 5165 2659 5236 verba
2689 5162 2882 5236 differt-

2362 5234 2389 5274 ά
2432 5234 2491 5290 S.
2532 5232 2702 5289 llilar.
2736 5234 2829 5288 iih.
2858 5249 2915 5288 ιι
2934 5234 3001 5290 de
3028 5232 3245 5300 Trinit.,
3282 5251 3432 5289 num.
3463 5237 3515 5291 5.

2369 5318 2392 5345 ε
2433 5306 2564 5376 Quis
2592 5306 2664 5360 sit
2697 5303 2854 5370 liber,
2884 5320 3045 5376 quem
3076 5304 3367 5360 Cassianus
3391 5315 3580 5360 contra
3603 5305 3883 5365 litereticu:

2291 5375 2572 5447 pravitatis
2598 5385 2822 5447 sectam,
2860 5375 2953 5447 aut
2977 5376 3043 5429 dc
3066 5385 3404 5447 sacramento
3430 5377 3696 5447 passionis
3716 5376 3882 5433 Chri-

2294 5444 2389 5511 ὲιί,
2428 5455 2562 5510 etc.,
2611 5446 2849 5515 scripsit,
2897 5446 3107 5516 ignoro.
3132 5444 3190 5499 lu
3234 5445 3385 5502 libris
3411 5444 3478 5502 de
3495 5447 3884 5506 incarnatione

2294 5515 2507 5599 Domini
2533 5519 2632 5571 hos
2680 5524 2879 5581 textus,
2917 5515 3010 5587 qui
3040 5516 3130 5569 hic
3175 5517 3432 5583 citantur,
3481 5518 3716 5586 reperire
3765 5535 3882 5577 nou

2368 5599 2465 5642 ιιιι.

2292 5603 2465 5658 pomi.

2371 5658 2395 5741 ξ
2434 5656 2493 5741 .S:
2525 5657 2735 5741 Anan]:
2762 5656 2876 5721 cit.,
2914 5671 3062 5741 llum.
3087 5655 3177 5710 26.

2371 5730 2395 5768 ε
2434 5727 2579 5783 idem
2612 5726 2742 5783 ibid.
2772 5741 2891 5796 cap.
2933 5727 2987 5791 7,
3020 5742 3167 5781 num.
3210 5727 3273 5780 ιι
