4136 6614
217 415 333 472 ΓΠ
937 427 1357 491 DOGMATICA.
1396 466 1470 478 --
1502 435 1665 493 ADV.
1708 435 2011 495 FELICEM
2048 440 2230 501 LIBRI
2275 443 2383 501 \‘ll.
2417 476 2481 487 —
2516 444 2644 505 LIB.
2683 449 2776 505 Π.
3417 449 3514 505 178

217 537 336 611 15).
365 536 435 595 Et
457 538 576 611 ipse
614 550 699 600 est
714 553 856 602 'ante
882 562 1096 616 omnes,
1138 560 1195 606 et
1235 552 1505 608 omniain
1548 553 1643 608 illo
1683 569 1813 611 cou-
1839 557 1891 615 Δ
1917 560 2188 625 quomodo
2235 560 2559 619 universalis
2608 562 2849 619 Ecclesia
2886 577 2985 633 per
3032 573 3203 620 totum
3250 564 3511 619 mundum

210 641 388 688 stant.
418 630 731 693 Secundum
756 637 987 696 formam
1026 644 1170 698 servi
1197 644 1310 715 ipse
1331 654 1418 699 est
1438 654 1601 716 caput
1622 662 1819 718 corpo-

210 726 296 782 ris
326 726 604 786 Ecclesiae.
660 731 738 787 De
786 736 1057 792 sententia
1083 753 1215 794 vero
1264 739 1504 796 doctoris
1551 743 1816 814 gentium,

209 834 383 890 quam
431 820 653 880 beatum
688 824 1053 900 Augustinum
1091 847 1257 902 supra
1309 834 1626 904 exposuisse
1670 833 1815 889 dixi—

207 927 373 969 mus:
410 912 472 971 Si
499 917 641 972 enim
662 922 1047 991 cognovissent,
1078 940 1346 996 nunquam
1391 925 1678 981 Dominum
1698 925 1815 998 glo-

209 1001 311 1057 ria:
334 1004 722 1075 cruciﬁxissent
745 1025 766 1063 :
795 1009 1048 1082 egregius
1092 1012 1285 1069 doctor
1327 1012 1564 1084 Cyrillus
1612 1015 1666 1069 in
1698 1015 1815 1085 epi-

205 1091 352 1147 stola
381 1095 617 1152 secunda
632 1098 702 1154 ad
714 1097 1039 1156 Successum
1055 1102 1133 1158 ait
1153 1115 1179 1145 ι
1207 1124 1220 1158 ;
1246 1122 1264 1155 ι
1293 1103 1411 1159 Non
1432 1106 1605 1161 solum
1635 1107 1815 1164 Domi-

200 1197 342 1240 num
380 1187 590 1257 glorim,
615 1190 712 1247 sed
740 1199 797 1246 et
837 1193 1008 1249 Deum
1036 1210 1200 1267 super
1232 1197 1417 1252 omnia
1462 1197 1811 1257 benedictum

207 1276 268 1331 in
329 1279 528 1335 secula
580 1280 931 1340 beatissimus
981 1284 1186 1342 Paulus
1245 1287 1483 1343 ailirmat
1528 1290 1810 1359 proprium

201 1373 363 1428 verbi
401 1389 600 1445 corpus
628 1374 847 1433 allixum
870 1377 925 1433 in
952 1378 1119 1451 ligno.
1160 1400 1181 1434 ι
1214 1380 1415 1439 Petrus
1448 1397 1667 1453 quoque
1697 1382 1807 1438 Ra-

200 1468 502 1524 veunensis
528 1470 818 1541 episcopus
844 1471 911 1528 de
929 1470 1035 1530 hac
1058 1482 1249 1529 sancta
1281 1474 1403 1538 tlde,
1447 1476 1593 1544 quod
1624 1473 1807 1542 Jesus,

200 1562 303 1632 qui
347 1577 416 1618 es
447 1562 673 1635 Virgine
712 1574 876 1621 natus
916 1576 1025 1633 est,
1061 1582 1224 1624 verus
1268 1568 1341 1623 sit
1385 1567 1554 1634 Deus,
1603 1567 1661 1624 in
1705 1583 1808 1625 suo

200 1672 460 1713 sermone
478 1660 799 1729 conﬁrmat;
828 1659 907 1717 ait
931 1663 1079 1719 enim
1108 1662 1254 1718 inter
1277 1662 1385 1718 alia
1422 1663 1707 1720 catholicae
1736 1662 1801 1718 ti-

197 1750 293 1805 dei
337 1750 648 1809 testimonia
677 1752 708 1794 1³
744 1772 758 1808 :
804 1773 822 1806 ι
872 1752 1182 1826 Concipies,
1232 1756 1409 1827 inquit
1453 1756 1701 1831 angelus,
1748 1758 1805 1812 in

195 1850 388 1910 utero,
415 1852 475 1901 et
511 1847 694 1915 paries
717 1846 939 1917 Filium,
985 1857 1043 1906 et
1066 1850 1291 1905 vocabis
1330 1865 1529 1907 nomen
1557 1848 1677 1919 ejus
1714 1848 1805 1907 Je-

1918 650 2193 705 communi
2220 656 2642 725 consuetudine,
2684 660 2848 713 etiam
2882 668 2938 714 et
2983 676 3099 725 vos,
3127 669 3189 715 ut
3245 676 3399 715 reor.
3455 659 3512 715 in

1915 739 2170 797 omnibus
2188 744 2527 804 orationibus
2555 764 2677 818 quae
2703 750 2759 805 in
2785 751 3073 807 missarum
3103 750 3381 806 solemniis
3419 751 3517 806 de-

1915 838 2227 901 cantantur,
2254 835 2435 894 dicere
2463 838 2636 896 solet:
2676 839 2784 895 Per
2814 841 2995 895 Iesum
3025 841 3290 896 Christum
3328 842 3515 895 Domi-

1915 937 2041 977 num
2067 934 2328 992 nostrum,
2356 929 2446 998 qui
2480 938 2651 984 tecum
2678 931 2797 985 vivit
2824 942 2871 985 et
2922 940 3102 1003 regnat
3132 931 3271 985 Deus
3298 934 3352 985 in
3393 934 3513 983 uni—

1912 1024 2021 1071 tate
2043 1015 2275 1087 Spiritus
2300 1021 2472 1074 sancti
2493 1038 2590 1093 per
2615 1022 2791 1076 omnia
2813 1023 3009 1079 δίκαια
3035 1023 3371 1079 srrculorum.
3401 1024 3512 1080 Sed

1913 1118 1969 1166 et
1993 1111 2109 1182 ipse
2129 1111 2207 1165 ait
2233 1112 2493 1182 apostolis
2522 1115 2657 1181 suis,
2693 1115 2787 1185 qui
2824 1130 3018 1186 passus
3050 1124 3135 1171 est
3180 1124 3235 1170 et
3262 1130 3513 1172 resurre-

1911 1198 2029 1257 xit:
2060 1200 2203 1257 Data
2230 1211 2307 1257 est
2351 1204 2481 1258 mihi
2506 1205 2676 1259 omnis
2724 1213 2953 1277 potestas
2980 1207 3034 1260 in
3060 1205 3187 1261 casio
3212 1217 3261 1261 et
3284 1207 3340 1262 in
3364 1217 3509 1263 terra

1911 1291 2127 1365 (Matth.
2159 1310 2315 1359 xvm,
2339 1295 2452 1369 18).
2480 1296 2579 1351 Cui
2606 1296 2733 1353 data
2777 1308 3036 1368 potestas,
3065 1299 3169 1354 nisi
3198 1298 3271 1353 illi
3297 1300 3391 1370 qui
3438 1300 3506 1355 de

1911 1383 2132 1455 Virgine
2178 1393 2340 1442 natus
2389 1386 2511 1441 est?
2545 1402 2671 1442 nam
2707 1388 2849 1443 sicut
2899 1388 3059 1458 paulo
3103 1397 3228 1443 ante
3274 1387 3503 1444 dixisti:

1916 1492 1934 1525 ι
1964 1474 2062 1530 Dei
2086 1474 2260 1531 Filius
2307 1490 2375 1532 ex
2400 1476 2511 1533 Deo
2538 1478 2970 1535 substantialiter
2999 1490 3179 1547 natus,
3207 1482 3511 1537 essentiali-

1909 1574 1994 1622 ter
2019 1566 2209 1622 habuit
2246 1581 2466 1623 omnem
2506 1576 2832 1639 potestatem
2875 1586 2999 1626 cum
3027 1571 3189 1627 Patre
3218 1580 3272 1628 et
3298 1572 3509 1644 Spiritu

1907 1667 2136 1715 sancto:
2168 1658 2266 1714 sed
2295 1658 2412 1714 haec
2440 1669 2683 1731 potestas
2731 1660 2857 1716 data
2897 1671 2983 1717 est
3008 1662 3145 1717 Filio
3186 1663 3444 1736 Virginis.
3478 1685 3496 1719 ι

1906 1749 1976 1805 Et
1995 1751 2041 1805 si
2067 1765 2287 1806 omnem
2305 1759 2630 1822 potestatem
2674 1752 2857 1818 habet,
2885 1756 3156 1824 quomodo
3177 1764 3355 1825 potest
3383 1771 3506 1813 esse

1907 1849 1967 1896 ut
2006 1856 2117 1897 non
2145 1842 2221 1896 sit
2240 1842 2571 1898 omnimodis
2617 1858 2782 1901 verus
2831 1844 2974 1902 Deus
3023 1856 3075 1902 el
3122 1859 3284 1904 verus
3334 1847 3505 1904 Filius

191 1948 347 2000 sum,
378 1934 525 2006 quod
572 1935 841 1994 Hebraice
887 1937 1067 2007 Jews,
1117 1938 1307 1995 cmce
1356 1946 1557 2018 σωτήρ,
1606 1940 1803 1998 Latine
1833 1941 1881 2003 Β
1907 1931 2037 1989 Dei?
2063 1932 2276 2004 Moyses
2305 1932 2406 1989 fuit
2435 1934 2577 1990 Deus
2600 1938 3020 2006 nuncupativus,
3044 1947 3223 1994 tamen
3243 1954 3350 1996 non
3376 1940 3502 1996 data

192 2024 456 2083 Salvator
496 2028 906 2101 interpretatur.
954 2030 1148 2087 Merito
1188 2032 1355 2105 igitur
1387 2034 1596 2107 Virgini
1644 2035 1794 2091 salva

189 2124 330 2173 sunt
352 2117 537 2172 omnia
582 2134 705 2191 qua:
732 2121 918 2192 genuit
958 2119 1317 2179 Salvatorem.
1348 2122 1419 2179 Et
1464 2126 1669 2182 vocabis
1700 2144 1815 2183 no-

188 2224 318 2263 men
344 2208 461 2279 ejus
503 2208 686 2266 Iesum
728 2210 960 2283 (Luat,
999 2213 1113 2282 51),
1141 2214 1270 2283 quia
1320 2216 1375 2271 in
1427 2217 1534 2273 hoc
1578 2220 1799 2277 nomine

188 2300 430 2357 Deitatis
467 2303 727 2359 adorator
753 2311 865 2359 tota
909 2303 1168 2374 majestas
1202 2324 1215 2361 :
1269 2322 1462 2364 omnes
1500 2309 1594 2379 qui
1640 2326 1793 2367 com-

188 2400 488 2447 morantur
530 2393 585 2449 iu
621 2392 795 2460 cmlis,
826 2395 1069 2452 universi
1095 2398 1187 2467 qui
1215 2397 1463 2453 habitant
1507 2400 1563 2455 in
1611 2403 1793 2469 terris,

182 2484 379 2541 cuncti
408 2484 499 2555 qui
528 2485 583 2542 in
627 2486 899 2557 profundo
942 2496 1196 2545 tenentur
1234 2489 1454 2557 inferni,
1497 2492 1626 2550 huic
1669 2510 1797 2566 pro-

182 2584 450 2633 sternunt
474 2577 705 2644 nomini,
751 2578 856 2635 hoc
883 2580 1135 2636 adorant.
1180 2582 1324 2637 Audi
1360 2582 1682 2655 Apostolum
1712 2587 1796 2643 di-

182 2676 412 2724 centem
437 2682 451 2722 :
485 2664 551 2723 Ut
578 2670 634 2724 in
661 2670 870 2725 nomine
893 2669 1027 2727 Jesu
1053 2688 1205 2728 omne
1249 2690 1385 2745 genu
1414 2676 1663 2745 ﬂectatur
1684 2694 1791 2733 cm-

180 2758 432 2825 lestium,
491 2760 821 2816 terrestrium
872 2770 921 2816 et
951 2761 1284 2833 infernarum
1309 2764 1537 2839 (Philip.
1570 2783 1636 2833 ιι,
1674 2768 1788 2844 10).

179 2849 309 2905 Hoc
359 2865 557 2906 nomen
599 2860 702 2917 est,
752 2853 897 2924 quod
931 2854 1080 2911 dedit
1107 2856 1267 2913 czecis
1304 2857 1503 2925 visum,
1545 2862 1791 2918 auditum

177 2942 396 3008 surdis,
449 2942 657 3000 claudis
706 2960 953 3013 cursum,
1006 2963 1314 3006 sermonem
1364 2951 1567 3017 mutis,
1621 2954 1791 3010 vitam

176 3037 447 3103 mortuis,
498 3045 776 3110 totamque
821 3039 1020 3096 diaboli
1068 3049 1393 3113 potestatem
1434 3044 1503 3101 de
1551 3045 1791 3103 obsessis

176 3132 513 3204 corporibus
533 3132 707 3188 virtus
748 3130 868 3202 ejus
906 3134 1143 3191 nominis
1180 3133 1457 3207 eiiugavit.
1506 3137 1573 3194 Et
1605 3139 1652 3194 si
1692 3156 1791 3197 no-

177 3239 315 3279 men
346 3230 559 3279 tantum
578 3231 686 3291 est,
710 3232 916 3294 quanta
938 3226 1212 3295 potestas?
1242 3224 1350 3283 Sed
1387 3229 1511 3306 quis
1541 3237 1628 3285 est
1655 3231 1781 3298 iste,

176 3406 390 3476 inquit,
420 3404 677 3461 Altissimi
701 3404 972 3461 vocabitur
995 3405 1147 3478 (Luc.
1178 3422 1226 3473 ι.
1257 3406 1371 3479 52).
1404 3409 1633 3479 Videtis,
1656 3415 1787 3485 quia

176 3498 334 3568 quod
362 3499 612 3569 concepit
640 3497 822 3570 Virgo,
850 3513 960 3553 non
992 3507 1211 3556 terreno
1253 3502 1516 3572 germine,
1546 3506 1643 3561 sed
1675 3522 1789 3565 caa-

176 3591 311 3645 lesti
350 3599 615 3660 conceptu
650 3591 816 3662 Virgo
849 3591 1081 3661 peperit,
1114 3591 1209 3647 sed
1238 3592 1383 3650 Deus
1420 3598 1661 3670 suscepit
1694 3598 1787 3655 Fi-

175 3682 319 3738 lium
359 3691 409 3735 ε.
448 3681 590 3754 Ergo
635 3682 730 3752 qui
777 3679 845 3737 de
891 3682 995 3737 hac
1042 3682 1327 3741 uativitate
1357 3686 1596 3745 humano
1624 3691 1787 3748 modo

174 3774 449 3843 disputat,
476 3773 546 3828 ad
572 3788 791 3829 omnem
816 3773 988 3829 tendit
1012 3774 1148 3829 tanti
1170 3775 1433 3848 genitoris
1457 3775 1732 3849 injuriam.
1759 3802 1779 3835 ι

253 3865 422 3937 823
448 3864 511 3920 γ.
541 3863 805 3937 Intellige,
840 3879 876 3920 ο
904 3863 1120 3922 indocta
1164 3867 1465 3936 temeritas,
1508 3869 1640 3941 quid
1661 3881 1787 3943 post

174 3967 462 4013 tantorum
492 3956 713 4011 Patrum
752 3956 1061 4012 testimonia
1104 3956 1334 4029 relinqui
1380 3960 1552 4031 possit
1578 3976 1785 4019 nuncu-

170 4050 420 4122 pationis
445 4050 498 4105 in
526 4050 744 4106 Christo
766 4050 850 4105 vel
869 4051 1194 4122 adoptionis.
1222 4053 1364 4110 Dicit
1386 4055 1500 4125 ipsa
1527 4056 1779 4115 Veritas:

177 4144 343 4212 Quod
372 4143 511 4199 Deus
549 4145 847 4218 conjunxit,
871 4147 1027 4202 homo
1056 4165 1161 4203 non
1184 4160 1388 4221 separet
1413 4149 1630 4223 (Matth.
1665 4170 1779 4220 xxx,

175 4236 264 4309 6).
306 4234 450 4291 Deus
479 4235 759 4307 conjunxit
786 4238 1024 4308 seipsum
1055 4238 1307 4296 humanae
1355 4249 1586 4308 natum,
1611 4254 1672 4298 ut
1695 4260 1782 4302 es-

173 4334 267 4385 set
317 4343 459 4383 unus
482 4327 625 4384 Deus
662 4328 715 4383 in
750 4327 959 4385 duabus
1005 4331 1259 4395 naturis,
1312 4339 1368 4386 et
1419 4349 1562 4388 unus
1613 4333 1781 4392 Filius

173 4418 278 4477 Dei
306 4437 319 4473 :
350 4421 471 4490 quis
496 4429 579 4476 est
605 4421 696 4492 qui
721 4421 895 4492 possit
930 4416 1187 4490 separare
1225 4421 1367 4492 quod
1394 4420 1552 4479 Jesus
1576 4425 1781 4480 aduna-

169 4512 275 4577 vit,
305 4510 389 4567 vel
417 4510 661 4567 dividere
689 4512 833 4583 quod
874 4510 1016 4567 Deus
1043 4511 1362 4583 conjunxit?
1411 4512 1547 4569 Nam
1574 4513 1623 4571 si
1644 4516 1781 4573 duas

172 4617 444 4677 personas
471 4603 524 4657 in
569 4617 679 4658 uno
703 4602 923 4660 Christo
965 4611 1187 4676 propter
1234 4613 1478 4675 apertam
1530 4604 1781 4678 blasphev

1909 2025 2055 2082 estei
2080 2025 2259 2082 omnis
2279 2035 2522 2096 potestas
2547 2045 2561 2082 :
2590 2027 2710 2084 ideo
2732 2030 2969 2085 secundo
2996 2032 3267 2101 percussit
3287 2042 3501 2105 petram

1902 2116 1973 2172 ad
2007 2117 2329 2174 eliciendam
2359 2135 2579 2191 aquam.
2621 2120 2893 2193 Quidquid
2946 2139 3076 2181 vero
3107 2126 3499 2183 miraculorum

1901 2204 2154 2262 Christus
2204 2207 2375 2279 gessit
2416 2209 2471 2264 in
2503 2212 2704 2267 mundo
2733 2251 2749 2277 ,
2815 2212 2941 2267 dum
2969 2214 3169 2270 visibili
3208 2219 3501 2287 praesentia

1900 2305 2256 2354 conversatus
2277 2308 2361 2354 est
2386 2300 2530 2357 inter
2575 2302 2843 2368 homines,
2874 2307 3096 2376 propria
3122 2309 3324 2364 virtute
3368 2308 3503 2366 fecit

1898 2398 1959 2444 ut
1978 2398 2170 2461 potens
2190 2399 2246 2447 et
2267 2405 2428 2447 verus
2455 2392 2615 2449 Deus.
2654 2392 2906 2465 Nunquid
2934 2397 3132 2467 aliquis
3181 2407 3494 2455 sanctorum

1896 2498 1996 2554 per
2020 2499 2079 2540 se
2110 2483 2288 2553 potuit
2331 2484 2534 2555 aliquid
2565 2484 2744 2543 facere
2779 2489 2985 2559 absque
3011 2504 3077 2545 eo
3106 2492 3197 2560 qui
3222 2491 3333 2546 ait:
3369 2490 3498 2547 Sine

1896 2589 1979 2628 me
2004 2571 2137 2628 nihil
2160 2575 2375 2645 potestis
2413 2574 2588 2645 facere
2626 2573 2812 2648 (Joan.
2840 2593 2935 2644 xv,
2965 2577 3065 2651 5)?
3104 2580 3201 2636 Dic
3230 2595 3360 2652 ergo
3388 2590 3442 2636 tu
3473 2624 3509 2645 ,.

1897 2661 2042 2718 unde
2067 2662 2123 2717 in
2172 2663 2392 2720 nomine
2420 2662 2548 2720 Jesu
2595 2674 2777 2723 tantas
2815 2667 3042 2724 virtutes
3090 2670 3324 2727 fecerint
3372 2688 3499 2743 apo-

1895 2752 2043 2819 stoli,
2076 2754 2123 2810 si
2148 2752 2264 2825 ipse
2284 2753 2443 2811 Jesus
2467 2771 2576 2812 non
2603 2758 2794 2814 habuit
2828 2760 3106 2832 propriam
3142 2771 3494 2833 potestatem,

1894 2845 1990 2902 sed
2015 2845 2466 2917 uuncupativam?
2489 2848 2588 2905 Dic
2635 2865 2871 2922 quoque,
2906 2866 3060 2923 rogo,
3093 2853 3185 2923 qui
3212 2854 3491 2910 contradi-

1894 2936 1974 2992 cis
1997 2936 2266 2993 divinitati
2299 2937 2449 3005 Jesu,
2477 2949 2534 2995 et
2562 2956 2669 2996 non
2704 2942 2789 2997 vis
2820 2941 2874 2997 in
2914 2958 2981 2999 eo
3020 2951 3346 3014 potestatem
3374 2960 3497 3002 esse

1892 3032 2193 3102 propriam,
2221 3033 2316 3089 sed
2356 3049 2555 3091 munus
2612 3035 2858 3103 alterius,
2883 3037 3155 3109 quomodo
3201 3049 3257 3096 et
3297 3055 3496 3097 nomen

1891 3120 2011 3193 ejus
2041 3131 2246 3179 tantam
2299 3134 2626 3195 potestatem
2657 3126 2867 3195 habuit,
2897 3144 3003 3199 qua
3048 3131 3182 3199 ipse,
3210 3129 3366 3201 cujus
3392 3133 3498 3189 hoc

1897 3232 2095 3274 nomen
2124 3225 2228 3281 est,
2259 3226 2321 3273 ut
2356 3228 2413 3274 tu
2440 3218 2786 3292 blasphemas
2810 3263 2827 3288 ,
2885 3224 3074 3293 eguit?
3100 3222 3383 3292 Quomodo
3439 3229 3504 3283 in.

176 3314 281 3385 qui
303 3321 534 3370 vocatur
563 3315 672 3371 hoc
708 3314 964 3372 nomine?
985 3315 1142 3374 Dicat
1163 3304 1445 3389 Angelus:
1478 3318 1550 3375 Et
1585 3318 1786 3389 Filius,
1815 3304 1866 3372 (Ξ
1894 3312 2114 3368 nomine
2137 3308 2255 3380 ejus
2285 3312 2558 3369 daanioues
2583 3312 2765 3384 ejecti,
2798 3315 3005 3372 debiles
3028 3318 3239 3381 curati,
3290 3320 3502 3376 mortui-

1891 3400 2142 3461 suseitati
2168 3401 2331 3456 sunt?
2357 3401 2551 3459 Petrus
2582 3404 2727 3459 enim
2753 3405 3031 3475 apostolus
3055 3406 3251 3465 claudo
3273 3408 3367 3469 illi,
3400 3411 3494 3480 qui

1890 3490 2114 3549 sedebat
2140 3492 2208 3546 ad
2228 3491 2534 3562 speciosam
2571 3503 2785 3564 portam
2821 3496 3027 3567 templi,
3057 3499 3113 3553 in
3150 3501 3379 3565 nomine,
3411 3503 3494 3555 in-

1891 3584 2029 3657 quit,
2060 3583 2192 3640 Iesu
2234 3582 2434 3641 Christi
2469 3603 2625 3658 surge
2674 3598 2723 3642 et
2753 3588 2966 3643 ambula
3014 3590 3150 3660 (Act.
3186 3608 3267 3659 Ill,
3298 3591 3374 3664 6).
3428 3594 3494 3649 Et

1889 3678 2086 3734 iterum
2117 3677 2173 3732 in
2202 3677 2425 3735 civitate
2450 3675 2619 3751 Joppe
2649 3679 2717 3736 ad
2764 3696 2889 3735 cum
2927 3683 3021 3751 qui
3047 3683 3115 3738 ab
3172 3684 3331 3741 annis
3366 3696 3493 3741 octo

1887 3771 2221 3843 paralyticus
2256 3771 2474 3842 iacebat
2516 3771 2570 3826 iu
2611 3771 2787 3829 lecto:
2824 3771 3038 3838 Αῖηεα,
3089 3786 3244 3831 sanat
3271 3786 3320 3831 te
3344 3817 3359 3843 ,
3413 3779 3491 3833 in-

1885 3862 2026 3935 quit,
2054 3863 2213 3919 Jesus
2236 3861 2501 3929 Christus,
2527 3879 2682 3935 surge
2707 3874 2755 3918 et
2786 3874 2959 3920 sterne
2987 3865 3081 3920 tibi
3113 3866 3252 3935 (Art.
3280 3869 3488 3939 1x554).

1886 3955 2086 4011 Paulus
2121 3970 2337 4027 quoque
2372 3956 2442 4011 ad
2496 3955 2749 4026 spiritum
2777 3955 3062 4012 Pithonis:
3096 3956 3380 4031 Prtt'cipt'o,
3407 3961 3489 4014 iu-

1884 4050 2024 4120 quit,
2055 4048 2148 4103 tibi
2168 4050 2223 4102 in
2266 4048 2476 4103 nomine
2511 4046 2642 4102 Iesu
2682 4046 2902 4112 Christi,
2933 4050 3018 4104 cxi
3044 4052 3111 4104 ab
3140 4067 3224 4105 ea.
3269 4050 3336 4104 Et
3359 4054 3487 4106 exiit

1883 4141 1949 4197 ab
1967 4158 2031 4197 ea
2057 4140 2380 4196 dazmonium
2410 4139 2548 4212 (Act.
2573 4154 2658 4204 xv,
2693 4139 2803 4211 16).
2826 4140 2998 4208 Quam
3025 4141 3182 4214 longe
3211 4157 3341 4213 ergo
3364 4144 3482 4199 lucc

1883 4232 2231 4289 imbecillitas
2259 4247 2289 4286 a
2320 4232 2552 4287 Domino
2578 4230 2762 4297 fuerit,
2788 4232 2915 4288 hinc
2946 4233 3219 4305 intellige,
3267 4236 3486 4304 quando

1881 4339 1985 4380 uec
2013 4324 2088 4379 illi
2119 4322 2418 4380 imbecilles
2446 4322 2683 4389 fuerunt,
2712 4324 2805 4395 qui
2834 4324 2960 4379 talia
2990 4342 3091 4396 per
3126 4341 3324 4381 nomen
3361 4327 3482 4398 ejus

1881 4418 2065 4474 facere
2078 4424 2395 4488 potuerunt,
2418 4417 2563 4489 quod
2592 4416 2679 4473 ille
2704 4432 2804 4488 per
2825 4432 3023 4474 nomen
3052 4434 3210 4475 suum
3233 4429 3485 4490 potenter

1880 4511 2009 4569 fecit
2037 4524 2052 4565 :
2079 4510 2345 4582 siquidem
2372 4510 2574 4566 nemini
2611 4510 2980 4581 apostolorum
3018 4520 3141 4583 post
3170 4511 3264 4567 Dei
3297 4526 3481 4567 resur-

1880 4604 2180 4660 rectionem
2206 4602 2293 4660 vel
2319 4603 2591 4659 dmmones
2616 4644 2631 4667 ,
2679 4601 2765 4659 vel
2816 4603 3160 4660 infirmitates
3203 4605 3480 4663 obstitisse

172 4697 347 4755 miam
378 4696 569 4752 timeas
616 4694 795 4763 fateri,
828 4706 1010 4752 tamen
1038 4696 1220 4752 omnia
1258 4712 1379 4768 quas
1401 4697 1610 4755 duabus
1648 4714 1777 4770 per-
1810 4683 1856 4743 Ι)
1883 4694 2222 4767 agnovimus.
2280 4692 2534 4765 Nunquid
2563 4694 2617 4750 in
2641 4695 2819 4767 seipse
2858 4695 3108 4752 inﬁrmus
3136 4694 3276 4763 fuit,
3324 4697 3480 4767 cujus

170 4790 327 4848 sonis
356 4790 536 4845 inesse
562 4804 784 4845 necesse
816 4796 920 4855 est,
944 4789 999 4845 in
1042 4798 1134 4845 tua
1191 4789 1530 4847 confessione
1580 4791 1779 4849 conﬁr-

171 4897 332 4939 mare
360 4896 468 4938 non
504 4880 720 4937 metuis.
774 4879 965 4937 Nonne
1011 4880 1117 4938 duo
1147 4890 1307 4949 sunt,
1348 4882 1439 4952 qui
1488 4897 1651 4938 verus
1693 4893 1777 4939 est

175 4979 338 5041 Deus,
366 4983 421 5030 et
454 4975 547 5049 qui
606 4974 1005 5044 nuncupativus
1058 4974 1238 5029 Deus?
1273 4989 1452 5029 nonne
1503 4976 1669 5031 etiam
1721 4986 1777 5031 et

173 5071 287 5127 duo
303 5076 452 5133 sunt,
475 5066 568 5138 qui
586 5066 871 5137 adoptivus
893 5076 979 5122 est
999 5066 1189 5132 Filius,
1212 5074 1267 5122 et
1290 5067 1378 5122 ille
1397 5067 1489 5138 qui
1509 5083 1671 5124 verus
1691 5078 1776 5125 est

175 5159 382 5216 Filius?
415 5157 535 5213 Alia
564 5158 761 5229 quippe
791 5166 876 5213 est
891 5173 1123 5230 persona
1143 5159 1257 5212 veri
1288 5157 1403 5223 Dei,
1430 5157 1533 5213 alia
1562 5176 1774 5217 nuncu-

172 5249 343 5322 pativi
371 5268 383 5303 :
417 5257 470 5305 et
494 5247 598 5305 alia
635 5257 720 5304 est
742 5264 973 5319 persona
999 5248 1117 5304 veri
1140 5248 1261 5303 Filii
1288 5249 1403 5313 Dei,
1437 5250 1605 5306 altera
1636 5251 1770 5307 ado—

175 5346 309 5417 otivi
342 5343 458 5399 ﬁlii.
490 5342 681 5399 Omnis
722 5342 903 5413 itaque
932 5342 1025 5412 qui
1052 5341 1417 5413 evangelicam
1445 5343 1574 5413 legit
1601 5344 1772 5400 histo—

178 5438 336 5502 riam,
365 5434 665 5506 intelligere
690 5441 865 5503 potest
913 5432 1058 5504 quod
1102 5431 1260 5489 Jesus
1305 5441 1360 5487 et
1396 5433 1648 5490 Christus
1674 5450 1771 5491 no-

180 5528 323 5583 nina
345 5537 473 5583 sunt
497 5525 849 5582 humanitatis
872 5524 925 5580 in
953 5524 1090 5581 Filio
1111 5524 1229 5580 Dei.
1262 5525 1330 5580 Et
1356 5525 1402 5581 si
1426 5523 1584 5581 Jesus
1612 5526 1770 5585 Chri-

181 5631 311 5686 stus,
349 5621 441 5691 qui
473 5627 632 5675 natus
662 5626 747 5675 est
773 5634 837 5675 es
855 5618 1097 5690 Virgine,
1121 5633 1229 5677 non
1282 5628 1369 5677 est
1391 5636 1553 5677 verus
1579 5620 1724 5678 Deus
1751 5662 1767 5688 ,

243 5772 273 5845 ει
310 5758 730 5845 ργγίηυδλροηῑ.
760 5758 826 5845 _V,
852 5765 995 5829 part.
1024 5774 1086 5815 ιι.
1166 5830 1181 5845 _
1202 5829 1217 5845 _
1243 5829 1257 5845 Ι
1362 5844 1367 5845 7
1469 5828 1535 5845 ﬂ

246 5832 274 5871 ιτ
314 5827 509 5886 Petrus
546 5827 933 5902 Chrysologus,
965 5846 1129 5887 serm.
1161 5829 1284 5895 114,
1317 5844 1438 5901 pag.
1469 5827 1594 5897 956,
1628 5836 1762 5887 tom.

187 5901 265 5959 VII
290 5901 426 5959 Bibl.
461 5900 562 5956 PP.

1884 4790 2020 4847 fides
2044 4791 2211 4845 etiam
2240 4804 2335 4859 per
2354 4789 2492 4845 alios
2531 4804 2698 4860 super
2725 4789 2979 4844 universa
3029 4789 3308 4861 regnavit?
3337 4790 3478 4858 Quid

1881 4892 1966 4939 est
1997 4889 2179 4937 autem
2203 4882 2349 4952 quod
2370 4881 2485 4950 ipse
2520 4881 2674 4952 cujus
2705 4881 2959 4951 potestati
2983 4880 3208 4953 derogas
3241 4882 3475 4951 discipu-

1878 4973 1944 5029 lis
1970 4974 2084 5029 suis
2104 4973 2217 5027 ait:
2268 4972 2335 5027 In
2376 4974 2584 5027 nomine
2634 4989 2749 5026 meo
2796 4973 3060 5028 da'monia
3085 4975 3471 5045 ejicitc?Nuu-

1876 5066 2005 5138 quid
2065 5066 2134 5121 ad
2189 5074 2513 5135 potestatem
2566 5065 2925 5120 exercendam
2975 5066 3191 5121 nomine
3243 5066 3467 5121 alterius

1876 5159 2048 5229 eguit,
2079 5161 2173 5231 qui
2199 5160 2374 5229 ipsum
2403 5171 2597 5212 nomen
2628 5172 2782 5211 suum
2810 5165 3133 5226 potestatem
3162 5172 3280 5213 esse
3308 5157 3470 5214 fecit?

1879 5249 1985 5306 Sed
2013 5250 2141 5321 quid
2184 5250 2363 5305 adhuc
2392 5249 2691 5304 addicitur?
2736 5248 2892 5313 Ecce,
2924 5249 3123 5319 inquit,
3158 5250 3281 5303 dedi
3328 5251 3470 5305 vobis

1874 5352 2181 5414 potestatem
2224 5340 2466 5397 calcandi
2506 5358 2663 5412 super
2694 5352 2952 5413 serpentes
2988 5352 3036 5396 et
3086 5345 3400 5414 scorpiones,
3424 5355 3471 5400 et

1872 5450 2030 5507 super
2058 5450 2262 5489 omnem
2289 5434 2527 5489 uirtutem
2561 5433 2760 5487 inimici
2789 5431 2943 5502 (Luc.
2977 5449 3029 5499 χ,
3066 5433 3174 5505 lii).
3210 5434 3379 5501 Quem
3414 5445 3468 5489 tu

1873 5535 2298 5605 nuncupativum
2322 5531 2491 5587 Deum
2514 5532 2672 5598 dicis,
2698 5532 2985 5602 Apostolus
3013 5533 3259 5589 scribens
3284 5533 3351 5588 ad
3376 5532 3466 5588 Ti-

1874 5638 2013 5695 tum,
2038 5642 2291 5700 magnum
2340 5626 2510 5681 Deum
2556 5625 2839 5682 nominare
2886 5641 2995 5681 non
3024 5625 3333 5681 dubitavit:
3363 5627 3463 5696 Ap.

1947 5776 1970 5805 ε
2016 5763 2182 5827 Edit.,
2237 5781 2254 5813 σ
2283 5761 2398 5818 Non
2428 5771 2702 5819 terrenum
2733 5769 3099 5833 germenest,
3123 5760 3218 5816 sed
3243 5758 3470 5818 cwleste

1876 5836 2040 5909 Virgo
2073 5834 2314 5907 peperit;
2347 5836 2440 5892 sed
2470 5833 2613 5890 Deus
2641 5832 2880 5904 suscepit
2903 5832 3117 5889 Filium.
3152 5851 3171 5887 ι

4122 386 4136 703 ἓ

4118 1186 4131 1223 i

4112 1230 4131 1519 ἕ
