4136 6560
559 326 661 384 179

1981 20 2154 34 -_—"'I_-—'.—
2163 24 2186 33 "-z

1370 378 1377 388 .
1412 331 1474 386 B.
1513 329 1577 385 ιε’.
1618 328 1846 385 ALBINI
1886 328 2018 386 SEU
2056 328 2336 386 ALCUINI
2372 329 2660 386 OPERUM
2700 329 2881 386 PARS
2918 329 3005 384 lll.

3725 331 3841 394 180

552 444 731 511 paruit
757 441 919 508 enim,
940 443 1139 515 inquit,
1160 445 1334 515 gratia
1367 443 1466 498 Dei
1505 442 1796 499 Saluatoris
1821 454 1986 500 nostra
2030 459 2144 497 am-
2170 448 2220 508 Α
2247 456 2369 496 esse
2397 443 2559 498 desiit
2583 443 2874 497 inﬁrmitas
2922 442 3306 498 imbecillitatis
3337 443 3605 498 humanae.
3662 443 3842 499 Omne

557 536 709 588 nibus
737 534 1032 588 hominibus
1057 533 1299 588 erudiens
1329 551 1443 598 nos,
1471 545 1527 589 ut
1567 535 1877 604 abut-gamus
1908 536 2145 604 impieta-

561 637 663 680 tem
683 636 731 680 et
756 625 1037 680 sweularia
1067 625 1328 680 desideria
1356 628 1526 682 sobrie
1552 638 1600 680 et
1621 627 1770 696 juste
1804 637 1852 679 et
1890 627 1973 696 pie
2001 627 2146 679 viva-

559 734 677 771 mus
709 722 764 770 in
786 717 884 770 hoc
906 716 1123 783 erectio,
1150 729 1509 787 exspectantes
1553 720 1758 772 beatam
1790 735 1930 789 spem
1955 729 2006 772 et
2049 720 2147 772 ad-

559 818 764 863 ventum
786 806 971 879 gloritr
999 809 1174 878 magni
1197 807 1294 862 Dei
1329 807 1620 863 Saluatoris
1651 813 1816 864 nostri
1844 811 1972 864 .Icsu
1994 809 2147 863 Chri-

557 899 778 970 sti(1'it.
811 915 872 964 ιι,
904 899 1012 972 ll).
1040 898 1206 970 Cujus
1226 902 1510 956 sententia:
1539 917 1756 956 sensum
1790 903 1980 956 beatus
2023 902 2149 957 llic-

561 1004 819 1060 ronymus
863 991 918 1044 in
965 999 1143 1046 tractu
1168 991 1409 1060 ejusdem
1454 993 1709 1062 Epistolze
1739 994 1811 1048 ita
1851 994 2144 1063 exposuit:

569 1101 587 1132 I
622 1081 726 1139 Ubi
754 1094 862 1150 est,
891 1086 1084 1152 inquit,
1116 1086 1278 1141 Arius
1321 1087 1578 1156 serpens?
1613 1087 1704 1141 ubi
1738 1087 2034 1143 Eunomius
2059 1104 2149 1144 co-

561 1173 751 1230 luber?
784 1175 1008 1247 Magnus
1021 1177 1163 1232 Deus
1187 1177 1347 1233 Jesus
1373 1177 1623 1233 Christus
1650 1179 1899 1234 Salvator
1928 1180 2144 1246 dicitur,

562 1282 674 1322 non
696 1269 1086 1339 primogenitus
1117 1271 1294 1325 omnis
1337 1280 1625 1337 erattunc,
1657 1288 1764 1327 non
1789 1273 2024 1328 Verbum
2055 1274 2150 1328 Dei

565 1366 622 1413 et
671 1358 936 1428 sapientia
975 1361 1143 1433 824
1175 1360 1316 1433 [quae
1345 1372 1474 1418 sunt
1523 1364 1909 1432 appellationes
1957 1366 2152 1420 divina:

557 1453 932 1524 generationis
953 1453 1005 1524 ⁸1
1031 1470 1044 1507 :
1077 1457 1170 1510 sed
1199 1454 1356 1510 Jesus
1377 1467 1432 1510 et
1451 1458 1858 1527 Christus,quze
1891 1461 2148 1514 voeabula

562 1542 825 1613 assumpti
874 1543 1110 1598 hominis
1138 1553 1283 1599 sunt.
1340 1545 1523 1616 Neque
1557 1562 1685 1601 vero
1742 1547 1907 1603 alium
1959 1548 2150 1605 .lesum

565 1629 864 1696 Christum,
893 1631 1059 1687 alium
1087 1634 1317 1689 Verbum
1363 1635 1616 1701 dicimus,
1645 1645 1704 1691 ut
1759 1654 1895 1692 nova
1930 1639 2153 1696 hancsis

567 1719 960 1788 calumniatur;
993 1724 1089 1777 sed
1123 1725 1372 1780 eumdem
1406 1734 1460 1778 ct
1486 1734 1610 1780 ante
1651 1722 1846 1781 saecula
1881 1727 1966 1799 [8.
1996 1728 2147 1782 llicr.

566 1813 717 1866 addit
745 1829 763 1867 :
791 1821 989 1883 etpost
1037 1815 1276 1889 saecula],
1301 1828 1355 1871 et
1384 1826 1508 1872 ante
1532 1820 1787 1875 mundum
1817 1827 1871 1874 et
1897 1829 2016 1890 post
2042 1820 2155 1874 Ma-

570 1905 738 1970 riam;
806 1905 914 1960 imo
969 1921 1038 1961 ex
1088 1907 1254 1962 Maria
1299 1924 1552 1978 magnum
1616 1910 1782 1965 Deum
1822 1914 2154 1985 appellamus

570 1994 906 2052 Salvatorem
939 2006 1182 2054 nostrum
1210 1999 1394 2056 Jesum
1440 2002 1734 2069 Christum,
1757 2005 1851 2075 qui
1880 2006 2030 2061 dedit
2071 2024 2157 2063 sc-

569 2087 856 2156 ntetipsum
879 2104 980 2158 pro
1013 2090 1189 2145 nobis.
1224 2110 1244 2143 ι

640 2178 729 2234 Vl.
769 2179 902 2247 Quis
937 2190 1023 2237 est
1047 2199 1177 2238 vero
1219 2186 1310 2253 qui
1333 2183 1676 2254 iudicaturus
1713 2197 1799 2244 est
1853 2193 2111 2246 mundum
2138 2233 2152 2257 ,

572 2268 738 2326 homo
787 2279 999 2328 tantum
1040 2276 1351 2340 solitarius,
1382 2279 1466 2332 vel
1499 2279 1642 2336 Deus
1681 2281 1824 2337 ﬁlius
1877 2283 2157 2340 hominis?

569 2358 922 2432 Nequaquam
958 2365 1031 2421 ita
1079 2368 1428 2424 adversarius
1461 2386 1520 2426 es
1551 2373 1796 2439 veritati,
1853 2384 1914 2429 ut
1955 2377 2158 2433 audeas

569 2455 943 2510 contradicere
998 2457 1169 2528 ipsius
1217 2460 1477 2516 Veritatis
1524 2463 1849 2527 testimonio,
1883 2481 2005 2535 qua:
2039 2469 2153 2526 ait.

569 2540 705 2597 Cum
732 2545 922 2599 sederit
944 2547 1087 2616 ﬁlius
1113 2550 1340 2604 hominis
1378 2553 1433 2606 in
1474 2554 1596 2608 sede
1623 2555 1912 2624 majestatis
1937 2558 2154 2628 (Matth.

570 2649 686 2699 χιιι,
717 2635 831 2700 28).
855 2636 1096 2709 Itemque
1119 2641 1401 2709 apostolus
1426 2643 1626 2701 Paulus
1650 2649 1922 2713 eumdem,
1940 2650 2035 2718 qui
2075 2647 2158 2717 iu—

573 2724 852 2786 dicaturus
874 2738 959 2784 est
979 2732 1255 2796 mundum,
1286 2733 1454 2790 Deum
1491 2739 1712 2796 omnino
1747 2738 2052 2805 atlirmavit,
2075 2740 2158 2796 di-

571 2831 702 2875 cens
730 2818 795 2872 ad
828 2818 1133 2877 Romanos:
1169 2825 1414 2896 Alioquin
1447 2829 1710 2898 quomodo
1727 2831 1990 2898 judicabit
2016 2831 2157 2886 Deus

573 2910 714 2966 hunc
741 2912 994 2968 mundum
1035 2914 1213 2984 (Rom.
1248 2935 1331 2982 In,
1352 2918 1437 2989 6);
1474 2922 1576 2976 nisi
1604 2921 1763 2988 forte,
1786 2924 1908 2992 quia
1931 2924 2159 2993 Aposto-

570 2998 659 3058 lus
684 3001 739 3058 in
766 3005 872 3060 alia
898 3006 1135 3074 Epistula
1175 3026 1274 3065 nos
1317 3012 1740 3068 manifestandos
1770 3025 1896 3070 ante
1921 3018 2156 3073 tribunal

573 3095 777 3152 Christi
810 3097 893 3169 (II
923 3097 1048 3154 Cor.
1095 3104 1297 3172 v,10);
1341 3107 1394 3162 in
1443 3109 1582 3172 alia,
1631 3121 1755 3164 ante
1798 3112 2032 3168 tribunal
2063 3113 2156 3169 Dei

2243 546 2372 601 ergo
2397 534 2610 602 penitus
2634 533 2739 588 hoc
2769 534 3080 588 testimonio
3110 533 3407 605 [Quercet.,
3441 533 3837 606 testimonium]

2243 625 2561 694 mysterium
2583 632 2638 676 et
2661 633 2888 693 sumpta:
2917 625 3098 678 carnis
3141 634 3197 678 et
3243 625 3498 692 perfectae
3538 624 3838 680 divinitatis

2243 715 2514 782 exposuit.
2566 715 2760 769 Dicens
2798 715 2943 769 enim
2983 733 2995 768 :
3029 724 3075 768 et
3113 716 3159 768 si
3188 715 3519 784 cognovimus
3573 714 3840 770 Christum

2245 803 2531 858 secundum
2573 821 2784 859 carnem
2812 845 2827 868 ,
2873 813 3274 859 sacramentum
3305 804 3419 858 nati
3449 805 3504 858 in
3531 819 3700 858 carne
3743 805 3842 859 Dei

2247 897 2460 951 locutus
2508 904 2611 952 est.
2643 895 2920 965 Adjiciens
2949 907 3132 950 autem
3162 914 3175 949 :
3226 913 3365 950 nunc
3405 914 3511 950 non
3545 897 3666 967 jam
3696 898 3844 951 novi-

2246 1010 2397 1057 mus,
2443 992 2554 1046 vim
2594 992 3212 1062 depositatinﬁrmitatis
3255 991 3402 1047 licuit
3438 991 3640 1065 [Cass.,
3665 992 3844 1061 expli-

2248 1081 2404 1155 cuit].
2436 1082 2515 1137 Ac.
2539 1099 2636 1154 per
2656 1083 2761 1137 hoc
2787 1083 3023 1153 cognitio
3046 1083 3192 1137 illius
3223 1081 3424 1156 [Cass.,
3455 1084 3695 1155 cognitio
3725 1081 3841 1154 illa]

2250 1175 2429 1229 carnis
2452 1173 2517 1227 ad
2555 1173 3005 1243 signiﬁcationem
3037 1174 3269 1243 pertinet
3290 1174 3546 1236 hominis,
3577 1172 3846 1242 ignoratio

2252 1272 2431 1318 autem
2457 1264 2524 1318 ad
2551 1263 2810 1318 honorem
2853 1264 3166 1318 divinitatis.
3203 1264 3318 1319 lloc
3347 1273 3431 1319 est
3451 1264 3594 1320 enim
3618 1265 3800 1319 dicere
3827 1283 3841 1316 :

2250 1353 2583 1422 cognouimus
2633 1350 2900 1406 Christum
2941 1355 3227 1408 secundant
3272 1370 3483 1407 carnem
3509 1393 3525 1419 ,
3568 1352 3844 1421 quandiu,

2252 1444 2396 1513 quod
2442 1444 2737 1498 secundum
2783 1438 3480 1515 carnemcognosceretur,
3540 1444 3675 1498 fuit:
3706 1461 3847 1497 nunc

2243 1535 2363 1603 jam
2393 1551 2494 1590 non
2523 1537 2757 1591 norimus
2783 1577 2798 1600 ,
2857 1547 3141 1608 postquam
3171 1554 3294 1594 esse
3316 1539 3500 1594 divisit
3528 1537 3726 1610 [(Iass.,
3753 1537 3851 1590 dc-

2254 1626 2421 1699 sivit].
2453 1628 2658 1683 Natura
2705 1631 2849 1685 enim
2877 1633 3060 1686 carnis
3105 1633 3157 1685 in
3214 1632 3511 1701 spiritalem
3548 1639 3634 1686 est
3671 1640 3852 1684 trans-

2255 1718 2363 1773 lata
2399 1721 2800 1787 substantiam;
2837 1729 2893 1777 et
2919 1722 3046 1778 illud
3069 1723 3212 1794 quod
3244 1723 3417 1777 fuerat
3437 1723 3709 1792 quondam
3746 1721 3850 1781 ho-

2187 1822 2231 1881 υ
2259 1808 2441 1871 minis,
2476 1808 2677 1865 factum
2719 1821 2803 1867 est
2841 1820 3014 1867 totum
3052 1811 3170 1865 Dei.
3199 1811 3266 1868 Et
3295 1811 3410 1866 ideo
3431 1811 3550 1881 jam
3580 1828 3682 1866 non
3707 1810 3856 1864 novi-

2262 1915 2377 1951 mus
2405 1897 2670 1954 Christum
2719 1903 3008 1957 secundum
3039 1919 3268 1966 carnem,
3295 1903 3420 1974 quia
3466 1903 3719 1972 absorpta
3752 1917 3853 1972 per

2257 1992 2494 2047 divinam
2543 1994 2877 2063 majestatem
2928 1997 3245 2054 inﬁrmitate
3286 2014 3568 2070 corporea.
3598 2000 3732 2054 nihil
3763 2015 3856 2054 sa-

2255 2099 2352 2138 cro
2383 2085 2584 2140 resedit
2613 2089 2826 2158 corpori
2851 2103 2917 2141 ex
2963 2104 3072 2159 quo
3102 2089 3444 2145 imbecillitas
3469 2089 3524 2145 in
3556 2105 3623 2147 eo
3666 2089 3856 2145 carnis

2257 2175 2427 2244 possit
2470 2178 2729 2246 agnosci.’
2767 2177 2843 2232 Ac
2867 2193 2965 2247 per
3011 2179 3114 2234 hoc
3168 2178 3430 2248 quidquid
3471 2178 3649 2235 fuerat
3700 2180 3856 2250 prius

2257 2268 2574 2325 substantiae
2598 2269 2845 2341 duplicis,
2876 2272 3078 2328 factum
3120 2284 3204 2328 est
3239 2272 3457 2329 virtutis
3480 2275 3662 2330 unius.
3711 2274 3852 2330 Cum

2259 2358 2445 2428 utique
2474 2376 2580 2414 non
2608 2361 2678 2416 sit
2698 2360 2918 2417 dubium
2952 2361 3262 2428 Christum,
3309 2365 3402 2435 qui
3445 2365 3738 2421 cruciﬁxus
3767 2375 3858 2422 est

2258 2463 2325 2502 ex
2350 2448 2662 2505 inﬁrmitate
2686 2460 2886 2514 nostra.
2924 2461 3097 2509 totum
3134 2455 3315 2513 vivere
3358 2472 3427 2515 ex
3453 2458 3736 2528 majestate
3761 2459 3853 2512 di-

2259 2537 2403 2592 vina.
2435 2560 2453 2591 ι
2486 2540 2554 2594 Ει
2610 2541 2773 2611 paulo
2802 2551 2926 2612 post
2948 2543 3092 2617 (cap.
3135 2544 3232 2618 5):
3268 2564 3288 2598 ί
3333 2546 3479 2604 Bene
3537 2564 3668 2619 ergo
3706 2548 3857 2619 Apo—

2260 2635 2431 2692 stolus
2468 2638 2690 2695 missum
2717 2654 2778 2697 se
2806 2641 2950 2699 sicut
2974 2657 3006 2698 a
3031 2642 3144 2699 Deo
3169 2643 3353 2709 Patre,
3376 2644 3450 2700 ita
3474 2654 3527 2700 et
3549 2661 3580 2700 a
3611 2643 3723 2699 Deo
3755 2644 3855 2700 Fi-

2261 2731 2334 2786 lio
2362 2736 2664 2804 praedicans
2701 2738 3094 2797 confessionem
3121 2742 3307 2798 statim
3349 2742 3644 2799 Dominica:
3671 2743 3857 2799 incar-

2261 2827 2496 2884 nationis
2517 2828 2763 2898 adjunxit
2797 2833 3019 2890 dicens:
3054 2833 3159 2900 Qui
3186 2836 3458 2890 suscitavit
3485 2850 3604 2891 eum
3643 2852 3675 2890 α
3715 2852 3855 2891 mor-

2262 2916 2364 2971 tuis
2393 2915 2533 2988 (Gal.
2557 2937 2598 2986 ι,
2626 2921 2712 2989 l);
2741 2937 2929 2978 verum
2959 2923 3167 2980 scilicet
3216 2925 3482 2982 incarnati
3509 2925 3603 2982 Dei
3651 2941 3854 2998 corpus

2264 3007 2584 3066 suscitatum
2610 3025 2641 3064 a
2692 3015 2922 3070 mortuis
2949 3014 3154 3072 docens
3195 3013 3350 3086 juxta
3381 3016 3510 3072 illud
3539 3037 3552 3072 :
3598 3017 3670 3074 Et
3695 3020 3740 3075 si
3769 3033 3857 3073 co-

2265 3101 2535 3168 gnorimus
2579 3099 2844 3156 Christum
2874 3106 3158 3161 secundum
3187 3123 3420 3172 carnem,
3447 3107 3584 3165 bene
3610 3109 3850 3166 addens:

573 3184 755 3258 (Rom.
787 3205 898 3255 xw,
943 3190 1062 3261 l0)?
1098 3194 1124 3233 δ
1154 3194 1289 3249 Ama
1318 3199 1506 3261 vitam,
1535 3215 1658 3255 ama
1705 3201 1933 3257 salutent
1974 3211 2154 3268 tuam,

2262 3189 2352 3242 sed
2378 3207 2515 3244 nunc
2533 3191 2652 3261 jam
2676 3210 2780 3249 non
2804 3197 3037 3251 novimus
3063 3213 3081 3251 :
3115 3197 3217 3254 hoc
3245 3198 3388 3254 enim
3415 3214 3473 3256 se
3498 3199 3551 3255 in
3577 3216 3644 3257 eo
3689 3216 3854 3258 nosse

577 3294 699 3335 ama
729 3297 853 3336 eum
892 3299 990 3354 per
1010 3300 1172 3351 quem
1193 3288 1505 3359 redemptus
1524 3305 1610 3356 es,
1631 3301 1816 3346 metue
1843 3308 1966 3348 eum
1991 3310 2020 3346 a
2051 3311 2160 3364 quo

570 3371 898 3438 iudicandus
930 3390 1008 3431 es.
1043 3376 1186 3432 Veiis
1204 3379 1350 3434 enim
1382 3381 1542 3444 nolis,
1575 3380 2001 3437 manilestandus
2032 3394 2158 3440 ante

576 3467 815 3522 tribunal
843 3469 1048 3524 Christi
1076 3486 1166 3535 es;
1214 3481 1269 3528 et
1303 3475 1539 3544 seposita
1588 3475 1884 3544 impietatis
1909 3475 2149 3547 hlaSphe-

579 3556 711 3620 mia,
732 3571 795 3611 ac
823 3559 1110 3614 verborum
1135 3561 1431 3618 inﬁdelium
1457 3565 1808 3631 cantilena,si
1835 3566 1981 3620 aliud
2006 3577 2163 3636 putas

579 3643 816 3699 tribunal
850 3647 943 3702 Dei
971 3666 1090 3703 esse
1119 3667 1282 3720 quam
1312 3653 1536 3719 Clirtsti,
1563 3656 1749 3710 venias
1775 3666 1899 3711 ante
1929 3659 2164 3715 tribunal

580 3730 806 3800 Christi,
831 3745 887 3789 et
905 3738 1146 3794 invenies
1174 3749 1404 3812 utroque
1432 3745 1753 3802 documento
1779 3748 2162 3817 inexplicabili,

581 3825 755 3894 ipsum
787 3828 1023 3882 tribunal
1064 3829 1155 3884 Dei
1193 3847 1312 3888 esse
1358 3836 1501 3902 quod
1526 3838 1750 3898 Christi.
1776 3847 2054 3908 totamque
2107 3841 2161 3894 in

581 3933 688 3971 uno
712 3917 847 3972 Filio
876 3918 1002 3974 Jesu
1026 3922 1242 3978 Christo
1269 3926 1564 3981 divinitatis
1595 3931 1886 3998 potentiam
1910 3942 1965 3987 et
1989 3932 2165 3988 Patris

581 4006 676 4062 Dei
700 4009 1057 4076 maje~tatcm.
1085 4014 1227 4068 idem
1255 4032 1468 4086 quoque
1494 4020 1748 4087 pnefatus
1765 4025 2001 4092 gentium
2031 4041 2165 4094 pra:-

579 4102 788 4156 dicator
815 4105 904 4156 ubi
939 4107 1118 4160 carnis
1138 4109 1593 4177 dispensationem
1621 4123 1674 4170 et
1701 4132 1882 4170 verum
1905 4119 2164 4174 divinita-

581 4195 654 4246 tis
691 4195 1063 4252 celsitudinem
1109 4199 1326 4256 Christo
1363 4205 1537 4260 inesse
1593 4210 1836 4265 scribens
1881 4212 1948 4265 ad
1973 4211 2164 4268 Corin-

583 4283 726 4340 thios
753 4289 1025 4342 ostendit:
1062 4288 1118 4343 Si
1151 4309 1480 4360 noveramus,
1509 4299 1621 4364 ait,
1675 4299 1941 4356 Christum
1981 4322 2167 4360 secun-

582 4375 709 4434 dum
733 4395 960 4444 carnem,
993 4382 1083 4434 sed
1127 4400 1262 4438 nunc
1294 4387 1402 4451 iam
1441 4406 1544 4442 non
1590 4395 1823 4448 nouimus
1843 4394 1931 4464 (11
1953 4395 2077 4451 Cor.
2110 4414 2163 4462 v,

585 4467 706 4535 16);
749 4471 800 4522 in
829 4472 914 4526 his
937 4473 1145 4527 scilicet
1167 4479 1507 4545 paucissimis
1533 4484 1710 4537 verbis
1735 4501 1989 4556 magnum
2012 4489 2167 4545 Chri-

586 4562 654 4616 sti
681 4565 1065 4621 incarnationis
1086 4573 1398 4639 mysterium
1429 4573 1822 4633 demonstrans.
1857 4580 1986 4647 Qua:
2009 4585 2169 4640 verba

585 4652 778 4709 beatus
799 4655 1090 4714 Cassianus
1142 4663 1412 4718 catholico
1441 4681 1714 4735 exponens
1750 4685 1909 4725 sensu
1942 4673 2080 4742 (Lib.
2105 4693 2166 4732 ιιι

586 4745 651 4800 de
679 4744 918 4813 Incarn.,
943 4766 1061 4821 cap.
1093 4755 1146 4822 5)
1177 4774 1187 4806 :
1229 4775 1247 4805 ι
1290 4756 1548 4812 Ascendit
1597 4776 1758 4831 ergo,
1812 4765 2004 4833 inquit,
2030 4783 2167 4835 quo—

589 4833 877 4892 dammodo
897 4843 1052 4908 quasi
1096 4844 1146 4897 in
1204 4846 1449 4901 altiorem
1476 4852 1701 4920 gradum
1753 4854 2010 4911 doctrina:
2037 4833 2168 4928 apo—-

590 4926 793 4982 Stoliem
816 4932 1148 4998 prmdicatio,
1176 4945 1231 4988 et
1254 4937 1377 4990 licet
1401 4955 1594 4995 sensus
1617 4943 1687 4996 ibi
1709 4945 1760 4997 in
1790 4956 2015 5017 utroque
2035 4926 2167 5004 con-

593 5019 793 5084 veniat,
824 5035 1220 5078 sacramentum
1261 5036 1442 5084 tamen
1497 5032 1749 5100 perfecte
1779 5035 1919 5100 ﬁdei,
1953 5048 2169 5094 senten-

593 5109 666 5164 tia
698 5115 1034 5181 expressiore
1063 5118 1346 5173 conﬁrmat
1365 5161 1380 5184 ,
1408 5123 1592 5178 dicens
1619 5144 1629 5178 ε
1665 5126 1732 5180 Et
1767 5130 1811 5182 si
1836 5133 2169 5200 cognovimus

593 5204 876 5260 secundum
901 5223 1109 5262 carnem
1135 5209 1421 5278 Christum,
1447 5216 1537 5268 sed
1577 5233 1712 5271 nunc
1749 5220 1866 5289 jam
1896 5238 1997 5276 non
2029 5225 2171 5279 novi—

595 5308 742 5358 mus;
772 5295 1017 5351 videlicet
1057 5299 1182 5369 quia
1209 5302 1360 5370 prius
1398 5319 1518 5360 eum
1558 5317 1612 5360 et
1660 5307 1929 5365 hominem
1973 5313 2172 5370 scimus

440 5449 466 5454 γ’
595 5390 650 5436 et
677 5383 865 5450 Deum,
911 5401 1054 5442 nunc
1109 5397 1314 5447 tantum
1360 5392 1528 5449 Deum
1570 5395 1867 5468 [Quercet.,
1913 5412 2172 5460 cunctan-

616 5472 722 5528 Ιιιιιι
754 5475 964 5549 Deum].
1011 5478 1268 5537 Cessante
1293 5484 1602 5545 inﬁrmitate.
1630 5493 1808 5547 carnis
1839 5494 1970 5550 nihil
2004 5496 2058 5549 in
2110 5513 2176 5552 eo

687 5578 705 5603 τ
736 5567 1008 5630 novimus,
1058 5570 1158 5623 nisi
1189 5573 1439 5629 \irtutcm
1468 5577 1763 5636 divinitatis
1791 5601 1802 5635 :
1847 5585 1969 5652 quia
2003 5594 2173 5642 totum

735 5669 793 5708 eo
816 5653 1007 5726 (Cass,
1037 5659 1089 5713 in
1109 5661 1194 5734 eo]
1218 5665 1390 5719 virtus
1416 5677 1500 5722 est
1521 5669 1818 5742 maiestatis
1842 5675 2057 5744 divinae,
2081 5679 2173 5735 ubi

761 5767 865 5825 iace
900 5772 1090 5829 desunt
1109 5777 1247 5845 apud
1271 5775 1672 5852 Hieronymum,

2263 3278 2394 3334 dicit
2424 3283 2720 3338 secundum
2751 3299 2990 3351 carnem,
3017 3288 3164 3356 quod
3190 3289 3262 3344 sit
3284 3304 3314 3344 a
3344 3292 3576 3347 mortuis
3623 3294 3859 3350 suscita-

2263 3373 2466 3426 tusziu
2501 3390 2568 3428 eo
2619 3391 2748 3431 vero
2774 3391 2833 3432 se
2861 3393 2985 3432 eum
3022 3378 3137 3448 jam
3190 3396 3296 3437 non
3346 3399 3505 3438 nosse
3555 3386 3850 3443 secundum

2263 3477 2506 3528 carnem,
2535 3466 2678 3535 quod
2707 3477 2956 3526 cessante
2985 3470 3164 3526 carnis
3193 3470 3485 3546 fragilitate
3516 3476 3568 3532 in
3590 3478 3701 3534 sola
3729 3495 3853 3536 eum

2262 3556 2476 3610 noverit
2505 3555 2596 3610 Dei
2625 3572 2745 3613 esse
2783 3558 3002 3616 virtute.
3042 3579 3060 3614 ι

2335 3666 2442 3722 VII.
2482 3666 2621 3722 Audi
2660 3670 2824 3738 igitur
2849 3671 2979 3742 quid
3027 3671 3170 3730 idem
3217 3676 3490 3744 apostolus
3534 3679 3601 3734 de
3636 3681 3860 3738 Christo

2264 3758 2413 3822 dicit,
2441 3769 2624 3814 utrum
2671 3761 2820 3816 illum
2865 3764 3140 3819 hominem
3171 3767 3250 3821 vel
3281 3769 3442 3821 etiam
3467 3768 3638 3824 Deum
3659 3772 3858 3828 voluis-

2263 3860 2346 3906 set
2373 3851 2596 3919 intelligi
2624 3872 2635 3904 :
2669 3853 2749 3906 An
2779 3858 3212 3924 experimentum,
3239 3860 3432 3928 inquit,
3460 3863 3694 3931 qua’ritis
3711 3865 3859 3919 illius

2263 3945 2353 4013 qui
2376 3944 2432 3996 in
2461 3960 2541 3996 me
2563 3941 2794 4013 (arguitur
2819 3944 3152 4018 Christus“!
3171 3947 3295 4003 Cor.
3328 3967 3447 4011 xm.
3471 3953 3564 4024 ως)
3593 3953 3712 4022 Quo
3735 3956 3860 4012 loco

2266 4035 2386 4089 volo
2410 4043 2470 4088 ut
2489 4034 2759 4090 edisseras
2785 4038 2939 4102 mihi,
2963 4055 2996 4093 ο
3021 4039 3168 4094 Felix
3193 4044 3205 4094 ε
3237 4042 3378 4099 hunc
3399 4061 3558 4113 quem
3588 4047 3749 4119 825
3777 4050 3858 4106 lo—

2265 4127 2358 4196 qui
2386 4126 2672 4195 Apostolus
2702 4129 2840 4181 intra
2871 4145 2930 4183 se
2975 4128 3126 4194 dicit,
3157 4131 3318 4186 homo
3371 4135 3441 4188 sit
3473 4151 3539 4190 an
3572 4138 3746 4194 Deus?
3795 4140 3856 4196 Si

2267 4221 2448 4280 homo.
2480 4223 2748 4289 quomodo
2773 4224 2826 4277 in
2869 4226 3031 4281 corde
3078 4225 3194 4296 ejus
3234 4244 3431 4297 corpus
3456 4230 3600 4301 loqui
3642 4243 3860 4302 poterat

2268 4312 2526 4367 alterius?
2555 4312 2610 4367 Si
2636 4313 2795 4380 Deus,
2814 4332 2944 4387 ergo
2973 4334 3078 4373 non
3101 4320 3542 4390 homoChristus,
3571 4325 3662 4381 sed
3680 4327 3853 4384 Deus:

2269 4402 2395 4471 quia
2417 4419 2538 4457 cum
2563 4403 2773 4460 locutus
2801 4408 2852 4461 in
2875 4407 3131 4478 Apostolo
3156 4410 3406 4468 Christus
3429 4415 3516 4475 sit.
3549 4425 3604 4472 et
3636 4419 3780 4490 loqui
3797 4421 3856 4475 in

2270 4508 2335 4549 eo
2361 4511 2466 4549 non
2491 4498 2727 4564 potuerit
2768 4499 2868 4552 nisi
2917 4499 3098 4557 Deus:
3133 4519 3264 4573 ergo
3321 4504 3532 4562 locutus
3573 4519 3656 4565 est
3685 4511 3740 4566 in
3787 4527 3856 4568 eo

2274 4583 2523 4642 Christus
2556 4587 2716 4640 Deus.
2755 4589 2910 4644 Vides
2936 4591 3116 4660 itaque
3144 4594 3276 4648 nihil
3299 4610 3422 4652 esse
3454 4598 3540 4654 hic
3571 4598 3684 4666 jam
3713 4605 3856 4672 quod

2274 4688 2462 4732 contra
2489 4679 2605 4733 haec
2632 4680 2736 4734 dici
2774 4690 2954 4749 queat.
2982 4682 3090 4738 Nec
3136 4685 3550 4757 disjunctionem
3579 4700 3673 4747 aut
3719 4695 3858 4750 divi-

2273 4769 2480 4823 sionem
2507 4769 2740 4838 aliquam
2773 4773 2913 4826 inter
2939 4773 3215 4830 Christum
3242 4778 3358 4835 ﬁeri
3382 4790 3437 4834 et
3466 4781 3632 4840 Deum
3661 4799 3854 4854 posse,

2275 4860 2400 4928 quia
2428 4868 2570 4914 totus
2599 4863 2649 4913 in
2682 4862 2898 4918 Christo
2924 4863 3087 4931 Deus,
3119 4875 3174 4921 et
3198 4878 3342 4926 totus
3365 4873 3419 4926 in
3448 4872 3556 4929 Deo
3579 4875 3851 4933 Christus.

2275 4951 2427 5006 Nulla
2459 4954 2547 5009 hic
2569 4954 2732 5022 recipi
2765 4959 3032 5024 separatio
3055 4969 3253 5028 potest,
3269 4964 3412 5017 nulla
3437 4966 3719 5032 discissio;
3745 4985 3853 5025 una

2269 5049 2480 5096 tantum
2508 5053 2588 5097 est
2611 5045 2860 5114 simplex,
2894 5064 2998 5102 una
3029 5051 3236 5109 tantum
3256 5068 3382 5109 sana
3423 5059 3690 5114 confessio
3717 5062 3855 5118 ado-

2273 5147 2410 5196 rare,
2436 5149 2638 5196 amare,
2667 5135 2842 5190 colere
2864 5137 3134 5196 Christum
3175 5143 3365 5200 Deum.
3395 5147 3699 5206 Concordat
3717 5170 3857 5224 quo-

2271 5240 2375 5294 que
2400 5227 2590 5281 beatus
2619 5227 2976 5300 Hieronymus
3004 5237 3442 5307 praiscriptorum
3478 5245 3725 5301 sensibus
3748 5245 3855 5303 Pa-

2274 5324 2437 5382 trum,
2463 5319 2604 5388 quod
2629 5321 2790 5375 homo
2817 5335 3124 5396 assumptus
3146 5344 3176 5380 a
3203 5330 3370 5387 verbo
3396 5331 3487 5386 Dei
3523 5334 3576 5388 in
3601 5337 3854 5396 divinita-

2275 5408 2343 5462 tis
2373 5408 2702 5480 gloriﬁcatus
2749 5412 2819 5466 sit
2845 5417 3084 5484 potentia
3107 5426 3270 5488 atque
3298 5420 3525 5478 indivisa
3568 5426 3854 5496 majestate

2276 5501 2418 5557 Deus
2447 5519 2582 5559 unus
2607 5505 2861 5561 adoretur
2908 5508 2961 5561 in
3003 5508 3239 5576 Christo,
3267 5515 3412 5571 lumc
3443 5519 3692 5578 eumdem
3730 5537 3857 5579 seu.

2277 5605 2395 5643 sum
2428 5592 2480 5645 in
2533 5591 2670 5646 libro
2701 5597 2860 5651 tertio
2899 5596 3418 5660 Commentariorum
3453 5606 3701 5667 Ieremia:
3728 5626 3854 5681 pro-

2277 5681 2452 5750 pheta:
2480 5686 2788 5756 expressius
2822 5702 3026 5756 ponens
3051 5733 3066 5760 ,
3109 5694 3202 5752 ubi
3255 5697 3334 5754 ait
3366 5698 3448 5771 (in
3503 5715 3621 5774 cap.
3672 5705 3810 5778 xm)
3835 5743 3852 5760 .

2349 5795 2378 5834 δ
2418 5797 2579 5853 Deest
2605 5799 2827 5870 aliquid.
