4136 6632
232 491 337 552 181

979 493 1398 551 DOGMATICA.
1443 526 1509 535 —
1549 495 1710 550 ΜΝ.
1749 493 2046 552 FELICEM
2081 498 2262 556 LIBRI
2305 501 2410 557 VII.
2443 533 2513 544 —-
2542 503 2668 558 LIB.
2712 504 2795 559 IV.

3430 511 3529 564 me

233 624 259 663 ι
293 603 354 662 Si
375 605 685 662 maledicta:
711 615 786 661 est
825 606 980 665 homo
1003 608 1093 678 qui
1114 605 1332 675 conﬁdit
1367 608 1421 661 in
1446 607 1656 663 homine
1687 605 1824 680 (Jer.
1855 611 1904 668 Α
1933 623 2095 668 verus
2120 621 2204 668 est
2227 623 2283 668 et
2305 615 2398 668 Dei
2426 616 2629 674 Filius:
2664 618 2913 688 idemque
2943 620 3102 677 homo
3141 620 3282 677 Deus
3307 637 3532 692 propter

227 714 374 768 xm,
393 701 475 770 5),
501 716 632 771 ergo
663 700 939 759 maledicti
973 708 1135 758 erunt
1162 703 1256 769 qui
1281 699 1467 760 Jesum
1493 707 1704 758 tantum
1738 702 1836 759 bo-

229 797 436 854 Iuinetn
465 797 817 852 conﬁtentur.
850 795 1004 864 Quod
1033 797 1080 852 si
1122 797 1282 852 nobis
1333 796 1642 867 oppositum
1669 794 1837 852 fuerit

227 889 380 960 quod
405 898 462 946 et
486 904 586 946 nos
614 888 903 943 credamus
922 887 977 943 in
1004 903 1130 943 eum
1151 888 1246 958 qui
1274 887 1440 942 dicit:
1473 884 1528 940 Ν
1532 903 1632 942 anc
1657 895 1833 941 autem

226 980 466 1053 queritis
490 980 877 1048 winter/icere
890 979 1151 1034 hominem
1165 1018 1178 1042 .
1201 979 1293 1049 qui
1315 979 1584 1032 veritatem
1604 977 1745 1035 nobis
1756 976 1836 1033 lo-

223 1081 385 1127 cutus
406 1087 540 1136 sum,
565 1088 726 1141 quam
740 1070 920 1124 audiui
945 1087 978 1124 a
998 1069 1111 1125 Deo
1126 1086 1147 1124 :
1164 1071 1266 1124 hoc
1291 1069 1555 1125 Abraham
1573 1086 1676 1125 non
1688 1067 1832 1139 fecit,

225 1178 321 1218 nos
344 1162 518 1233 {acuis
530 1179 690 1233 opera
711 1163 871 1217 uestri
893 1158 1076 1218 Patris
1098 1160 1281 1232 (Joan.
1296 1176 1418 1226 vni,
1446 1158 1572 1232 40);
1602 1175 1830 1230 respon-

225 1256 479 1313 debimus
505 1257 636 1312 illud
679 1255 1034 1327 apostolicum
1062 1275 1074 1310 :
1108 1255 1236 1311 Etsi
1257 1254 1523 1311 Christum
1544 1256 1831 1328 aliquando

221 1348 382 1416 iuxta
404 1346 613 1405 carnem
635 1350 988 1420 cognorimus,
1016 1349 1108 1404 sed
1139 1365 1278 1404 nunc
1300 1349 1421 1416 jam
1445 1365 1552 1402 non
1563 1349 1824 1404 novimus.

221 1441 470 1512 Denique
513 1442 659 1500 idem
688 1440 967 1512 apostolus
1014 1442 1068 1496 in
1109 1441 1378 1511 principio
1403 1439 1661 1510 Epistolas
1713 1455 1828 1499 sua.

217 1533 420 1590 scribit
444 1535 509 1589 ad
536 1532 762 1590 Galatas
787 1551 800 1586 :
834 1530 1039 1587 Paulus
1068 1531 1345 1603 apostolus
1367 1549 1474 1586 non
1507 1531 1572 1585 ab
1596 1531 1826 1587 homini-

219 1623 323 1680 bus
348 1641 511 1696 neque
551 1642 645 1697 per
673 1624 939 1680 hominem
959 1665 973 1688 ,
1004 1623 1095 1680 sed
1128 1640 1223 1694 per
1263 1621 1447 1678 Iesum
1469 1620 1738 1679 Christum
1776 1631 1826 1677 et

216 1713 391 1770 Deum
422 1713 667 1782 Patrem,
693 1715 784 1786 qui
817 1716 1091 1770 suscitauit
1129 1730 1247 1768 eum
1292 1732 1325 1767 a
1378 1715 1623 1779 mortuis,
1649 1723 1699 1768 et
1734 1714 1825 1785 qui

215 1822 424 1867 mecum
476 1816 599 1861 sunt
632 1823 811 1862 omnes
855 1806 1046 1876 fratres
1087 1803 1234 1875 (Gal.
1260 1822 1300 1868 ι,
1334 1805 1358 1858 -I
1393 1846 1408 1862 .
1456 1803 1533 1874 2).
1568 1802 1628 1858 Si
1675 1805 1822 1861 enim

213 1914 370 1954 mors
401 1899 659 1968 absorpta
689 1907 777 1954 est
801 1899 856 1953 in
881 1897 1110 1954 victoria
1143 1895 1197 1967 (Ι
1224 1895 1348 1952 Cor.
1389 1912 1482 1962 xv,
1502 1895 1619 1966 54),
1648 1911 1820 1967 quare

1937 702 2147 770 Deum;
2187 713 2242 760 et
2263 705 2406 760 idem
2447 708 2588 763 Dens
2618 708 2780 765 homo
2813 718 3036 779 propter
3061 711 3351 768 hominem.
3383 725 3441 769 ut
3475 715 3528 768 ιιι

1939 790 2155 848 homine
2191 811 2516 866 quocunque
2565 797 2743 854 anima
2775 808 2831 858 et
2860 815 3076 869 corpus.
3105 801 3229 858 Ilaec
3253 818 3383 872 ergo
3405 819 3529 859 um-

1937 891 2024 938 tas
2048 892 2103 939 et
2146 886 2349 941 veritas
2372 887 2426 947 in
2463 889 2680 952 Christo
2729 904 3070 964 nequaquam
3128 902 3249 961 post
3291 894 3528 965 Virginis

1935 981 2152 1042 partum
2206 985 2404 1048 empta,
2438 980 2530 1032 sed
2561 979 2616 1034 in
2641 979 2757 1048 ipso
2789 979 3028 1049 Virginis
3055 992 3213 1038 utero
3239 985 3540 1055 conjuncta.

1934 1076 2098 1139 atque
2121 1070 2270 1124 unita
2307 1079 2411 1126 est.
2446 1072 2741 1143 Diligenter
2770 1075 2969 1131 etenim
3014 1092 3322 1147 pra-cavere
3365 1078 3524 1138 debe-

1934 1173 2089 1224 mus,
2143 1168 2200 1214 ut
2231 1159 2510 1223 Christum
2539 1180 2646 1221 non
2678 1165 2848 1237 826
2891 1167 3051 1223 modo
3082 1184 3247 1222 unum
3279 1178 3403 1238 post
3431 1168 3528 1227 ba-

1931 1248 2210 1317 ptismum,
2238 1251 2321 1306 vel
2355 1246 2842 1320 reSurrectionem;
2885 1257 2978 1314 sed
3009 1272 3224 1328 semper
3249 1276 3437 1324 tinum.
3460 1277 3526 1318 ex

1931 1353 2040 1409 quo
2062 1351 2360 1411 conceptus
2384 1350 2469 1400 est
2497 1343 2552 1396 in
2605 1352 2762 1398 utero
2788 1347 3035 1416 virginali
3060 1388 3076 1416 ,
3128 1351 3483 1407 conliteamur
3511 1371 3522 1402 :

1930 1429 2058 1500 quia
2112 1430 2449 1488 intoleranda
2479 1434 2816 1506 blasphemia
2846 1444 2948 1503 est,
2980 1446 3040 1493 ut
3079 1440 3247 1496 etiam
3287 1443 3332 1498 si
3381 1455 3526 1502 nunc

1927 1534 2053 1577 curn
2076 1537 2242 1578 unum
2289 1522 2405 1592 jam
2426 1540 2551 1582 esse
2573 1528 2696 1597 quis
2719 1531 2998 1596 concedat,
3023 1531 3313 1600 aliquando
3343 1543 3522 1594 tamen

1928 1628 2034 1672 non
2061 1629 2250 1679 unum,
2290 1617 2385 1672 sed
2421 1618 2558 1675 duos
2582 1617 2751 1675 fuisse
2773 1622 3080 1681 contendat.
3111 1624 3203 1681 Sic
3247 1627 3392 1685 enim
3423 1629 3525 1683 iste

1930 1703 2078 1760 Felix
2111 1722 2233 1762 cum
2248 1709 2363 1764 suis
2382 1710 2705 1779 sequacibus
2729 1712 2784 1767 in
2807 1715 3050 1782 sequenti
3071 1715 3375 1772 litterarum
3399 1733 3526 1773 sua-

1930 1811 2050 1850 rum
2073 1799 2215 1853 serie
2239 1799 2404 1854 etiam
2447 1802 2651 1857 seritire
2683 1803 2899 1861 videtur
2925 1823 2938 1857 :
2972 1822 2990 1856 ι
3022 1803 3080 1861 Si
3104 1808 3248 1860 enim
3276 1848 3291 1873 ,
3342 1809 3435 1870 ait,
3464 1818 3524 1864 ut
3615 1803 3620 1816 ³

1930 1901 2026 1942 vos
2049 1887 2231 1953 vultis,
2263 1889 2427 1945 homo
2455 1901 2822 1962 assumptusa
2857 1893 2999 1950 Filio
3025 1895 3142 1962 Dei,
3174 1915 3297 1956 mox
3327 1916 3356 1954 a
3387 1915 3520 1958 con-

210 2005 329 2047 non
355 1990 538 2047 carnis
559 1959 864 2056 humilitas,
901 2003 1022 2059 qua
1057 1959 1282 2059 propter
1335 1959 1632 2047 humanam
1669 1959 1823 2044 salu-

1926 1979 2172 2050 ceptione
2198 1982 2481 2052 virginalis
2506 1959 2656 2044 uteri
2682 1999 2847 2042 verus
2897 1959 3192 2059 conceptus
3224 2001 3311 2046 est
3337 1994 3478 2048 Deus
3504 2037 3518 2058 ,

211 2089 328 2137 teni
353 2088 629 2151 assumpta
659 2089 766 2146 est,
788 2080 844 2135 in
893 2079 1195 2137 divinitatis
1230 2078 1515 2140 transierit
1564 2078 1821 2148 majesta-

1926 2085 2086 2126 verus
2107 2081 2164 2126 et
2184 2081 2344 2129 natus
2358 2074 2521 2137 Deus,
2548 2077 2820 2146 quomodo
2851 2081 2965 2148 ipse
2989 2079 3156 2137 Filius
3183 2082 3276 2138 Dei
3307 2100 3372 2140 ex
3390 2102 3522 2142 voce

210 2181 360 2235 tem’.
387 2178 448 2226 ιιι
477 2169 682 2228 faceret,
733 2179 1026 2241 utrumque
1053 2169 1259 2229 unum?
1304 2190 1321 2222 ι
1360 2168 1476 2225 Non
1509 2169 1600 2228 hic
1627 2168 1820 2228 beatus
1921 2161 2111 2220 formae
2157 2163 2374 2220 servilis
2418 2169 2763 2238 prophetiam
2820 2171 3032 2226 Veteris
3088 2173 3420 2232 Tcstamenti
3453 2180 3522 2236 de

208 2261 584 2334 Hieronymus
631 2260 1004 2322 confusionem
1045 2263 1277 2321 duarum
1305 2263 1556 2334 designat
1596 2265 1820 2318 natura;

207 2372 362 2422 mm,
386 2357 482 2413 sed
509 2357 770 2412 unitatem
805 2357 1082 2428 potentiae,
1110 2365 1173 2415 ut
1209 2357 1500 2414 credamus
1528 2372 1692 2416 unam
1722 2372 1818 2427 p0-

207 2448 442 2506 tentiam
468 2448 772 2504 divinitatis
799 2449 854 2503 in
889 2447 1109 2504 Christo
1139 2449 1367 2505 Domino
1389 2449 1500 2504 Deo
1525 2459 1818 2515 nostro,ne

206 2539 430 2600 dicatur
481 2540 716 2598 dualitas
764 2539 1068 2610 maiestatis
1096 2541 1151 2596 in
1200 2540 1422 2597 Christo
1471 2541 1528 2597 in
1579 2557 1689 2611 quo
1732 2551 1820 2598 est

207 2632 398 2693 unitas
422 2631 715 2688 individua:
763 2647 1030 2703 personae.
1087 2631 1221 2692 Item
1251 2633 1394 2690 idem
1423 2633 1514 2704 qui
1553 2648 1718 2705 supra
1761 2644 1820 2691 et

206 2723 361 2782 unde
389 2740 552 2795 supra
581 2741 595 2778 :
633 2743 652 2776 ι
685 2724 791 2779 Per
819 2726 936 2782 huic
966 2740 1184 2797 quoque
1223 2726 1507 2793 discimus,
1531 2726 1700 2784 Deum
1723 2737 1814 2787 sc-

205 2815 328 2870 lum
366 2829 528 2871 nosse
553 2799 914 2886 cegitationes
942 2816 1242 2875 hominum.
1284 2815 1342 2876 Si
1388 2826 1570 2874 autem
1599 2819 1665 2875 de
1692 2819 1815 2877 Sal-

208 2915 408 2964 vatore
471 2908 670 2963 dicitur
714 2927 726 2962 :
791 2906 986 2963 Videas
1045 2906 1203 2964 Iesus
1238 2909 1578 2980 cogitationes
1633 2925 1815 2964 eorum

208 2998 374 3073 (an.
399 3015 478 3066 si,
514 3000 600 3071 l7)
626 3017 640 3065 ;
693 2999 982 3071 nullusque
1009 3007 1192 3071 potest
1209 2998 1395 3055 videre
1417 3000 1774 3071 cogitationes
1798 3041 1814 3065 ,

209 3093 323 3148 nisi
352 3092 498 3148 solus
527 3093 670 3148 Deus
700 3112 712 3146 :
767 3106 901 3163 ergo
948 3100 1007 3148 et
1047 3091 1301 3150 Christus
1352 3090 1496 3149 Deus
1525 3089 1693 3164 [est],
1722 3091 1816 3162 qui

207 3192 496 3241 scrutatur
520 3185 708 3249 corda,
722 3191 779 3238 et
797 3181 991 3239 reddet
1006 3182 1299 3252 unicuique
1322 3181 1617 3237 secundum
1649 3196 1815 3253 opera

208 3259 350 3333 sua;
371 3297 390 3328 ι
423 3275 569 3332 Idem
595 3290 812 3347 quoque
833 3276 971 3331 libro
998 3275 1158 3330 tertio
1177 3275 1231 3329 in
1259 3273 1426 3330 Amos
1453 3275 1810 3345 prophetam:

215 3389 242 3422 ε
287 3368 444 3424 Tunc
499 3381 716 3438 quoque
771 3365 1168 3439 primogenitus
1218 3364 1448 3437 populus
1498 3365 1594 3421 Dei
1647 3364 1816 3420 Israel

209 3459 424 3536 [Hier.,
454 3460 847 3533 primogenitus
898 3457 1065 3514 Filius
1096 3457 1216 3524 Dei,
1248 3458 1476 3530 populus
1508 3457 1697 3530 Israel]
1722 3458 1816 3529 qui

209 3553 272 3608 in
313 3551 650 3623 unigenitum
674 3560 730 3607 et
756 3567 882 3607 vere
929 3550 1122 3605 Filium
1151 3550 1244 3605 Dei
1289 3551 1515 3605 miserat
1551 3565 1770 3607 manum
1797 3591 1814 3615 ,

209 3653 427 3700 aeterno
453 3642 620 3697 luctui
643 3642 877 3697 traditus
901 3652 1008 3707 est,
1031 3649 1087 3696 et
1110 3641 1407 3696 novissima
1434 3639 1570 3710 ejus,
1586 3639 1700 3694 sive
1723 3641 1816 3710 qui

209 3752 346 3794 cum
395 3751 460 3792 eo
511 3744 687 3799 erant,
736 3734 1094 3789 amaritudine
1148 3743 1274 3789 sunt
1318 3733 1530 3804 repleti.
1594 3751 1612 3785 ι
1669 3731 1815 3786 Idem

211 3844 437 3900 quoque
460 3829 512 3884 in
552 3827 872 3882 Zachariam
902 3826 998 3881 lib.
1021 3825 1200 3897 primo
1229 3844 1241 3878 :
1279 3842 1298 3874 ι
1327 3824 1440 3879 Nec
1475 3824 1696 3886 mirum,
1718 3824 1816 3886 ait,

213 3921 262 3978 si
285 3919 539 3976 Christus
559 3919 774 3974 dicatur
797 3917 1165 3987 omnipotens,
1197 3916 1282 3969 cui
1326 3914 1524 3968 tradita
1545 3924 1618 3968 est
1650 3913 1816 3966 omnis

213 4021 446 4074 potestas
464 4013 518 4065 in
541 4008 668 4065 calo
686 4019 734 4064 et
763 4010 817 4064 in
849 4019 988 4062 terra
1037 4004 1254 4077 (Matth.
1298 4021 1448 4069 xxiv,
1483 4005 1592 4074 I8).
1621 4003 1690 4058 Et
1723 4003 1818 4074 qui

213 4104 392 4159 dicit:
428 4099 620 4156 Omnia
645 4116 762 4170 qua,
785 4096 965 4152 Patris
1008 4107 1154 4161 sunt,
1186 4111 1302 4150 mea
1323 4104 1445 4148 sunt
1470 4093 1656 4166 (Ioan.
1683 4109 1815 4155 xvu,

215 4193 340 4264 to).
381 4212 401 4244 ι

295 4283 428 4340 VIII.
471 4281 754 4351 Quomodo
783 4278 1083 4336 catholicus
1117 4277 1374 4333 aestimari
1403 4285 1604 4348 potest,
1644 4278 1736 4348 qui
1766 4287 1822 4333 et

217 4386 494 4434 tantorum
525 4376 805 4430 doctorum
831 4370 1159 4428 testimoniis
1190 4385 1296 4424 non
1324 4369 1523 4432 credit,
1554 4383 1656 4423 nec
1686 4385 1818 4439 apo—

218 4469 414 4528 stolica
456 4468 525 4523 ad
554 4465 932 4521 credulitatem
962 4471 1214 4518 movetur
1243 4461 1588 4526 auctoritate,
1617 4476 1716 4514 nec
1736 4461 1819 4513 di-

219 4563 365 4616 vina:
390 4573 488 4630 per
507 4555 849 4626 evangelicas
885 4553 1112 4626 paginas
1143 4551 1412 4608 consentit
1434 4550 1691 4604 veritati?
1714 4549 1820 4620 lgi-

1919 2253 2214 2327 scmetipso
2239 2255 2612 2313 testimonium
2637 2259 2910 2330 perhibet,
2946 2264 3090 2332 quod
3118 2280 3186 2320 ex
3214 2275 3370 2322 utero
3398 2285 3518 2324 ma-

1918 2344 2018 2404 tris
2043 2359 2238 2403 servus
2257 2347 2329 2403 sit
2350 2348 2636 2418 formatus,
2662 2352 2778 2422 ipso
2803 2354 3018 2410 dicente
3045 2373 3144 2427 per
3170 2359 3360 2419 Isaiam
3390 2379 3518 2432 pro-

1915 2437 2138 2511 phetam
2165 2453 2180 2491 :
2209 2437 2280 2493 Et
2309 2456 2446 2494 nunc
2473 2442 2586 2495 lucc
2614 2443 2742 2498 dicit
2769 2444 3050 2515 Dominus,
3083 2448 3319 2517 formans
3349 2469 3430 2506 me
3451 2472 3517 2509 ea:

1917 2537 2067 2584 utero
2103 2546 2308 2590 servum
2327 2532 2450 2600 sibi,
2469 2543 2526 2589 ut
2553 2535 2800 2592 reducam
2822 2536 2987 2593 Iacob
3011 2543 3081 2594 ad
3103 2560 3245 2606 eum,
3267 2556 3315 2598 et
3346 2545 3517 2602 Israel

1919 2619 2070 2694 [non]
2093 2624 2491 2694 congregabitnr
2509 2624 2642 2696 (Isa.
2655 2667 2670 2691 ,
2688 2644 2833 2692 XLIX,
2848 2630 2924 2700 5).
2939 2651 2956 2682 ι
2975 2632 3292 2700 Considera,
3319 2639 3512 2702 lector,

1917 2711 2205 2784 diligenter
2251 2717 2396 2784 quod
2433 2716 2523 2773 ille
2553 2715 2648 2788 [ιη’.
2670 2758 2686 2783 ,
2713 2720 2842 2789 quid
2891 2721 3003 2796 ille]
3038 2725 3162 2780 velit
3192 2729 3256 2782 de
3297 2728 3517 2785 Christo

1917 2807 2167 2881 intelligi,
2197 2811 2288 2881 qui
2319 2811 2475 2869 nobis
2502 2813 2852 2885 improperat,
2880 2819 3014 2876 velle
3045 2825 3423 2895 eumdem,qui
3445 2845 3513 2881 ex

1917 2907 2074 2959 utero
2103 2903 2354 2975 virginali
2393 2912 2650 2975 tanquam
2703 2922 2933 2978 sponsus
2988 2916 3254 2982 processit
3280 2918 3346 2973 de
3392 2919 3515 2970 tha-

1917 2988 2062 3046 lamo
2083 3009 2203 3058 suo,
2229 2993 2400 3051 Deum
2440 3011 2626 3053 verum
2655 3013 2774 3054 esse
2806 2999 3028 3072 [Supple
3051 3020 3070 3058 :
3095 3017 3413 3076 conceptum
3423 3007 3439 3080 j
3463 3025 3519 3063 Ct

1918 3092 2127 3141 natum.
2147 3085 2302 3145 Dicit
2327 3089 2470 3144 enim
2497 3105 2513 3144 :
2543 3091 2610 3154 si,
2656 3103 2712 3146 ut
2740 3109 2826 3150 vos
2844 3093 3030 3149 uultis:
3060 3100 3406 3168 perspicuum
3435 3117 3521 3156 est

1918 3189 2045 3234 eum
2067 3176 2210 3234 nolle
2236 3179 2381 3248 quod
2409 3181 2569 3238 nobis
2593 3181 2780 3250 objicit
2805 3186 2940 3241 velle
2967 3204 2979 3239 :
3022 3197 3184 3260 atque
3210 3206 3364 3245 suam
3385 3208 3512 3247 sea-

1922 3267 2145 3328 tentiam
2170 3270 2492 3340 prophetico
2542 3271 2814 3332 adirmare
2845 3279 3036 3334 nititur
3059 3282 3400 3350 testimonio,
3455 3297 3519 3340 ut

1921 3359 2094 3432 magis
2116 3374 2309 3418 servus
2329 3363 2401 3418 sit
2419 3379 2486 3418 ex
2518 3373 2672 3420 utero
2699 3365 2964 3425 formatus
2993 3386 3154 3440 quam
3178 3371 3515 3443 Deus,quem

1917 3450 2098 3508 omnis
2121 3452 2387 3510 catholica
2407 3454 2651 3517 Ecclesia
2681 3458 2798 3527 ipso
2824 3475 2994 3517 sacrae
3019 3465 3388 3534 conceptionis
3411 3467 3514 3521 ini-

1919 3542 1995 3597 tio
2021 3541 2190 3600 Deum
2212 3559 2399 3603 verum
2430 3548 2720 3604 confitetur
2749 3565 2812 3605 ac
2837 3553 3094 3619 praedicat
3117 3571 3128 3605 :
3150 3562 3207 3608 ut
3237 3565 3360 3624 pote
3387 3573 3514 3626 quia

1920 3631 1988 3688 de
2014 3631 2222 3704 Spiritu
2251 3645 2443 3692 sancto
2469 3645 2524 3691 et
2553 3636 2720 3698 Maria
2754 3640 2965 3710 virgine
2995 3653 3313 3712 conceptum
3341 3657 3396 3698 et
3423 3662 3518 3700 ua-

1922 3732 2038 3778 tum
2066 3725 2376 3795 evangelico
2399 3729 2714 3785 testimonio
2736 3740 2944 3787 certum
2985 3732 3167 3786 habet.
3201 3732 3338 3800 Quid
3369 3736 3512 3792 enim

1921 3817 1987 3873 de
2025 3817 2138 3874 Deo
2159 3819 2262 3876 nisi
2287 3819 2431 3877 Deus
2458 3823 2606 3878 nasci
2631 3822 2860 3880 debuit?

1992 3908 2082 3964 IX.
2125 3909 2233 3966 Iste
2262 3914 2427 3967 etiam
2476 3913 2626 3969 Felix
2671 3915 2811 3972 hunc
2843 3916 3261 3973 conditionalem
3298 3935 3514 3975 servum

1921 4001 2118 4070 saepius
2144 4003 2282 4056 solet
2308 4002 2601 4062 afﬁrmare.
2632 4021 2738 4061 non
2789 4006 3098 4077 intelligens
3141 4010 3288 4079 quod
3321 4010 3516 4066 divina;

1923 4094 2339 4163 dispensationis
2411 4104 2758 4153 sacramento
2826 4111 3018 4154 servus
3085 4096 3510 4159 nominaretur:

1923 4182 2130 4238 scilicet
2173 4198 2279 4240 non
2309 4185 2638 4252 conditione,
2669 4195 2728 4243 ut
2755 4188 3007 4258 superius
3027 4187 3284 4255 diximus,
3317 4189 3514 4244 debitae

1922 4272 2220 4336 servitutis,
2249 4274 2343 4331 sed
2369 4274 2653 4346 implenda
2673 4284 2914 4347 paternae
2937 4278 3227 4334 voltmtatis
3256 4280 3308 4333 in
3335 4280 3510 4334 salute

1923 4364 2157 4420 humana
2189 4364 2490 4421 voluntaria
2512 4367 2840 4423 obedientia.
2878 4366 3014 4424 Nam
3039 4370 3091 4423 in
3115 4369 3331 4426 Christo
3355 4372 3515 4440 quid-

1924 4458 2053 4527 quid
2080 4466 2293 4529 gcstutn
2320 4466 2426 4524 est,
2450 4467 2620 4512 totum
2655 4459 2948 4516 voluntatis
2981 4460 3106 4528 fuit,
3139 4479 3248 4519 non
3273 4464 3515 4519 necessi-

1927 4549 2052 4604 tatis
2077 4588 2092 4611 ,
2133 4551 2225 4619 qui
2255 4549 2511 4624 Apostolo
2543 4559 2774 4607 testante
2798 4593 2811 4614 ,
2855 4553 3148 4608 Immiliavit
3185 4555 3516 4624 semetipsum

223 4664 316 4710 tur
331 4659 444 4706 tota
458 4663 610 4704 sacra
627 4646 909 4716 Scriptura
950 4643 1108 4713 hujus
1125 4642 1267 4700 fideli
1289 4641 1571 4697 catholica:
1585 4640 1817 4713 fulgore,
1854 4671 1902 4731 ο
1928 4639 2098 4708 factus
2124 4639 2366 4696 obediens
2409 4637 2565 4696 Patri
2594 4658 2757 4712 usque
2785 4641 2854 4694 ad
2887 4653 3127 4708 mortem,
3162 4653 3380 4698 mortem
3419 4661 3522 4700 au-

222 4743 384 4816 qnasi
412 4741 584 4798 stellis
626 4738 932 4796 lucentibus
959 4735 1013 4791 in
1042 4733 1202 4799 coelo,
1240 4734 1523 4798 clarescit;
1570 4748 1670 4787 nec
1718 4730 1822 4787 ulla

226 4838 287 4893 in
333 4833 443 4890 illis
485 4831 786 4903 divinitatis
832 4827 1164 4899 nuncupatio
1219 4825 1334 4883 sive
1363 4822 1483 4898 [Ρη
1512 4823 1650 4896 sine]
1686 4825 1827 4879 veri-

228 4925 363 4985 tatis
388 4926 627 4998 poteutia
670 4923 890 4978 Christo
924 4918 1234 4982 ascribitur,
1268 4919 1363 4977 sed
1393 4917 1575 4972 omnia
1608 4917 1825 4989 propria

227 5023 438 5077 virtute
457 5018 749 5074 sanitatum
783 5011 1067 5076 beneﬁcia,
1098 5009 1183 5068 vel
1215 5011 1491 5082 signorum
1521 5009 1780 5066 miracula
1806 5050 1821 5072 ,

229 5123 572 5184 quaecunque
610 5108 813 5180 gessit,
861 5119 986 5164 cum
1045 5099 1259 5160 edicere
1305 5111 1592 5158 testantur.
1643 5099 1828 5170 Neque

233 5203 386 5260 enim
412 5200 632 5255 dubium
654 5205 740 5253 est
785 5196 915 5267 quin
943 5195 1060 5266 ipse
1107 5194 1321 5263 propria
1345 5201 1615 5264 potestate
1648 5191 1830 5248 omnia

237 5295 430 5353 fecerit
453 5309 574 5365 quae
592 5293 657 5350 de
683 5307 748 5347 eo
775 5291 912 5345 mira
935 5289 1222 5360 leguntur:
1256 5288 1714 5357 vehementerque
1738 5298 1832 5340 ca-

238 5385 475 5443 vendum
500 5392 588 5440 est
630 5397 698 5439 ne
727 5380 928 5450 aliquid
966 5380 1020 5440 in
1055 5378 1273 5434 Christo
1304 5376 1476 5432 fallaci
1531 5379 1832 5436 imitatione

239 5486 496 5554 putemus
525 5485 727 5538 actum,
754 5473 848 5528 sed
873 5469 1058 5526 omnia
1104 5485 1438 5543 quaecunque
1464 5469 1544 5524 vel
1573 5470 1625 5523 in
1657 5471 1834 5525 nomi-

242 5573 406 5630 nibus
426 5611 441 5635 ,
480 5568 566 5624 vel
595 5569 648 5622 in
670 5565 925 5637 operibus
947 5563 1200 5634 leguntur
1218 5562 1284 5618 de
1307 5562 1627 5627 illo,cuncta
1663 5564 1832 5621 solida

243 5661 476 5718 veritate
497 5669 617 5716 acta
648 5658 729 5714 vel
747 5657 887 5713 dicta
905 5656 1212 5718 credamus,
1231 5655 1355 5724 quia
1384 5657 1436 5710 in
1451 5655 1677 5712 veritate
1690 5658 1832 5713 nulla

244 5754 490 5828 ﬁgmenti
511 5750 854 5809 obumbratio
879 5747 1109 5804 inveniri
1139 5746 1356 5818 poterit.
1395 5747 1502 5803 Sed
1531 5749 1624 5818 qui
1675 5765 1838 5804 verus

244 5863 462 5919 scmper
485 5847 590 5904 erit
615 5845 758 5900 Deus
786 5844 839 5899 in
869 5842 980 5896 Deo
1005 5839 1185 5903 Patre,
1214 5855 1376 5896 verus
1419 5850 1502 5895 est
1540 5841 1593 5894 in
1616 5840 1833 5896 homine

250 5948 301 5995 et
333 5939 495 5996 Deus.
527 5939 592 5994 Et
624 5936 714 6008 qui
742 5949 901 5991 verus
924 5941 1007 5988 est
1026 5931 1270 5988 hominis
1295 5929 1439 5986 ﬁlius
1459 5971 1473 5996 ,
1527 5932 1668 5989 idem
1717 5931 1832 6001 ipse

1929 4741 2029 4786 tem
2054 4732 2224 4785 crucis
2248 4728 2502 4804 (Philipp.
2533 4749 2594 4798 ιι,
2623 4732 2700 4805 8).
2727 4732 2846 4788 Alia
2878 4743 2962 4790 est
2989 4748 3221 4804 namque
3266 4735 3517 4789 volunta—

1929 4823 2009 4877 ria
2037 4825 2335 4889 humilitas,
2367 4824 2470 4880 alia
2495 4825 2710 4882 servilis
2741 4827 3056 4885 necessitas.
3086 4825 3343 4893 Quaedam
3371 4827 3515 4882 enim

1929 4914 1995 4969 de
2019 4914 2236 4970 Christo
2275 4931 2371 4984 per
2395 4917 2782 4991 proprietatem
2808 4927 3016 4973 naturae
3043 4917 3315 4976 dicuntur,
3342 4925 3404 4972 ut
3435 4926 3520 4970 est

1928 5005 2050 5071 via,
2101 5006 2302 5063 veritas
2327 5015 2382 5064 et
2431 5007 2581 5073 vita;
2629 5010 2877 5078 quaedam
2920 5023 3016 5080 per
3069 5006 3516 5078 signiﬁcationem

1931 5117 2110 5157 rerum
2133 5118 2228 5171 per
2253 5100 2402 5159 illum
2428 5103 2784 5173 gerendarum
2807 5120 2838 5158 a
2882 5102 3161 5172 praphetis
3189 5101 3255 5156 de
3282 5115 3349 5163 eo
3375 5117 3513 5171 pne-

1933 5195 2108 5251 dicata
2136 5203 2280 5252 sunt.
2326 5194 2444 5261 Quo
2497 5211 2696 5266 genere
2742 5195 3030 5254 locutionis
3077 5209 3297 5248 servum
3343 5193 3518 5248 nomi-

1934 5286 2054 5344 nari
2101 5303 2130 5340 a
2159 5287 2438 5357 prophetis
2472 5287 2748 5342 Christum
2793 5287 3122 5345 credendum
3151 5294 3264 5351 est;
3295 5287 3363 5342 de
3411 5299 3518 5354 quo

1930 5379 2077 5434 enim
2124 5381 2385 5448 propheta
2415 5379 2518 5437 hoc
2547 5378 2913 5434 testimonium
2941 5378 3183 5448 protulit,
3212 5379 3266 5433 in
3295 5393 3361 5433 eo
3406 5385 3518 5433 sta-

1935 5471 2030 5525 tim
2062 5470 2403 5540 subjuuctum
2431 5479 2550 5526 est:
2582 5469 2714 5526 Dedi
2737 5480 2784 5525 te
2812 5471 2866 5524 in
2887 5471 3060 5526 lucem
3084 5472 3336 5542 gentium,
3368 5479 3423 5522 ut
3444 5472 3522 5524 sis

1935 5561 2081 5616 salus
2109 5579 2224 5616 mea
2248 5579 2407 5632 usque
2433 5561 2501 5615 ad
2524 5572 2811 5617 extremum
2834 5571 2984 5617 terra:
3013 5559 3147 5631 (Isa.
3179 5577 3324 5622 xm.
3347 5560 3420 5631 6).
3451 5559 3521 5616 Et

1936 5670 2004 5709 ne
2033 5655 2132 5708 iste
2163 5654 2334 5707 honor
2364 5662 2524 5707 tanta:
2573 5653 2706 5708 lucis
2735 5668 2932 5722 parvus
2961 5653 3227 5716 videatur,
3251 5653 3304 5706 in
3326 5668 3391 5706 co
3418 5652 3515 5706 ad-

1928 5743 2145 5812 junxit:
2176 5743 2339 5810 Reges
2387 5743 2650 5808 ridebunt,
2680 5753 2727 5797 et
2781 5753 3092 5814 consurgent
3123 5744 3377 5813 principes
3403 5783 3416 5807 ,
3468 5751 3516 5795 et

1935 5837 2228 5890 adorabunt
2255 5846 2465 5905 propter
2492 5835 2794 5897 Dominum,
2817 5837 2942 5906 quia
2979 5835 3151 5905 ﬁdelis
3190 5847 3288 5898 est,
3315 5845 3362 5889 et
3395 5850 3519 5888 san.—

1933 5941 2073 5983 ctum
2104 5928 2295 5995 Israel,
2325 5930 2414 6001 qui
2452 5928 2600 6000 elegit
2645 5940 2692 5983 te
2721 5929 2984 6003 (lbid.,.v,
3008 5929 3081 5999 7).
3116 5926 3393 5997 Quomodo
3421 5940 3516 5980 au-
