4136 6630
324 497 429 556 135

1070 496 1491 555 ΒΟΟΜΑΠΕΛ.
1534 529 1602 537 -—
1642 497 1800 552 ΜΠ.
1843 494 2140 551 FELICEM
2180 494 2362 551 LIBRI
2402 493 2512 551 VII.
2549 524 2618 535 —
2655 489 2787 549 LIB.
2830 491 2918 547 IV.

3511 489 3614 547 186

322 614 619 684 complacui
642 612 860 686 (Matth.
885 629 971 679 III,
999 613 1109 685 I7).
1140 636 1159 667 ι
1204 612 1525 669 Ambrosius
1566 610 1798 666 eximius
1819 606 1916 662 Dei
1950 611 1993 665 Α
2028 623 2047 657 ι
2080 605 2375 662 Ilaeretice!
2401 604 2589 662 desine
2609 601 2860 673 judicare
2876 602 3117 674 judicem
3134 602 3421 667 tuum,st
3444 602 3610 657 adora

326 705 605 769 sacerdos,
657 706 712 759 in
767 704 907 759 libro
944 704 1037 775 qui
1080 711 1165 760 est
1194 705 1261 759 ad
1291 704 1550 775 virgines,
1598 703 1672 756 ita
1702 714 1912 755 memo-

327 805 414 850 rat
439 808 464 835 α
492 796 698 866 :828
725 813 743 846 ι
772 793 1020 851 Gloriosa
1049 796 1332 865 virginitas
1356 804 1413 850 et
1440 793 1699 865 przeclara
1730 791 1916 848 Iecun~

325 887 488 941 ditas.
508 887 770 942 Dominus
799 885 985 942 mundi
1008 887 1273 950 nascitur,
1297 895 1354 940 et
1375 885 1554 940 nullus
1573 894 1658 940 est
1685 885 1917 955 gemitus

325 979 590 1049 parientis
615 1019 631 1043 ,
666 978 793 1049 quia
824 977 908 1034 Ias
960 985 1077 1033 erat
1126 989 1185 1033 ut
1224 978 1335 1032 Deo
1364 987 1620 1033 nascente
1660 976 1916 1031 meritum

326 1078 599 1124 cresceret
655 1068 946 1125 castitatis.
986 1090 1006 1121 ι
1060 1068 1423 1139 Hieronymus
1460 1067 1742 1123 catholicae
1793 1066 1916 1122 ﬁdei

328 1160 522 1215 doctor
548 1160 886 1216 clarissimus
920 1161 974 1214 in
1016 1158 1155 1215 libro
1182 1160 1248 1215 ad
1276 1160 1626 1216 Eustochium
1652 1159 1917 1231 virginem

330 1250 524 1323 (Epist.
553 1249 647 1317 2‘2,
670 1267 726 1305 n.
748 1250 841 1321 ‘29)
868 1266 883 1303 :
920 1269 938 1300 ι
969 1249 1089 1316 Dei,
1121 1251 1337 1321 inquit,
1361 1250 1536 1307 Filius
1582 1267 1682 1323 pro
1731 1257 1918 1305 nostra

326 1346 504 1401 salute
548 1343 787 1400 hominis
825 1342 1002 1399 factus
1051 1351 1134 1400 est
1180 1344 1343 1399 ﬁlius.
1395 1344 1594 1401 Decem
1639 1342 1777 1416 [Αι.,
1806 1339 1919 1398 Νο-

328 1436 476 1504 vein]
497 1438 777 1493 mensibus
801 1438 829 1477 b
853 1437 906 1491 in
934 1444 1111 1502 utero,
1143 1446 1203 1493 ut
1217 1446 1497 1503 nascatur,
1522 1445 1916 1509 exspectat,....

328 1542 388 1589 et
420 1530 533 1599 ille,
561 1531 716 1603 citius
744 1532 948 1604 pugillo
999 1518 1236 1588 mundus
1285 1530 1583 1586 includitur
1624 1528 1827 1605 [Hicr.,
1866 1538 1923 1584 et

330 1625 425 1680 ille.
455 1623 657 1695 pugillo
689 1622 948 1677 mundum
969 1619 1298 1695 includens],
1328 1620 1586 1693 prmscpis
1610 1620 1924 1675 continetur

331 1716 619 1787 angustiis.
652 1735 670 1767 ο
704 1715 837 1771 Item
864 1713 1103 1785 ipsiusin
1122 1712 1514 1769 commentario
1532 1711 1684 1768 Isaia:
1704 1709 1783 1783 (In
1799 1725 1919 1781 cap.

330 1824 411 1866 vn
444 1809 548 1863 lsa.
575 1848 590 1873 ,
629 1822 784 1862 num.
814 1806 906 1877 11)
940 1820 956 1860 :
990 1823 1010 1857 ‹
1038 1805 1301 1861 Dominus
1327 1806 1475 1860 enim
1507 1804 1795 1870 virtutum,
1829 1805 1923 1875 qui

329 1912 416 1957 est
443 1898 555 1955 Rex
583 1898 792 1970 gloria},
817 1896 932 1968 ipse
953 1896 1231 1953 descendit
1257 1897 1311 1950 in
1338 1904 1553 1952 uterum
1575 1896 1921 1966 virginalem,

2021 698 2075 755 iu
2106 697 2262 754 cmlis
2288 698 2458 754 Deum
2479 736 2494 763 ,
2541 710 2705 768 quem
2735 696 2904 749 Deum
2932 709 3122 763 magus
3148 692 3392 748 adoravit
3417 693 3474 749 in
3502 702 3610 749 ter-

2017 787 2116 842 ris.
2152 805 2172 840 ι
2230 786 2362 843 Item
2414 787 2609 843 beatus
2656 785 2801 840 Beda
2857 783 3142 856 presbyter
3188 783 3244 838 in
3273 785 3614 853 expositione

2018 875 2331 945 apostolica:
2358 874 2755 931 exhortationis
2795 873 2864 930 ad
2912 876 3198 945 episcopos
3252 874 3610 945 Ephesiorum

2019 966 2209 1040 (Beda,
2240 968 2295 1024 in
2323 984 2444 1039 cap.
2477 983 2547 1023 xx
2576 967 2693 1022 Act.
2743 964 2960 1038 apost.),
2994 966 3084 1021 ubi
3113 967 3187 1021 ait
3214 984 3229 1021 :
3264 964 3329 1020 In
3372 983 3477 1039 quo
3525 982 3613 1021 vos

2021 1061 2251 1133 Spiritus
2271 1074 2485 1118 sanctus
2503 1064 2677 1134 posuit
2696 1062 2963 1134 episcopos
2986 1078 3159 1133 regere
3172 1060 3464 1117 Ecclesium
3493 1059 3610 1128 Dei,

2018 1172 2178 1226 quam
2212 1154 2483 1226 acquisivit
2523 1154 2782 1225 sanguine
2806 1168 2904 1208 suo
2948 1153 3086 1219 (Act.
3120 1168 3211 1217 xx,
3238 1152 3331 1225 28)
3370 1170 3384 1207 :
3439 1172 3456 1206 ι
3492 1152 3608 1209 Non

2020 1251 2305 1317 dubitavit,
2328 1252 2526 1323 inquit,
2552 1250 2869 1324 sanguinem
2895 1248 2989 1306 Dei
3009 1249 3190 1306 dicere
3213 1257 3435 1322 propter
3449 1250 3608 1307 unio-

2021 1362 2147 1403 nem
2175 1360 2422 1418 persona:
2447 1345 2505 1401 in
2535 1344 2744 1403 duabus
2772 1342 2982 1400 naturis
3004 1341 3246 1413 ejusdem
3271 1341 3400 1400 Jesu
3443 1343 3610 1400 Chri-

2021 1438 2124 1505 sti,
2155 1444 2380 1511 propter
2424 1450 2588 1508 quam
2635 1442 2693 1492 et
2737 1435 2918 1492 dictus
2943 1442 3030 1490 est
3058 1435 3200 1490 ﬁlius
3226 1433 3495 1500 hominis,
3520 1436 3614 1506 qui

2021 1539 2107 1585 est
2130 1528 2185 1584 in
2212 1527 2371 1585 coelo.
2416 1524 2603 1584 Cesset
2624 1541 2757 1599 ergo
2800 1526 3084 1584 Nestorius
3116 1526 3284 1582 ﬁlium
3316 1527 3552 1583 hominis
3578 1544 3610 1583 a

2022 1620 2161 1677 Filio
2201 1619 2299 1676 Dei
2344 1632 2625 1690 separare,
2670 1626 2727 1674 et
2751 1618 2889 1674 duos
2912 1618 3012 1675 sibi
3043 1618 3225 1675 facere
3271 1618 3543 1675 Christus.
3582 1640 3602 1673 ι

2024 1712 2282 1770 Dicamus
2313 1720 2370 1768 et
2412 1728 2512 1768 nos
2546 1730 2560 1767 :
2594 1711 2787 1767 Cesset
2813 1712 2998 1782 itaque
3044 1711 3197 1766 Felix
3228 1711 3506 1768 Christum
3561 1713 3615 1768 in

2024 1803 2160 1859 duos
2191 1802 2352 1869 ﬁlios,
2378 1801 2466 1858 vel
2492 1801 2548 1857 in
2578 1801 2713 1858 duos
2739 1802 2871 1858 deos
2896 1802 3158 1868 dividere,
3191 1817 3260 1858 ne
3285 1800 3619 1858 Nestoriana:

2026 1894 2121 1950 ﬁat
2157 1893 2496 1949 inﬁdelitatis
2534 1894 2812 1965 particeps
2848 1894 3010 1964 :quia
3050 1893 3196 1964 quod
3234 1892 3519 1950 Nestorius
3562 1895 3619 1951 in

335 1998 395 2045 et
427 1968 705 2059 ingressus
734 1995 823 2042 est
873 1993 927 2041 et
972 2000 1224 2056 egressus
1267 1985 1592 2042 orientalem
1628 1993 1865 2056 portam.
1896 2004 1917 2039 ι
1958 1968 2002 2027 Β
2027 2000 2257 2042 numero
2283 2000 2675 2057 personarum,
2706 1987 2811 2041 hoc
2836 1984 2987 2040 Felix
3016 1986 3068 2040 in
3114 1999 3343 2040 numero
3385 1985 3620 2041 ﬁliorum

328 2077 464 2131 Item
511 2075 846 2147 Augustinus
872 2116 888 2140 ,
937 2074 1094 2145 cujus
1140 2090 1306 2145 supra
1349 2077 1547 2145 saepius
1591 2078 1926 2133 mentionem

334 2168 565 2223 fecimus
593 2186 608 2221 :
647 2187 666 2219 ε
701 2166 773 2223 Ut
809 2177 1015 2233 autem,
1046 2168 1222 2237 inquit
1246 2168 1448 2241 (Serm.
1473 2167 1583 2223 Sin
1603 2167 1789 2223 Natali
1822 2166 1930 2223 Do-

330 2259 506 2327 mini),
534 2258 783 2313 homines
810 2268 1168 2317 nascerentur
1190 2275 1258 2314 ex
1284 2259 1418 2326 Deo,
1448 2260 1682 2332 primum
1716 2276 1784 2315 ex
1811 2274 1929 2316 om-

334 2348 498 2406 nibus
525 2359 688 2405 natus
714 2358 801 2405 est
818 2348 964 2406 Deus
994 2365 1012 2406 :
1040 2349 1291 2406 Christus
1315 2352 1461 2407 enim
1490 2351 1662 2417 Deus,
1694 2360 1750 2407 et
1771 2350 1931 2408 Chri-

335 2447 454 2499 stus
482 2449 646 2497 natus
671 2456 741 2497 ex
766 2440 1013 2509 homine,
1047 2457 1156 2499 non
1197 2441 1450 2514 qumsivit
1476 2444 1578 2499 nisi
1609 2452 1840 2499 matrem
1873 2444 1929 2499 in

332 2538 509 2602 terra,
547 2534 642 2605 qui
688 2532 804 2603 jam
843 2532 1064 2592 Patrem
1112 2535 1349 2593 habebat
1383 2536 1436 2591 in
1467 2536 1623 2593 ctelo.
1662 2535 1833 2593 Natus
1859 2552 1929 2592 ex

333 2632 468 2696 Deo,
496 2645 596 2701 per
624 2645 787 2701 quem
816 2628 944 2687 facti
978 2646 1197 2699 sumus;
1232 2641 1392 2687 natus
1431 2648 1499 2688 ex
1537 2633 1793 2705 Virgine,
1833 2648 1930 2703 per

329 2736 497 2793 quem
535 2721 982 2779 relormaremur.
1019 2744 1040 2777 ι
1096 2723 1231 2779 Item
1283 2721 1526 2793 ejusdem
1583 2726 1638 2781 iu
1697 2726 1929 2796 epistola

330 2820 406 2871 ad
431 2813 784 2870 Volusianum
815 2813 1011 2886 (Epist.
1052 2814 1177 2881 137,
1204 2830 1327 2886 cap.
1355 2815 1410 2888 4)
1441 2834 1455 2870 :
1498 2836 1514 2867 ι
1549 2817 1617 2871 Et
1640 2817 1754 2887 ipse
1777 2817 1932 2889 Moy-

334 2919 427 2962 ses
452 2916 507 2963 et
538 2904 730 2962 caeteri
765 2907 1045 2977 propheta:
1080 2907 1432 2964 veracissime
1460 2908 1747 2964 Dominum
1772 2909 1933 2966 Chri-

333 3009 475 3057 stum
506 3000 997 3073 prophetaverunt,
1026 3008 1084 3056 et
1115 3000 1166 3056 ei
1193 3000 1419 3072 gloriam
1467 3017 1718 3072 magnam
1764 3002 1932 3059 dede-

336 3099 466 3149 runt
488 3114 498 3146 :
526 3094 675 3149 hunc
688 3106 797 3147 non
813 3098 1075 3162 tanquam
1102 3090 1321 3148 Patrem
1347 3092 1450 3147 sibi
1470 3092 1651 3166 [Aug.,
1670 3102 1931 3166 tanquam

335 3198 524 3255 parem
545 3181 698 3256 sibi],
723 3196 828 3238 nec
850 3182 907 3237 in
936 3181 1129 3239 eadem
1151 3183 1539 3239 miraculorum
1572 3186 1814 3255 potentia
1841 3202 1934 3242 su-

336 3275 634 3345 periorem,
666 3274 762 3330 sed
789 3271 949 3344 plene
973 3271 1161 3347 [Aug.,
1188 3273 1371 3347 plane]
1424 3275 1709 3332 Dominum
1758 3278 1927 3335 Deum

336 3366 615 3427 omnium,
671 3371 729 3421 et
790 3364 1068 3420 hominem
1121 3373 1344 3436 propter
1392 3365 1667 3423 hominem
1723 3367 1931 3425 factum

335 3463 626 3511 venturum
644 3453 1168 3524 praenuntiaverunt.
1189 3474 1208 3506 ι
1236 3455 1370 3511 Item
1387 3456 1685 3528 Gregorius
1704 3457 1935 3516 Nazian-

340 3560 512 3603 zenus
555 3545 743 3616 (Orat.
787 3547 879 3612 58,
936 3545 993 3601 in
1038 3543 1236 3603 Christi
1264 3545 1484 3620 Natio.)
1518 3564 1534 3604 :
1569 3569 1588 3601 ι
1616 3550 1752 3606 Cum
1779 3566 1933 3625 ergo,

337 3637 515 3709 inquit
539 3679 554 3703 ,
589 3637 953 3710 processisset
989 3651 1058 3694 ex
1100 3638 1325 3710 Virgine
1365 3639 1508 3695 Deus
1553 3641 1608 3696 in
1648 3657 1736 3707 ea,
1768 3657 1932 3712 quam

339 3740 732 3802 assumpserat,
764 3731 1007 3787 humana
1026 3712 1231 3786 natura
1261 3771 1277 3798 ,
1326 3747 1492 3787 unum
1519 3748 1551 3788 e
1582 3731 1793 3790 duobus
1829 3735 1933 3791 sibi

340 3818 579 3899 invicem
599 3820 897 3878 contrariis
924 3821 1166 3878 existens
1184 3838 1351 3880 carne
1372 3838 1437 3879 ac
1460 3824 1653 3901 spiritu
1667 3867 1683 3892 ,
1707 3824 1854 3883 aliud
1877 3827 1933 3884 in

342 3915 511 3970 Deum
552 3919 849 3974 assumitur
871 3957 889 3984 ,
928 3916 1076 3973 aliud
1102 3918 1323 3973 deitatis
1357 3919 1593 3990 gratiam
1621 3928 1865 3990 prrestat.
1904 3942 1923 3975 ι

340 4008 474 4064 Item
497 4008 691 4065 beatus
716 4009 955 4081 Cyrillus
982 4016 1174 4065 contra
1198 4007 1509 4065 Nestorium
1538 4010 1732 4082 (Epist.
1772 4011 1834 4080 ι,
1863 4012 1932 4069 ad

2029 2077 2213 2135 facere
2237 2078 2473 2143 videtur,
2501 2094 2667 2133 unum
2696 2076 3002 2149 adoptivum
3024 2118 3039 2144 ,
3065 2086 3121 2133 et
3144 2078 3309 2133 alium
3335 2080 3621 2150 preprium

2030 2169 2237 2226 faciens
2258 2167 2363 2243 [ut]
2390 2169 2588 2225 Filium
2618 2169 2716 2224 Dei
2748 2182 2848 2239 per
2888 2184 3053 2225 unam
3083 2169 3421 2226 divinitatem
3451 2169 3623 2241 maje-

2029 2262 2209 2330 statis,
2235 2262 2289 2317 in
2312 2261 2448 2317 duas
2472 2261 2679 2318 dividat
2726 2268 3023 2331 potestates
3046 2301 3061 2327 ,
3116 2276 3279 2315 unam
3320 2261 3623 2332 propriam,

2029 2355 2261 2410 alteram
2304 2352 2748 2423 nuncupativam.
2788 2351 2999 2418 Nonne,
3048 2366 3272 2423 quaeso,
3322 2352 3377 2406 hi
3434 2368 3627 2409 omnes

2030 2444 2187 2516 quasi
2218 2442 2539 2515 prophetico
2558 2442 2689 2499 olim
2728 2442 2924 2514 spiritu
2947 2484 2964 2509 ,
2993 2442 3063 2499 ad
3101 2441 3462 2499 confutandas
3486 2442 3628 2500 blas~

2029 2531 2274 2607 phemias
2305 2543 2449 2599 tuas,
2504 2532 2623 2589 bmc
2672 2532 2969 2588 dixerunt?
3010 2531 3091 2588 'I‘u
3138 2533 3285 2589 enim
3336 2532 3626 2590 Dominum

2029 2625 2200 2698 829
2236 2634 2482 2681 nostrum
2507 2624 2851 2680 Salvatorem
2897 2623 3090 2681 fateris
3135 2622 3411 2681 Christum
3453 2640 3620 2691 esse;

2032 2718 2203 2774 Deum
2232 2732 2364 2775 vero
2404 2732 2589 2790 negas.
2633 2716 2745 2775 Nec
2770 2718 2875 2773 hoc
2904 2717 3022 2774 solo
3062 2727 3354 2774 contentus
3398 2733 3481 2785 es,
3519 2716 3627 2775 nisi

2032 2810 2200 2866 etiam
2232 2818 2290 2865 et
2315 2824 2535 2867 servum
2559 2824 2688 2864 eum
2712 2808 3014 2864 aﬁirmares
3028 2822 3149 2864 esse
3169 2806 3623 2864 cbnditionalem:

2032 2902 2110 2960 illi
2137 2918 2267 2959 vero
2295 2916 2508 2968 omnes,
2542 2916 2681 2974 quos
2721 2900 3261 2974 praenominavimus,
3314 2910 3372 2958 et
3416 2902 3510 2958 alii
3540 2902 3629 2960 his

2032 2995 2205 3050 multo
2228 2994 2415 3067 plures
2434 2993 2692 3051 catholici
2712 2995 2817 3050 viri
2832 2992 3111 3051 Christum
3134 2994 3420 3051 Dominum
3451 2995 3622 3052 Deum

2032 3103 2223 3144 verum
2243 3088 2699 3160 praedicaverunt.
2728 3087 2809 3143 Illi
2836 3087 3054 3145 beatam
3080 3088 3358 3160 Virginem
3397 3089 3628 3147 Mariam

2034 3180 2134 3237 Dei
2167 3180 2488 3253 genitricem
2512 3178 2823 3247 afﬁrmant;
2849 3188 2907 3237 tu
2928 3197 3059 3238 vero
3084 3198 3192 3240 non
3220 3190 3428 3239 tantum
3450 3184 3629 3239 homi-

2035 3273 2136 3335 nis,
2171 3286 2332 3342 quem
2358 3269 2638 3328 Christum
2665 3272 2950 3340 nominas,
2998 3273 3095 3330 sed
3142 3275 3289 3331 servi
3341 3274 3622 3345 cujusdam

2034 3363 2353 3437 genitricem
2384 3362 2550 3434 impia
2575 3364 2817 3422 novitate
2846 3362 3072 3422 credere
3116 3372 3175 3421 et
3210 3367 3515 3437 prtedicare
3544 3366 3627 3422 vi-

2035 3452 2200 3509 deris.
2686 3520 2689 3521 ν

2110 3566 2219 3622 XII.
2262 3567 2486 3640 Insuper
2508 3578 2566 3625 et
2598 3571 2979 3627 auctoritatem
3008 3578 3210 3627 nostra:
3236 3570 3358 3629 ﬁdei
3382 3571 3568 3644 poscis
3591 3588 3621 3629 a

2035 3659 2213 3725 nobis,
2240 3661 2334 3731 qui
2356 3660 2503 3716 credi
2530 3662 2705 3733 possit
2729 3676 2919 3718 verum
2965 3661 3136 3717 Deum
3162 3677 3283 3719 esse
3324 3663 3626 3730 hominem,

2036 3751 2129 3821 qui
2153 3766 2233 3807 ex.
2251 3760 2408 3809 utero
2437 3753 2690 3825 virginali
2719 3763 2881 3811 natus
2907 3763 3013 3811 est.
3046 3754 3192 3812 Dicis
3218 3756 3363 3811 enim
3406 3772 3419 3810 :
3456 3774 3476 3807 α
3510 3754 3629 3824 Qua

2034 3845 2382 3913 auctoritate,
2424 3846 2569 3903 idem
2590 3846 2754 3904 homo
2782 3847 3095 3904 Dominicus
3120 3864 3188 3905 ex
3216 3856 3377 3904 utero
3434 3850 3629 3905 matris

2033 3950 2197 3991 verus
2218 3935 2363 3992 Deus
2390 3945 2706 4009 conceptus,
2745 3946 2803 3993 et
2826 3953 2991 3995 verus
3022 3938 3165 3995 Deus
3206 3946 3367 3996 natus
3409 3956 3439 3994 a
3466 3941 3626 3995 nobis

2032 4026 2382 4097 praedicatur,
2414 4042 2540 4084 cum
2565 4027 2639 4083 sit
2663 4037 2861 4085 natura
2902 4045 3066 4087 verus
3093 4030 3277 4096 homo,
3308 4039 3363 4086 ct
3390 4046 3490 4100 per
3515 4046 3631 4086 om-

338 4100 672 4173 Nestorium)
705 4120 719 4156 :
755 4121 774 4153 ε
812 4101 998 4173 Neque
1020 4102 1190 4168 enim,
1222 4102 1422 4173 inquit,
1450 4102 1629 4173 primo
1657 4112 1820 4160 natus
1847 4098 1926 4162 est

2036 4117 2127 4173 nia
2173 4118 2426 4175 subditus
2476 4118 2622 4175 Deo?
2648 4141 2667 4173 ι
2709 4119 2768 4176 Si
2798 4123 3186 4178 auctoritatem
3213 4098 3427 4193 qtueris.
3455 4138 3631 4194 quare

342 4192 834 4288 homo‘communis
870 4192 942 4288 de
979 4200 1178 4288 sancta
1210 4192 1449 4288 Virgine,
1480 4201 1538 4248 et
1566 4202 1695 4288 tunc
1715 4194 1931 4252 domum
2038 4206 2208 4264 Deum
2236 4222 2424 4264 verum
2466 4211 2826 4280 praedicemus
2849 4212 2944 4284 qui
2970 4222 3132 4269 natus
3153 4192 3245 4269 est
3280 4229 3347 4270 ex
3374 4192 3629 4288 Virgine,

339 4285 663 4341 inhabitavit
691 4287 746 4340 in
778 4300 847 4343 eo
869 4285 1111 4341 Verbum
1146 4303 1160 4340 :
1191 4284 1288 4341 sed
1331 4285 1385 4341 in
1414 4286 1532 4357 ipsa
1556 4286 1713 4343 vulva
1748 4295 1933 4345 utcro-
2034 4297 2207 4354 habes
2235 4297 2291 4354 in
2317 4300 2690 4369 superioribus
2727 4299 3020 4357 ιηιιιιοι-ιιιη
3065 4301 3309 4367 patrum,
3357 4284 3494 4373 quos:
3519 4321 3622 4376 po-

338 4395 446 4451 que
491 4378 744 4451 virginali
783 4394 842 4434 se
879 4392 1002 4433 cum
1031 4393 1198 4435 carne
1228 4378 1539 4450 conjunxit,
1571 4389 1630 4437 et
1674 4382 1936 4438 sustinuit
2033 4389 2266 4455 animus,
2290 4405 2397 4445 non
2432 4392 2885 4448 contemnendam
2914 4394 3314 4450 auctoritatem.
3338 4393 3542 4451 Tamen
3574 4398 3619 4453 si

339 4470 746 4541 generationem
774 4467 1048 4524 carnalem
1077 4468 1265 4525 carnis
1309 4483 1422 4525 sua:
1466 4468 1606 4542 [AI.,
1633 4471 1788 4526 carni
1817 4486 1926 4527 sua:

2035 4481 2253 4538 illorum
2277 4483 2590 4538 auctoritati
2630 4485 2853 4540 credere
2878 4488 3083 4549 renuis,
3132 4488 3218 4541 vel
3247 4488 3420 4558 ipsius
3449 4490 3626 4544 sancti

340 4562 678 4617 nativitatem
707 4574 860 4614 suam
892 4556 1141 4632 faciens].
1175 4577 1195 4612 ι
1228 4558 1426 4616 Petrus
1460 4575 1679 4632 quoque
1709 4560 1927 4618 Raven-
2037 4569 2296 4642 Spiritus,
2324 4587 2423 4642 per
2446 4586 2608 4641 quem
2638 4580 2694 4628 et
2719 4573 2787 4629 de
2816 4588 2925 4645 quo
2950 4575 3039 4629 illa
3068 4556 3335 4632 mirabilis
3376 4578 3496 4633 Filii
3526 4578 3627 4634 Dei

339 4654 525 4711 nensis
550 4654 858 4747 episcopus
880 4651 933 4704 in
958 4651 1151 4707 eadem
1158 4650 1412 4747 epistola
1442 4651 1586 4747 unde
1598 4652 1774 4747 paulo
1802 4662 1931 4747 ante
1962 4687 2011 4747 υ
2036 4664 2318 4735 conceptio
2348 4664 2403 4720 in
2451 4673 2609 4721 utero
2649 4667 2901 4739 virginali
2935 4668 3079 4725 facta
3107 4678 3209 4734 est,
3238 4672 3422 4737 crede,
3475 4670 3632 4741 cujus

341 4746 620 4819 posuimus
648 4741 955 4812 exemplum
982 4752 1005 4780 ο
1054 4756 1070 4796 :
1110 4760 1130 4793 ‹
1158 4740 1400 4798 Verbum
1421 4784 1435 4808 ,
1464 4741 1668 4812 inquit,
1695 4759 1825 4800 caro
1853 4743 1933 4800 fa-

339 4846 487 4893 ctum
533 4845 640 4900 est,
670 4842 733 4888 ut
778 4834 940 4888 homo
967 4848 1133 4888 carne
1160 4842 1575 4903 promoveretur
1620 4835 1673 4889 in
1700 4835 1931 4905 gloriam

342 4929 455 4991 Dei,
482 4944 587 4983 non
610 4934 671 4981 ut
691 4924 833 4980 Deus
859 4924 914 4978 in
934 4925 1116 4979 carnis
1138 4931 1444 4980 verteretur
1466 4923 1722 4996 injuriam
1751 4943 1764 4979 :
1792 4925 1932 4980 sicut

338 5020 472 5075 dicit
496 5017 819 5089 Apostolus;
853 5015 958 5081 Qui
976 5032 1031 5069 se
1053 5016 1233 5088 jungit
1259 5015 1505 5082 Domino,
1537 5034 1675 5072 unus
1713 5019 1939 5089 spiritus

338 5120 415 5166 est
443 5107 498 5182 (1
528 5106 652 5163 Cor.
682 5122 760 5171 VI,
791 5107 892 5177 17)
926 5124 938 5159 :
973 5106 1043 5160 Et
1072 5107 1346 5176 quomodo
1399 5121 1506 5161 non
1528 5147 1541 5172 ,
1598 5108 1818 5178 quando
1872 5124 1931 5165 se

336 5201 517 5274 jungit
543 5202 684 5256 Deus
712 5197 937 5263 homini,
969 5213 1112 5254 unus
1137 5206 1225 5252 est
1244 5196 1420 5252 Deus?
1446 5218 1465 5250 ι
1492 5196 1559 5253 Ει
1585 5208 1706 5271 post
1725 5215 1929 5271 pauca:

413 5372 439 5401 ι
482 5358 540 5413 S.
568 5353 918 5416 Ambrosius;
949 5351 1129 5421 potius
1171 5358 1363 5405 auctor
1395 5348 1637 5421 incertus
1663 5352 1932 5421 sermonis

344 5432 439 5488 I-II
505 5431 559 5484 in
612 5426 789 5481 Natali
829 5419 1079 5487 Domini,
1121 5437 1177 5476 n.
1229 5421 1304 5486 4,
1344 5420 1487 5474 inter
1540 5419 1676 5492 Opp.
1719 5420 1778 5476 S.
1814 5422 1928 5476 Au-

382 5512 565 5557 ustmt.
1536 5550 1537 5553 η

344 5524 671 5625 Βυίυὸϊεεηι
702 5564 985 5621 mensibus.
1023 5563 1100 5618 Ita
1124 5562 1290 5619 etiam
1317 5550 1537 5634 legebat
1563 5560 1926 5634 Martianatus.

345 5642 559 5717 Vulgati
588 5640 675 5717 alii
706 5653 916 5717 omnes,
945 5635 1022 5689 ait
1047 5632 1397 5717 doctissimus
1421 5632 1719 5717 Vallarsius
1749 5634 1803 5688 in
1832 5650 1933 5689 no-

343 5703 562 5771 vissima
583 5711 713 5765 edit.
737 5710 898 5779 Oper.
942 5705 1111 5779 sancti
1136 5703 1765 5779 Hieronymilitasti-ique
1793 5719 1924 5761 mss.

342 5787 559 5842 codices
586 5773 798 5838 habent
818 5794 1018 5833 novem.
1063 5773 1381 5845 Quanquam
1422 5773 1549 5829 alibi
1576 5773 1690 5829 non'
1716 5775 1930 5845 ignora-

346 5874 467 5914 mus
488 5857 676 5910 dcecm
712 5847 1006 5910 recenseri,
1044 5861 1150 5901 non
1180 5845 1280 5901 abs
1334 5844 1662 5918 Hieronymo
1691 5844 1924 5918 tantum,

345 5930 441 5986 sed
465 5928 533 5981 ab
552 5925 674 5980 aliis
698 5923 861 5979 etiam
892 5918 1248 5989 scriptoribus
1268 5915 1782 5987 antiquis,'mcnses,
1808 5917 1927 5985 qui-

2036 4754 2327 4810 adventum
2365 4756 2629 4827 quaerenti
2680 4757 2890 4827 Virgini
2939 4758 3211 4828 quomodo
3259 4760 3374 4816 ﬁeri
3420 4764 3632 4831 possint

2035 4859 2158 4915 qua:
2189 4845 2259 4900 ab
2289 4846 2484 4917 angelo
2507 4846 2651 4901 dicta
2682 4856 2809 4902 sunt
2836 4849 2917 4913 ei,
2950 4850 3091 4904 idem
3129 4851 3493 4924 archangelus
3518 4854 3627 4910 Ga-

2034 4936 2175 4992 briel
2201 4952 2231 4990 a
2259 4936 2368 4991 Deo
2389 4937 2590 4992 missus
2616 4938 2794 4993 eidem
2810 4933 3023 5012 Virgini
3053 4943 3454 5010 prmnuntiavit.
3481 4944 3631 4999 Nun-

2034 5029 2167 5100 quid
2196 5028 2343 5084 aliud
2364 5030 2539 5098 potuit
2568 5030 2794 5103 angelus
2840 5033 3123 5097 nuntiare,
3170 5034 3274 5089 nisi
3314 5035 3457 5105 quod
3490 5035 3565 5090 illi
3594 5053 3625 5090 a

2032 5119 2148 5175 Deo
2184 5122 2558 5191 omnipotente
2586 5123 2902 5179 mandatum
2934 5125 3084 5179 erat?
3135 5126 3275 5193 Quid
3303 5128 3435 5183 dicit
3462 5143 3626 5197 ange-

2031 5209 2153 5267 lus?
2182 5206 2411 5278 Spiritus
2441 5222 2658 5267 sanctus
2687 5215 3011 5285 superveniet
3038 5215 3093 5270 in
3137 5227 3218 5283 te,
3250 5228 3300 5273 et
3326 5220 3488 5275 uirtus
3526 5220 3623 5276 Al-

2033 5363 2137 5444 bus
2165 5362 2401 5444 infantes
2424 5364 2477 5418 in
2508 5373 2666 5444 utero
2689 5366 2890 5444 gestari
2916 5367 3110 5444 solent.
3135 5368 3433 5444 Auctorum
3455 5388 3617 5444 supra

2032 5434 2224 5505 viginti
2252 5435 2560 5490 testimonia
2608 5436 2659 5490 in
2692 5434 2835 5492 hanc
2864 5441 3191 5495 sententiam
3230 5443 3431 5497 indicat
3458 5434 3623 5500 Ba'lu-

2033 5504 2151 5560 zius
2180 5504 2235 5558 in
2261 5506 2405 5579 notis
2434 5505 2504 5579 ad
2524 5505 2778 5577 Cypriani
2807 5508 3090 5579 epistolam
3116 5511 3184 5566 ad
3212 5511 3571 5569 Fortunatum
3602 5533 3616 5569 :

2039 5589 2141 5656 nos
2181 5575 2354 5629 multo
2396 5575 2551 5644 plura
2572 5575 2783 5656 eorum
2790 5575 3018 5656 “diferre
3059 5596 3366 5656 possemus.
3396 5586 3489 5656 qui
3517 5601 3626 5643 nou

2038 5646 2145 5700 nisi
2172 5660 2365 5700 novem
2393 5659 2737 5702 enumerant.
2762 5649 2896 5705 Vide
2920 5646 3083 5707 etiam
3107 5654 3373 5711 eruditam
3395 5646 3624 5712 adnota-

2037 5716 2241 5772 tionem
2268 5714 2323 5771 in
2366 5716 2510 5773 hunc
2536 5717 2715 5774 locum
2740 5720 3041 5777 doctissimi
3070 5722 3250 5781 (ἓαηί
3280 5725 3347 5781 ad
3377 5724 3621 5785 Cassiani

2037 5786 2162 5843 libri
2176 5803 2276 5861 vti
2289 5787 2357 5842 de
2384 5785 2682 5854 Incarnat.,
2709 5804 2827 5861 cap.
2854 5789 2945 5858 56,
2977 5803 3093 5849 not.

2112 5868 2135 5898 ο
2176 5856 2311 5913 Vide
2332 5873 2516 5929 supra,
2547 5862 2650 5917 col.
2678 5856 2799 5916 177.
