4136 6578
559 339 659 398 187

1420 337 1478 391 8.
1521 336 1583 391 F.
1613 333 1839 390 ALBINI
1877 331 2009 388 SEU
2051 327 2328 385 ALCUINI
2367 329 2657 388 OPERUM
2695 330 2878 387 PARS
2916 330 3001 388 111.

3754 324 3868 382 188

556 464 750 519 tissimi
768 461 1094 517 obumbrabit
1139 461 1231 514 tibi
1263 475 1278 511 :
1306 460 1524 529 ideoque
1562 454 1701 527 quod
1745 461 1994 509 nascetur
2015 468 2081 505 ea:
2105 463 2154 504 te
2182 448 2234 507 Δ
2259 461 2595 517 quascunque
2644 447 2787 502 hanc
2826 445 2987 502 ﬁdem
3024 443 3093 500 de
3117 443 3339 501 Christo
3389 442 3521 501 Iesu
3578 458 3609 499 a
3651 442 3865 500 sanctis

556 570 823 621 sanctum,
849 555 1119 612 vocabitur
1140 553 1314 608 Filius
1341 551 1440 607 Dei
1468 551 1621 623 (Luc.
1651 566 1694 614 ι,
1723 548 1837 619 35).
1864 547 2001 601 Dum
2030 553 2157 599 ante

558 654 629 707 ab
656 648 851 721 angelo
875 650 1082 704 dictum
1104 658 1189 702 est
1219 661 1235 700 :
1267 646 1387 701 Erit
1417 645 1557 698 enim
1604 657 1830 711 magnus
1857 680 1873 705 ,
1899 655 1948 693 et
1984 637 2156 692 Filius

558 745 816 799 ditissimi
849 742 1125 798 vocabitur
1154 738 1348 809 (Ibid.,
1378 755 1427 792 υ.
1459 735 1579 807 32),
1600 735 1766 791 modo
1788 732 1921 789 dicit
1944 750 1956 785 :
1979 728 2158 785 Filius

556 837 690 902 Dei;
715 847 775 892 ut
799 851 961 906 quem
988 843 1149 889 antea
1178 831 1517 886 Altissimum
1538 829 1772 893 dixerat,
1797 826 1957 881 modo
1984 824 2156 878 Deum

556 928 888 983 ostenderet.
942 923 1252 980 Deloanne
1312 924 1512 976 dicitur
1556 921 1627 974 ab
1687 918 1878 974 eodem
1916 915 2152 985 angelo:

561 1019 789 1090 Magnus
818 1019 916 1072 erit
941 1034 1121 1071 coram
1148 1016 1260 1070 Deo
1290 1014 1457 1086 (Ibid.
1482 1031 1529 1068 υ.
1567 1011 1677 1083 15).
1714 1010 1816 1065 Hie
1845 1010 1989 1063 enim
2022 1006 2158 1061 diei-

558 1124 649 1167 tur
678 1127 903 1181 magnus
942 1110 1010 1164 ad
1037 1108 1441 1163 distinctionem
1476 1105 1621 1159 illius
1654 1122 1665 1157 :
1698 1112 1749 1158 et
1780 1100 1958 1155 Filius
1992 1099 2157 1154 Altis—

556 1201 710 1263 simi;
742 1210 804 1256 ut
853 1201 1206 1269 iutelligeres,
1240 1200 1398 1254 aliter
1423 1197 1685 1253 Joannem
1714 1210 1970 1266 magnum
2023 1192 2153 1255 diei,

556 1296 717 1350 aliter
740 1292 951 1357 Jesum,
998 1292 1092 1362 qui
1120 1291 1519 1361 praenuntiatus
1568 1296 1654 1343 est
1703 1288 1772 1343 ab
1816 1285 2026 1355 angelo.
2061 1282 2155 1337 llle

557 1391 724 1445 homo
751 1402 1003 1459 magnus,
1052 1388 1141 1442 hic
1169 1401 1398 1455 magnus
1426 1385 1567 1439 Deus
1596 1400 1610 1436 :
1645 1382 1786 1436 idem
1826 1395 1959 1450 ergo
1984 1377 2154 1432 Filius

555 1481 820 1537 Altissimi
850 1481 943 1552 qui
992 1480 1045 1533 in
1076 1488 1234 1533 utero
1282 1476 1533 1548 virginali
1585 1482 1878 1546 conceptus
1907 1481 1962 1526 et
1992 1481 2154 1526 natus

556 1581 664 1637 est,
694 1572 836 1626 idem
871 1573 1035 1626 homo
1065 1572 1119 1624 in
1170 1580 1415 1639 tempore
1448 1576 1668 1623 creatus
1716 1582 1782 1621 ex
1834 1575 2013 1621 matre
2060 1564 2153 1633 qui

558 1661 701 1718 Dens
744 1669 828 1717 est
881 1671 1007 1716 ante
1052 1669 1297 1730 tempora
1348 1669 1512 1714 natus
1546 1674 1609 1712 ex
1642 1657 1824 1712 Patre.
1884 1655 1940 1711 Si
1992 1656 2158 1725 igitur

540 1757 705 1812 idem
737 1756 899 1810 homo
919 1756 1010 1824 qui
1038 1754 1202 1818 Deus,
1231 1764 1288 1808 et
1318 1754 1459 1807 idem
1489 1751 1633 1807 Deus
1677 1751 1768 1821 qui
1809 1752 1990 1813 homo,
2017 1751 2159 1804 desi-

2260 541 2515 597 Patribus
2539 541 2939 613 promulgatam
2962 537 3539 605 subverterenititur;
3573 551 3672 593 nec
3702 536 3866 593 nobis

2259 630 2473 686 laudem
2512 640 2824 701 quaerentes
2843 672 2858 697 ,
2884 630 2980 686 sed
3009 628 3337 685 catholicam
3369 626 3534 684 ﬁdem
3560 626 3864 683 defenden-

2259 732 2362 788 tes,
2394 724 2571 793 parati
2600 722 2940 789 satisfacere,
2969 732 3235 793 quantum
3272 721 3435 777 nobis
3468 720 3651 776 divina
3691 721 3863 777 dona-

2257 817 2400 872 verit
2420 816 2616 889 gratia,
2643 816 2793 871 omni
2822 815 3066 887 poscenti
3110 830 3214 871 nos
3241 814 3510 869 rationem
3551 814 3710 881 ﬁdei,
3737 830 3863 871 creo

2260 908 2453 965 dentes
2474 916 2788 963 sanctorum
2818 908 3045 963 Patrum
3079 906 3431 970 testimoniis,
3455 915 3511 961 et
3531 904 3861 977 evangelica:

2260 1000 2595 1065 auctoritati,
2623 1016 2820 1056 sensus
2839 1010 3058 1056 nostros
3083 1001 3467 1071 sulijieientes;
3494 1000 3864 1071 pmdicantes

2258 1106 2449 1147 verum
2480 1093 2647 1147 Deum
2694 1102 3017 1163 conceptum
3050 1109 3173 1148 esse
3222 1101 3277 1146 et
3336 1102 3525 1148 natum
3574 1092 3854 1149 Christum

2259 1183 2355 1238 Dei
2389 1184 2586 1239 Filium
2618 1202 2631 1238 :
2666 1185 2881 1242 dicente
2910 1194 3099 1240 sancta
3130 1185 3339 1255 synodo
3373 1183 3807 1240 Cbalcedoncnsi
3842 1204 3858 1239 :

2259 1275 2428 1347 830
2490 1275 2799 1346 Sequamur
2858 1275 3083 1331 Patrum
3139 1282 3452 1331 nostromm
3514 1279 3859 1342 sententias,

2261 1382 2428 1421 unum
2450 1376 2505 1421 et
2525 1368 2778 1423 eumdem
2816 1367 3143 1424 conﬁtentes
3172 1366 3461 1422 Dominum
3492 1365 3680 1422 Iesum
3700 1368 3864 1424 Chri-

2261 1470 2425 1526 stum,
2454 1463 2844 1517 convenienter
2887 1462 3178 1518 edoeentes
3202 1504 3217 1529 ,
3260 1463 3563 1533 perfectum
3605 1464 3861 1518 eumdem

2260 1553 2566 1619 divinitate,
2594 1564 2648 1608 et
2669 1553 2969 1625 perfectum
2996 1554 3246 1608 eumdem
3276 1554 3619 1607 incarnatum
3645 1553 3812 1609 Deum
3844 1573 3857 1606 :

2264 1655 2321 1698 ut
2346 1646 2460 1717 ipsa
2494 1647 2712 1701 Veritas
2742 1648 2795 1701 in
2826 1634 3120 1718 Evangelio
3151 1654 3444 1716 utmmque
3495 1662 3555 1703 se
3598 1648 3751 1713 dicit,
3804 1659 3865 1703 et

2262 1737 2457 1793 Filium
2488 1738 2583 1794 Dei
2626 1748 2681 1793 et
2735 1739 2901 1794 lilium
2938 1739 3214 1803 hominis;
3256 1740 3332 1793 ait
3371 1740 3518 1793 enim
3548 1754 3737 1794 caeco:
3775 1738 3852 1793 Tu

559 1855 654 1900 nat
675 1845 852 1899 omnis
872 1809 1129 1899 llal‘relica
1163 1844 1404 1914 pravitas
1426 1884 1441 1908 ,
1472 1843 1555 1895 vel
1588 1842 1863 1897 hominem
1889 1841 2035 1896 hunc
2061 1855 2159 1911 pu-
2194 1809 2239 1869 Β
2266 1831 2435 1887 credis
2464 1834 2517 1887 in
2549 1830 2749 1887 Filium
2778 1832 2915 1887 Dei?
2936 1842 2992 1888 et
3020 1832 3382 1903 interroganti
3412 1833 3538 1901 quis
3574 1842 3743 1898 esset,
3774 1847 3867 1889 re-

560 1950 683 1991 rum
717 1936 939 1991 credere
963 1978 979 1998 ,
1023 1935 1107 1991 vel
1135 1952 1351 1990 servum
1380 1935 1679 2003 praedicare
1705 1932 2125 1989 eouditionalem
2146 1974 2160 1999 ,

560 2029 646 2083 vel
675 2027 728 2082 in
752 2028 887 2082 duos
913 2027 1157 2082 dividere
1182 2027 1342 2090 ﬁlios,
1361 2041 1521 2095 quem
1545 2025 1788 2097 angelica
1820 2025 2164 2080 adnuntiatio

558 2140 727 2179 unum
743 2140 862 2181 esse
890 2126 981 2179 Dei
1014 2123 1187 2180 ﬁlium
1218 2122 1489 2193 przedixit,
1523 2131 1583 2174 ut
1608 2122 1661 2175 in
1688 2130 1919 2176 tractatu
1948 2121 2161 2192 praefati

558 2218 717 2275 Bedze
742 2218 1045 2288 presbyteri
1069 2217 1267 2287 legitur
1288 2214 1433 2287 (cap.
1471 2215 1542 2286 l),
1569 2230 1731 2286 quem
1764 2216 1818 2270 in
1841 2215 2002 2271 Luca:
2026 2216 2165 2271 seri-

560 2315 670 2385 psit
719 2312 1071 2383 Evaugelium
1129 2328 1142 2363 :
1202 2330 1222 2361 ι
1261 2310 1468 2374 Ηοιιιο,
1503 2310 1699 2380 inquit,
1756 2319 2072 2379 assumptus
2104 2311 2157 2365 in

561 2404 732 2460 Deum
762 2402 1097 2458 clariﬁcatus
1118 2410 1287 2457 estea
1311 2400 1561 2456 claritate
1592 2416 1754 2473 quam
1786 2402 2025 2457 Verbum
2064 2402 2159 2458 Dei

563 2497 756 2555 habuit
778 2499 1094 2567 priusquam
1120 2496 1355 2551 mundus
1400 2502 1547 2550 esset
1574 2496 1716 2566 apud
1764 2494 2005 2559 Patrem,
2058 2497 2163 2552 hoc

561 2602 669 2658 est,
710 2601 772 2646 ut
798 2592 940 2645 idem
969 2590 1092 2645 Filii
1120 2605 1318 2644 nomen
1346 2589 1594 2644 eamdem
1621 2586 1827 2644 Christi
1869 2604 2159 2660 personam

566 2684 733 2740 homo
758 2684 901 2739 Deus
947 2681 1144 2756 [Beda,
1176 2684 1339 2737 homo
1370 2697 1493 2735 cum
1518 2681 1653 2754 Deo]
1685 2681 1875 2751 plenus
1903 2682 2077 2754 gratia
2107 2690 2163 2739 et

562 2774 795 2830 veritate
844 2773 1161 2830 sortiretur.
1203 2793 1221 2825 ι
1287 2773 1419 2828 Item
1474 2773 1530 2827 in
1590 2772 1782 2829 eodem
1850 2782 2085 2828 tractatu
2143 2792 2155 2829 τ

567 2886 588 2919 ι
627 2866 858 2938 Ideoque
888 2877 934 2920 et
963 2866 1103 2939 quod
1128 2877 1372 2921 nascetur
1408 2883 1471 2921 ex
1509 2876 1559 2921 te
1587 2876 1852 2936 sanctum,
1883 2868 2163 2923 vocabitur

570 2958 745 3014 Filius
776 2958 895 3013 Dei.
933 2959 1014 3014 Ad
1045 2960 1450 3016 distinctionem
1502 2971 1705 3016 nostra:
1737 2963 2044 3017 sanctitatis
2068 2962 2160 3020 Je-

567 3069 663 3108 sus
708 3054 1061 3124 singulariter
1102 3062 1323 3109 sanctus
1369 3054 1679 3108 nasciturus
1720 3055 2002 3111 asseritnr.
2050 3054 2159 3109 Nos

2264 1926 2482 1995 spondit
2511 1943 2523 1978 :
2562 1924 2628 1979 Et
2655 1927 2835 1980 vidisti
2873 1942 3015 1991 eum,
3048 1936 3098 1979 et
3135 1927 3227 1996 qui
3258 1925 3492 1996 loquitur
3518 1937 3711 1992 tecum,
3752 1928 3868 1999 ipse

2264 2026 2339 2069 es!
2376 2016 2558 2086 (.Ioan.
2594 2035 2671 2080 ix,
2704 2018 2797 2083 55,
2829 2018 2944 2089 36).
2978 2018 3111 2073 Item
3161 2018 3252 2074 ubi
3302 2021 3377 2073 ait
3413 2036 3428 2075 :
3479 2020 3612 2075 Cum
3663 2024 3867 2076 uenerit

2263 2114 2407 2183 ﬁlius
2431 2116 2659 2171 hominis
2687 2118 2742 2171 iu
2769 2118 3043 2187 majestate
3072 2136 3170 2173 sua
3192 2117 3345 2190 (Luc.
3370 2135 3447 2186 lx,
3470 2119 3583 2195 26).
3625 2120 3870 2178 Naturas

2265 2208 2319 2262 lu
2351 2206 2572 2263 Christo
2626 2210 2760 2264 duas
2804 2208 3154 2276 conﬁtemur,
3208 2220 3265 2266 et
3310 2210 3448 2268 duas
3476 2214 3865 2284 operationes;

2264 2315 2429 2353 tmam
2460 2308 2641 2355 tamen
2667 2300 3029 2365 divinitatem,
3058 2318 3166 2357 non
3194 2303 3351 2360 duas.
3379 2303 3535 2361 Sicut
3559 2306 3710 2362 enim
3733 2322 3865 2364 eum

2263 2392 2496 2448 dicimus
2526 2408 2539 2445 :
2567 2392 2730 2448 homo
2758 2393 2911 2457 vidit,
2942 2411 3054 2451 non
3082 2405 3263 2453 tamen
3312 2404 3460 2456 totus
3500 2399 3666 2456 homo
3706 2401 3863 2470 vidit,

2262 2489 2357 2544 sed
2390 2490 2532 2545 oculi
2569 2493 2944 2547 tantummodo
2973 2509 2987 2547 :
3014 2494 3094 2549 sic
3118 2509 3243 2550 cum
3264 2494 3498 2552 dicimus
3520 2537 3537 2563 ,
3560 2495 3709 2552 Deus
3733 2512 3862 2568 pas-

2262 2596 2357 2635 sus
2384 2589 2489 2644 est,
2521 2581 2616 2636 sed
2638 2597 2803 2637 carne
2821 2583 2956 2638 sola.
2981 2583 3102 2639 Alia
3131 2585 3278 2641 enim
3308 2596 3438 2642 sunt
3464 2601 3631 2659 opera
3673 2588 3727 2642 in
3758 2588 3863 2643 hu-

2263 2689 2428 2729 mano
2446 2687 2677 2742 corpore
2705 2674 2922 2743 capitis,
2956 2676 3063 2729 alia
3092 2676 3323 2746 pedum;
3354 2693 3481 2733 nam
3524 2682 3867 2752 unumquod—

2260 2783 2369 2839 que
2398 2770 2703 2825 membrum
2732 2771 2901 2826 habet
2948 2782 3003 2825 et
3053 2788 3191 2841 opus
3241 2789 3399 2828 suum
3448 2775 3725 2845 speciale,
3764 2779 3865 2833 sed

2261 2879 2428 2917 unum
2452 2872 2537 2917 est
2563 2878 2793 2932 corpus,
2847 2873 2904 2918 et
2929 2881 3068 2921 unus
3110 2866 3293 2933 homo,
3352 2867 3405 2923 in
3432 2884 3543 2939 quo
3564 2879 3869 2940 operantur

2260 2965 2423 3025 caput
2444 2966 2500 3011 et
2526 2959 2692 3027 pedes
2717 2999 2731 3021 ,
2774 2958 2955 3012 anima
2984 2967 3206 3031 regente
3234 2969 3289 3015 et
3315 2961 3648 3018 viviﬁcante.
3687 2961 3867 3017 Aliter

2260 3048 2407 3105 enim
2449 3050 2612 3104 sentit
2645 3051 2870 3106 livorem
2904 3066 3125 3122 corpus,
3178 3052 3339 3109 aliter
3387 3055 3605 3110 animus
3632 3055 3864 3109 verbum

558 3145 790 3215 quippe,
826 3146 928 3201 etsi
959 3146 1132 3200 sancti
1158 3144 1477 3209 elliciamur,
1509 3160 1614 3199 non
1649 3154 1829 3200 tamen
1854 3147 2153 3202 nascimur.
2187 3168 2232 3229 ο
2263 3142 2490 3207 durum,
2544 3151 2726 3195 tamen
2773 3158 2913 3198 unus
2940 3152 3025 3199 est
3056 3144 3222 3199 homo
3250 3159 3264 3198 :
3294 3146 3374 3201 sic
3401 3156 3486 3200 est
3513 3162 3654 3201 imus
3692 3146 3865 3209 Deus,

561 3235 656 3293 Ille
686 3246 866 3293 autem
895 3237 1041 3294 solus
1068 3237 1340 3292 veraciter
1370 3248 1593 3293 sanctus
1623 3248 1729 3303 est,
1753 3239 1870 3308 qui,
1897 3247 1957 3293 ut
1982 3239 2156 3310 ipsam

564 3332 980 3400 conceptionem
1004 3337 1213 3384 natura:
1236 3330 1602 3399 corruptibilis
1626 3331 1895 3395 vinceret,
1918 3348 1981 3386 ex
2011 3348 2163 3387 com-

562 3423 828 3479 mixtione
849 3422 1086 3478 carnalis
1098 3421 1304 3488 copnlm
1325 3428 1619 3490 conceptus
1634 3436 1739 3475 non
1756 3430 1857 3475 est.
1878 3421 2160 3488 Sanctum,

564 3514 763 3585 inquit,
795 3515 1068 3569 vocabitur
1100 3511 1273 3566 Filius
1310 3513 1427 3566 Dei.
1459 3512 1598 3579 Quid
1634 3514 1723 3566 hic
1758 3512 1920 3577 dicis,
1965 3511 2159 3569 Nesto-

564 3609 739 3675 riane,
770 3608 863 3678 qui
896 3608 1111 3662 beatam
1140 3605 1364 3660 Mariam
1411 3620 1618 3673 negans
1645 3606 1738 3659 Dei
1769 3619 1889 3660 esse
1930 3605 2161 3676 genitri-

564 3715 722 3764 cem,
760 3708 1005 3768 apertam
1060 3697 1255 3752 niteris
1303 3698 1624 3768 impugnare
1664 3697 1970 3750 veritatem.
2022 3698 2163 3753 Ecce

568 3793 737 3846 Deum
783 3791 919 3845 dixit
975 3797 1426 3861 superventurum
1455 3830 1469 3851 ,
1534 3788 1627 3841 Dei
1665 3788 1862 3842 Filium
1920 3790 2159 3844 nascitu-

570 3898 690 3938 rum
726 3899 738 3934 :
779 3880 1061 3948 Quomodo
1098 3893 1230 3949 ergo
1258 3889 1352 3933 aut
1392 3880 1482 3933 Dei
1526 3879 1694 3934 Filius
1727 3880 1868 3934 Deus
1897 3896 2004 3936 non
2040 3891 2158 3935 est:

573 3983 668 4029 aut
692 3989 815 4043 quae
848 3972 1017 4028 Deum
1044 3971 1234 4035 edidit,
1258 3971 1532 4040 quomodo
1559 3972 1815 4036 θεότοκος,
1847 3972 1901 4027 id
1925 3980 2033 4037 est,
2068 3972 2161 4027 Dei

568 4064 807 4135 genitrix
838 4078 946 4116 non
972 4077 1096 4117 esse
1120 4062 1329 4130 potest?
1363 4081 1382 4112 ι

639 4154 775 4209 Xlll.
819 4153 915 4207 His
940 4161 997 4208 et
1023 4152 1330 4222 huiusmodi
1361 4152 1795 4207 testimoniorum
1823 4152 2165 4207 auctoritati-

565 4247 669 4301 bus
696 4245 898 4301 sut'fulti
924 4247 1059 4300 nihil
1090 4246 1235 4301 aliud
1264 4246 1331 4301 de
1357 4244 1579 4300 Christo
1604 4246 1877 4301 credimus
1913 4246 2000 4301 vel
2028 4262 2166 4317 pra:-

566 4339 838 4401 dicamus,
869 4338 975 4393 nisi
1005 4338 1095 4393 illa
1126 4352 1247 4407 qua:
1295 4339 1621 4393 sanctissimi
1656 4338 2028 4394 Ecelesiarum
2069 4338 2163 4393 Dei

569 4431 821 4485 doctores
844 4430 1001 4486 nobis
1027 4430 1393 4495 tradiderunt,
1435 4446 1734 4501 omnesque
1766 4433 2036 4488 novitates
2066 4448 2165 4486 vo-

565 4524 775 4579 biscum
797 4528 1146 4578 exsecrantes
1171 4530 1227 4576 et
1247 4522 1682 4578 contradicentes
1707 4522 1855 4577 omni
1879 4522 2164 4588 doctrinae,

2262 3232 2355 3301 qui
2385 3247 2578 3301 passus
2606 3239 2690 3286 est
2715 3239 2769 3287 et
2799 3248 2905 3288 non
2933 3248 3162 3306 passus;
3192 3250 3388 3307 passus
3416 3242 3502 3291 est
3528 3235 3580 3289 in
3610 3237 3866 3293 humani-

2264 3332 2395 3389 tate,
2438 3334 2492 3378 et
2522 3341 2630 3380 non
2657 3340 2851 3394 passus
2875 3327 2926 3381 in
2942 3327 3244 3383 divinitate.
3269 3328 3423 3385 Unde
3452 3338 3505 3384 et
3528 3346 3669 3385 unus
3689 3329 3865 3387 Filius

2265 3414 2358 3469 Dei
2391 3416 2444 3468 in
2476 3430 2579 3469 una
2611 3431 2844 3486 persona
2870 3429 2925 3469 et
2968 3418 3180 3473 duabus
3210 3419 3425 3476 naturis
3471 3420 3632 3490 digne
3660 3423 3861 3491 pieque

2264 3507 2605 3563 conﬁtendus
2633 3517 2735 3564 est.
2799 3508 2929 3564 Sine
2984 3510 3095 3564 Deo
3130 3513 3308 3567 Verbo
3361 3521 3647 3585 segregate
3676 3514 3864 3569 carnis

2266 3608 2459 3654 natura
2489 3616 2594 3655 non
2624 3612 2703 3655 est
2727 3612 2988 3672 concepta
3022 3604 3074 3657 in
3104 3604 3351 3675 virginali
3378 3614 3566 3672 utero;
3598 3607 3692 3663 sed
3721 3605 3866 3661 inef-

2265 3692 2503 3747 fabiliter
2557 3692 2649 3747 Dei
2689 3694 2925 3748 Verbum
2956 3697 3171 3749 unitum
3203 3705 3287 3751 est
3340 3697 3526 3760 carni,
3563 3707 3621 3753 ut
3648 3713 3776 3751 vere
3803 3708 3865 3751 et

2266 3786 2545 3841 ineonluse
2588 3787 2862 3857 perfectus
2892 3788 3046 3844 ﬁeret
3096 3789 3262 3845 homo
3292 3804 3306 3843 :
3346 3792 3490 3846 unde
3525 3807 3649 3849 eum
3681 3791 3858 3846 homi-

2266 3896 2389 3933 nem
2421 3880 2581 3934 simul
2604 3888 2659 3934 et
2690 3880 2857 3935 Deum
2889 3880 3215 3936 conﬁtemur
3256 3883 3546 3938 habentem
3579 3883 3631 3937 in
3679 3883 3893 3955 seipse.

2266 3984 2579 4045 utrumque,
2608 3982 2662 4029 et
2700 3981 2951 4028 naturam
2981 3975 3165 4037 Verbi,
3189 3991 3294 4044 qua
3320 3974 3463 4031 De‘us
3478 3985 3585 4042 est,
3608 3986 3663 4029 et
3694 3986 3860 4030 natu-

2265 4081 2384 4119 ram
2416 4064 2617 4126 carnis,
2646 4079 2753 4132 qua
2793 4063 2937 4118 idem
2976 4061 3121 4119 Deus
3144 4065 3307 4119 homo
3332 4075 3434 4118 est.
3468 4063 3637 4120 Totus
3666 4075 3721 4119 et
3736 4082 3869 4134 per-

2267 4157 2444 4211 fectus
2470 4155 2613 4210 Deus
2643 4155 2697 4209 in
2725 4156 2946 4211 homine
2968 4194 2984 4219 ,
3039 4164 3093 4211 et
3121 4155 3394 4226 perfectus
3420 4158 3581 4213 homo
3617 4159 3671 4213 iu
3701 4158 3811 4213 Deo
3844 4180 3861 4213 :

2267 4262 2407 4301 unus
2432 4246 2577 4301 Deus
2609 4254 2666 4301 et
2706 4262 2845 4300 unus
2887 4246 3069 4311 homo,
3101 4247 3267 4302 etiam
3316 4257 3372 4303 et
3419 4264 3561 4304 unus
3584 4248 3862 4305 Christus.

2268 4338 2370 4404 Qui
2415 4345 2606 4392 contra
2664 4336 2828 4409 hujus
2878 4336 3004 4393 ﬁdei
3054 4339 3342 4395 veritatem
3378 4341 3566 4396 venire
3618 4349 3868 4396 tentave—

2272 4432 2377 4494 rit,
2421 4426 2731 4487 nullatenus
2783 4432 3109 4501 catholicus,
3162 4435 3259 4492 sed
3309 4435 3691 4494 schismaticus
3716 4437 3872 4493 esti-

2272 4521 2505 4577 mandus
2532 4528 2636 4576 est.

3609 4660 3830 4673 αφ’-φ

1891 4721 2123 4783 LIBER
2171 4722 2537 4796 QUINTUS.

644 4906 685 4961 1.
717 4906 897 4961 Multis
925 4905 1191 4978 siquidem
1219 4906 1606 4975 pnetcrmissis
1630 4922 1748 4975 qua'
1776 4906 1828 4959 in
1859 4906 2038 4962 libello
2071 4912 2164 4961 tuo
2190 4906 2246 4967 D
2270 4908 2485 4964 Veritas
2535 4907 2781 4978 recipere
2840 4908 3060 4974 renuit,
3109 4907 3487 4967 obmutescere
3511 4926 3639 4969 eum
3674 4917 3871 4985 praeci-

570 4998 846 5070 leguntur,
896 4998 1095 5066 quibus
1148 4999 1341 5053 niteris
1379 4996 1670 5059 aliirmarc,
1727 4997 2021 5052 Dominum
2070 5014 2167 5054 no—

576 5098 747 5146 strum
779 5086 963 5142 Iesum
1009 5088 1289 5142 Christum
1324 5088 1491 5141 Deum
1535 5102 1719 5141 verum
1756 5103 1858 5141 non
1887 5103 2007 5142 esse
2032 5128 2045 5151 ,
2100 5087 2165 5141 ad

574 5194 718 5250 quze,
739 5186 1001 5248 quantum
1030 5178 1188 5231 nobis
1204 5178 1382 5231 divina
1401 5176 1698 5232 donaverat
1716 5178 1910 5247 gratia,
1941 5193 2168 5248 respon-

577 5271 859 5333 debamns,
890 5270 1109 5324 tandem
1140 5268 1230 5323 illo
1250 5269 1617 5338 pervenimus,
1643 5271 1734 5323 ubi
1761 5270 1994 5323 destruis
2022 5268 2166 5339 quod

579 5359 881 5423 :ediﬁeasti,
935 5369 989 5414 et
1036 5360 1316 5415 conﬁteris
1358 5376 1478 5430 quae
1526 5362 1755 5431 negasti.
1811 5361 1929 5416 Jam
1986 5362 2167 5415 nescio

579 5461 761 5507 utrum
799 5452 1020 5508 subdola
1052 5453 1399 5508 simulatione
1443 5453 1717 5523 prioribus
1749 5454 1855 5508 tuis
1900 5455 2168 5509 sermoni-

580 5544 683 5600 bus
713 5544 907 5600 melius
929 5545 1246 5601 crederetur
1264 5587 1278 5611 ,
1311 5547 1511 5616 quibus
1536 5547 1851 5601 multimoda
1879 5564 2167 5613 argumen-

586 5635 791 5691 tatione
848 5637 1133 5692 veritatem
1188 5638 1507 5709 impugnare
1539 5640 1827 5711 probaris;
1896 5648 1989 5693 aut
2046 5655 2170 5694 cum

585 5727 800 5783 diabolo
822 5727 1016 5783 timore
1043 5731 1364 5798 perterritus
1395 5731 1582 5785 nolens
1624 5732 1897 5785 Christum
1928 5730 2021 5784 Dei
2076 5731 2169 5784 Fi-

588 5818 719 5876 lium
754 5833 873 5877 esse
902 5821 1208 5889 conﬁteris;
1239 5822 1390 5891 cujus
1416 5824 1781 5881 testimonium
1810 5825 2010 5893 ubique
2057 5824 2171 5894 ipsa

2269 5005 2458 5074 piens;
2487 5004 2613 5074 quia
2636 5003 2729 5058 tali
2765 5003 3050 5060 laudatore
3073 5003 3189 5073 ipse
3220 5003 3315 5059 Dei
3348 5004 3517 5061 Filius
3543 5006 3873 5077 dedignatus

2268 5105 2351 5149 est
2382 5093 2686 5166 praedicari.
2721 5094 2869 5149 Dicis
2895 5094 3040 5148 enim
3074 5095 3326 5149 eumdem
3366 5111 3487 5152 esse
3532 5096 3727 5152 Filium
3766 5098 3869 5157 Dei

2272 5188 2365 5257 qui
2406 5196 2495 5241 est
2534 5196 2591 5241 et
2639 5184 2783 5241 ﬁlius
2812 5186 3073 5251 hominis,
3112 5196 3169 5240 et
3194 5185 3366 5241 ﬁlium
3396 5187 3633 5244 hominis
3659 5190 3751 5261 qui
3780 5205 3871 5247 est

2273 5278 2441 5333 Filius
2466 5277 2585 5343 Dei,
2615 5286 2676 5332 ut
2694 5295 2759 5333 ex
2791 5279 2896 5333 tuis
2924 5279 3108 5334 verbis
3145 5277 3395 5349 cognosci
3423 5288 3636 5349 poterat
3665 5299 3676 5333 :
3713 5300 3729 5331 ι
3761 5282 3869 5349 Qui

2272 5368 2421 5423 illum
2444 5410 2459 5431 .
2503 5369 2704 5439 inquis.
2734 5370 2834 5423 sibi
2860 5385 2923 5424 ex
2950 5378 3107 5425 utero
3131 5370 3344 5435 matris,
3376 5372 3582 5427 scilicet
3632 5373 3703 5428 ab
3748 5374 3875 5443 ipso

2272 5470 2535 5531 wneeptu
2589 5463 2641 5515 in
2695 5460 3075 5531 singularitato
3113 5476 3226 5517 suae
3271 5477 3517 5532 persona:
3566 5464 3637 5518 ita
3689 5465 3873 5522 univit

2275 5559 2438 5620 atque
2462 5551 2737 5607 conseruit
2758 5593 2771 5617 ,
2805 5559 2867 5605 ut
2896 5550 2992 5605 Del
3041 5550 3213 5607 Filius
3256 5562 3402 5607 esset
3434 5554 3670 5611 hominis
3696 5555 3871 5618 ﬁlius.

2275 5657 2381 5696 non
2424 5643 2789 5698 mutabilitate
2818 5652 3047 5707 naturae,
3080 5643 3174 5701 sed
3223 5643 3535 5714 dignatione
3566 5664 3579 5701 :
3614 5646 3871 5703 similiter

2275 5742 2329 5787 et
2347 5733 2582 5788 hominis
2628 5734 2771 5788 ﬁlius
2798 5742 2943 5788 esset
2971 5734 3068 5790 Dei
3100 5735 3267 5791 Filius
3287 5777 3300 5799 ,
3332 5752 3443 5795 non
3500 5738 3872 5795 versihilitate

2276 5822 2608 5891 substantiae,
2638 5825 2731 5881 sed
2760 5826 2814 5880 in
2842 5825 2936 5881 Dei
2965 5824 3102 5882 Filio
3122 5836 3268 5885 esset
3293 5844 3454 5885 verus
3476 5827 3669 5886 Filius.
3704 5849 3722 5883 ι
3753 5830 3873 5889 Nec
