4136 6630
191 507 300 565 189

916 505 1333 563 DOGMATICA.
1374 535 1444 544 —
1482 504 1643 558 ADV.
1684 502 1980 557 FELICEM
2022 503 2203 558 LIBRI
2242 503 2353 560 V'll.
2390 534 2462 544 -—
2498 502 2625 558 LIB.
2671 504 2731 558 γ.

3383 506 3489 560 190

189 620 506 678 mirandum
546 625 631 676 est
672 618 719 674 si
767 618 837 674 ab
870 618 993 675 aliis
1043 622 1098 672 in
1130 618 1397 673 catholica
1447 614 1783 686 professione
1811 619 1864 676 Α
1888 629 1998 679 res,
2029 630 2245 671 omnem
2268 618 2473 673 erroris
2497 618 2780 686 perﬁdiam
2808 619 3092 674 destruere
3118 619 3173 674 in
3211 626 3265 675 te
3286 622 3490 690 potuis-

190 714 486 771 dissentire
523 711 792 783 probaris,
822 711 949 765 dum
979 710 1079 765 tibi
1124 710 1228 780 ipsi
1264 725 1364 779 per
1392 709 1538 763 vices
1581 707 1787 761 discor-

190 807 327 860 dare
354 804 579 859 videris.
628 802 685 858 in
738 804 841 857 hac
870 804 1014 857 enim
1064 802 1334 857 sententia
1371 810 1461 855 tua
1488 798 1789 855 catholicus

189 898 456 954 aestimari
492 897 785 968 potuisses,
818 897 861 950 si
889 896 1043 967 prius
1070 896 1301 964 teipsum
1330 895 1385 947 in
1416 893 1681 963 pravitate
1711 890 1787 945 tui

189 991 400 1044 erroris
421 1006 527 1043 non
554 988 887 1044 ostenderes.
922 987 1069 1041 Dicis
1095 987 1277 1055 itaque
1297 1028 1310 1049 ,
1345 996 1402 1039 ut
1428 986 1485 1039 in
1509 984 1606 1038 Dei
1637 982 1785 1037 Filio

188 1096 317 1133 vero
355 1089 484 1133 esset
513 1077 720 1142 Filius;
751 1077 796 1132 si
821 1084 905 1131 est
936 1076 989 1130 in
1016 1090 1147 1130 vero
1170 1074 1265 1129 Dei
1296 1074 1436 1130 Filio
1461 1072 1653 1138 Filius,
1688 1072 1782 1143 qui

186 1183 277 1228 est
300 1172 571 1237 Christus,
605 1173 771 1241 igitur
790 1180 846 1227 et
874 1186 1036 1225 verus
1058 1180 1141 1224 est
1167 1169 1338 1223 Filius
1363 1210 1378 1233 ,
1421 1167 1549 1238 quia
1573 1167 1628 1221 in
1654 1180 1786 1220 vero

187 1266 327 1319 nihil
354 1273 534 1336 potest
568 1265 714 1320 aliud
741 1280 862 1321 esse
895 1265 1000 1318 nisi
1029 1263 1253 1317 veritas.
1288 1261 1355 1316 Et
1384 1261 1589 1317 nullum
1620 1260 1786 1314 habet

186 1356 371 1409 locum
412 1357 628 1425 adoptio
661 1358 714 1410 in
740 1355 1027 1409 nativitata
1056 1353 1324 1408 veritatis.
1360 1352 1513 1409 Unus
1539 1358 1624 1406 est
1652 1366 1785 1421 ergo

185 1446 285 1502 Dei
310 1448 478 1503 Filius
491 1448 763 1513 Christus,
788 1448 933 1502 Deus
956 1456 1014 1501 et
1034 1447 1195 1502 homo
1217 1459 1379 1500 verus
1405 1455 1459 1500 et
1487 1443 1782 1517 perfectus,

183 1549 249 1593 ut
284 1555 427 1608 saepe
456 1541 660 1596 dictum
689 1548 791 1595 est.
828 1537 1089 1609 Adjungis
1111 1554 1324 1607 quoque
1357 1556 1370 1591 :
1410 1554 1515 1591 non
1541 1536 1647 1589 duo
1682 1535 1781 1599 dii,

181 1630 334 1697 quod
373 1640 561 1686 contra
607 1632 950 1700 temetipsum
995 1646 1238 1700 pugnare
1284 1627 1637 1688 manifestum
1676 1636 1779 1681 est.

180 1721 326 1777 Nam
355 1724 402 1778 si
427 1725 533 1779 duo
578 1724 650 1779 dii
682 1740 788 1779 non
837 1732 983 1788 sunt,
1012 1739 1144 1794 ergo
1170 1738 1279 1778 non
1311 1734 1394 1777 est
1442 1723 1495 1777 in
1542 1737 1609 1776 eo
1637 1721 1780 1775 Deus

178 1830 371 1881 verus,
401 1816 624 1872 etDeus
668 1816 1096 1886 nuncupativus,
1158 1815 1253 1870 sed
1307 1822 1393 1869 est
1448 1828 1589 1869 unus
1637 1812 1782 1868 Deus

177 1924 371 1975 verus,
402 1910 529 1980 quin
562 1909 704 1964 Deus
732 1910 934 1965 veritas
953 1916 1056 1974 est,
1087 1916 1273 1964 etnon
1302 1915 1389 1963 est
1416 1905 1691 1962 simulatio
1718 1905 1773 1962 in

176 2018 272 2068 eo,
303 2004 397 2059 sed
418 2006 585 2058 totius
610 2002 729 2057 fons
755 2002 1025 2057 veritatis.

257 2098 321 2151 ll.
367 2096 626 2167 Sequitur
644 2105 700 2151 et
721 2096 893 2150 altera
926 2096 980 2150 in
1012 2094 1197 2151 libello
1221 2103 1317 2150 tuo
1339 2093 1609 2150 sententia
1630 2093 1772 2164 prio-

176 2188 337 2243 ribus
369 2188 476 2243 tuis
510 2188 691 2243 verbis
742 2203 850 2242 non
893 2188 1245 2243 conveniens.
1284 2205 1303 2237 ι
1337 2186 1536 2256 lpstim,
1571 2185 1772 2255 inquis,

174 2279 461 2335 credimus
485 2293 673 2333 verum
700 2286 757 2333 et
782 2278 1061 2348 proprium
1091 2274 1186 2331 Dei
1233 2275 1451 2339 Filium,
1496 2291 1561 2329 ac
1584 2288 1773 2329 verum

174 2371 386 2436 Deum,
431 2371 523 2439 qui
552 2369 848 2424 secundum
896 2367 1126 2423 formam
1175 2367 1275 2422 Dei
1304 2366 1390 2421 bis
1414 2366 1632 2438 genitus
1657 2374 1771 2430 est;

169 2465 361 2535 primo
381 2462 630 2519 videlicet
665 2460 733 2516 de
766 2458 929 2516 Patre
962 2460 1081 2515 sine
1114 2475 1280 2515 carne
1306 2461 1514 2530 absque
1546 2468 1720 2515 matre
1752 2478 1764 2512 :

170 2555 425 2613 secundo
449 2535 667 2611 veroex
701 2562 875 2609 matre
900 2567 1025 2608 cum
1055 2568 1220 2608 carne
1258 2552 1377 2607 sine
1405 2550 1588 2607 Patre.
1614 2550 1773 2605 Illum

170 2664 371 2705 verum
394 2646 564 2703 Deum
584 2661 653 2702 ex
670 2651 901 2715 utroque
916 2654 1140 2717 parente
1162 2643 1507 2701 inell‘abiliter
1530 2644 1772 2715 genitum

168 2743 485 2806 credimus,
533 2741 622 2798 cui
653 2739 817 2796 Pater
844 2755 943 2812 per
974 2739 1143 2796 David
1172 2738 1411 2809 loquitur
1441 2756 1454 2790 :
1482 2736 1643 2809 331
1688 2735 1775 2791 Ea;

165 2846 331 2893 utero
354 2843 474 2890 ante
492 2832 773 2902 luciferum
790 2833 947 2904 genui
965 2842 1034 2887 te.
1048 2852 1065 2885 ι
1086 2831 1251 2887 Paulo
1272 2838 1397 2886 ante
1418 2828 1773 2887 dixistiChri-

166 2938 330 2985 stum
355 2926 494 2984 duos
512 2925 716 2983 habere
741 2934 945 2995 patres.
981 2923 1151 2979 David
1183 2922 1393 2979 scilicet
1442 2921 1771 2987 naturalem,

165 3031 231 3079 et
251 3020 423 3077 Deum
450 3017 667 3076 Patrem
685 3035 749 3074 ex
772 3017 1094 3088 adoptione:
1127 3016 1216 3072 hic
1238 3029 1390 3081 vero,
1418 3014 1615 3070 horum
1634 3014 1775 3069 obli-

166 3122 269 3167 tus
303 3111 628 3177 verborum,
659 3108 741 3164 ais
770 3126 782 3161 :
814 3106 1043 3162 secundo
1072 3123 1194 3161 vero
1221 3122 1287 3162 ea:
1315 3114 1485 3160 matre
1518 3106 1632 3161 sine
1675 3123 1773 3176 pa-

164 3216 274 3262 tre.
308 3204 465 3272 Quod
492 3214 782 3275 utrumque
812 3217 1006 3258 verum
1034 3216 1155 3258 esse
1172 3216 1276 3258 non
1304 3201 1524 3273 poterit,
1547 3209 1611 3256 ut
1634 3200 1771 3257 duos

1887 715 1991 773 set,
2023 716 2276 778 tuamque
2310 710 2722 781 intelligentiam
2756 725 3013 767 revocare
3043 712 3110 767 ad
3156 714 3489 784 agnitionem

1887 800 2137 858 veritatis
2162 803 2383 858 valeret.
2415 803 2493 858 Ex
2524 804 2626 861 bac
2652 812 2799 865 certe
2836 806 3018 861 radice
3050 809 3213 863 totius
3253 808 3488 863 inﬁdeli-

1887 890 2017 944 tatis
2044 900 2150 946 tuas
2175 894 2343 962 spina:
2362 933 2376 956 ,
2403 901 2461 946 ut
2494 893 2726 959 videtur,
2759 905 3145 950 succreverunt
3166 937 3181 961 ,
3212 898 3355 967 quod
3396 904 3490 953 tuo

1886 997 2051 1038 sensu
2096 984 2427 1053 impossibile
2461 985 2695 1051 videtur,
2744 985 2915 1041 ﬁlium
2962 987 3119 1044 aliter
3166 1004 3324 1058 posse
3366 1004 3488 1044 esse

1884 1074 2163 1144 proprium
2185 1113 2201 1138 ,
2236 1075 2340 1129 nisi
2371 1091 2434 1128 ex
2470 1084 2660 1130 natura
2695 1085 2983 1145 parentum
3022 1087 3172 1134 totus
3197 1087 3486 1145 nascatur;

1886 1181 1995 1221 non
2024 1164 2335 1236 intelligens
2365 1167 2597 1235 teipsum
2637 1182 2762 1222 esse
2804 1168 2972 1223 ﬁlium
3006 1169 3285 1238 proprium
3314 1171 3488 1240 patris

1887 1256 2185 1326 matrisque
2224 1265 2357 1321 ture,
2393 1256 2520 1312 licet
2562 1258 2795 1313 nobilior
2831 1267 3024 1314 natura
3051 1274 3171 1329 quae
3210 1260 3261 1313 in
3298 1268 3355 1316 te
3379 1268 3486 1327 est,

1887 1348 2066 1403 anima
2090 1347 2317 1411 scilicet,
2348 1365 2415 1403 ex
2442 1349 2658 1403 illorum
2680 1357 2876 1406 natura
2903 1366 3009 1405 non
3034 1362 3178 1407 esset
3202 1362 3486 1422 generata,

1886 1438 1983 1494 sed
2014 1454 2086 1494 ex
2119 1438 2327 1504 nihilo,
2358 1449 2418 1495 ut
2450 1442 2684 1505 asseris,
2723 1449 2929 1498 creata.
2967 1444 3099 1510 Quae
3139 1453 3223 1498 est
3264 1445 3378 1498 lucc
3417 1445 3488 1501 ab

1885 1532 2032 1588 omni
2061 1534 2271 1587 ratione
2297 1549 2485 1588 aversa
2514 1544 2619 1589 tum
2654 1535 2853 1590 mentis
2882 1537 3097 1592 accitas
3119 1578 3134 1601 ,
3170 1538 3260 1607 qui
3301 1540 3355 1593 in
3388 1539 3485 1594 Dei

1885 1623 2062 1681 Patris
2087 1627 2247 1680 unico
2271 1637 2325 1680 et
2353 1628 2575 1696 proprio
2611 1627 2747 1682 Filio
2772 1644 2894 1685 esse
2929 1646 3036 1684 non
3065 1645 3227 1699 posse
3264 1640 3487 1687 conten-

1885 1718 1991 1783 dis,
2030 1720 2173 1788 quod
2205 1719 2259 1773 in
2297 1722 2469 1788 teipse
2511 1736 2634 1775 esse.
2668 1720 2974 1776 nullatenus
3014 1738 3211 1793 negare
3245 1726 3487 1793 puteris?

1886 1810 1944 1865 Si
1969 1810 2133 1881 igitur
2157 1826 2223 1866 ex
2252 1812 2433 1866 anima
2462 1819 2517 1867 et
2538 1826 2702 1867 carne
2731 1820 2875 1867 totus
2896 1828 2956 1867 es
2979 1814 3233 1884 proprius
3259 1815 3401 1867 ﬁlius
3430 1824 3486 1869 et

1884 1918 2048 1960 verus
2096 1915 2383 1974 parentum
2432 1916 2701 1971 tuorum,
2728 1921 2898 1976 quare
2944 1923 3051 1961 non
3096 1907 3267 1962 multo
3314 1908 3486 1977 inagis

1800 1970 1849 2031 Β
1880 1998 2058 2052 credis
2098 1970 2269 2053 Deum
2308 1999 2733 2069 omnipotentem
2748 1970 2950 2054 verum
2980 2008 3034 2053 et
3072 2000 3351 2069 proprium
3397 1999 3484 2055 Fi-

1879 2089 2043 2155 lium,
2075 2105 2139 2145 ex
2168 2091 2391 2162 Virgine
2420 2101 2611 2146 natum
2640 2092 2694 2146 in
2721 2090 2933 2147 duabus
2966 2092 3283 2147 substantiis
3314 2093 3482 2147 Deum

1877 2181 2155 2237 imminent
2181 2222 2198 2249 ,
2234 2184 2436 2238 habere
2475 2184 2754 2253 potuisse?
2798 2183 3051 2254 Nunquid
3096 2186 3364 2254 impotens
3399 2196 3484 2241 est

1878 2274 2021 2329 Deus
2045 2276 2098 2329 in
2128 2291 2186 2331 se
2218 2276 2481 2347 perlicere
2508 2278 2652 2346 quod
2690 2286 2888 2347 potens
2926 2286 3008 2332 est
3046 2278 3100 2331 in
3137 2278 3483 2347 uniuscujus-

1876 2382 1981 2435 que
2010 2367 2245 2422 hominis
2271 2368 2553 2423 nativitate
2582 2369 2836 2425 efﬁcere?
2856 2370 2964 2425 Aut
2982 2388 3113 2441 ergo
3136 2374 3479 2443 temetipsum

1876 2461 2056 2516 divide
2079 2461 2131 2516 in
2155 2462 2291 2517 duos
2313 2463 2474 2529 ﬁlios,
2502 2466 2781 2535 proprium
2810 2481 2877 2520 ex
2904 2482 3068 2522 carne
3086 2474 3142 2521 et
3168 2468 3481 2539 adoptivum

1876 2567 1943 2609 ex
1974 2555 2159 2609 anima
2186 2554 2506 2625 parentibus
2534 2555 2670 2620 tuis,
2705 2566 2800 2611 aut
2835 2558 2881 2611 si
2923 2557 3028 2613 hoc
3054 2559 3350 2614 absurdum
3383 2562 3481 2616 tibi

1874 2644 2017 2702 forte
2041 2647 2312 2715 videatur,
2341 2650 2578 2705 concede
2606 2649 2718 2706 Deo
2745 2649 2893 2706 Patri
2927 2666 2992 2706 ea
3020 2650 3137 2723 lege
3155 2693 3169 2716 ,
3201 2654 3285 2707 vel
3314 2655 3481 2709 etiam

1874 2742 2210 2812 potentiore,
2234 2744 2515 2813 proprium
2552 2753 2609 2799 et
2650 2760 2778 2801 vere
2811 2744 3011 2800 Filium
3039 2763 3105 2802 ex
3137 2748 3359 2819 Virgine
3386 2765 3485 2804 na-

1877 2840 1990 2885 tum
2026 2832 2229 2889 habere
2265 2834 2542 2903 potuisse,
2574 2849 2680 2903 qua
2720 2843 2774 2890 te
2809 2836 2892 2891 vis
2935 2844 3150 2891 tuorum
3193 2849 3480 2908 parentum

1873 2923 2156 2994 pmprium
2186 2938 2308 2979 esse
2338 2924 2546 2990 ﬁlium;
2575 2926 2825 2995 quamvis
2855 2926 3163 2983 nullatenus
3194 2930 3483 3000 adaequare

1872 3015 2049 3084 possis
2088 3014 2235 3070 illam
2270 3014 2597 3072 ineffabilem
2641 3017 2732 3071 Dei
2773 3026 2828 3073 et
2865 3019 3100 3074 hominis
3135 3021 3188 3074 in
3218 3038 3325 3076 una
3353 3038 3482 3093 per-

1876 3119 2009 3159 sona
2048 3105 2388 3161 nativitatem
2408 3147 2424 3172 ,
2454 3116 2510 3162 et
2550 3109 2983 3164 convenientiam
3021 3110 3268 3166 humanae
3295 3114 3484 3168 condi-

1875 3200 2043 3255 tionis
2089 3199 2490 3255 eonsuetudini.
2541 3200 2649 3255 Aut
2701 3208 2755 3256 te
2802 3218 2935 3274 ergo
2989 3205 3292 3260 naturalem
3344 3222 3531 3283 nega.

165 3296 398 3360 habeat,
428 3304 481 3350 et
527 3294 732 3351 nullum
771 3294 969 3350 habeat
996 3294 1270 3359 Christus,
1298 3295 1597 3351 secundum
1626 3295 1768 3365 quod
1793 3329 1844 3394 Ο
1876 3291 2047 3347 ﬁlium
2073 3304 2194 3346 esse
2219 3305 2286 3345 ex
2314 3292 2513 3347 animze
2547 3293 2849 3349 substantia
2888 3306 3173 3365 parentum
3214 3307 3429 3354 tuorum
3464 3321 3475 3355 :

166 3389 342 3444 homo
360 3394 462 3453 est,
488 3384 725 3442 Patrem.
758 3387 813 3444 Si
840 3404 970 3459 ergo
1004 3387 1303 3443 secundum
1351 3395 1499 3442 tuam
1553 3396 1772 3442 senten-

166 3482 310 3534 tiam
338 3494 502 3535 verus
527 3479 623 3535 Dei
661 3480 831 3535 Filius
864 3480 950 3534 bis
986 3481 1206 3551 genitus
1230 3488 1345 3544 cst,
1396 3487 1453 3534 et
1479 3487 1563 3534 est
1610 3494 1773 3534 verus

164 3569 274 3626 Dei
299 3567 467 3625 Filius
496 3568 549 3625 in
587 3579 820 3643 utraque
859 3571 1144 3626 nativitate
1169 3612 1184 3638 ,
1226 3579 1453 3643 paterna
1483 3571 1693 3628 scilicet
1716 3579 1773 3627 et

165 3671 446 3727 materna,
476 3662 748 3733 quomodo
778 3671 956 3732 potest
995 3660 1112 3716 ﬁeri
1146 3669 1206 3717 ut
1245 3677 1353 3716 non
1384 3662 1494 3717 sint
1521 3662 1627 3716 duo
1672 3662 1771 3718 ﬁlii

162 3772 244 3812 ex
281 3765 455 3810 matre
474 3754 617 3821 nati;
645 3750 806 3819 unus,
839 3770 1001 3824 quem
1030 3764 1087 3810 tu
1112 3755 1314 3811 asseris
1341 3754 1607 3811 catholica
1641 3770 1772 3811 voce

163 3864 367 3903 verum
394 3864 517 3903 esse
536 3847 732 3902 Filium
764 3845 890 3912 Dei;
920 3846 1075 3912 alter,
1121 3861 1283 3917 quem
1312 3854 1404 3902 tua
1437 3848 1768 3917 perversitas

166 3956 370 3997 verum
400 3957 503 3995 non
530 3956 651 3997 esse
682 3940 878 3997 Filium
919 3940 1012 3995 Dci
1050 3939 1316 3995 afﬁrmat?
1345 3940 1549 3995 Verum
1580 3949 1635 3996 et
1662 3959 1770 3996 non

162 4048 367 4091 verum
395 4032 699 4087 nullatenus
727 4049 892 4087 unum
922 4049 1043 4089 esse
1068 4042 1281 4103 potest;
1309 4037 1391 4091 sic
1415 4038 1577 4092 etiam
1608 4054 1771 4094 verus

168 4123 343 4186 ﬁlius,
377 4131 431 4178 et
460 4139 564 4177 non
590 4138 753 4180 verus
796 4124 937 4180 ﬁlius
962 4125 1271 4182 nullatenus
1298 4144 1439 4183 unus
1470 4144 1593 4185 esse
1618 4138 1771 4199 pote-

172 4216 252 4271 rit
276 4215 420 4269 ﬁlius
450 4234 461 4267 :
490 4231 589 4269 nec
618 4212 759 4271 Deus
775 4231 936 4271 verus
961 4225 1017 4272 et
1043 4217 1186 4273 Deus
1214 4221 1614 4290 nuncupativus
1629 4238 1769 4276 unus

166 4320 298 4362 esse
329 4305 564 4374 poterit:
607 4307 733 4376 quia
763 4306 909 4361 aliud
939 4316 1025 4362 est
1044 4309 1371 4365 omnimodis
1396 4310 1600 4365 veritas
1625 4311 1767 4366 divi-

168 4398 365 4453 nitatis
391 4437 404 4459 ,
439 4404 494 4451 et
522 4397 666 4451 aliud
688 4398 1021 4468 nuncupatio
1046 4400 1190 4455 nuda
1221 4401 1457 4464 deitatis,
1492 4409 1552 4455 ut
1601 4418 1765 4473 supra

165 4492 515 4549 ostendimus
541 4493 594 4549 in
622 4492 805 4564 Moyse
825 4503 879 4548 et
908 4496 1121 4550 caeteris
1162 4498 1404 4562 sanctis;
1439 4498 1533 4553 sed
1559 4507 1769 4554 utrum-

166 4601 283 4657 que
314 4586 365 4639 in
391 4602 495 4640 una
521 4601 752 4656 persona
779 4587 1087 4644 nullatenus
1110 4604 1232 4645 esse
1259 4590 1483 4661 poterit,
1508 4591 1635 4660 quia
1659 4589 1765 4645 alia

1876 3390 1969 3437 aut
1992 3383 2102 3438 Deo
2127 3384 2366 3439 concede
2393 3384 2674 3454 proprium
2704 3400 2767 3440 ex
2798 3387 3048 3458 virginali
3090 3397 3246 3445 utero
3279 3391 3482 3447 habere

1873 3474 2104 3539 Filium;
2136 3475 2370 3529 maxime
2406 3474 2533 3545 quia
2575 3475 2698 3529 talis
2725 3476 2908 3531 unitas
2937 3488 3019 3533 est
3064 3480 3119 3533 in
3160 3480 3269 3535 Deo
3295 3490 3349 3535 et
3378 3483 3480 3538 ho-

1872 3563 2020 3620 mine
2039 3605 2053 3629 ,
2082 3572 2144 3618 ut
2170 3564 2244 3619 sit
2274 3580 2381 3619 una
2424 3579 2658 3635 persona
2688 3567 2782 3622 Dei
2822 3568 3165 3639 hominisque
3184 3613 3198 3635 ,
3229 3572 3356 3628 licet.
3382 3575 3483 3629 ho-

1872 3656 2036 3712 minis
2065 3657 2138 3712 sit
2172 3658 2392 3728 proprie
2435 3658 2579 3728 quod
2619 3661 2866 3716 mortalis
2909 3661 3040 3726 fuit,
3081 3674 3137 3720 et
3178 3666 3479 3723 divinitatis

1871 3753 2016 3821 quod
2043 3768 2259 3824 semper
2289 3752 2408 3808 fuit.
2440 3754 2509 3810 Et
2540 3756 2680 3810 sicut
2712 3757 2940 3828 teipsum
2976 3757 3263 3814 mortalem
3291 3748 3357 3813 et
3378 3759 3481 3815 im-

1872 3843 2158 3898 mortalem
2185 3859 2307 3900 esse
2324 3859 2437 3899 non
2459 3846 2714 3917 denegas,
2742 3848 2819 3903 ita
2847 3856 2899 3902 et
2919 3831 3482 3906 Christus'divinitate

1871 3935 2089 4005 quidem
2122 3934 2477 4001 immortalis,
2512 3952 2677 3992 carne
2725 3939 2837 3993 sola
2874 3939 3120 3994 mortalis
3159 3950 3275 3994 erat
3310 3956 3323 3992 :
3357 3958 3479 4010 quae

1870 4033 2052 4081 tamen
2082 4025 2199 4095 ejus
2234 4042 2363 4082 caro
2392 4028 2605 4083 devicta
2646 4038 2819 4083 morte
2853 4028 3039 4097 (juxta
3068 4046 3253 4084 veram
3292 4039 3346 4084 et
3386 4047 3479 4084 ca-

1871 4117 2126 4172 tholicam
2155 4118 2349 4179 ﬁdem)
2375 4135 2523 4174 nunc
2548 4120 2713 4175 etiam
2743 4120 2811 4173 ad
2844 4122 3122 4174 dexteram
3158 4118 3337 4175 Patris
3366 4121 3482 4177 col-

1869 4211 2076 4276 locata,
2108 4220 2166 4267 et
2194 4211 2247 4266 in
2275 4212 2575 4298 divinitatis
2604 4212 2904 4281 potentiam
2936 4212 3234 4283 gloriﬁcata
3277 4211 3475 4267 immu-

1870 4303 2108 4359 tabiliter
2144 4313 2336 4375 regnat
2384 4304 2438 4358 in
2480 4305 2651 4360 cmlis.
2704 4304 2780 4359 De
2828 4305 2915 4361 his
2949 4303 3063 4373 jam
3100 4305 3350 4374 superius
3387 4321 3480 4360 me

1865 4395 1982 4451 scio
2009 4395 2229 4449 uberius
2258 4395 2588 4463 disputasse,
2613 4403 2792 4468 tamen
2817 4401 3039 4465 propter
3060 4399 3345 4449 sententia:
3374 4396 3475 4449 liu-

1862 4484 1951 4554 jus
1979 4485 2441 4556 opportunitatem
2465 4525 2480 4549 ,
2514 4485 2602 4538 hic
2626 4484 2828 4553 aliquid
2870 4484 3215 4554 respondisse
3242 4486 3295 4538 in
3337 4500 3477 4555 pne-

1867 4573 2007 4629 senti
2038 4575 2157 4630 loco
2184 4575 2379 4629 melius
2401 4575 2701 4638 mstimavi;
2731 4575 2857 4644 quia
2882 4574 3011 4631 dum
3037 4575 3383 4632 adversarius
3408 4593 3474 4632 ea

164 4684 260 4732 est
288 4676 535 4733 veritatis
589 4679 847 4749 dignitas,
897 4680 1003 4735 alia
1056 4681 1474 4753 nuncupationis
1515 4682 1760 4754 largitas.

1874 4665 2068 4737 repetit
2092 4681 2212 4735 quae
2246 4675 2373 4720 ante
2396 4666 2596 4736 posuit,
2631 4666 2999 4720 necessarium
3027 4673 3109 4720 est
3137 4675 3195 4721 ut
3220 4668 3476 4736 repetitio

165 4768 495 4840 Quicunque
514 4787 645 4826 vero
675 4773 814 4827 hanc
840 4772 1243 4828 simulationem
1272 4775 1646 4845 nuncupativae
1678 4776 1765 4831 vel

164 4864 512 4936 appellativa:
542 4864 860 4929 divinitatis,
888 4867 1099 4922 scilicet
1125 4866 1180 4920 in
1202 4868 1541 4923 humanitate
1562 4868 1771 4926 Christi

167 4955 447 5014 aﬂirmare
482 4955 694 5021 nititur,
730 4957 1034 5013 nullatenus
1082 4956 1421 5015 Nestorianae
1471 4960 1768 5030 impietatis

168 5047 389 5107 faveam
423 5047 655 5103 evadere
684 5050 906 5118 poterit.

242 5140 331 5197 Ill.
378 5140 444 5196 Ut
473 5151 654 5195 autem
686 5142 827 5195 hanc
853 5142 1167 5197 dualitatem
1197 5159 1440 5213 persona:
1468 5144 1520 5199 in
1547 5145 1767 5201 Christo

170 5231 350 5287 vitare
376 5240 429 5286 te
452 5230 590 5286 velle
626 5231 862 5285 videaris
884 5272 898 5298 ,
930 5233 1087 5302 ponis
1126 5234 1354 5303 exempli
1394 5237 1567 5304 gratia
1596 5237 1769 5292 homi-

174 5341 302 5381 nem
330 5340 397 5380 ex
425 5325 602 5380 anima
630 5334 685 5380 et
705 5341 931 5401 corpore
952 5342 1118 5381 unum
1138 5342 1258 5383 esse
1285 5329 1453 5387 tilium
1484 5340 1766 5399 parentum

173 5432 419 5476 suorum.
460 5436 477 5467 ι
513 5417 580 5471 Ει
611 5417 753 5482 licet,
787 5419 867 5473 ais
889 5460 901 5483 ,
951 5435 1016 5475 ex
1058 5419 1167 5474 Deo
1206 5421 1377 5484 Deus,
1408 5432 1463 5475 ct
1499 5422 1660 5478 homo
1701 5438 1768 5477 ex

174 5508 396 5567 boniine
422 5508 477 5563 in
506 5508 886 5580 singularitate
921 5525 1199 5579 person-.e,
1235 5528 1373 5565 unus
1418 5521 1581 5582 atque
1625 5514 1769 5567 idem

171 5602 248 5657 sit
276 5598 526 5658 Christus
551 5600 645 5657 Dei
670 5618 683 5667 ;
718 5601 858 5657 sicut
880 5602 1187 5672 quicunque
1221 5605 1381 5658 homo
1410 5619 1473 5657 ex
1498 5605 1677 5658 anima
1704 5605 1769 5660 de

178 5692 347 5751 nihilo
373 5702 589 5757 creata,
618 5703 674 5749 et
709 5709 873 5750 carne
907 5710 969 5749 cx
1012 5703 1241 5766 utroque
1281 5707 1505 5765 parente
1540 5697 1770 5754 formata

176 5798 320 5839 unus
346 5790 430 5836 est
469 5784 713 5853 utrisque
747 5785 1091 5853 parentibus,
1121 5787 1291 5855 patris
1321 5788 1404 5842 sui
1444 5788 1691 5846 videlicet
1719 5798 1772 5844 et

177 5876 370 5933 uiatris
401 5876 562 5934 ﬁlius.
610 5899 626 5929 ι
662 5876 775 5934 Hoc
803 5879 985 5950 itaque
1010 5880 1314 5948 exemplum
1334 5920 1348 5943 ,
1379 5880 1425 5934 si
1455 5878 1590 5937 bene
1614 5881 1771 5939 intel-

179 5970 439 6041 ligeretur
469 5986 497 6025 a
523 5981 571 6023 te
591 6012 603 6035 ,
635 5981 795 6040 atque
822 5973 865 6026 si
902 5972 1129 6041 teipsum
1159 5971 1425 6039 sagaciter
1462 5972 1772 6027 considera-

1869 4774 2085 4829 quoque
2114 4772 2245 4813 mea:
2280 4757 2650 4828 reSponsionis
2678 4766 2960 4821 occurrat,
2990 4772 3059 4811 ne
3091 4756 3233 4813 forte
3262 4768 3472 4828 repetat

1872 4850 1990 4925 [Ρη
2022 4850 2258 4923 reputet]
2301 4864 2422 4904 non'
2447 4850 2652 4906 habere
2678 4849 2824 4921 quod
2857 4859 3046 4904 contra
3076 4865 3198 4905 eum
3233 4850 3470 4905 dicatur.

1939 4967 2103 5037 832
2139 4965 2228 5019 IV.
2274 4964 2444 5033 Igitur
2479 4980 2575 5034 per
2614 4964 2909 5020 latissimos
2938 4974 3140 5021 sanctae
3177 4966 3473 5036 Scriptura:

1868 5072 2122 5125 campos,
2162 5056 2317 5124 quasi
2354 5055 2626 5125 pmnitcns
2653 5054 2833 5123 aliqua
2873 5070 2905 5107 a
2948 5070 3007 5109 se
3041 5056 3290 5126 superius
3330 5058 3471 5111 bene

1870 5147 2079 5217 prolata
2124 5148 2418 5201 decurrens
2446 5187 2460 5210 ,
2509 5146 2704 5213 quaerit
2749 5148 3047 5201 sententias
3097 5164 3268 5202 sacra:
3314 5146 3468 5205 Seri-

1870 5249 2064 5309 pturm,
2099 5240 2293 5307 quibus
2322 5238 2538 5310 pristini
2580 5238 2786 5297 erroris
2825 5249 3029 5296 sectam
3070 5239 3343 5297 afﬁrmare
3372 5259 3468 5299 va—

1870 5330 2011 5396 leat;
2055 5331 2151 5385 sed
2186 5331 2313 5384 dum
2356 5345 2460 5383 non
2512 5330 2713 5399 poterit
2774 5329 3017 5385 invenire
3063 5333 3205 5401 quod
3242 5336 3466 5403 qumrit,

1869 5417 2155 5487 pravitatis
2184 5434 2295 5475 suae
2320 5433 2481 5475 sensu
2510 5426 2710 5474 sancta:
2739 5416 3034 5491 Scriptura:
3061 5425 3361 5480 sententias
3387 5426 3471 5481 in.

1873 5512 2160 5581 terprctari
2186 5527 2290 5567 non
2322 5511 2537 5565 desistit
2562 5529 2573 5563 :
2601 5520 2660 5565 ut
2679 5526 2745 5565 ex
2767 5512 2942 5566 tribus
2966 5512 3206 5583 Apostoli
3233 5520 3469 5575 aucturi-

1871 5614 1981 5659 tate
2017 5604 2301 5658 sententiis
2332 5602 2555 5672 intelligi
2584 5612 2777 5675 potest.
2818 5603 2979 5659 Ponit
3014 5606 3158 5661 enim
3198 5609 3265 5665 de
3302 5610 3468 5666 mira-

1870 5697 1995 5761 bili,
2037 5706 2092 5751 et
2135 5696 2204 5751 ab
2254 5696 2370 5765 ipsa
2416 5696 2654 5752 Veritate
2697 5695 2913 5751 laudata
2952 5699 3286 5766 professione
3323 5703 3467 5761 beati

1872 5787 2017 5842 Petri
2035 5787 2294 5857 principis
2315 5787 2680 5856 apostolorum
2706 5787 3012 5856 hujusmodi
3035 5807 3273 5858 sensum,
3298 5794 3468 5857 veluti

1872 5895 1937 5934 ex
1972 5881 2084 5934 suis
2112 5879 2289 5935 verbis
2318 5880 2488 5934 videri
2515 5890 2692 5949 potest
2725 5900 2735 5933 :
2787 5901 2803 5931 ε
2841 5881 3203 5953 Singulariter
3233 5902 3467 5958 namque

1872 5971 2061 6027 beatus
2085 5969 2278 6025 Petrus
2306 5970 2579 6039 apostolus
2609 5971 2662 6025 in
2690 5987 2753 6025 eo
2785 5973 2944 6027 simul
2983 5976 3115 6030 duas
3152 5985 3371 6033 naturas
3405 5978 3461 6035 in
