4136 6564
592 313 686 369 191

1433 316 1493 370 Β.
1534 313 1597 370 F.
1636 313 1865 369 ALBIM
1908 314 2038 371 SEU
2079 313 2356 369 ALCUINI
2394 314 2685 372 OPERUM
2722 312 2902 370 PARS
2941 313 3025 370 lli.

3765 312 3882 366 199.

588 442 695 482 una
720 440 985 497 persona,
1018 426 1131 483 Deo
1159 427 1260 483 sibi
1293 426 1594 492 revelante,
1635 424 1916 484 confessus
1948 427 2025 482 ait
2057 445 2071 481 ι
2103 424 2180 480 Tu
2212 430 2258 486 Δ
2359 426 2421 480 ν.
2464 425 2570 484 Sed
2598 428 2845 496 quamvis
2869 427 3169 483 habeamus
3196 425 3535 481 abundanter
3559 425 3879 495 probatissi-

586 535 643 574 es
670 517 904 577 Christus
929 517 1103 574 Filius
1125 520 1221 575 Dei
1242 522 1338 575 eiei
1361 519 1574 593 (Matth.
1602 536 1710 583 im,
1738 520 1847 592 l6).
1869 520 1928 575 In
1950 535 2017 576 eo
2037 521 2180 575 enim

587 610 732 682 quod
761 611 839 667 ait
866 630 879 668 :
916 611 995 668 Tu
1022 630 1077 668 es
1105 612 1374 677 Christus,
1403 615 1470 669 ad
1498 615 1891 671 humanitatem
1918 615 2036 684 ejus
2064 631 2185 685 per-

590 704 747 770 tinet,
773 703 827 759 in
854 718 958 774 qua
977 704 1199 774 junctus
1227 714 1311 761 est
1333 706 1538 779 [Forte,
1568 718 1764 763 unctus
1783 707 1886 781 rs']
1915 727 1929 762 :
1954 709 2008 764 id
2037 709 2181 779 quod

589 791 796 850 addidit
822 812 836 848 :
870 793 1045 851 Filius
1070 794 1164 850 Dei
1186 796 1304 861 viri,
1333 797 1398 851 ad
1420 798 1755 853 divinitatem
1784 800 1970 869 ipsius,
1998 800 2050 854 in
2074 814 2181 868 qua

587 885 950 942 essentialiter
976 900 1139 943 verus
1176 886 1345 942 Filius
1384 888 1478 943 Dei
1515 896 1627 953 est,
1670 888 1944 943 convenit.
1984 908 2002 941 ι
2047 888 2180 944 l'em

589 977 828 1048 ejusdem
848 979 989 1034 beati
1014 978 1163 1034 Petri
1186 980 1442 1050 principis
1470 980 1833 1050 apostolorum
1863 982 1930 1037 de
1958 980 2181 1037 Actibus

586 1066 952 1137 apostolorum
992 1068 1198 1139 profert
1234 1070 1427 1134 verba,
1468 1069 1557 1125 ubi
1594 1070 1845 1126 Cornelio
1879 1080 1937 1127 et
1974 1073 2061 1129 bis
2088 1074 2180 1144 qui

585 1171 711 1213 cum
743 1172 807 1214 eo
836 1166 995 1215 erant
1022 1160 1245 1215 verbum
1269 1158 1364 1215 Dei
1386 1162 1704 1231 praedicavit
1732 1179 1745 1215 :
1784 1182 1802 1211 ‹
1838 1160 1939 1230 Qui
1967 1179 2179 1230 rursus,

585 1248 781 1319 inquit,
810 1250 878 1306 de
904 1250 1065 1321 hujus
1088 1251 1422 1309 humanitate
1449 1252 1723 1324 sigillatim
1740 1294 1755 1317 ,
1782 1253 1924 1309 sicut
1948 1255 2001 1309 in
2030 1254 2181 1311 Acti-

582 1340 688 1397 bus
716 1340 1083 1413 apostolorum
1117 1343 1337 1414 legitur,
1364 1344 1504 1398 idem
1531 1344 1806 1413 apostolus
1843 1344 2095 1401 Cornelio
2125 1353 2181 1401 et

585 1430 751 1487 sociis
778 1429 897 1501 ejus
927 1431 1070 1488 inter
1101 1442 1300 1489 caetera
1336 1432 1717 1504 evangelizans
1749 1432 1825 1488 ait
1870 1452 1884 1488 :
1926 1434 2107 1490 Iesum
2144 1452 2179 1490 a

583 1517 889 1584 Nasareth,
921 1521 1182 1591 quomodo
1219 1522 1372 1576 unxit
1400 1538 1517 1577 eum
1552 1522 1694 1577 Deus
1732 1523 1936 1594 Spiritu
1972 1534 2176 1591 sancto,

578 1620 629 1663 et
659 1609 870 1666 virtute.
901 1608 1004 1665 llic
1028 1612 1362 1682 pertransivit
1401 1612 1523 1668 bene
1552 1613 1827 1683 faciendo,
1859 1624 1908 1669 et
1936 1616 2176 1671 sanando

578 1717 755 1757 omnes
772 1718 1038 1774 oppressos
1064 1722 1096 1756 a
1121 1702 1350 1767 diabolo,
1371 1706 1618 1772 quoniam
1640 1704 1776 1760 Deus
1803 1715 1912 1760 erat
1940 1723 2057 1760 cum
2081 1705 2174 1761 illo

578 1790 719 1861 (Act.
750 1773 807 1855 x,
826 1773 939 1864 38).
958 1790 1074 1846 Non
1098 1792 1265 1848 dicit:
1289 1791 1431 1848 Deus
1457 1803 1570 1849 erat
1593 1795 1722 1864 ipse,
1745 1794 1861 1859 sed,
1889 1794 2032 1851 Deus
2059 1807 2173 1851 erat
2206 1773 2249 1834 Β

579 1898 699 1936 cum
719 1882 830 1937 illo.
856 1881 990 1937 Nam
1019 1884 1064 1938 si
1090 1885 1385 1940 secundum
1408 1900 1591 1941 veram
1614 1886 2006 1957 professionem
2032 1888 2175 1944 Deus

575 1987 739 2027 verus
767 1984 911 2029 esset
940 1973 1101 2030 homo
1129 1975 1218 2029 ille
1247 1984 1530 2047 susceptus
1552 1991 1582 2029 a
1608 1976 1805 2042 Verbo,
1829 1992 2171 2048 nequaquam

578 2069 761 2118 tantus
785 2063 1060 2134 apostolus
1089 2065 1313 2121 auderet
1337 2066 1519 2122 dicere
1545 2083 1558 2120 :
1586 2065 1728 2121 Deus
1751 2076 1866 2122 erat
1901 2086 2020 2124 cum
2055 2070 2169 2138 illo,

578 2156 673 2212 sed
702 2157 923 2228 potius:
953 2156 1094 2212 Deus
1130 2167 1243 2213 erat
1281 2159 1409 2230 ipse.
1449 2179 1468 2211 ι
1513 2158 1754 2214 Tertiam
1791 2176 2008 2233 quoque
2042 2178 2171 2220 sen-

578 2248 796 2304 tentiam
841 2250 984 2305 beati
1027 2249 1179 2305 Pauli
1218 2250 1589 2321 prtedicatoris
1628 2254 1833 2327 egregii
1857 2255 2039 2326 ponit,
2080 2256 2170 2311 ubi

574 2342 653 2397 ait
681 2359 694 2395 :
733 2360 753 2393 ‹
794 2341 1057 2408 Quoniam
1089 2342 1228 2398 Deus
1251 2354 1363 2399 erat
1392 2344 1447 2400 in
1473 2343 1681 2401 Christo
1710 2347 1964 2403 mundum
1992 2365 2173 2405 recon-

572 2434 765 2491 cilians
793 2435 892 2491 sibi
916 2434 1001 2509 (11
1028 2436 1149 2492 Cor.
1179 2453 1235 2499 v,
1271 2436 1382 2510 19).
1414 2436 1530 2493 Non
1557 2438 1671 2505 ait,
1700 2438 1839 2494 Deus
1877 2450 1990 2496 erat
2019 2442 2174 2495 Chri-

571 2538 714 2593 stus,
751 2528 874 2591 sed,
909 2528 1049 2583 Deus
1079 2540 1190 2583 erat
1222 2527 1276 2584 in
1305 2528 1515 2586 Christo
1538 2571 1553 2597 ,
1586 2545 1695 2587 non
1732 2533 1876 2603 quod
1898 2532 2168 2599 Christus,

573 2620 739 2674 homo
760 2619 1353 2691 videlicetassumptus,
1373 2622 1515 2678 Deus
1537 2638 1647 2677 non
1671 2623 1774 2688 sit,
1793 2624 1886 2680 sed
1912 2625 2039 2694 quia
2060 2641 2170 2681 non

572 2719 788 2775 natura,
812 2710 906 2765 sed
935 2710 1108 2781 gratia
1141 2720 1303 2782 atque
1328 2714 1728 2785 nuncupatione
1755 2716 1827 2770 sit
1855 2715 2051 2771 Deus.»
2068 2717 2165 2772 Vi-

574 2801 733 2867 dete,
762 2801 975 2865 videte,
999 2798 1265 2865 lectores,
1292 2818 1491 2859 norum
1528 2812 1729 2861 sancta:
1758 2804 2053 2877 Scriptum
2079 2808 2166 2862 in-

573 2896 900 2961 terpretem,
928 2890 1019 2960 qui
1059 2892 1255 2946 nititur
1289 2891 1456 2948 Deum
1498 2892 1806 2966 disjungere
1840 2896 1908 2951 ab
1946 2896 2166 2952 homine

571 2989 886 3053 assumpto;
915 2992 972 3038 et
1008 2998 1078 3039 ex
1117 3000 1226 3040 uno
1264 2985 1375 3042 Deo
1412 2983 1771 3057 Redemptore
1811 2996 2001 3047 nostro
2032 2991 2167 3047 duos

569 3069 784 3127 edicere
814 3071 961 3135 deos,
999 3088 1167 3128 unum
1197 3089 1408 3140 verum,
1439 3074 1667 3130 alterum
1699 3079 2120 3147 nuncupativum
2147 3098 2162 3134 :

568 3169 627 3215 et
656 3129 969 3226 Christum,
998 3179 1158 3233 quem
1186 3172 1297 3219 tota
2188 3129 2237 3191 θ

570 3260 679 3315 rat,
708 3267 813 3307 non
843 3253 1020 3310 solum
1048 3254 1140 3308 illa
1166 3270 1286 3325 qua:
1321 3255 1374 3310 in
1406 3256 1570 3312 terris
1596 3258 1648 3311 in
1679 3273 1775 3329 spe
1804 3258 2042 3327 laborat,
2072 3262 2167 3318 sed

569 3353 626 3398 et
653 3343 740 3397 illa
766 3359 887 3414 quae
914 3345 970 3399 in
998 3344 1151 3400 oculis
1173 3344 1297 3414 jure
1331 3348 1545 3419 gaudet,
1579 3347 1681 3404 iste
1706 3365 1877 3405 novus
1901 3350 2169 3423 interpres

573 3436 850 3491 hominem
879 3436 993 3491 vult
1015 3438 1333 3501 solitarium,
1360 3437 1517 3506 juxta
1551 3438 1927 3497 Nestorianam
1954 3442 2040 3498 vel
2068 3441 2168 3497 Pe-

570 3525 841 3599 lagianam
879 3529 1237 3599 pravitatem,
1280 3529 1448 3585 credi.
1486 3529 1644 3598 Quod
1676 3532 1722 3585 si
1760 3546 1948 3587 verum
1983 3543 2069 3589 est
2105 3543 2165 3588 ut

574 3614 850 3671 simulatio
880 3624 1089 3672 tantum
1112 3619 1183 3672 sit
1210 3620 1569 3690 nuncupativa
1592 3621 1828 3677 nominis
1851 3621 1905 3677 in
1927 3620 2162 3687 Christo,

573 3723 681 3761 non
704 3708 907 3762 veritas
926 3707 1248 3773 divinitatis,
1269 3710 1539 3779 quomodo
1558 3718 1640 3767 est
1662 3726 1821 3769 verus
1843 3712 2168 3786 Redemptor

572 3800 796 3855 humani
833 3799 1080 3870 generis?
1106 3799 1163 3855 Si
1205 3809 1290 3856 est
1325 3801 1639 3873 imaginatio
1674 3805 1960 3875 potestatis
1988 3805 2042 3861 in
2071 3821 2166 3862 ca-

570 3889 713 3960 pite,
742 3890 884 3944 unde
911 3898 997 3945 est
1022 3891 1227 3945 veritas
1268 3890 1464 3946 salutis
1494 3892 1547 3945 in
1573 3893 1838 3962 corpore?
1864 3893 2033 3965 Igitur
2059 3910 2166 3949 una

571 3982 657 4037 his
689 3982 863 4037 tribus
892 3981 1175 4058 sententiis
1206 3981 1489 4052 responsio
1515 3982 1714 4052 poterit
1749 3998 1888 4049 esse,
1915 4000 2036 4055 quae
2059 4002 2166 4040 una

568 4073 836 4143 pravitate
871 4074 1287 4143 interpretantes
1328 4071 1445 4145 μ’..
1499 4072 1899 4147 interpretatus]
1936 4082 2063 4129 sunt
2098 4074 2167 4129 ab

569 4162 684 4218 illo.
708 4160 842 4217 Nam
871 4162 916 4218 si
941 4160 1187 4218 Christus
1218 4161 1424 4218 idcirco
1455 4177 1562 4217 non
1588 4172 1674 4217 est
1698 4162 1840 4218 Deus
1858 4203 1874 4229 ,
1909 4163 2036 4235 quia
2074 4163 2159 4219 di-

568 4255 645 4311 cit
662 4296 683 4325 ,_
711 4253 852 4309 Deus
883 4264 995 4308 erat
1021 4255 1076 4309 in
1099 4253 1334 4318 Christo,
1364 4254 1493 4308 item
1515 4296 1529 4317 ,
1558 4253 1699 4309 Deus
1734 4265 1850 4309 erat
1886 4272 2005 4309 eum
2031 4254 2165 4318 illo:

569 4345 841 4415 quomodo
871 4343 1249 4414 intelligendus
1276 4352 1361 4399 est
1392 4344 1485 4398 Dei
1510 4342 1680 4398 Filius
1708 4341 1878 4409 Deus,
1912 4343 2005 4413 qui
2034 4344 2112 4399 ait
2143 4362 2157 4398 :

572 4433 685 4504 Ego
713 4436 768 4489 in
792 4433 972 4499 Patre,
994 4444 1042 4487 et
1070 4428 1233 4488 Pater
1263 4434 1318 4488 in
1343 4449 1443 4487 me.
1473 4432 1533 4489 Si
1562 4434 1727 4503 igitur
1747 4448 1853 4488 non
1883 4442 1965 4488 est
1994 4433 2159 4499 Deus,

572 4524 699 4593 quia
723 4524 887 4579 Pater
913 4525 969 4579 in
1000 4522 1138 4580 Filio
1158 4532 1260 4587 est,
1294 4539 1394 4578 nec
1420 4524 1580 4577 Pater
1604 4524 1716 4592 ipse
1737 4522 1879 4579 Deus
1901 4533 2005 4587 est,
2033 4525 2157 4593 quia

571 4615 789 4679 dicitur,
821 4614 991 4670 Filius
1020 4615 1073 4669 in
1111 4613 1270 4668 Patre
1299 4633 1312 4668 :
1340 4613 1487 4668 idem
1524 4613 1668 4667 enim
1692 4621 1806 4678 est,
1842 4615 1986 4683 quod
2031 4616 2108 4668 ait
2140 4631 2153 4669 :

573 4707 686 4778 Ego
710 4707 766 4762 in
799 4704 990 4771 Patre,
1020 4716 1068 4761 et
1101 4704 1263 4760 Pater
1290 4706 1345 4760 in
1373 4722 1454 4760 me
1470 4722 1488 4771 ;
1525 4721 1589 4761 ac
1616 4706 1662 4759 si
1687 4704 1911 4763 dixisset
1948 4726 1959 4761 :
2000 4706 2158 4763 Pater

571 4801 627 4856 in
662 4800 827 4865 Filio,
854 4809 911 4857 et
938 4800 1106 4856 Filius
1138 4802 1191 4855 in
1221 4800 1412 4865 Patre;
1450 4809 1519 4855 at.
1542 4800 1588 4855 si
1618 4817 1803 4857 verum
1843 4811 1953 4868 est,
1986 4802 2154 4859 Deum

570 4907 692 4947 esse
714 4890 931 4956 Filium,
956 4900 1011 4945 et
1041 4891 1209 4945 Deum
1235 4906 1355 4946 esse
1391 4892 1626 4955 Patrem,
1666 4894 1876 4947 tametsi
1911 4894 2022 4963 ipsa
2051 4894 2153 4948 Vc-

569 4983 707 5039 ritas
733 4982 979 5038 diceret:
1016 4981 1125 5052 Ego
1144 4981 1199 5035 in
1230 4980 1413 5046 Patre,
1444 4990 1491 5035 et
1521 4978 1683 5034 Pater
1711 4981 1764 5034 in
1789 4998 1872 5036 me
1899 4999 1918 5036 .'
1947 4984 2156 5052 ergoet

570 5074 821 5129 Christus
843 5082 930 5129 est
953 5073 1116 5136 Deus,
1147 5073 1362 5128 tametsi
1394 5072 1679 5142 Apostolus
1708 5073 1932 5129 dixisset
1966 5094 1978 5127 :
2010 5075 2154 5129 Deus

569 5177 681 5221 erat
714 5165 771 5220 in
799 5164 1024 5221 Christo.
1058 5166 1242 5234 itaque
1265 5166 1309 5221 si
1336 5165 1627 5221 secundum
1652 5165 1793 5221 illius
1813 5166 2009 5221 Felicis
2029 5169 2154 5238 pro;

572 5257 861 5313 fessionem
889 5257 1139 5312 Christus
1168 5272 1274 5311 non
1299 5269 1381 5310 est
1408 5255 1614 5328 [SuppL
1648 5256 1830 5329 Deus],
1854 5258 1981 5327 quia
2003 5258 2150 5328 Apo-

570 5347 742 5404 stolus
769 5347 847 5402 ait
879 5365 892 5401 :
933 5346 1073 5401 Deus
1103 5357 1215 5401 erat
1244 5348 1298 5401 in
1332 5345 1570 5410 Christo,
1613 5348 1834 5402 omnino
1863 5349 1969 5403 duo
2006 5356 2152 5415 sunt,

573 5441 712 5498 Deus
750 5451 807 5499 et
838 5440 1118 5507 Christus;
1162 5448 1218 5495 et
1270 5447 1461 5509 qnarta
1509 5440 1868 5498 introducitur
1901 5456 2151 5513 persona,

571 5533 714 5603 quod
742 5542 949 5588 avertat
991 5534 1060 5586 ab
1100 5531 1245 5587 omni
1284 5531 1444 5585 corde
1479 5530 1911 5587 Christianorum
1950 5531 2060 5598 ille,
2089 5532 2159 5589 de

570 5640 679 5693 quo
727 5626 880 5681 nobis
921 5634 1003 5679 est
1049 5637 1257 5686 sermo,
1295 5623 1386 5693 qui
1426 5630 1508 5676 est
1550 5621 1689 5677 Deus
1730 5638 1869 5679 unus
1908 5638 2065 5679 verus
2101 5632 2156 5681 et

573 5732 815 5771 summus
844 5714 1000 5771 Jesus
1025 5713 1269 5769 Christus
1308 5712 1565 5766 Dominus
1595 5722 1793 5769 noster.

2287 529 2403 570 mos
2432 525 2743 572 sanctarum
2772 517 2994 573 Patrum
3026 532 3248 583 sensus,
3282 517 3373 587 qui
3412 516 3571 572 aliter
3593 518 3691 573 bas
3715 517 3877 572 intel-

2281 604 2531 661 lexerunt
2554 608 2875 673 sententias,
2897 624 3067 679 pauca
3089 616 3267 663 tamen
3290 606 3625 678 proferamus
3643 623 3709 663 ex
3734 606 3876 663 mul-

2282 700 2370 755 tis.
2404 699 2480 756 De
2507 701 2847 757 confessione
2876 702 3059 771 itaque
3096 703 3237 757 beati
3272 700 3417 757 Petri
3455 700 3716 772 principis
3742 715 3876 773 apo-

2279 791 2540 846 stolarum
2573 794 2642 847 ab
2674 793 2789 862 ipsa
2820 794 3063 849 Veritate
3091 792 3244 848 valde
3275 792 3604 848 excellenter
3633 792 3872 856 laudata,

2280 883 2411 938 illud
2451 885 2838 953 respondemus
2872 887 3018 955 quod
3060 884 3353 942 Cassianus
3382 885 3523 957 (Lib.
3566 902 3625 941 ιιι
3668 885 3734 939 de
3774 885 3873 940 In-

2278 989 2428 1028 eurn.
2440 1013 2455 1039 ,
2471 989 2589 1043 cap.
2611 973 2676 1027 i2
2688 983 2744 1028 et
2763 975 2851 1047 15)
2876 974 3207 1031 antecessori
3232 974 3390 1029 istius
3405 973 3600 1031 Felicis
3623 973 3876 1030 Nestorio

2279 1063 2559 1134 respondit
2586 1082 2599 1118 :
2636 1084 2656 1115 ι
2688 1065 2988 1137 Respondit
3009 1066 3175 1132 enim,
3207 1066 3401 1137 inquit,
3426 1066 3635 1139 primus
3664 1079 3877 1139 aposto-

2281 1155 2455 1211 lorum
2477 1156 2692 1223 Petrus,
2718 1173 2858 1212 unus
2887 1157 3073 1227 utique
3096 1174 3195 1229 pro
3222 1159 3475 1214 omnibus
3508 1177 3521 1212 :
3552 1158 3691 1214 idem
3727 1160 3872 1214 enim

2278 1248 2439 1303 unius
2475 1249 2661 1304 habuit
2693 1250 3006 1320 responsio,
3050 1251 3195 1321 quod
3240 1251 3402 1306 habet
3434 1252 3675 1307 omnium
3712 1251 3868 1307 ﬁdes.

2282 1338 2392 1395 Sed
2427 1340 2661 1410 primum
2701 1339 2884 1396 decuit
2916 1341 3273 1412 respondere,
3308 1348 3368 1397 ut
3398 1340 3539 1398 idem
3568 1353 3713 1400 esset
3740 1346 3875 1401 ordo

2278 1431 2645 1501 responsionis
2682 1432 2773 1502 qui
2822 1444 2938 1488 erat
2982 1432 3239 1499 honoris,
3277 1440 3333 1491 et
3373 1433 3489 1508 ipse
3530 1437 3878 1495 antecederet

2277 1521 2620 1578 confessione
2661 1521 2751 1593 qui
2794 1523 3148 1580 antecedebat
3192 1534 3371 1581 aetate.
3415 1526 3555 1595 Quid
3589 1541 3723 1600 ergo
3764 1529 3879 1585 ait?

2280 1609 2359 1665 Tu
2384 1628 2455 1676 es,
2484 1611 2678 1683 inquit,
2709 1609 2881 1668 Filius
2908 1612 3005 1669 Dei
3033 1616 3149 1671 rivi.
3176 1616 3421 1688 Simplici
3449 1620 3879 1692 interrogatione

2275 1702 2438 1773 833
2465 1703 2534 1758 ad
2563 1702 2949 1759 eonfutandum
2981 1713 3034 1761 te
3061 1707 3213 1772 mihi,
3245 1708 3521 1775 baeretice,
3550 1709 3627 1764 uti
3652 1725 3880 1769 necesse

2276 1799 2378 1847 est.
2408 1791 2504 1849 Dic
2529 1794 2683 1859 mihi,
2717 1810 2933 1866 quaeso,
2965 1797 3090 1866 quis
3117 1797 3207 1853 ille
3234 1796 3511 1855 fueritcui
3546 1799 3740 1858 Petrus
3768 1804 3877 1860 ista

2276 1886 2589 1956 respondit?
2619 1887 2826 1960 Negare
2852 1905 2960 1945 non
2986 1900 3141 1961 potes
3168 1891 3446 1949 Christum
3477 1891 3664 1953 fuisse.
3696 1898 3873 1955 Inter-

2274 1993 2407 2049 rogo
2423 1994 2576 2052 ergo,
2597 1979 2872 2037 Christum
2891 1998 3054 2055 quem
3073 1999 3260 2053 vocas,
3274 1986 3549 2045 hominem
3571 2006 3641 2046 an
3664 1990 3833 2049 Deum
3848 1994 3876 2048 ’ἔ

2275 2070 2561 2129 Hominem
2605 2074 2810 2145 absque
2839 2076 3002 2131 dubio
3032 2091 3049 2131 :
3082 2077 3209 2133 hinc
3245 2078 3392 2134 enim
3434 2081 3616 2137 omnis
3655 2090 3740 2138 est
3781 2094 3877 2140 tua

2274 2161 2518 2229 hieresis,
2545 2165 2670 2233 quia
2693 2179 2859 2236 negas
2881 2163 3156 2222 Christum
3179 2165 3377 2223 Filium
3399 2168 3531 2237 Dei;
3558 2170 3679 2227 ideo
3704 2174 3872 2230 etiam

2272 2252 2497 2310 Mariam
2526 2254 2902 2314 Christotocon
2928 2272 3070 2326 esse,
3092 2276 3200 2316 non
3226 2260 3539 2320 Theotocon
3563 2265 3719 2333 dicis,
3738 2268 3872 2339 quia

2271 2345 2474 2404 Christi
2499 2349 2730 2420 genitrix
2760 2349 2859 2416 sit,
2888 2366 2997 2406 non
3031 2350 3151 2409 Dei.
3183 2352 3338 2421 Quod
3364 2370 3495 2427 ergo
3524 2356 3595 2413 ad
3631 2357 3750 2415 haec
3776 2374 3865 2416 re-

2272 2439 2490 2508 spondit
2529 2438 2754 2495 Petrus?
2798 2440 2875 2496 Tu
2914 2458 2997 2508 es,
3034 2441 3243 2513 inquit,
3283 2443 3524 2502 Christus
3568 2445 3741 2504 Filius
3773 2448 3872 2505 Dei

2271 2528 2414 2583 vivi:
2442 2527 2719 2586 Christum
2744 2531 2909 2600 hunc,
2934 2547 3096 2602 quem
3123 2542 3179 2588 tu
3202 2534 3438 2591 hominis
3465 2544 3672 2593 tantum
3696 2538 3870 2595 ﬁlium

2268 2633 2392 2676 esse
2419 2621 2644 2685 asseris,
2679 2621 2771 2677 ille
2795 2629 3027 2679 testatur
3051 2623 3247 2680 Filium
3273 2625 3392 2681 Dei.
3420 2625 3518 2683 Cui
3543 2627 3648 2696 vis,
3678 2630 3873 2687 creda-

2270 2723 2427 2775 mus,
2454 2708 2588 2775 tibi,
2620 2724 2688 2763 an
2718 2709 2913 2767 Petro?
2938 2710 3163 2782 Opinor,
3194 2727 3301 2770 non
3326 2728 3387 2770 es
3418 2722 3530 2771 tam
3559 2714 3868 2787 impudens,

2271 2808 2330 2854 ut
2354 2813 2669 2869 praeponere
2693 2808 2746 2856 te
2776 2801 2977 2857 audeas
3014 2802 3194 2874 primo
3218 2805 3604 2874 apostolorum.
3634 2806 3864 2876 Tamen,

2267 2890 2401 2964 quid
2444 2900 2532 2945 est
2573 2892 2717 2962 quod
2754 2897 2814 2947 tu
2862 2908 2970 2948 non
3003 2894 3239 2959 audeas,
3278 2903 3373 2950 aut
3411 2896 3867 2965 quemadmodum

2270 2983 2575 3053 apostolum
2605 2998 2711 3039 non
2734 2984 3001 3055 despicies
3019 3026 3035 3051 ,
3060 2986 3153 3057 qui
3178 2987 3346 3044 Deum
3374 3004 3574 3061 negare
3612 3007 3721 3047 non
3749 3008 3868 3049 me-

2270 3074 2461 3129 tuisti?
2491 3073 2569 3129 Tu
2602 3091 2656 3130 es
2694 3092 2816 3145 ergo
2836 3117 2850 3141 ,
2895 3076 3100 3147 inquit,
3129 3076 3367 3135 Christus
3396 3078 3570 3137 Filius
3604 3082 3705 3137 Dei
3743 3085 3865 3141 rivi.

2269 3162 2523 3233 Nunquid
2546 3164 2649 3220 hoc
2672 3164 2908 3238 ambigui
2934 3174 3027 3220 aut
3045 3167 3263 3223 obscuri
3284 3167 3487 3239 aliquid
3510 3170 3567 3226 in
3587 3186 3648 3227 se
3669 3173 3870 3229 habet?

2270 3254 2510 3325 Simplex
2552 3262 2764 3310 tantum
2802 3263 2888 3310 est
2929 3263 2984 3312 et
3024 3264 3209 3327 aperta
3246 3257 3546 3327 confessio,
3585 3259 3866 3319 Christum

2270 3342 2368 3399 Dei
2404 3342 2600 3399 Filium
2631 3343 2912 3414 praedicat.
2946 3364 2966 3398 ι
3013 3345 3081 3399 Et
3120 3346 3283 3416 paulo
3313 3355 3436 3418 post
3466 3365 3481 3400 :
3518 3366 3538 3401 ι
3571 3350 3871 3409 Videamus

2268 3434 2723 3507 quemadmodum
2748 3434 3143 3491 confessionem
3170 3435 3288 3506 ejus
3305 3438 3373 3505 is,
3393 3454 3554 3510 quem
3582 3442 3871 3501 confessus

2266 3532 2374 3591 est,
2400 3524 2714 3595 approbarit
2755 3544 2769 3579 :
2817 3526 2944 3597 quia
2982 3527 3106 3597 plus
3154 3528 3324 3584 multo
3359 3538 3472 3596 est,
3517 3546 3680 3602 quam
3717 3536 3869 3607 quod

2266 3612 2556 3683 Apostolus
2580 3613 2746 3680 dixit,
2783 3615 2831 3670 si
2862 3615 3067 3672 dictum
3096 3617 3242 3674 illius
3268 3618 3413 3675 Deus
3453 3621 3569 3690 ipse
3597 3623 3863 3682 laudavit.

2268 3702 2481 3760 Dicenti
2524 3717 2656 3774 ergo
2701 3705 2943 3774 apostolo
2990 3723 3003 3759 :
3052 3704 3131 3760 Tu
3164 3722 3219 3761 es
3266 3705 3506 3764 Christus
3544 3708 3721 3767 Filius
3763 3713 3868 3770 Dei

2266 3795 2388 3860 vivi,
2414 3794 2543 3864 quid
2567 3807 2596 3848 a
2620 3794 2848 3851 Domino
2873 3794 3154 3853 Salvatore
3176 3813 3495 3869 responsum
3517 3803 3636 3858 est?
3662 3803 3866 3861 Beatus

2267 3902 2351 3951 es,
2385 3885 2593 3957 inquit,
2626 3884 2807 3940 Simon
2834 3886 3071 3957 Barjona
3088 3926 3104 3952 ,
3128 3889 3252 3959 quia
3275 3906 3397 3944 caro
3430 3900 3481 3945 et
3506 3893 3721 3963 sanguis
3750 3911 3862 3950 non

2266 3976 2505 4032 reuelauit
2532 3976 2646 4041 tibi,
2664 3977 2753 4031 sed
2779 3976 2942 4032 Pater
2960 3995 3106 4034 meus
3127 3980 3215 4051 qui
3235 3981 3289 4035 in
3312 3981 3452 4037 caelis
3479 3992 3575 4039 est.
3605 3984 3871 4059 Sidispli-

2266 4077 2356 4125 cet
2381 4068 2481 4123 tibi
2514 4068 2741 4139 apostoli
2770 4070 3088 4125 testimonio
3113 4071 3214 4138 uti,
3241 4072 3337 4129 Dei
3365 4082 3536 4131 utere.
3566 4076 3865 4134 Laudando

2265 4161 2412 4215 enim
2437 4158 2579 4215 Deus
2600 4160 2745 4231 quod
2772 4161 2974 4216 dictum
3004 4170 3108 4228 est,
3136 4165 3514 4222 auctoritatem
3548 4183 3702 4222 suam
3731 4184 3866 4240 apo-

2264 4250 2454 4307 stolico
2474 4249 2619 4307 dicto
2639 4251 2843 4307 addidit
2868 4271 2881 4306 :
2904 4252 2981 4307 ita
3006 4259 3066 4309 ut
3085 4254 3249 4309 etiam
3276 4255 3323 4311 si
3344 4255 3544 4312 dictum
3575 4257 3705 4314 illud
3729 4273 3866 4330 ap0«

2264 4339 2388 4396 stoli
2412 4355 2508 4396 ore
2534 4339 2750 4410 prodiit,
2777 4355 2935 4395 suum
2956 4356 3079 4397 esse
3106 4342 3212 4399 hoc
3247 4352 3427 4399 tamen
3466 4344 3609 4403 Deus
3642 4346 3861 4414 fecerit,

2263 4431 2355 4501 qui
2381 4430 2649 4501 probavit.
2672 4429 2868 4485 Beatus
2899 4447 2974 4497 es,
3000 4430 3199 4503 inquit,
3232 4431 3415 4488 Simon
3440 4434 3698 4505 Barjona,
3730 4440 3861 4511 quia

2263 4540 2387 4579 caro
2403 4534 2450 4577 et
2468 4524 2681 4595 sanguis
2694 4540 2798 4578 non
2814 4523 3050 4579 reuelauit
3064 4526 3178 4590 tibi,
3192 4526 3284 4580 sed
3296 4526 3526 4596 Spiritus
3540 4527 3717 4585 Patris
3732 4532 3858 4598 mei,

2261 4617 2351 4685 qui
2362 4617 2418 4670 in
2435 4615 2574 4671 (telis
2590 4626 2663 4670 est
2682 4613 2897 4688 (Matth.
2914 4632 3025 4681 xvi,
3046 4616 3154 4688 17).
3172 4617 3315 4689 Ergo
3331 4618 3383 4672 in
3399 4619 3625 4688 apostoli
3642 4621 3786 4675 dicto
3800 4632 3861 4677 et

2262 4706 2497 4778 Spiritus
2519 4709 2715 4772 sancti,
2736 4715 2789 4763 et
2811 4708 3096 4777 pratsentis
3121 4707 3263 4771 Filii,
3294 4717 3347 4763 et
3370 4708 3464 4764 Dei
3496 4710 3674 4766 Patris
3705 4713 3863 4766 testi-

2260 4801 2499 4856 monium
2519 4801 2688 4855 vides.
2715 4798 2855 4867 Quid
2873 4814 3003 4870 ergo
3023 4799 3253 4870 amplius
3271 4842 3284 4863 ,
3310 4808 3403 4854 aut
3422 4802 3548 4870 quid
3573 4801 3746 4856 simile
3770 4820 3862 4858 re-

2259 4891 2468 4961 quiris?
2488 4890 2657 4945 Filius
2676 4890 2911 4946 hominis
2934 4889 3189 4954 laudavit,
3222 4889 3380 4944 Pater
3398 4890 3662 4957 interfuit,
3686 4892 3857 4963 Spiri-

2261 4992 2347 5036 tus
2374 4981 2648 5037 revelavit.
2680 4980 2922 5051 Apostoii
2963 4994 3092 5051 ergo
3121 4980 3322 5036 dictum
3357 4983 3521 5037 totius
3549 4982 3852 5040 divinitatis

2259 5080 2345 5128 est
2369 5072 2759 5134 testimonium,
2788 5070 2914 5140 quia
2946 5069 3109 5135 illius,
3137 5085 3361 5126 necesse
3381 5081 3485 5137 est,
3514 5073 3617 5128 hoc
3645 5074 3850 5129 dictum

2259 5164 2634 5219 auctoritatem
2657 5160 2877 5227 haheat,
2904 5177 3014 5232 quo
3042 5168 3262 5217 auctore
3289 5160 3487 5235 [Cass.,
3510 5179 3617 5234 quo
3641 5164 3853 5240 actore]

2258 5256 2542 5326 processit.
2567 5254 2761 5309 Beatus
2781 5270 2925 5325 ergo,
2942 5253 3136 5324 inquit,
3160 5269 3213 5308 es
3237 5252 3419 5308 Simon
3442 5254 3701 5326 Barjona,
3723 5257 3854 5328 quia

2258 5363 2382 5401 caro
2404 5355 2451 5399 et
2478 5345 2692 5415 sanguis
2722 5361 2827 5399 non
2855 5345 3097 5399 revelsrit
3123 5344 3251 5409 tibi,
3287 5344 3376 5398 sed
3411 5342 3639 5415 Spiritus
3668 5344 3852 5400 Patris

2256 5438 2394 5501 mei,
2414 5436 2505 5507 qui
2529 5437 2585 5489 in
2613 5433 2754 5489 cmlis
2778 5443 2874 5489 est.
2902 5432 3043 5504 Ergo
3070 5431 3116 5487 si
3142 5432 3306 5489 Petro
3336 5432 3489 5505 [caro
3516 5442 3573 5490 et
3600 5433 3848 5507 sanguis]

2258 5542 2365 5581 non
2396 5524 2769 5581 revelaverant
2792 5524 2918 5587 ista,
2935 5532 2989 5577 et
3016 5522 3438 5592 inspirat-erunt,
3452 5521 3565 5592 jam
3592 5522 3851 5592 intelligis

2256 5621 2348 5691 qui
2389 5618 2735 5690 inspiraverit
2772 5615 2892 5672 tibi.
2939 5613 2998 5671 Si
3036 5612 3184 5670 illum
3228 5614 3463 5685 Spiritus
3503 5615 3599 5670 Dei
3638 5614 3844 5676 docuit.

2258 5712 2347 5783 qui
2371 5711 2642 5767 Christum
2659 5710 2755 5764 Dei
2778 5708 2944 5764 filium
2965 5721 3084 5763 esse
3103 5706 3381 5765 confessus
3407 5708 3674 5775 est,vides
3694 5712 3843 5781 quod
