4136 6624
211 524 323 582 I95
946 521 1363 580 DOCMATICA.
1405 552 1475 562 —
1510 520 1672 578 ADV.
1707 513 2007 575 FELICEM
2045 514 2226 572 LIBRI
2268 515 2377 573 VII.
2415 543 2485 555 -
2522 512 2651 571 LIB.
2695 513 2757 569 V.
3407 510 3510 569 195

206 649 271 697 tu
302 640 495 711 spiritu
522 637 786 694 daemonis
812 637 1004 694 doctus
1033 638 1142 703 sis,
1168 638 1264 710 qui
1304 653 1504 710 negare
1527 636 1805 708 potuisti»
1840 639 1886 697 Α
1916 631 2216 702 serpentini
2243 645 2357 689 ons
2385 647 2595 688 venena
2626 630 2879 696 sibilans,
2906 629 3105 701 qutcris
3132 630 3403 701 quomodo
3428 642 3514 687 te-

292 731 380 791 VI.
440 733 639 787 Beatus
679 746 894 802 quoque
939 731 1084 786 Beda
1134 730 1418 803 presbyter
1473 729 1529 785 in
1574 736 1811 784 tractatu
1914 722 2089 793 ipsum
2116 722 2344 793 perdere
2376 722 2554 793 possis
2589 741 2602 778 :
2635 721 2761 794 quia
2794 721 2936 776 unde
2961 720 3098 775 bene
3126 720 3335 792 prolata
3368 730 3516 775 recte

210 825 446 882 Aetnam
489 823 854 895 apostolorum
899 821 1053 894 (Cap.
1093 821 1149 891 ς)
1191 821 1260 877 de
1295 837 1361 877 eo
1402 821 1548 893 quod
1592 818 1811 882 dicitur,
1914 813 2277 885 intelligentes
2318 812 2415 868 ﬁlii
2456 812 2835 885 acquisitionis
2883 812 3183 879 salvantur,
3232 813 3373 867 unde
3419 813 3517 868 ﬁlii

209 919 362 974 Deus
389 927 503 972 erat
525 933 644 971 cum
672 913 788 981 illo,
816 916 889 969 ita
916 914 1175 986 exponit:
1207 932 1227 965 ι
1258 912 1432 978 Deus,
1462 911 1664 981 inquit,
1696 917 1816 964 erat
1914 902 2237 975 perditionis
2266 903 2614 969 damnantur,
2645 904 2771 959 dum
2803 904 2939 959 bene
2977 904 3186 975 prolata
3231 904 3285 960 in
3314 906 3517 961 sanctis

209 1026 339 1066 cum
374 1008 485 1075 mo,
510 1008 564 1063 id
586 1017 693 1072 est,
720 1008 884 1062 pater
911 1022 1033 1062 cum
1056 1006 1212 1061 Filio,
1243 1004 1435 1060 Melius
1458 1014 1543 1059 εει
1567 1003 1713 1058 enim
1735 1001 1817 1056 sic
1917 992 2218 1063 Scripturis
2251 993 2391 1049 male
2417 994 2764 1065 interpretari
2806 1011 2913 1050 non
2950 1004 3215 1053 metuunt.
3260 995 3518 1070 I’roporﬁt
3600 1062 3606 1069 ,

206 1101 537 1173 intelligere,
558 1116 721 1170 quam
743 1100 1078 1155 divinitatem
1102 1099 1225 1153 Filii
1247 1114 1369 1154 cum
1390 1098 1627 1155 homine.
1654 1110 1816 1167 quem
1916 1083 2100 1173 ἱφςιυθ
2128 1084 2453 1173 εεηῐεξιιί-δηι
2489 1083 2555 1139 de
2590 1083 2829 1173 ΕΡίδείζιίι
2864 1085 3233 1173 θγειιιεθιίειίε,
3265 1084 3354 1142 ubi
3391 1088 3466 1142 θὶι
3499 1105 3514 1141 ε

209 1170 529 1262 assumpsit,
545 1190 953 1247 cohabitantem
979 1188 1381 1260 signiﬁcari,ne
1400 1187 1601 1243 Christi
1628 1201 1818 1256 perso-
1920 1170 2242 1272 θάυοεαίυητ
2282 1171 2532 1272 Ῑξαθεηιυε
2577 1174 2722 1272 αρτιίξ
2748 1170 2996 1272 “fret”.
3035 1174 3218 1229 Ῑεδυηι
3250 1174 3517 1232 Christum

207 1296 345 1334 nam
374 1280 684 1351 geminare,
716 1288 771 1334 et
806 1280 859 1334 in
889 1279 1271 1334 Nestorianum
1298 1278 1491 1350 dogma
1522 1278 1716 1332 cadere
1739 1276 1820 1330 vi-

1930 1263 2119 1321 iustum
2152 1276 2170 1313 .'
2212 1272 2262 1316 et
2301 1263 2410 1334 ipse
2458 1273 2533 1317 est
2572 1265 2878 1336 propitiatio
2918 1282 3013 1336 pro
3056 1268 3282 1337 peccatis
3328 1270 3521 1324 nostris

208 1372 462 1427 deamur.
496 1392 515 1425 ι
552 1371 631 1427 De
651 1386 719 1427 eo
745 1387 875 1427 vero
903 1371 1046 1441 quod
1072 1370 1362 1442 Apostolus
1390 1370 1467 1425 ait
1494 1389 1506 1423 :
1535 1369 1677 1423 Deus
1706 1376 1820 1423 erat

1930 1350 1977 1422 [1
1998 1350 2163 1405 Joan.
2200 1368 2260 1410 ιι.
2294 1352 2378 1424 l);
2410 1368 2573 1424 quam
2599 1353 2676 1408 ita
2702 1370 2733 1409 a
2763 1361 2817 1408 te
2847 1354 3247 1426 intelligendam
3274 1358 3475 1413 asseris
3504 1375 3519 1413 :

206 1467 268 1520 in
295 1462 531 1529 Christo,
563 1466 751 1521 Victor
775 1465 1063 1535 episcopus
1085 1464 1283 1535 Capuae
1312 1465 1367 1518 in
1395 1463 1559 1518 Libro
1587 1460 1823 1532 Sponso-

207 1574 373 1623 rum,
403 1558 640 1628 capitulo
683 1558 945 1629 vigesimo
985 1568 1182 1627 quarto
1217 1568 1243 1597 ι
1286 1573 1300 1611 :
1342 1573 1361 1607 ‹
1397 1554 1573 1617 Deus,
1623 1552 1816 1623 inquit,

208 1659 333 1704 erat
375 1650 429 1705 in
461 1650 715 1714 Christo,
744 1650 931 1720 utique
967 1648 1129 1703 Pater
1165 1648 1220 1702 in
1250 1647 1421 1711 Filio,
1454 1644 1580 1714 quia
1620 1644 1674 1697 in
1704 1643 1822 1713 ipso

208 1741 548 1811 complacuit
571 1755 785 1795 omnem
808 1738 1201 1809 plenitudinem
1224 1737 1474 1793 habitare
1498 1722 1817 1789 divinitatis.

209 1831 273 1885 In
304 1831 428 1886 aliis
456 1846 674 1902 quoque
705 1831 938 1895 sanctis,
966 1838 1021 1885 et
1046 1828 1325 1901 apostolis,
1355 1827 1439 1882 vel
1472 1824 1819 1897 patriarchis,

207 1921 333 1975 sive
361 1923 663 1992 prophetis,
695 1921 866 1993 gratia
898 1921 1030 1988 fuit;
1064 1922 1118 1976 in
1149 1918 1369 1975 Christo
1396 1928 1579 1973 autem
1607 1924 1718 1971 tota
1738 1915 1823 1970 di—

1929 1460 1947 1493 c
1980 1442 2322 1510 Advocatus,
2352 1442 2561 1514 inquis,
2594 1443 2737 1500 idem
2774 1454 2862 1502 est
2897 1446 2989 1517 qui
3019 1454 3076 1502 et
3111 1448 3400 1514 mediator,
3429 1451 3524 1520 qui

1922 1541 2146 1603 propter
2179 1532 2365 1604 culpas
2406 1533 2837 1607 delinquentium
2863 1537 3005 1607 apud
3040 1536 3253 1594 Patrem
3292 1540 3527 1596 interce-

1929 1627 2025 1692 dit,
2053 1626 2195 1697 quod
2226 1642 2332 1683 non
2363 1627 2430 1683 de
2463 1627 2576 1684 Deo
2598 1644 2749 1695 vero,
2779 1630 2872 1685 sed
2899 1630 2965 1687 de
3000 1633 3221 1689 homine
3248 1643 3526 1705 assumpto

1924 1718 2265 1772 sentiendum
2292 1726 2395 1774 est.
2435 1738 2453 1771 ι
2489 1718 2668 1788 Quare
2697 1728 2878 1778 autem
2912 1737 3019 1779 non
3058 1724 3345 1797 intelligis,
3378 1728 3526 1799 quod

1925 1807 2261 1879 evangelista
2290 1812 2540 1865 eumdem
2562 1811 2971 1882 propitiatorem
2999 1814 3151 1882 dicit,
3173 1831 3334 1887 quem
3364 1816 3528 1874 advo-

1927 1906 2147 1964 catum,
2176 1899 2304 1954 dum
2334 1899 2413 1954 ait
2443 1918 2456 1955 :
2490 1902 2811 1957 Advocatum
2846 1904 3099 1961 habemus
3133 1908 3275 1980 apud
3312 1907 3529 1965 Patrem

209 1986 421 2067 vinitas
446 1986 743 2078 habitavit:
775 2011 829 2065 id
859 2018 963 2076 est,
993 1986 1105 2064 tota
1124 2009 1237 2079 jam
1266 2007 1540 2077 plenitudo
1574 2004 1825 2059 divinita-
1857 1997 1900 2056 B
1925 1987 2111 2043 Ῑθδαηι
2148 1986 2417 2044 Christum
2440 1991 2652 2061 justum
2684 2009 2703 2046 :
2740 2003 2788 2046 et
2825 1995 2935 2065 ipse
2968 2004 3043 2050 est
3083 1998 3389 2068 prapitiatio
3431 2016 3530 2073 pro

210 2100 291 2155 tis
314 2102 698 2173 corporaliter.
736 2121 756 2155 ›
787 2100 932 2155 Idem
974 2113 1190 2169 quoque
1227 2098 1414 2153 Victor
1441 2096 1727 2165 episcopus
1753 2108 1822 2147 ex

1930 2082 2152 2149 peccatis
2182 2083 2394 2137 nostris.
2427 2081 2485 2138 In
2509 2098 2574 2139 eo
2599 2086 2743 2156 quod
2782 2086 3102 2144 advocatum
3131 2105 3255 2145 cum
3282 2094 3531 2150 nomina-

207 2205 384 2261 opere
417 2171 606 2263 Cyrilli
638 2193 666 2232 ιι
702 2192 757 2246 in
786 2190 952 2245 Libro
981 2190 1048 2244 ad
1086 2187 1387 2259 Augustas,
1414 2183 1570 2255 cujus
1607 2184 1824 2239 initium

1930 2171 2028 2263 vit,
2073 2172 2349 2263 hominem
2386 2173 2638 2245 designat
2680 2193 2693 2230 :
2732 2177 2877 2248 quod
2924 2193 3054 2235 vero
3094 2183 3528 2252 propitiatorem,

207 2290 303 2336 est
342 2299 356 2335 :
399 2280 506 2348 Qui
552 2282 787 2336 dirinum
828 2280 1118 2352 praedicant
1159 2286 1209 2331 et
1251 2275 1455 2332 cmleste
1494 2275 1821 2345 mysterium.

216 2392 239 2426 ι
279 2371 341 2427 In
367 2387 509 2443 quo,
540 2374 651 2441 ait,
683 2372 893 2428 habitat
917 2370 1099 2425 omnis
1120 2368 1401 2439 plenitudo
1429 2366 1609 2422 divina
1635 2378 1826 2433 corpo-

211 2463 431 2530 raliter,
457 2463 513 2519 id
535 2471 651 2529 est,
681 2461 1141 2523 substantialiter,
1183 2474 1292 2514 non
1325 2473 1425 2529 per
1462 2457 1828 2527 participatio-

213 2570 379 2621 nem,
422 2570 599 2624 neque
634 2568 734 2624 per
770 2553 1035 2625 gratiam,
1083 2565 1205 2622 qua
1232 2548 1492 2606 tribuitur
1520 2546 1823 2616 adoptivis;

209 2648 317 2705 sed
345 2648 729 2719 corporaliter,
763 2647 813 2701 id
840 2655 944 2710 est,
971 2642 1425 2708 substantialiter,
1466 2641 1607 2696 sicut
1642 2640 1696 2694 in
1728 2639 1830 2693 ho-

210 2738 371 2795 mine
399 2738 604 2794 dicitur.
620 2736 873 2792 habitare
900 2735 1017 2805 ejus
1041 2735 1285 2806 spiritus,
1310 2748 1433 2788 cum
1458 2747 1566 2786 non
1596 2731 1669 2785 sit
1692 2730 1829 2786 alius

211 2831 340 2901 ipse
378 2830 542 2886 homo
578 2839 634 2886 et
675 2831 903 2900 spiritus
942 2827 1079 2897 ejus.
1130 2847 1149 2880 ι
1190 2824 1336 2882 Idem
1380 2839 1596 2896 quoque
1640 2823 1830 2878 doctor

210 2921 520 2979 Cassianus
553 2933 608 2988 ε,
633 2923 726 2992 qui
754 2928 810 2976 et
838 2933 1034 2990 supra,
1062 2918 1131 2973 de
1154 2916 1500 2988 inseparabili
1530 2912 1830 2970 divinitatis

212 3014 692 3085 humanitatisque
724 3013 1066 3085 operatione,
1098 3019 1153 3067 et
1178 3010 1313 3066 mira
1342 3008 1721 3064 communione
1744 3022 1831 3061 re-

212 3122 347 3163 rum
384 3114 661 3178 gestarum
701 3106 757 3160 in
790 3103 1011 3161 Christo
1056 3118 1159 3176 pro
1199 3100 1509 3159 beatissima
1547 3098 1830 3155 catholicae

212 3196 350 3253 ﬁdei
381 3197 615 3253 veritate
648 3196 725 3252 ita
766 3195 1066 3251 disseruit:
1100 3212 1119 3246 ι
1152 3192 1488 3250 Conﬁtentes
1525 3191 1707 3257 enim,
1744 3189 1832 3244 in-

211 3290 372 3360 quit,
412 3296 702 3359 utramque
749 3287 1110 3343 substantiam
1143 3284 1327 3341 carnis
1362 3298 1429 3339 ac
1457 3281 1621 3338 Verbi
1661 3294 1829 3336 unum

1926 2259 2099 2316 Deum
2127 2261 2484 2319 demonstrat.
2526 2264 2632 2322 Sed
2662 2271 2934 2339 quomodo
2969 2272 3040 2327 sit
3075 2273 3403 2343 advocatus,
3436 2279 3531 2348 qui

1930 2352 2074 2409 Deus
2102 2362 2218 2419 est,
2266 2366 2584 2413 sanctorum
2625 2358 2846 2415 Patrum
2898 2362 3225 2421 testimoniis
3272 2364 3531 2439 intcllige.

1926 2445 2267 2518 Augustinus
2285 2448 2431 2503 enim
2462 2460 2519 2523 ο,
2533 2447 2689 2519 cuius
2709 2452 2908 2524 sapius
2926 2454 3257 2512 mentionem
3282 2457 3529 2524 facimus,

1930 2540 1998 2596 de
2041 2540 2145 2597 hac
2191 2541 2626 2613 interpellatione
2666 2544 2719 2600 in
2762 2545 2902 2603 libro
2937 2547 3352 2607 contra-Arium
3390 2551 3469 2607 ait
3515 2570 3528 2607 :

1934 2651 1955 2683 ι
1999 2631 2190 2689 Solent
2210 2633 2372 2704 plane
2410 2634 2601 2694 Ariani
2633 2653 2702 2694 ex
2739 2638 3190 2712 interpellationis
3224 2660 3389 2701 causa
3418 2661 3536 2702 mo-

1928 2740 2060 2781 vere
2086 2725 2415 2783 calumniam
2443 2728 2704 2794 dicentes,
2737 2734 2880 2804 quod
2908 2734 3000 2805 qni
3029 2735 3423 2809 interpellatur,
3452 2739 3535 2794 in-

1929 2818 2254 2889 terpellante
2307 2820 2380 2875 sit
2422 2819 2613 2890 major.
2668 2822 2877 2892 Quibus
2929 2828 3365 2897 respondendum
3416 2837 3531 2895 est,

1931 2906 2102 2964 Deum
2131 2909 2459 2968 oblivionem
2486 2928 2592 2969 non
2619 2915 2753 2985 pati,
2778 2925 2841 2970 ut
2866 2932 2965 2988 pro
2992 2917 3097 2973 illis
3123 2931 3537 2976 commoneatur

1930 3014 2167 3071 semper,
2192 3016 2330 3073 quos
2354 3002 2469 3074 ipse
2496 3004 2660 3077 elegit
2684 3025 2697 3061 :
2724 3008 2818 3063 sed
2842 3008 2896 3064 in
2928 3010 3030 3065 hoc
3053 3010 3361 3084 interpellat
3384 3030 3531 3077 eum,

1931 3091 2060 3147 dum
2104 3107 2320 3164 semper
2356 3092 2506 3151 Patri
2547 3098 2820 3153 hominem
2866 3114 3027 3170 quem
3067 3106 3337 3176 suscepit,
3377 3108 3536 3177 quasi

1930 3190 2179 3236 nostrum
2204 3182 2399 3255 pignus
2423 3186 2699 3254 ostendit,
2732 3195 2789 3244 et
2824 3188 2986 3245 offert
3014 3199 3075 3247 ut
3099 3208 3263 3249 verus
3291 3194 3538 3265 pontifex

1931 3282 1989 3329 et
2009 3285 2268 3331 aeternus.
2304 3297 2323 3330 ι
2356 3276 2464 3334 Sed
2491 3287 2547 3334 et
2567 3279 2694 3337 huic
2721 3284 2904 3357 sensui
2933 3284 3076 3340 illius
3099 3290 3374 3358 quomodo
3400 3291 3537 3347 bea-

208 3358 587 3452 eumdemque
613 3380 910 3445 hominem,
934 3392 1150 3449 semper
1178 3373 1593 3446 inseparabilem
1630 3374 1701 3428 ab
1722 3371 1829 3426 ini—
1859 3358 1903 3420 C
1935 3373 2025 3422 tus
2047 3367 2188 3423 Beda
2211 3370 2501 3445 presbyter
2520 3371 2611 3443 (In
2632 3376 2783 3445 epist.
2811 3374 2841 3429 I
2872 3377 3032 3432 Joan.
3056 3396 3173 3451 cap.
3206 3380 3269 3455 ιι)
3295 3382 3348 3437 in
3372 3399 3539 3455 expo-

214 3475 301 3530 tio
338 3473 510 3544 ipsius
545 3470 950 3542 conceptionis,
980 3470 1070 3541 pia
1100 3467 1225 3525 fidei
1255 3465 1579 3533 credulitate
1601 3463 1831 3534 suscipi-

211 3578 369 3629 mus,
391 3572 454 3619 et
471 3576 540 3618 ex
571 3560 741 3634 835.
771 3568 1015 3630 tempore
1036 3564 1303 3628 suscepta:
1328 3555 1512 3611 carnis
1536 3554 1618 3609 sic
1647 3551 1829 3608 omnia

213 3654 456 3711 dicimus
474 3667 598 3723 qua:
616 3657 776 3709 erant
796 3649 891 3706 Dei
916 3649 1198 3705 transiisse
1223 3647 1280 3702 in
1302 3645 1601 3710 hominem,
1632 3652 1692 3697 ut
1713 3660 1832 3699 om-

216 3747 315 3803 nia
345 3760 467 3816 qua:
492 3734 654 3799 Erant
677 3740 916 3799 hominis
943 3742 1000 3797 in
1031 3739 1204 3795 Deum
1224 3737 1504 3804 venirent;
1538 3744 1595 3791 et
1618 3735 1723 3792 hac
1748 3736 1833 3792 in-

213 3834 521 3907 telligentia
550 3833 790 3892 Verbum
818 3832 1025 3889 factum
1065 3834 1140 3891 sit
1170 3846 1301 3888 caro
1329 3850 1343 3888 :
1372 3848 1481 3890 non
1509 3842 1569 3890 ut
1594 3850 1829 3892 conver-

216 3927 381 3983 sione
413 3934 508 3982 aut
530 3923 898 3980 mutabilitate
923 3922 1104 3994 aliqua
1128 3924 1359 3994 coeperit
1383 3938 1527 3990 esse,
1555 3926 1700 3997 quod
1721 3940 1830 3982 non

215 4025 347 4073 erat
366 4057 383 4080 ,
408 4016 505 4073 sed
540 4024 597 4070 ut
634 4015 877 4087 potentia
906 4014 1104 4071 divinae
1142 4014 1563 4085 dispensationis
1592 4017 1830 4074 Verbum

216 4105 441 4173 Patris,
484 4121 765 4179 nunquam
806 4120 839 4161 a
884 4104 1049 4162 Patre
1080 4104 1396 4173 discedens,
1428 4106 1594 4163 homo
1613 4108 1833 4179 proprie

217 4199 351 4257 ﬁeri
374 4198 700 4270 dignaretur
727 4197 1064 4254 incarnatus.
1089 4196 1116 4237 ει
1147 4197 1240 4271 [Et
1267 4214 1376 4255 non
1401 4199 1677 4255 hominem
1706 4214 1832 4255 cum

219 4288 347 4348 Deo
375 4291 449 4346 ita
474 4300 664 4346 natum
688 4304 812 4345 esse
835 4288 1039 4356 dicam,
1070 4297 1132 4345 ut
1158 4304 1408 4345 seorsum
1434 4305 1556 4361 qua:
1578 4287 1676 4346 Dei
1707 4298 1836 4347 sunt

219 4382 330 4439 soli
360 4382 473 4437 Deo
503 4381 647 4448 deum
669 4389 721 4437 et
747 4396 993 4437 seorsum
1025 4396 1146 4452 qua:
1175 4388 1304 4437 sunt
1332 4381 1569 4438 hominis
1592 4381 1697 4437 soli
1730 4383 1833 4438 ho-

222 4473 365 4531 mini
403 4481 681 4544 repntem;
718 4482 777 4529 et
809 4473 877 4533 de
913 4488 1023 4529 uno
1059 4471 1198 4530 Filio
1232 4471 1329 4528 Dei
1356 4487 1463 4529 non
1503 4488 1706 4540 unum,
1737 4474 1835 4530 sed

225 4563 414 4619 facere
433 4563 691 4635 incipiam
715 4564 851 4620 duos
870 4562 1117 4620 Cbristos
1144 4580 1158 4617 :
1183 4561 1330 4633 quod
1349 4578 1381 4618 a
1405 4564 1562 4619 nobis
1581 4562 1697 4633 jam
1720 4564 1835 4636 ipse

1931 3455 2130 3513 sitione
2150 3457 2393 3529 ejusdem
2418 3463 2727 3533 apostolica
2744 3467 3026 3523 sententiae
3045 3472 3353 3541 conveniat,
3368 3475 3493 3531 audi
3520 3496 3533 3532 :

1937 3565 1958 3600 ι
1992 3547 2282 3620 Unigenito
2310 3552 2478 3618 enim,
2509 3555 2608 3620 ait,
2634 3554 2773 3611 Filio
2797 3571 2898 3627 pro
2927 3558 3147 3617 homine
3189 3563 3539 3636 interpellare

1930 3647 2038 3705 est,
2067 3642 2211 3713 apud
2238 3651 2567 3700 coaeternum
2596 3647 2813 3704 Patrem
2844 3651 3083 3722 seipsum
3118 3656 3534 3727 demonstrare;

1928 3734 2091 3805 eique
2117 3750 2218 3806 pro
2240 3734 2475 3793 humana
2501 3748 2694 3797 natura
2724 3758 2964 3814 rogasse,
2995 3754 3078 3801 est
3106 3750 3353 3805 eamdem
3380 3763 3538 3809 natu-

1931 3840 2049 3879 rain
2094 3824 2149 3879 in
2187 3827 2486 3885 divinitatis
2524 3846 2636 3890 sum
2673 3822 3053 3893 celsitudinem
3084 3843 3409 3913 suscepisse.
3449 3845 3539 3900 In-

1928 3918 2186 3989 terpellat
2213 3920 2380 3993 igitur
2407 3938 2506 3994 pro
2525 3926 2683 3983 nobis
2704 3926 2969 3985 Dominus
2998 3946 3105 3987 non
3132 3948 3287 4001 voce,
3316 3937 3412 3992 sed
3437 3940 3541 3993 IIII-

1930 4010 2224 4066 seratione.
2265 4030 2284 4065 ι
2335 4012 2630 4071 Sciendum
2679 4025 2765 4072 est
2809 4033 2957 4086 vere,
3005 4025 3150 4094 quod
3193 4040 3538 4100 nequaquam

1933 4101 2095 4157 modo
2115 4101 2319 4159 Christi
2343 4106 2412 4161 ad
2433 4105 2714 4163 dexteram
2740 4111 2982 4167 sedentis
3006 4114 3372 4188 interpellatio
3392 4122 3538 4192 apud

1931 4193 2149 4251 Patrem
2174 4196 2302 4251 talis
2322 4195 2548 4271 intelligi
2570 4201 2749 4265 debet,
2776 4202 2955 4273 qualis
2974 4205 3212 4264 hominis
3235 4210 3371 4266 solet
3393 4226 3537 4278 esse,

1932 4286 2061 4342 dum
2088 4287 2211 4358 quis
2235 4288 2376 4359 apud
2397 4289 2637 4362 iudicem
2667 4294 3002 4366 supplicibus
3021 4300 3202 4357 verbis
3231 4301 3541 4375 interpellat

1930 4395 2033 4449 pro
2059 4395 2125 4437 eo
2152 4396 2167 4437 :
2194 4383 2291 4439 sed
2320 4385 2495 4454 patris
2519 4384 2633 4441 Deo
2646 4383 2795 4444 Patri
2818 4390 3177 4450 humanitatis
3203 4395 3256 4452 in
3281 4396 3377 4454 Dei
3400 4398 3541 4456 Filio

1932 4473 2268 4569 dispensatio
2309 4474 2505 4547 (Locus
2545 4480 2847 4556 corruptus)
2868 4523 2883 4549 ,
2919 4484 3285 4559 interpellatio
3316 4501 3403 4548 est
3438 4509 3540 4569 pro

1930 4565 2172 4657 humano
2198 4583 2419 4640 genere.
2454 4570 2589 4627 Nam
2612 4582 2671 4629 et
2699 4577 2765 4631 de
2804 4574 3012 4649 Spiritu
3056 4591 3251 4639 sancto
3288 4565 3486 4657 legitur
3520 4602 3537 4643 :

223 4654 498 4712 Dominus
521 4663 577 4710 et
600 4653 745 4710 Deus
768 4652 1019 4711 Christus
1053 4652 1286 4727 avertat]
1321 4668 1341 4711 :
1387 4654 1484 4711 sed
1520 4654 1601 4709 sic
1634 4654 1835 4711 alteru-
1857 4722 1907 4740 ﬁ
1936 4656 2056 4727 Ipse
2076 4655 2308 4731 Spiritus
2336 4663 2570 4733 postulat
2588 4682 2684 4738 pro
2700 4667 2848 4723 nobis
2875 4666 3150 4740 gemitibus
3174 4652 3541 4734 inenarrabili.

226 4755 379 4800 trum
417 4759 557 4799 unus
594 4742 656 4799 ﬁt
696 4744 925 4801 verbum
957 4752 1015 4797 et
1054 4758 1214 4809 caro,
1258 4722 1320 4800 ut
1353 4754 1607 4799 manente
1645 4745 1699 4800 in
1733 4760 1831 4800 sua
1857 4722 1909 4783 Β
1935 4722 2031 4802 bas
2057 4722 2238 4820 (Boni.
2266 4722 2387 4817 vnn,
2410 4751 2536 4826 ‘26);
2571 4722 2678 4811 non
2703 4722 3542 4839 enim

224 4833 567 4907 perfectione
607 4833 932 4890 naturaliter
970 4843 1205 4904 utraque
1248 4835 1553 4890 substantia
1598 4835 1717 4890 sine
1753 4834 1837 4889 sui

225 4928 573 5000 praeiudicio,
596 4934 651 4983 et
676 4927 999 4983 humanitati
1026 4927 1207 4982 divina
1230 4928 1653 4992 communicent,
1679 4937 1735 4984 et
1762 4928 1841 4983 di-

1934 4840 2152 4909 miscit;
2185 4842 2281 4899 sed
2309 4846 2517 4916 tropica
2550 4847 2821 4933 locutione
2846 4850 3141 4923 Apostolus
3170 4873 3300 4912 usus
3329 4859 3543 4931 signifi-

1935 4941 2043 4997 cat,
2068 4933 2215 5003 quod
2246 4934 2484 5006 Spiritus
2508 4949 2731 4996 sanctus
2763 4957 2861 4999 nos
2891 4944 3246 5015 ingemiscere
3284 4946 3435 5006 facit.
3462 4950 3539 5007 Ita

228 5018 448 5074 vinitati
487 5017 1130 5109 bumanagparticipent;
1165 5032 1269 5073 nec
1307 5017 1445 5073 alter
1486 5017 1657 5084 Deus,
1700 5019 1840 5074 alter
1935 5026 2135 5081 dicitur
2161 5035 2217 5082 et
2246 5026 2398 5082 illum
2424 5031 2703 5099 postulare
2730 5048 2829 5102 pro
2866 5038 3089 5100 sanctis,
3111 5040 3237 5108 quia
3266 5041 3542 5109 postulare

229 5112 397 5166 homo
416 5150 432 5173 ,
460 5109 558 5165 sed
598 5098 747 5164 idem
771 5108 889 5178 ipse
929 5108 1106 5173 Deus,
1128 5109 1221 5179 qui
1242 5116 1316 5187 et
1346 5109 1513 5165 homo
1544 5128 1559 5165 :
1593 5119 1650 5165 et
1678 5112 1838 5168 vicis-

228 5205 339 5262 sim
367 5205 564 5269 homo,
591 5203 684 5274 qui
718 5211 775 5258 et
803 5201 950 5260 Deus
968 5200 1128 5259 Iesus
1153 5202 1409 5258 Christus
1440 5217 1582 5258 unus
1611 5202 1773 5259 Deus.
1811 5225 1830 5256 ι

307 5293 420 5349 VII.
459 5291 568 5352 Sed
594 5292 682 5347 his
703 5300 868 5364 atque
894 5292 1221 5369 huiusmodi.
1248 5308 1285 5347 o
1308 5290 1480 5358 Felix,
1510 5291 1839 5350 ﬁrmissimis

232 5394 552 5443 sanctorum
574 5384 795 5440 Patrum
828 5383 1154 5442 testimoniis
1182 5393 1493 5455 superatus,
1525 5384 1594 5440 ad
1622 5385 1728 5440 alia
1752 5402 1841 5443 er-

236 5480 383 5537 roris
409 5478 482 5533 tui
507 5475 727 5533 latibula
752 5476 1046 5549 confugere
1074 5492 1181 5533 non
1204 5477 1434 5542 desiisti,
1460 5485 1623 5548 atque
1643 5479 1840 5535 exinde

313 5621 341 5652 ι
378 5610 924 5684 VictorisUCapuani
955 5611 1092 5668 liber
1141 5612 1475 5682 Sponsorum
1540 5615 1840 5683 ignorati".

310 5685 341 5724 δ
368 5681 441 5753 ξ.
473 5680 657 5753 Cyrilli
688 5680 1081 5753 ex'statioratio
1108 5680 1432 5753 adilieginas
1456 5680 1586 5740 tom.
1616 5687 1680 5740 IV
1703 5686 1845 5744 Con-

1933 5116 2068 5171 facit
2094 5125 2316 5175 sanctos
2340 5137 2353 5173 :
2379 5120 2463 5178 sic
2474 5122 2646 5177 etiam
2671 5133 2723 5177 et
2748 5121 2802 5178 id
2822 5127 2966 5195 quod
2984 5126 3053 5182 de
3073 5127 3294 5185 Christo
3316 5130 3537 5198 dicitur,

1939 5211 2083 5282 quod
2106 5211 2179 5267 sit
2204 5213 2519 5275 advocatus.
2547 5216 2727 5273 altiori
2755 5220 2988 5289 mystico
3013 5218 3222 5293 [Forte,
3254 5224 3539 5301 mysterio]

1938 5303 2348 5375 intelligendum
2384 5315 2468 5362 est
2486 5350 2501 5374 ,
2531 5325 2695 5380 quam
2734 5310 2972 5369 humana
3002 5313 3384 5388 interpellandi
3411 5335 3543 5376 con-

1939 5394 2167 5451 suetudo
2196 5395 2340 5452 inter
2365 5397 2616 5463 homines
2639 5401 2778 5457 solet
2807 5403 3109 5462 observari.

2018 5483 2144 5541 VIII.
2186 5484 2391 5545 Deinde
2423 5488 2589 5561 igitur
2623 5491 2690 5551 ad
2725 5492 3077 5567 Evangelium
3115 5514 3405 5561 recurrens
3440 5504 3543 5562 hu-

2016 5623 2043 5665 ει
2081 5624 2210 5699 I_i:ec_
2238 5624 2768 5699 nonnihildiﬁ'erunt
2797 5630 2942 5699 apud
2973 5630 3318 5691 Cassianum.

2023 5706 2045 5778 ξ
2084 5695 2142 5751 S.
2184 5693 2324 5779 Aug.
2374 5695 2512 5779 Ubi”!
2554 5696 2765 5779 Ignoro.
2786 5693 2974 5779 “Liber
3015 5702 3301 5779 Augustini
3350 5718 3542 5767 contra

238 5755 333 5811 cil.
364 5740 539 5834 Dianai
562 5769 683 5824 pag.
708 5752 834 5836 805ἶ
865 5752 1119 5838 Opnseuli
1138 5740 1549 5838 vero'Victoris,
1577 5740 1843 5825 cujusihic
1945 5740 2142 5820 Arium.
2785 5740 3317 5834 ὃῖίῆῖιηῃῖὲιῖίξῖέέλ

242 5832 448 5907 mentio
474 5823 556 5905 ﬁt,
583 5824 903 5907 nemoaltus
932 5833 1198 5907 meminit.
1450 5897 1480 5907 Μ
1626 5898 1648 5907 _
1806 5902 1840 5907 __
1944 5834 2105 5900 stini,
2154 5851 2261 5907 non
2307 5838 2471 5892 verba
2519 5838 2721 5895 referre
2765 5840 2937 5899 voluit
2976 5844 3236 5903 Alcuinus
3272 5864 3339 5905 ex
3376 5798 3542 5907 [ήδη

242 5823 448 5885 mentio
474 5823 556 5887 ﬁt,
583 5823 744 5879 nemo
764 5823 1198 5881 alius—meminit.

317 5892 708 5972 ¢_Cassianus,
737 5894 862 5950 libr.
901 5896 1011 5951 ide
1048 5894 1258 5952 Incarn.
1296 5911 1417 5967 cap.
1447 5897 1498 5963 5,
1527 5913 1590 5953 ex
1626 5898 1841 5972 chorii

242 5965 607 6026 confessione.

1944 5834 2105 5900 stini,
2154 5851 2261 5908 non
2307 5834 2477 5892 verba
2519 5838 2721 5895 referre
2765 5840 2937 5899 voluit
2976 5844 3236 5903 Alcuinus
3272 5864 3339 5905 ex
3376 5834 3437 5908 Li

1946 5914 2139 5967 contra
2168 5906 2488 5966 Sermonem
2517 5909 2879 5981 Arianorum,
2908 5928 3027 5989 cap.
3061 5916 3131 5975 I9
3151 5926 3207 5975 et
3234 5916 3327 5975 25.
