4136 6558
602 351 708 412 {95

1461 343 1520 400 Β.
1560 341 1623 398 F.
1663 338 1894 395 ALBINI
1932 334 2066 393 SEU
2107 329 2385 390 ALCUINI
2424 325 2714 386 OPERUM
2752 323 2937 381 PARS
2973 320 3062 378 m.

3797 311 3908 368 196

597 468 837 545 jusmodi
863 463 1122 536 proponis
1146 461 1474 519 sententiam
1507 473 1522 513 :
1552 459 1632 513 ais
1655 456 1801 512 enim
1834 473 1846 508 :
1879 470 1899 503 ι
1926 450 2207 518 Nusquam
2234 449 2283 509 Α
2310 441 2676 500 obstinatione
2719 436 3122 509 permanendo,
3178 431 3387 488 alienus
3443 426 3743 485 censendus
3789 435 3905 482 est.

1946 543 1958 545 _
2385 532 2448 545 -ςν
2531 531 2571 545 n
2613 530 2624 541 ο
2687 529 2728 545 ιγ
2787 543 2841 545 ﬂ-
2869 527 2936 545 1:-
2993 524 3271 545 ____-..-__)_
3308 521 3429 545 -.-ελ
3462 520 3524 545 ΔΑ
3563 517 3905 545 ιρι-...κληῖοι-ση

604 543 750 617 enim
781 559 836 613 in
866 555 1160 628 Evangelio
1186 554 1282 609 Dei
1308 553 1480 607 Filius
1517 565 1619 621 pro
1648 547 1837 609 nobis,
1867 543 1964 600 sed
1993 549 2207 597 tantum

606 651 749 705 illius
769 647 1006 704 hominis
1028 645 1262 700 traditus
1285 643 1502 714 legitur.
1533 660 1553 692 ι
1581 639 1792 696 Oblitus
1810 635 2043 698 scilicet,
2066 630 2210 701 quod

607 743 724 813 ipse
751 742 847 796 Dei
877 741 1047 796 Filius
1081 740 1148 794 de
1175 754 1271 792 sua
1302 736 1596 790 traditione
1623 732 1893 787 dixisset:
1923 727 2089 799 335
2120 725 2210 780 Sic

605 837 744 890 enim
769 833 951 891 dilexit
983 832 1124 886 Deus
1153 828 1432 891 mundum,
1463 837 1520 880 ut
1556 823 1759 878 Filium
1786 838 1943 877 suum
1972 818 2213 888 unigeni-

608 938 720 981 tum
762 925 913 982 daret
956 923 1141 994 (Joan.
1172 937 1266 986 ιιι,
1313 919 1422 991 l6).
1460 915 1783 987 Unigenitus
1825 904 2008 982 itaque
2045 908 2216 963 Filius

609 1017 704 1073 Dei
728 1058 742 1082 ,
775 1024 859 1071 est
888 1015 1061 1070 Filius
1087 1013 1180 1083 qui
1215 1013 1374 1068 datus
1401 1019 1485 1065 est
1507 1025 1607 1078 pro
1634 1005 1820 1062 mundi
1849 1004 2042 1060 salute.
2075 1000 2217 1069 Quid

609 1119 743 1160 vero
772 1113 856 1160 est
887 1105 1068 1169 datus,
1091 1102 1196 1156 nisi
1219 1096 1494 1155 traditus?
1519 1096 1671 1165 Quod
1694 1093 1982 1166 Apostolus
2002 1106 2217 1162 quoque

611 1196 902 1252 conﬁrmat
938 1194 1126 1248 dicens
1164 1209 1177 1244 :
1212 1188 1317 1255 Qui
1353 1188 1565 1260 proprio
1596 1183 1740 1239 Filio
1769 1201 1865 1238 suo
1901 1199 2005 1237 non
2032 1195 2216 1251 peper-

613 1290 714 1350 cit,
747 1287 838 1340 sed
871 1301 968 1357 pro
999 1283 1149 1337 nobis
1174 1281 1416 1335 omnibus
1457 1277 1676 1333 tradidit
1704 1274 1856 1329 illum
1884 1272 2064 1345 (Rom.
2095 1286 2216 1334 vm,

614 1377 729 1451 52).
769 1377 902 1431 Item
941 1375 1008 1428 de
1045 1373 1234 1426 eodem
1273 1371 1368 1425 Dei
1406 1369 1542 1424 Filio
1583 1367 1723 1422 idem
1759 1363 2052 1435 Apostolus
2093 1361 2169 1415 ait
2202 1379 2215 1412 :

617 1468 724 1534 Qui
745 1466 965 1520 tradidit
985 1464 1320 1532 semetipsum
1343 1476 1439 1532 pro
1462 1459 1608 1512 nobis
1626 1455 1844 1527 (Ephes.
1868 1470 1922 1519 ν,
1944 1454 2022 1524 2).
2048 1452 2221 1518 Quem

615 1561 780 1613 etiam
826 1559 1018 1612 beatus
1069 1554 1262 1608 Petrus
1298 1549 1500 1607 Judaeis
1537 1549 1843 1618 pranlicans
1884 1544 2084 1599 Filium
2123 1540 2223 1596 Dei

617 1668 726 1709 non
744 1651 1013 1706 dubitavit
1032 1645 1316 1701 testificari
1345 1644 1532 1697 dicens
1556 1656 1571 1694 :
1598 1639 1739 1694 Deus
1770 1636 1996 1692 Patrum
2018 1644 2224 1690 nostro-

617 1761 734 1798 rum
758 1739 1072 1814 gloriﬁi'arit
1098 1737 1295 1791 Filium
1320 1750 1476 1788 suum
1497 1733 1702 1796 Iesum,
1723 1746 1874 1802 quem
1897 1745 1983 1783 vos
2011 1724 2223 1798 quidem

2383 532 2475 587 lX.
2531 529 2738 585 Deinde
2785 527 2940 582 vadis
2985 524 3279 597 quaerendo
3302 521 3431 592 quid
3460 520 3526 574 de
3563 517 3910 573 humanitate

2309 622 2539 685 Christi,
2567 620 2655 674 vel
2681 617 2810 688 quid
2832 618 2897 671 de
2935 615 3219 671 divinitate
3254 609 3563 682 specialiter
3603 609 3655 662 in
3698 605 3912 665 sanctis

2313 713 2613 782 Scripturis
2638 709 2879 770 dicatur;
2928 705 3254 771 tandemque
3281 701 3408 755 illuc
3449 696 3768 768 pervenisti,
3810 693 3910 751 ubi

2315 809 2383 862 de
2404 808 2492 862 die
2513 802 2689 860 ultimi
2715 799 2984 855 examinis
3013 797 3155 852 idem
3170 795 3433 849 Dominus
3449 789 3720 861 loquitur;
3749 786 3914 856 cujus

2317 899 2423 956 diei
2447 898 2811 969 cognitionem
2832 891 3075 956 Christo,
3104 891 3158 944 in
3183 895 3450 958 quantum
3473 885 3638 938 homo
3666 891 3772 945 est,
3815 881 3916 936 de-

2287 981 2290 985 ’
2316 1006 2518 1062 negare
2539 990 2778 1051 laboras,
2795 993 2856 1040 ut
2876 1000 2945 1040 ex
2962 984 3068 1038 tuis
3084 981 3264 1036 verbis
3284 978 3502 1046 agnosci
3517 983 3715 1048 potest.
3751 992 3770 1022 ι
3789 973 3917 1043 ipse

2315 1092 2400 1141 est
2415 1083 2581 1146 enim,
2607 1079 2806 1149 inquis,
2827 1076 2919 1148 qui
2943 1073 3240 1130 secundum
3265 1068 3661 1140 pmscientiam
3682 1063 3920 1119 Deitatis

2319 1177 2466 1230 diem
2501 1171 2692 1243 judicii
2743 1185 2842 1240 per
2888 1167 3216 1238 Prophetam
3262 1161 3516 1233 prmdixit
3546 1178 3559 1212 :
3593 1159 3718 1212 Dies
3769 1157 3918 1210 enim

2320 1268 2536 1324 ultionis
2564 1269 2620 1321 in
2647 1265 2805 1321 corde
2828 1280 2944 1318 meo
2963 1303 2977 1326 ,
3013 1274 3183 1315 annus
3207 1255 3578 1326 redemptionis
3608 1268 3735 1306 mea:
3777 1251 3921 1304 venit

2323 1362 2671 1432 (Isaiatxm,
2691 1358 2771 1429 4).
2805 1357 2924 1428 Ipse
2967 1352 3320 1409 nihilominus
3348 1357 3432 1403 est
3461 1355 3684 1418 propter
3715 1345 3922 1398 huma-

2323 1452 2513 1508 nitatis
2542 1458 2818 1514 naturam,
2842 1447 2940 1517 qui
2969 1447 3022 1501 in
3048 1442 3330 1512 evangelio
3355 1439 3651 1495 secundum
3676 1435 3923 1490 Marcum

2322 1549 2657 1617 protestatur
2680 1557 2697 1600 :
2730 1540 2806 1595 De
2827 1540 2915 1593 die
2941 1546 3117 1591 autem
3142 1533 3238 1588 illa
3261 1544 3310 1587 et
3333 1532 3465 1586 hora
3490 1546 3639 1584 nemo
3670 1529 3791 1591 scit,
3821 1543 3926 1579 ne-

2324 1615 2424 1709 que
2459 1634 2632 1706 angeli
2662 1632 2930 1696 caelorum,
2982 1644 3148 1700 neque
3197 1623 3392 1686 Filius,
3430 1623 3530 1677 nisi
3568 1619 3734 1675 Pater
3772 1615 3930 1673 solus

2330 1726 2524 1797 (Marc.
2554 1741 2673 1789 xm,
2696 1723 2810 1792 52).
2846 1741 2863 1774 ι
2899 1719 3053 1774 Hanc
3091 1732 3221 1772 vero
3249 1715 3600 1779 sententiam,
3633 1727 3738 1783 qua
3780 1709 3932 1763 Mar—

619 1804 949 1897 tradidistis,
994 1840 1041 1884 et
1083 1829 1311 1898 negastis
1345 1837 1467 1881 ante
1512 1825 1700 1896 faciem
1753 1822 1918 1876 Pilati
1947 1819 2226 1891 judicante
2256 1815 2305 1874 Β
2329 1834 2428 1874 cus
2452 1815 2784 1888 evangelista
2811 1813 3008 1869 Filium
3044 1812 3185 1866 diem
3207 1808 3399 1880 judicii
3427 1809 3710 1878 ignorasse
3758 1804 3926 1864 dixit,

620 1925 712 1981 illo
738 1925 934 1979 dimitti
965 1941 982 1977 :
1007 1939 1095 1975 eos
1119 1931 1293 1973 autem
1315 1928 1559 1980 sanaum
1587 1927 1635 1970 et
1651 1915 1860 1987 justum
1886 1913 2114 1984 negastis
2131 1952 2146 1974 ,
2177 1918 2226 1964 et

620 2017 823 2092 petistis
864 2016 1034 2069 uirum
1074 2013 1391 2066 homicidam
1429 2011 1548 2064 dari
1583 2010 1749 2064 vobis.
1793 2007 2074 2061 Auctorem
2108 2017 2227 2058 vero

619 2110 746 2164 vitae
770 2106 1128 2176 iuterfecistis,
1160 2119 1312 2173 quem
1347 2101 1486 2155 Deus
1522 2100 1793 2154 suscitavit
1821 2115 1854 2151 a
1876 2095 2101 2152 mortuis
2126 2103 2230 2147 ter—

625 2202 705 2257 tia
731 2202 815 2254 die
845 2200 983 2271 (Act.
1013 2214 1092 2259 ιιι,
1125 2198 1212 2261 15,
1255 2195 1340 2258 M,
1378 2193 1489 2265 l5).
1521 2193 1745 2270 Quidzin
1776 2192 1863 2246 his
1887 2191 2070 2265 verbis
2096 2204 2228 2257 apo-

625 2296 832 2353 stolicae
862 2291 1208 2348 auctoritatis
1229 2288 1586 2345 dubitationis
1621 2301 1743 2341 esse
1767 2284 2008 2355 poterit?
2033 2282 2231 2336 Filium

626 2386 722 2441 Dei
741 2383 1158 2446 testiﬁcabalur,
1177 2382 1268 2451 qui
1299 2379 1532 2434 traditus
1557 2385 1658 2439 est,
1677 2385 1733 2431 et
1750 2377 1843 2447 qui
1866 2384 2112 2429 mortuus
2125 2380 2229 2437 est,

627 2477 739 2532 imo
763 2486 819 2532 et
843 2476 1220 2530 resuscitatus.
1253 2471 1473 2527 Addidit
1501 2484 1763 2554 quoque‘:
1795 2478 2065 2524 auctorem
2093 2467 2228 2520 ritau

627 2569 765 2634 Quis
801 2576 883 2621 est
919 2580 1052 2636 ergo
1079 2574 1272 2620 auctor
1311 2562 1466 2626 vitae,
1501 2561 1602 2616 nisi
1642 2559 1811 2613 Filius
1845 2557 1974 2621 Dei,
2015 2557 2104 2627 qui
2136 2572 2236 2626 pro

631 2659 808 2714 salute
837 2655 1020 2711 mundi
1057 2656 1142 2711 vel
1180 2670 1210 2708 a
1255 2653 1365 2706 Deo
1389 2653 1582 2715 Patre,
1615 2651 1757 2703 vela
1789 2650 1966 2719 seipse
2006 2648 2236 2702 traditus

632 2751 867 2807 dicitur?
899 2750 1007 2805 Sed
1037 2757 1094 2804 et
1132 2749 1200 2802 ab
1229 2749 1346 2816 ipso
1379 2745 1642 2800 traditore
1670 2759 1770 2798 suo
1792 2741 1930 2797 Juda
1956 2741 2234 2805 lscariote,

2327 1912 2486 1983 longe
2511 1910 2670 1964 aliter
2697 1907 2867 1964 sancti
2896 1905 3084 1961 Patres
3113 1903 3503 1959 intellexerunt
3551 1915 3713 1971 quam
3749 1910 3804 1952 tu
3832 1913 3932 1951 as-

2328 2005 2467 2061 scris
2504 2000 2929 2072 intelligendam.
2981 1998 3180 2053 Beatus
3206 1997 3405 2067 quippe
3448 1993 3817 2063 Hieronymus
3873 1990 3934 2043 in

2329 2094 2737 2153 Commentario
2765 2090 3006 2146 Matthaei
3059 2088 3212 2160 (cap.
3251 2103 3402 2150 xxiv,
3439 2100 3582 2140 vers.
3615 2083 3731 2154 56),
3761 2079 3938 2138 simul

2329 2198 2385 2243 et
2413 2187 2556 2243 Beda
2580 2182 2928 2256 presbyterin
2949 2188 3188 2236 tractatu
3212 2178 3376 2233 Marci
3405 2176 3747 2247 evangelista:
3771 2173 3791 2244 (
3804 2188 3932 2244 cap.

2331 2280 2474 2352 xm),
2515 2275 2676 2345 hujus
2727 2274 3012 2330 sentcntiae
3061 2271 3476 2342 intelligentiam
3526 2269 3602 2324 ita
3660 2281 3942 2337 exposue—

2331 2382 2502 2429 runt:
2539 2390 2558 2422 ι
2603 2369 2783 2427 Causa
2826 2368 3015 2439 igitur,
3045 2364 3319 2434 inquiunt,
3371 2361 3646 2418 reddenda
3669 2367 3777 2422 est,
3827 2373 3939 2414 cur

2334 2467 2589 2538 ignorare
2619 2463 2836 2518 dicitur.
2869 2445 3165 2531 Apostolus
3187 2457 3407 2526 scripsit
3427 2455 3493 2510 de
3516 2453 3787 2509 salvatore
3818 2467 3832 2505 :
3867 2451 3944 2505 In

2333 2577 2434 2630 quo
2457 2567 2580 2611 sunt
2603 2571 2781 2610 omnes
2812 2553 3048 2609 thesauri
3071 2551 3342 2623 sapientiw
3363 2559 3412 2604 et
3443 2549 3679 2603 scientiae
3705 2547 3941 2602 abscon-

2335 2648 2434 2703 diti
2483 2646 2710 2719 (Coloss.
2762 2662 2825 2709 ιι,
2875 2645 2954 2712 '5).
2984 2641 3126 2697 Sunt
3163 2656 3292 2711 ergo
3341 2655 3533 2695 omnes
3585 2638 3830 2694 thesauri
3881 2637 3943 2692 in

2335 2738 2555 2795 Christo
2580 2736 2860 2807 sapientiae
2887 2743 2943 2790 et
2971 2733 3214 2790 scientia:
3247 2730 3571 2788 absconditi.
3603 2729 3786 2798 Quare
3810 2730 3947 2785 abs-

635 2858 737 2899 nec
767 2859 873 2898 non
899 2851 956 2896 et
983 2858 1012 2896 a
1051 2839 1253 2896 Judaeis
1295 2839 1529 2893 traditus
1562 2852 1682 2891 esse
1719 2836 1936 2906 legitur.
1971 2833 2235 2895 Tradidit,
2337 2831 2581 2888 conditi?
2609 2830 2740 2886 Post
2760 2827 3217 2886 resurrectionem
3237 2827 3604 2895 interrogatus
3623 2823 3692 2880 ab
3714 2831 3947 2894 aposto—

634 2933 812 3002 inquit
853 2935 1043 2989 beatus
1093 2929 1318 2993 Petrus,
1368 2930 1595 2998 seipsum
1635 2926 1896 2994 iudicanti
1940 2942 1996 2979 se
2041 2923 2239 2993 injuste
2339 2923 2494 2981 stolis
2516 2923 2584 2980 de
2611 2923 2700 2980 die
2714 2921 2928 2991 iudicii,
2957 2918 3301 2975 manifestius
3335 2917 3629 2987 respondet
3665 2933 3680 2970 :
3713 2914 3838 2971 Non
3860 2923 3948 2970 est

638 3021 692 3094 (Ι
722 3022 868 3077 Petr.
899 3038 961 3087 ιι,
989 3020 1105 3092 25),
1138 3021 1266 3075 licet
1285 3019 1447 3072 aliter
1469 3035 1498 3072 ιι
1524 3016 1634 3071 Deo
1662 3015 1845 3080 Patre,
1875 3014 2080 3070 alitera
2103 3013 2237 3068 Juda

2342 3030 2569 3075 vestrum
2597 3020 2731 3075 scire
2756 3028 2992 3090 tempora
3026 3022 3075 3068 et
3110 3021 3397 3076 momenta,
3423 3027 3542 3082 qua:
3585 3007 3746 3064 Pater
3765 3010 3950 3080 posuit

638 3119 925 3181 traditore,
947 3125 1004 3169 et
1034 3117 1194 3169 aliter
1223 3131 1252 3169 a
1286 3114 1488 3182 seipso,
1520 3111 1678 3165 aliter
1707 3126 1734 3162 a
1763 3107 1966 3164 Judmis
1993 3107 2239 3162 tradere-
2279 3174 2316 3185 Α
2344 3113 2398 3167 in
2441 3130 2542 3168 ενα
2583 3120 2838 3185 parum“
2862 3109 3000 3182 (Λοι,
3037 3122 3082 3175 ι,
3116 3104 3194 3181 ⁸7),
3228 3105 3457 3176 Quando
3505 3101 3655 3172 die“,
3702 3098 3825 3161 Non
3868 3110 3954 3160 εει

640 3219 770 3277 tur:
805 3226 832 3262 a
866 3208 976 3262 Deo
1000 3207 1162 3261 Patre
1191 3213 1416 3276 propter
1457 3202 1686 3258 salutem
1733 3201 1952 3255 humani
1993 3198 2238 3270 generis;

2348 3174 2597 3272 vestrum,
2627 3174 2890 3269 ostendit,
2919 3201 3066 3272 quod
3096 3174 3211 3271 ipse
3241 3174 3399 3264 sciat,
3429 3200 3526 3256 sed
3556 3216 3663 3257 non
3688 3197 3956 3268 expediat

640 3318 673 3358 a
701 3302 984 3365 traditore,
1016 3309 1076 3354 ut
1105 3315 1216 3354 sua:
1242 3297 1489 3352 avaritia:
1512 3295 1767 3365 impleret
1797 3294 2180 3364 cupiditatem;
2213 3307 2244 3346 a
2346 3312 2510 3353 nosse
2530 3297 2811 3368 apostolis,
2852 3303 2913 3350 ut
2938 3309 3157 3365 semper
3184 3293 3380 3349 incerti
3405 3293 3474 3348 de
3516 3292 3749 3348 adventu
3775 3291 3956 3364 836

641 3395 851 3464 seipso,
885 3403 945 3448 ut
985 3403 1226 3462 paterna:
1265 3389 1562 3445 voluntatis
1604 3388 1858 3458 imploret
1891 3386 2170 3451 effectum;
2214 3403 2245 3440 a
2342 3387 2545 3458 iudicis
2571 3390 2652 3444 sic
2689 3387 2929 3459 quotidie
2953 3387 3161 3452 vivant,
3191 3378 3348 3456 quasi
3379 3386 3465 3442 die
3493 3385 3602 3440 alia
3632 3382 3827 3457 [Beda,
3859 3385 3957 3440 die

645 3486 869 3550 Iudaeis,
896 3494 957 3540 ut
983 3501 1092 3541 sua:
1121 3484 1362 3554 perﬁdiae
1393 3482 1744 3537 ostenderent
1769 3480 2087 3551 nequitiam.
2120 3479 2249 3534 Nul-

647 3581 862 3635 latenus
887 3595 1018 3650 ergo
1040 3577 1204 3633 dividi
1232 3575 1436 3646 poterit
1469 3575 1611 3628 liiius
1649 3572 1888 3628 hominis
1914 3587 1944 3626 a
1970 3572 2107 3626 Filio
2128 3571 2248 3637 Dei,

645 3674 730 3730 vei
757 3673 1000 3744 separari
1030 3688 1058 3725 a
1103 3671 1213 3725 ﬁlio
1239 3668 1476 3724 hominis
1509 3667 1677 3721 Filius
1707 3665 1823 3730 Dei,
1851 3665 1976 3735 quia
2000 3681 2140 3720 unus
2168 3673 2252 3720 est

647 3766 822 3821 Filius
846 3763 973 3827 Dei,
1001 3761 1146 3817 Deus
1171 3770 1226 3816 et
1264 3761 1456 3824 homo,
1501 3760 1592 3830 qui
1636 3760 1868 3813 traditus
1907 3766 1992 3814 est
2032 3768 2252 3830 propter

650 3858 846 3914 delicta
876 3865 1062 3911 nostra
1099 3855 1154 3909 in
1187 3863 1434 3909 mortem.
1474 3853 1629 3920 Quod
1657 3854 1849 3908 beatus
1877 3853 2167 3909 Cassianus
2197 3855 2251 3910 in

649 3954 820 4014 libro.
850 3954 993 4007 unde
1031 3954 1281 4022 superius
1310 3953 1618 4007 testimonia
1648 3952 1952 4022 posuimus,
1984 3949 2254 4005 veraciter

651 4045 892 4100 ostendit
920 4056 946 4084 ι
980 4062 994 4097 :
1028 4062 1047 4094 ‹
1077 4043 1187 4096 Nec
1214 4045 1266 4097 in
1297 4052 1566 4114 tempore,
1598 4043 1809 4113 inquit,
1838 4042 2127 4097 admodum
2155 4040 2253 4095 bov

653 4135 854 4190 minem
889 4135 1014 4204 quis
1047 4151 1077 4189 a
1112 4135 1221 4188 Deo
1251 4135 1304 4188 in
1339 4135 1592 4204 passione
1617 4133 1819 4202 possit,
1850 4132 1935 4185 vel
1975 4132 2146 4187 Deum
2186 4131 2254 4185 ab

658 4225 882 4300 homine
923 4225 1241 4279 secernere?
1269 4223 1325 4276 Si
1357 4225 1500 4278 enim
1532 4222 1598 4277 ad
1627 4231 1841 4293 tempus
1880 4221 2139 4290 respicis,
2173 4219 2256 4272 in-

668 4317 854 4371 venies
900 4331 1115 4385 semper
1150 4314 1318 4368 lilinm
1370 4314 1605 4368 hominis
1656 4330 1778 4369 cum
1809 4314 1900 4368 Dei
1930 4311 2098 4375 Filio;
2131 4309 2182 4383 [δ
2211 4309 2256 4366 si

636 4406 734 4465 .ad
773 4407 1112 4476 passionem,
1160 4405 1404 4458 invenies
1449 4421 1666 4474 semper
1703 4420 1825 4458 cum
1867 4404 1976 4457 lilio
2020 4402 2258 4457 hominis

2350 3481 2465 3554 illa]
2497 3477 2779 3549 iudicandi
2807 3480 2937 3537 sint.
2973 3498 2994 3533 ι
3024 3476 3086 3534 Si
3109 3479 3328 3552 ignorat
3353 3478 3496 3534 diem
3537 3475 3755 3546 iudicii,
3804 3492 3955 3546 quo-

2351 3573 2514 3629 modo
2536 3589 2728 3629 verum
2781 3580 2886 3639 est,
2936 3569 3080 3642 quod
3131 3579 3256 3627 ante
3308 3571 3485 3627 dixit:
3519 3569 3714 3628 Omnia
3743 3569 3956 3625 tradita

2351 3677 2473 3722 sunt
2500 3666 2630 3720 mihi
2658 3683 2692 3720 α
2723 3661 2887 3720 Patre
2913 3680 3028 3718 meo
3073 3662 3228 3735 (Luc.
3256 3679 3292 3717 ι
3316 3704 3331 3728 ,
3363 3662 3455 3732 22)
3496 3681 3509 3716 :
3545 3662 3592 3718 si
3633 3660 3737 3716 diei
3767 3660 3958 3716 ultimi

2353 3756 2592 3827 cognitio
2618 3768 2726 3811 non
2748 3766 2836 3810 est
2861 3755 2910 3810 ei
2937 3754 3136 3809 tradita
3154 3795 3169 3817 ,
3202 3753 3510 3809 nullatenus
3536 3753 3719 3809 omnia
3746 3753 3960 3809 tradita

2353 3858 2481 3905 sunt
2507 3848 2583 3903 illi
2615 3863 2644 3902 a
2676 3846 2860 3903 Patro.
2909 3846 3144 3904 Sanctus
3179 3860 3397 3915 quoque
3419 3845 3753 3916 Augustinus
3795 3844 3850 3898 in
3888 3842 3960 3900 li—

2351 3943 2454 4000 bro
2488 3942 2555 3999 de
2600 3948 2789 3996 sancta
2815 3938 3086 3995 Trinitate
3115 3938 3350 4009 capitulo
3377 3954 3454 3992 xu
3483 3935 3664 4010 (Num.
3694 3935 3784 4006 23)
3809 3977 3823 4000 ,
3857 3937 3960 3993 ho-

2355 4051 2476 4090 rum
2502 4034 2704 4090 Christi
2732 4034 3023 4087 verborum
3055 4046 3271 4097 sensum
3300 4045 3398 4100 per
3421 4037 3656 4098 tropum,
3685 4028 3775 4099 qui
3806 4033 3960 4100 apud

2356 4127 2738 4200 grammaticos
2761 4124 3077 4194 metonymia
3112 4121 3332 4185 dicitur,
3357 4120 3612 4191 explanat
3644 4137 3659 4152 ·
3689 4137 3709 4171 t
3742 4119 3820 4175 De
3866 4121 3962 4177 die

2358 4236 2474 4276 vero
2497 4228 2545 4272 et
2571 4218 2703 4271 liora
2748 4231 2898 4270 nemo
2928 4217 3049 4277 scit,
3100 4231 3263 4286 neque
3291 4211 3466 4283 angeli
3483 4213 3538 4266 in
3568 4211 3694 4266 calo
3713 4253 3726 4274 ,
3781 4229 3958 4282 neque

2360 4309 2554 4370 Filius,
2591 4309 2692 4362 nisi
2717 4306 2897 4360 Pater.
2923 4304 3039 4360 Hoc
3061 4305 3208 4360 enim
3239 4303 3433 4368 nescit,
3470 4303 3612 4372 quod
3639 4303 3962 4360 nescientes

2360 4400 2490 4456 facit
2521 4417 2534 4454 :
2559 4399 2612 4454 id
2651 4405 2754 4463 est,
2781 4397 2924 4467 quod
2953 4412 3059 4452 non
3101 4397 3176 4451 ita
3203 4397 3428 4460 sciebat,
3469 4403 3528 4449 ut
3555 4404 3685 4450 tunc
3716 4395 3964 4465 discipu-

658 4493 757 4554 Dei
785 4495 1004 4568 Filium]
1041 4515 1052 4548 :
1087 4497 1161 4550 ita
1189 4496 1394 4550 scilicet
1433 4497 1643 4550 unitum
1681 4503 1736 4549 et
1774 4495 2109 4549 individuum
2153 4493 2255 4548 sibi
2288 4556 2334 4568 __
2359 4493 2427 4549 iis
2467 4494 2732 4548 indicaret
2765 4510 2776 4546 :
2809 4492 2954 4547 sicut
2982 4489 3184 4545 dictum
3208 4498 3292 4546 est
3327 4489 3395 4545 ad
3435 4489 3710 4544 Abraham
3744 4509 3756 4543 ι
3791 4487 3963 4546 Nunc

656 4589 934 4648 Christum
984 4588 1152 4642 lilium
1187 4588 1423 4643 hominis
1463 4604 1526 4643 ac
1573 4588 1662 4642 Dei
1693 4588 1920 4653 Filium,
1956 4587 2059 4659 [ut]
2086 4604 2258 4657 quan—

663 4689 780 4734 tum
809 4680 876 4734 ad
902 4693 1094 4734 vocem
1138 4676 1438 4748 Scriptum
1465 4679 1715 4747 pertinet,
1749 4687 1810 4733 ut
1844 4694 1946 4733 nec
1981 4679 2144 4733 homo
2169 4693 2260 4733 se-

661 4771 846 4841 parari
873 4786 905 4825 a
932 4770 1043 4824 Deo
1069 4779 1310 4841 tempore
1331 4812 1346 4833 ,
1371 4786 1470 4826 nec
1504 4771 1572 4826 ab
1611 4771 1827 4826 homine
1859 4771 2003 4827 Deus
2038 4773 2261 4828 omnino

663 4863 846 4916 valeat
871 4861 1142 4932 passione.
1181 4880 1202 4914 ι
1235 4859 1349 4916 Hoc
1369 4863 1531 4916 etiam
1554 4863 1798 4934 symbolo
1825 4865 2106 4922 catholicae
2136 4866 2262 4922 lidei

664 4953 994 5010 conﬁtemur
1019 4951 1329 5008 manifeste.
1353 4955 1497 5024 quod
1519 4953 1678 5013 Jesus
1696 4955 1945 5012 Christus
1966 4957 2060 5012 Dei
2093 4958 2263 5013 Filius

667 5047 995 5118 unigenitus,
1027 5054 1188 5103 natus
1213 5048 1279 5102 de
1307 5046 1512 5116 Spiritu
1537 5059 1726 5103 sancto
1752 5057 1806 5104 et
1833 5048 2001 5104 Maria
2029 5052 2259 5124 virgine,

670 5151 862 5207 passus
887 5138 958 5191 sit
986 5151 1084 5207 pro
1110 5137 1341 5192 humana
1371 5135 1564 5193 salute.
1608 5137 1957 5208 Nequaquam
1990 5155 2121 5212 ergo
2156 5142 2260 5196 du-

673 5230 848 5284 bitare
874 5229 1017 5284 ullus
1045 5230 1342 5285 catholicus
1364 5230 1540 5294 debet,
1567 5230 1697 5300 quin
1720 5230 1814 5286 Dei
1837 5230 2006 5288 Filius
2033 5233 2266 5288 traditus

671 5329 817 5376 esset
843 5337 941 5393 pro
964 5322 1150 5376 mundi
1177 5320 1372 5376 salute.
1407 5319 1508 5389 Qui
1535 5322 1678 5376 enim
1706 5331 1901 5393 negat,
1939 5322 2036 5377 Dei
2065 5322 2263 5389 Filium

677 5413 932 5465 traditum
968 5427 1088 5467 esse
1129 5412 1196 5467 ad
1237 5412 1579 5482 passionem,
1617 5412 1924 5467 nullatenus
1965 5414 2268 5469 catholicus

675 5515 796 5556 esse
821 5501 1041 5572 poterit,
1073 5502 1166 5558 sed
1188 5519 1216 5554 a
1239 5502 1521 5558 catholicae
1551 5501 1674 5558 ﬁdei
1697 5501 2051 5571 professione,
2079 5504 2134 5558 in
2162 5506 2266 5560 hac

751 5649 776 5678 α
802 5637 1090 5692 Cassianus
1123 5636 1245 5706 libr.
1276 5652 1328 5691 νι
1358 5634 1425 5692 de
1453 5635 1726 5691 incarnat.
1754 5651 1871 5706 cap.
1900 5636 1991 5699 22,
2024 5637 2114 5693 ubi
2148 5647 2262 5693 tex-

679 5717 768 5763 tus
792 5710 862 5762 ita
895 5706 1094 5764 habet:
1130 5729 1147 5758 I
1185 5705 1292 5764 Nec
1316 5709 1368 5762 in
1401 5716 1642 5777 tempore
1667 5705 1956 5764 admodum
1986 5710 2260 5766 hominem

2288 4556 2337 4612 D

2362 4587 2599 4657 cognovi,
2627 4584 2769 4656 quod
2818 4584 2968 4638 times
2993 4582 3161 4638 Deum
3193 4581 3345 4655 (Gen.
3401 4599 3534 4646 xxu,
3568 4582 3658 4653 12)
3693 4601 3706 4636 :
3740 4582 3793 4638 id
3844 4592 3962 4652 est,

2361 4691 2510 4743 nunc
2535 4674 2640 4730 feci
2663 4682 2724 4729 ut
2749 4673 3271 4744 cognosceres,quia
3298 4680 3352 4727 et
3383 4673 3496 4745 ipse
3524 4672 3627 4728 sibi
3649 4675 3702 4727 in
3721 4671 3808 4727 illa
3834 4682 3967 4730 ten~

2364 4769 2571 4822 tatione
2615 4767 2877 4836 probatus
2923 4765 3175 4819 innotuit.
3236 4785 3256 4816 ι
3306 4761 3426 4829 Dic,
3475 4779 3632 4835 rogo,
3680 4766 3965 4834 quomodo

2364 4854 2485 4911 fieri
2511 4855 2702 4926 possit,
2751 4863 2812 4908 ut
2827 4852 2993 4922 iudex
3018 4853 3263 4910 omnium
3291 4850 3434 4907 diem
3474 4851 3667 4921 judicii
3711 4855 3961 4924 nesciat;

2363 4954 2419 5002 et
2447 4946 2540 5017 qui
2570 4946 2765 5001 merita
2803 4945 3140 5016 singulorum
3165 4945 3562 5014 dijudicaturus
3597 4956 3704 5011 est,
3737 4955 3966 5019 tempus

2371 5037 2612 5108 ejusdem
2639 5036 2906 5092 examinis
2937 5037 3182 5108 ignoret?
3210 5035 3288 5090 De
3316 5035 3468 5104 cujus
3487 5033 3775 5104 iudiciaria
3801 5047 3967 5108 pote-

2373 5137 2517 5185 state
2542 5128 2713 5186 multo
2735 5137 2864 5183 ante
2890 5129 2942 5184 in
2967 5128 3190 5199 psalmis
3223 5128 3539 5198 przedicitur
3569 5146 3584 5182 :
3606 5127 3753 5184 Deus
3778 5141 3968 5190 noster

2371 5230 2524 5285 tunc,
2552 5219 2688 5275 dicit
2727 5215 2998 5288 Propheta
3023 5259 3039 5283 ,
3081 5217 3414 5289 manifestius
3442 5219 3611 5274 ueniet
3639 5238 3658 5273 :
3687 5219 3829 5275 Deus
3864 5240 3965 5278 no-

2369 5321 2480 5368 ster
2505 5320 2629 5366 tunc
2654 5327 2757 5364 non
2790 5309 2980 5365 silebit.
3017 5309 3165 5382 Ignis
3195 5309 3250 5364 in
3279 5318 3557 5380 conspectu
3581 5309 3698 5380 ejus
3719 5311 3963 5374 ardebit,

2369 5414 2420 5458 et
2444 5404 2503 5458 in
2523 5404 2747 5457 circuitu
2774 5402 2892 5472 ejus
2914 5409 3191 5472 tempestas
3214 5400 3393 5456 valida
3423 5417 3443 5455 :
3475 5401 3746 5455 advocavit
3767 5402 3965 5458 coelum

2368 5495 2434 5549 de
2456 5509 2689 5557 sursum,
2713 5502 2761 5547 et
2790 5502 2986 5546 terram
3003 5492 3298 5547 discernere
3320 5491 3569 5563 populum
3597 5509 3751 5548 suum
3778 5492 3961 5566 (Psal.

2373 5629 2495 5710 quis
2516 5644 2547 5682 a
2572 5628 2721 5692 Deo;
2756 5644 2854 5710 nec
2880 5629 2933 5682 in
2957 5629 3208 5697 passione
3234 5629 3406 5699 possit
3436 5627 3604 5684 Deum
3646 5630 3714 5685 ab
3735 5631 3963 5689 homine

2378 5703 2709 5764 discernere,
2735 5707 2842 5753 etc.
2879 5720 2896 5752 ›

2445 5773 2473 5810 δ
2499 5769 2665 5825 Uncis
2700 5769 2904 5839 inclusa
2934 5786 2998 5826 ex
3029 5769 3289 5826 Cassiano
3309 5770 3563 5840 suppleta
3589 5778 3733 5828 sunt.
