4136 6610
213 469 325 524 197

971 471 1390 531 DOGMATICA.
1428 506 1495 516 ——
1539 477 1699 532 AD".
1743 478 2043 534 FELICEM
2082 482 2263 536 LIBRI
2306 483 2414 537 ΥΠ.
2458 515 2526 524 υ-
2566 483 2694 539 LIB.
2741 486 2801 540 Υ.

3419 494 3521 549 198

214 598 377 648 lux,
401 585 455 649 5,
478 583 556 656 4).
587 584 655 641 Et
700 602 768 641 ne
809 602 1123 658 Ignorares,
1160 590 1227 643 de
1268 607 1378 660 quo
1428 592 1529 647 hoc
1561 592 1785 647 dixisset
1808 633 1823 655 ,
1856 596 1899 651 Α
1934 602 2104 648 turus.
2138 595 2293 649 Hunc
2334 598 2580 651 eumdem
2624 599 2793 653 ﬁlium
2831 600 3087 668 hominis,
3116 606 3205 673 qui
3243 603 3520 674 judicatu—

211 679 385 749 paulo
409 689 536 736 ante
589 680 727 736 idem
771 683 1032 751 prOpheta
1071 686 1372 755 praemisit:
1412 686 1554 739 Deus
1598 686 1815 739 deorum

209 769 480 825 Dominus
503 771 708 827 locutus
733 784 808 827 est
831 773 1019 843 (lbid.,
1054 776 1129 839 i).
1156 777 1289 844 Quis
1309 786 1392 831 est
1418 778 1525 841 ille,
1552 778 1694 832 Dens
1720 779 1814 848 qui

210 871 308 916 est
344 863 590 928 deorum,
631 865 771 920 idem
804 864 1025 938 [Forte,
1062 869 1115 923 id
1145 869 1250 940 est]
1281 880 1592 925 sanctorum
1635 871 1816 926 Domi-

208 955 358 1010 nus?
390 956 526 1012 Vere
559 958 784 1012 omnino
818 957 1089 1024 Christus,
1134 962 1222 1030 qui
1244 962 1589 1029 indicaturus
1614 970 1699 1017 cst
1736 966 1815 1018 vi—

206 1061 313 1103 vos
338 1063 405 1103 ac
430 1058 695 1106 mortuos.
728 1050 900 1122 Hujus
924 1051 1097 1107 locum
1125 1054 1425 1123 prophetiae
1469 1055 1658 1110 beatus
1680 1054 1815 1111 Cas-

206 1143 473 1201 siodorus
519 1144 611 1217 (In
650 1144 801 1198 Psal.
851 1161 999 1211 xux,
1047 1146 1096 1209 Ι,
1136 1146 1193 1216 5)
1225 1146 1299 1198 ita
1342 1146 1629 1201 declarat:
1669 1166 1687 1198 ι
1735 1146 1814 1202 Ne

205 1236 360 1305 quis,
411 1237 520 1302 ait,
548 1236 985 1292 incarnationem
1014 1236 1218 1292 Christi
1255 1235 1516 1291 mediocri
1564 1238 1813 1292 crederet

202 1328 577 1383 aestimatione
600 1329 928 1397 poscendam
954 1326 1307 1400 [pensandam
1322 1328 1353 1399 Ι,
1374 1331 1614 1398 potentia
1640 1329 1811 1398 ipsius

201 1429 341 1473 ante
372 1418 711 1489 praedicitur,
733 1427 793 1473 ut
816 1419 983 1474 totius
1034 1419 1432 1475 incredulitatis
1451 1421 1690 1490 pravitas
1711 1435 1809 1474 au-

204 1512 442 1567 feratur.
495 1511 579 1567 Dii
624 1512 908 1573 dicuntur,
960 1513 1051 1581 qui
1106 1512 1261 1567 bonis
1306 1512 1807 1567 conversationibus

202 1604 444 1675 gratiam
478 1619 729 1675 supernas
777 1602 1081 1672 majestatis
1110 1604 1414 1674 accipiunt;
1449 1605 1589 1659 sicut
1619 1606 1672 1659 in
1700 1604 1806 1658 alio

199 1695 427 1751 Psalmo
456 1697 536 1752 ait
564 1714 578 1750 :
615 1695 730 1767 Ego
756 1697 890 1760 dixi,
916 1698 992 1750 dii
1026 1698 1170 1760 estis,
1203 1707 1250 1750 et
1275 1696 1375 1766 ﬁlii
1413 1697 1604 1752 excelsi
1627 1715 1804 1752 omnes

200 1790 221 1845 l
236 1784 389 1842 Psal.
420 1803 607 1849 Lxxn,
634 1787 709 1859 ϐ).
742 1787 823 1843 ita
846 1804 978 1859 ergo
1005 1788 1100 1842 ﬁlii
1127 1789 1400 1851 dicuntur,
1426 1790 1567 1844 sicut
1602 1798 1657 1845 et
1706 1792 1802 1855 dii,

199 1880 353 1942 quod
396 1880 691 1949 utrumque.
719 1879 894 1950 gratia
938 1888 1190 1951 praestat,
1241 1894 1348 1934 non
1400 1888 1617 1935 natura.
1664 1882 1806 1936 Deus

1927 697 2020 739 rus
2047 695 2130 739 est
2158 688 2444 747 mundum,
2477 688 2763 756 Apostolus
2794 691 2963 746 Deum
2993 711 3098 747 non
3129 696 3396 752 dubitavit
3419 716 3519 756 no-

1924 774 2151 829 minare.
2186 777 2275 829 Ait
2303 777 2449 830 enim
2488 797 2498 831 :
2540 778 2789 849 Alioquin
2814 786 3074 851 quoinodo
3101 786 3518 856 Deusjudicabit

1920 864 2059 919 hunc
2104 869 2359 922 mundum
2400 870 2576 939 (Rom.
2611 888 2691 935 ut,
2726 873 2821 934 6)?
2849 886 2903 928 et
2932 876 3059 929 alibi
3091 897 3101 928 :
3139 878 3518 948 lixspectantcs

1920 955 2277 1027 beatamspem
2294 969 2342 1012 et
2360 959 2637 1015 adventum
2660 961 2841 1032 θέοι-ἕω
2864 967 3040 1032 τηετῃηί
3062 966 3157 1020 Dei
3176 968 3304 1039 (Tit.
3325 981 3387 1034 η,
3408 971 3513 1038 15).

1987 1046 2152 1117 837
2181 1048 2248 1102 Χ.
2289 1048 2345 1103 In
2371 1053 2720 1119 sequentibus
2750 1071 2965 1124 quoque
2994 1074 3201 1128 ponens
3230 1062 3397 1115 verba
3438 1062 3519 1130 ip-

1918 1138 2030 1192 sius
2062 1139 2335 1205 Veritatis,
2367 1144 2563 1224 quibus
2592 1143 2807 1198 cuidam
2840 1148 2991 1202 diviti
3027 1164 3085 1203 se
3114 1150 3315 1205 bonum
3343 1156 3517 1226 magi-

1916 1239 2088 1284 strum
2117 1232 2418 1286 nominanti
2447 1236 2725 1303 respondit
2750 1256 2761 1290 :
2802 1237 2969 1292 Nemo
2997 1240 3162 1295 bonus
3182 1282 3195 1306 ,
3228 1244 3330 1298 nisi
3371 1245 3516 1300 solus

1913 1319 2057 1375 Deus
2084 1321 2234 1393 (Luc.
2262 1339 2415 1388 xvnl,
2442 1325 2551 1396 19),
2577 1327 2733 1382 valde
2759 1329 3222 1399 inconvenienter,
3248 1345 3516 1405 quantum

1913 1413 1981 1468 ad
2031 1414 2397 1486 intelligentia:
2427 1419 2661 1488 pertinet
2709 1422 2997 1488 rationem,
3030 1426 3219 1490 verba,
3263 1442 3295 1481 0
3319 1427 3473 1483 Felix
3495 1469 3514 1496 ,

1912 1507 2200 1578 conjungis
2230 1527 2241 1561 :
2278 1527 2295 1558 ι
2329 1509 2445 1579 [pse
2480 1512 2649 1576 enim,
2680 1513 2785 1575 ais,
2834 1514 2929 1584 qui
2979 1516 3349 1572 essentialitcr
3389 1535 3513 1574 cum

1910 1596 2075 1651 Patre
2124 1608 2182 1652 et
2211 1597 2415 1668 Spiritu
2450 1614 2641 1657 sancto
2687 1603 2835 1658 solus
2863 1615 2947 1660 cst
2977 1606 3173 1672 bonus,
3208 1617 3293 1663 est
3336 1609 3511 1677 Deus,

1911 1685 2026 1755 ipse
2056 1688 2110 1741 in
2143 1689 2419 1743 hominem
2451 1690 2576 1746 licet
2602 1693 2674 1747 sit
2712 1694 2908 1759 bonus,
2948 1712 3054 1750 non
3085 1706 3263 1754 tamen
3293 1709 3515 1754 natura-

1908 1774 2033 1829 liter
2059 1792 2090 1830 ιι
2115 1780 2407 1849 semetipso
2444 1780 2505 1835 ﬁt
2536 1781 2730 1837 bonus.
2771 1804 2789 1836 ι
2827 1784 3107 1851 Quomodo
3146 1798 3292 1845 stare
3334 1800 3516 1862 potest

1907 1869 2054 1937 quod
2099 1870 2259 1937 dicis,
2287 1873 2402 1942 ipse
2446 1884 2530 1928 est
2574 1875 2770 1941 bonus,
2812 1887 2868 1932 et
2905 1879 3018 1948 ipse
3050 1883 3375 1939 naturaliter
3404 1901 3510 1939 non

197 1978 391 2022 autem
451 1969 679 2024 deorum
745 1978 832 2025 est
891 1968 1162 2025 Christus.
1206 1991 1225 2023 ι
1293 1971 1359 2024 Et
1426 1971 1586 2039 paulo
1637 1981 1797 2041 post:

1912 1968 1997 2011 est
2025 1959 2198 2014 bonus
2226 1961 2280 2015 in
2312 1965 2642 2035 semetipso?
2670 1965 2726 2020 Si
2754 1983 2852 2037 per
2877 1984 2933 2023 se
2962 1970 3134 2025 bonus
3156 1981 3241 2026 est
3260 1990 3383 2028 cum
3406 1973 3511 2029 Pa-

206 2061 392 2116 cDeus
438 2063 584 2117 enim
621 2062 1055 2119 Christianorum
1095 2065 1209 2134 ipse
1246 2074 1332 2119 est
1369 2064 1513 2120 Deus
1549 2067 1803 2133 deorum,

194 2153 298 2223 qui
327 2161 385 2209 et
428 2155 709 2223 manifeste
754 2158 919 2209 veniet
978 2165 1027 2210 et
1080 2174 1187 2211 non
1237 2157 1429 2211 silebit.
1492 2158 1627 2213 Silet
1661 2160 1806 2214 enim

194 2250 388 2313 modo,
434 2264 557 2305 cum
599 2250 835 2305 mundus
884 2251 987 2306 iste
1034 2253 1342 2323 peragitur;
1391 2268 1515 2307 cum
1556 2253 1808 2321 blasphe-

191 2342 344 2395 mias
392 2351 450 2397 et
496 2342 792 2413 sacrilegas
839 2358 1003 2398 voces
1053 2344 1336 2399 sententiae
1388 2359 1502 2400 suae
1545 2345 1806 2400 severita-

192 2440 291 2496 te,
342 2449 451 2489 non
488 2434 747 2500 damnat,
798 2434 894 2490 sed
936 2436 1006 2490 ad
1054 2436 1430 2491 conversionis
1475 2436 1804 2491 medicinam

190 2526 441 2581 sustinet
466 2535 805 2597 peccatores.
829 2525 982 2584 Tunc
1005 2535 1187 2583 autem
1214 2544 1319 2582 non
1360 2527 1558 2592 silebit,
1586 2528 1805 2597 quando

185 2618 482 2674 sederatis
503 2618 751 2673 dicturus
775 2626 896 2673 est:
938 2618 1020 2672 Ite
1057 2620 1113 2672 in
1160 2619 1333 2687 ignem
1380 2629 1660 2681 wternum,
1712 2620 1803 2691 qui

185 2718 421 2783 paratus
449 2719 525 2765 est
551 2708 764 2764 diabolo
784 2720 835 2765 et
860 2709 1065 2781 angelis
1090 2711 1208 2781 ejus
1235 2709 1453 2775 (Matth.
1480 2727 1607 2775 xxv,
1628 2709 1741 2782 41).
1774 2731 1794 2764 ν

191 2799 355 2855 lianc
376 2814 566 2856 vocem
586 2806 814 2863 metuat,
839 2800 933 2870 qui
967 2800 1127 2855 modo
1155 2801 1580 2870 nuncupativum
1606 2808 1662 2855 et
1690 2816 1799 2855 non

185 2898 391 2945 verum
414 2890 585 2946 Deum
617 2890 781 2945 audet
815 2889 1193 2961 hlaspbemare
1236 2888 1539 2955 Christum,
1573 2891 1667 2961 qui
1704 2889 1797 2960 ju-

181 2982 481 3040 dicaturus
502 2994 589 3039 est
636 2984 919 3039 mundum.
952 2981 1299 3054 Nuncupatio
1321 3002 1428 3041 non
1454 2995 1540 3041 est
1567 2986 1622 3041 in
1653 2985 1796 3042 veri-

186 3082 315 3130 tate
333 3074 640 3145 potestatis,
672 3075 767 3129 sed
791 3075 846 3129 in
864 3074 1101 3131 lminis
1121 3077 1494 3131 tantummodo
1510 3079 1793 3150 dignitate.

184 3166 305 3236 Qui
330 3169 548 3225 vocabit
571 3168 772 3223 caelum
807 3176 864 3222 et
892 3177 1099 3223 terram
1145 3169 1215 3224 ad
1237 3169 1524 3239 judicium,
1558 3187 1664 3225 non
1701 3186 1794 3226 so-

182 3258 310 3314 lum
360 3270 559 3315 nomen
592 3257 759 3313 habet
801 3258 1046 3325 deitatis,
1096 3260 1190 3315 sed
1241 3261 1409 3315 etiam
1465 3270 1791 3331 potestatem

1911 2059 1993 2106 tre
2023 2060 2079 2106 et
2109 2052 2311 2123 Spiritu
2343 2060 2773 2134 sanetonutique
2800 2072 2855 2116 et
2885 2064 2997 2134 ipse
3023 2066 3198 2121 bonus
3222 2077 3304 2123 est
3331 2070 3382 2122 in
3413 2071 3512 2123 ho-

1908 2142 2058 2195 mine
2087 2154 2393 2215 assumptu,
2439 2163 2546 2203 non
2578 2149 2755 2205 aliena
2784 2152 3049 2219 bonitate,
3082 2158 3176 2211 sed
3225 2161 3461 2215 naturali
3493 2204 3507 2227 ,

1906 2237 2035 2304 quia
2068 2237 2203 2307 ipse,
2236 2249 2292 2293 et
2322 2256 2436 2309 ipse
2470 2258 2632 2296 unam
2664 2245 3057 2315 signiﬁcaverit
3084 2265 3377 2318 personam
3399 2295 3414 2317 ,
3455 2263 3512 2308 et

1905 2340 2012 2381 non
2026 2328 2327 2383 estalterin
2352 2330 2537 2397 Patre,
2553 2333 2691 2387 alter
2721 2336 2773 2388 in
2790 2335 3031 2392 homine.
3052 2337 3357 2396 Mirandum
3378 2359 3509 2399 vero

1892 2425 2010 2489 (est,
2047 2421 2319 2487 quomodo
2366 2423 2629 2492 magister
2675 2424 2808 2480 velis
2857 2426 2976 2482 ﬁeri
3024 2428 3148 2483 ﬁdei
3194 2432 3507 2501 catholicin,

1901 2505 2031 2562 dum
2086 2509 2403 2577 verborum,
2451 2529 2549 2583 per
2606 2531 2725 2584 qua:
2777 2514 2912 2571 ﬁdes
2962 2518 3184 2586 dicitur,
3240 2524 3506 2581 rationem

1900 2600 2139 2671 ignores.
2166 2599 2341 2657 Corde
2376 2605 2515 2658 enim
2548 2607 2782 2661 creditur
2797 2609 2869 2661 ad
2889 2610 3183 2679 justitiam,
3216 2631 3304 2668 ore
3325 2627 3502 2671 autem

1899 2692 2159 2762 confessio
2184 2694 2245 2763 ﬁt
2264 2695 2334 2748 ad
2354 2694 2577 2750 salutem
2606 2696 2786 2768 (Rom.
2820 2716 2875 2764 χ,
2918 2701 3028 2774 10).
3048 2701 3215 2760 Recte
3240 2708 3422 2777 itaque
3440 2706 3500 2764 in

1900 2786 2065 2842 corde
2077 2787 2282 2841 credita
2310 2790 2757 2847 convenientibus
2768 2809 2913 2850 vene
2929 2794 3052 2851 ﬁdei
3078 2800 3256 2855 verbis
3267 2802 3504 2872 proferri

1899 2877 2115 2935 debent.
2143 2879 2251 2935 Sed
2274 2883 2519 2951 quaedam
2532 2883 2663 2939 mihi
2690 2887 2931 2957 suspicio
2954 2904 3017 2944 ex
3046 2895 3500 2953 antecedentibus

1898 2968 2026 3026 ﬁdei
2041 2980 2145 3027 tua:
2172 2973 2619 3044 professionibus,
2643 2995 2695 3032 ιιι
2720 2980 2805 3036 his
2828 2984 3069 3039 nascitur
3091 2987 3292 3056 verbis,
3318 3000 3370 3046 te
3386 2993 3506 3061 qui-

1899 3064 2022 3120 dem
2034 3066 2173 3122 velle
2206 3082 2454 3124 asserere
2482 3070 2577 3125 Dei
2608 3070 2800 3128 Filium
2821 3114 2836 3139 ,
2866 3076 2959 3145 qui
2986 3077 3260 3134 hominem
3291 3096 3503 3137 assum-

1895 3157 2026 3227 psit,
2039 3157 2364 3213 naturaliter
2375 3160 2578 3216 bonum
2593 3178 2742 3229 esse;
2762 3167 3035 3223 hominem
3060 3185 3211 3238 vero,
3230 3188 3391 3242 quem
3415 3190 3503 3228 as-

1898 3250 2152 3319 sumpsit,
2182 3252 2418 3306 naturali
2443 3252 2688 3310 bonitate
2717 3256 2919 3313 bonum
2954 3275 3061 3315 non
3088 3277 3231 3319 esse.
3268 3264 3374 3320 Sed
3397 3266 3503 3322 iste

179 3349 515 3406 divinitatis.
565 3350 634 3405 Et
675 3364 743 3404 ne
787 3348 930 3405 forte
967 3352 1317 3408 contradicas
1353 3326 1525 3407 ﬁliuin
1555 3353 1796 3410 hominis

1904 3349 2031 3397 tuus
2053 3356 2248 3398 sensus
2272 3344 2459 3399 multis
2488 3354 2694 3402 sanctae
2726 3347 3024 3420 Scriptura:
3052 3355 3380 3412 testimoniis
3401 3357 3501 3411 de-

175 3458 337 3510 esse,
366 3444 463 3515 qui
486 3442 653 3499 habet
675 3452 1001 3515 potestatem
1016 3444 1322 3515 iudicandi,
1345 3446 1468 3500 andi
1496 3446 1626 3515 quid
1649 3447 1793 3502 idem

180 3536 311 3606 ipse
340 3534 408 3591 de
443 3551 541 3591 sua
574 3543 844 3607 potestate
881 3534 1116 3601 diceret;
1141 3536 1222 3589 ait
1249 3538 1397 3591 enim
1428 3555 1439 3589 :
1474 3534 1607 3590 Cum
1646 3554 1797 3592 vene-

180 3624 263 3685 fit
302 3629 449 3699 filius
492 3629 720 3684 hominis
752 3630 809 3684 in
838 3629 1117 3699 majestate
1158 3646 1283 3695 sua,
1311 3639 1359 3683 et
1399 3646 1577 3685 omnes
1620 3630 1795 3702 angeli

178 3739 314 3778 cum
343 3738 423 3786 eo,
464 3730 591 3775 tunc
631 3720 831 3776 sedebit
855 3722 913 3775 in
944 3722 1065 3776 sede
1103 3720 1398 3789 majestatis
1428 3737 1540 3775 sum
1572 3720 1820 3787 (Matth,

177 3829 321 3878 xxv,
345 3812 459 3885 5|).
496 3812 694 3868 Filium
736 3813 973 3869 hominis
1001 3821 1238 3869 testatur
1268 3814 1322 3867 in
1352 3829 1450 3869 sua
1481 3813 1787 3883 majestate,

179 3914 248 3961 et
275 3906 470 3961 nonin
520 3905 697 3960 aliena
738 3919 1015 3961 sessurum
1064 3913 1121 3960 et
1157 3902 1550 3973 iudicaturum,
1600 3915 1655 3960 et
1706 3921 1792 3961 re—

178 4004 358 4069 gnum
388 3997 473 4052 sui
516 3995 698 4051 Patris
742 3997 952 4052 sanctis
1003 3997 1277 4053 daturum.
1332 3996 1401 4051 Et
1428 3996 1554 4051 alibi
1585 4016 1595 4050 :
1628 3996 1793 4052 Pater

178 4087 516 4159 nonjudicat
539 4105 879 4161 quemquam,
903 4090 993 4144 sed
1009 4105 1159 4143 omne
1176 4088 1441 4159 judicium
1458 4090 1600 4143 dedit
1623 4088 1785 4157 Filio,

179 4192 248 4237 ut
287 4197 465 4235 omnes
509 4180 854 4249 honori/irent
882 4178 1107 4247 Filium,
1138 4181 1270 4234 sicut
1308 4180 1656 4249 honoriﬁcam
1686 4181 1792 4235 Pa-

181 4285 346 4329 trem.
393 4274 459 4329 Et
488 4274 650 4344 paulo
675 4282 797 4343 post
826 4293 839 4328 :
885 4272 1032 4329 Sicut
1056 4270 1222 4327 Pater
1250 4271 1403 4327 habet
1434 4273 1591 4327 vitam
1624 4275 1679 4327 in
1710 4291 1792 4329 se-

183 4366 524 4437 metipso,sic
540 4365 681 4419 dedit
699 4374 746 4419 et
768 4362 914 4419 Filio
937 4365 1098 4419 vitam
1123 4363 1313 4418 habere
1336 4364 1393 4417 in
1417 4366 1717 4431 semetipso,
1740 4376 1788 4417 et

178 4466 497 4530 potestatem
519 4456 661 4510 dedit
692 4456 740 4511 ei
754 4456 1023 4527 judicium
1044 4455 1238 4525 facere,
1263 4456 1390 4526 quia
1422 4453 1567 4523 filius
1621 4455 1791 4507 homi—

181 4552 271 4605 nis
291 4558 369 4604 est
398 4547 581 4621 (Joun.
613 4564 667 4611 γ,
697 4548 790 4613 23,
818 4548 911 4613 26,
946 4548 1063 4618 27).
1096 4548 1162 4603 Et
1196 4563 1265 4602 ne
1298 4547 1406 4602 ulla
1441 4548 1663 4604 cuilibet
1683 4547 1787 4602 duo

180 4642 386 4700 bitatio
411 4642 789 4705 remansisset,
829 4641 953 4711 quis
980 4641 1054 4696 sit
1093 4641 1184 4711 qui
1216 4641 1269 4695 in
1294 4641 1502 4712 judicio
1533 4639 1787 4694 omnibus

1898 3434 2147 3488 struitur.
2186 3434 2372 3492 Primo
2404 3452 2530 3492 cum
2560 3437 2759 3510 legitur
2785 3441 2839 3495 in
2866 3440 3086 3508 Genesi,
3118 3444 3284 3500 Deum
3312 3449 3497 3504 omnia

1893 3526 2036 3583 bona
2065 3529 2396 3586 condidisse.
2419 3530 2487 3585 Et
2505 3546 2628 3586 cum
2643 3547 2742 3603 per
2763 3534 3007 3607 singulos
3049 3537 3167 3592 dies
3193 3539 3327 3593 dicit
3352 3537 3501 3595 Scri-

1892 3628 2053 3688 ptura
2077 3638 2090 3673 :
2131 3617 2270 3674 Vidit
2292 3621 2457 3688 Deus,
2482 3625 2623 3691 quod
2649 3625 2841 3680 bonum
2868 3638 3001 3682 esset
3026 3669 3038 3681 .
3060 3636 3119 3683 et
3139 3631 3264 3684 dum
3290 3632 3498 3695 ornnia,

1890 3714 2036 3768 sicut
2062 3713 2172 3769 Deo
2198 3714 2420 3784 placuit,
2449 3726 2635 3771 creata
2668 3728 2815 3783 sunt,
2852 3720 3057 3776 dictum
3088 3729 3212 3776 est:
3249 3722 3318 3776 Et
3344 3732 3495 3777 erant

1893 3807 2071 3860 omnia
2093 3807 2242 3861 valde
2269 3808 2403 3862 bona
2424 3805 2579 3879 (Gen.
2607 3808 2647 3879 ι)
2677 3829 2688 3863 :
2712 3812 2983 3881 quomodo
3011 3812 3102 3868 ille
3126 3815 3292 3869 homo
3317 3814 3492 3881 solus,

1889 3914 2051 3971 quem
2080 3900 2196 3970 ipse
2226 3900 2321 3955 Dei
2348 3900 2550 3968 Filius,
2581 3918 2678 3973 per
2706 3919 2867 3973 quem
2917 3903 3063 3961 facta
3104 3917 3232 3962 sunt
3275 3909 3494 3974 omnia,

1893 3988 1996 4044 sibi
2027 3989 2079 4043 in
2111 3991 2377 4045 unitatem
2426 4007 2671 4061 persona:
2718 3994 2770 4049 in
2801 4005 2961 4051 utero
2987 3998 3237 4069 virginali
3283 4014 3497 4054 assumo

1890 4082 2019 4152 psit,
2060 4096 2166 4135 non
2195 4091 2315 4136 erat
2346 4084 2671 4139 naturaliter
2696 4085 2911 4140 bonus?
2939 4086 3077 4153 Quid
3116 4087 3168 4142 in
3203 4088 3292 4143 illa
3321 4090 3491 4144 mira-

1893 4174 1985 4227 bili
2016 4174 2081 4228 de
2106 4172 2311 4243 Spiritu
2343 4185 2532 4230 sancto
2564 4185 2618 4231 et
2643 4172 2894 4248 virginali
2921 4180 3277 4250 conceptione
3306 4192 3360 4237 et
3386 4198 3485 4236 na-

1892 4264 2119 4327 tivitate,
2151 4264 2360 4333 peccati
2389 4263 2509 4329 fuit,
2537 4274 2595 4319 ut
2620 4266 2794 4323 bonus
2825 4268 3147 4323 naturaliter
3177 4286 3283 4325 non
3314 4281 3483 4339 esset,

1892 4358 1986 4427 qui
2010 4365 2172 4412 natus
2198 4364 2302 4421 est,
2347 4365 2403 4412 et
2441 4357 2534 4411 Dei
2576 4358 2712 4414 Filio
2755 4360 2808 4415 in
2837 4361 3102 4415 unitatem
3143 4378 3391 4432 personae
3436 4366 3489 4419 in

1895 4452 2011 4520 ipso
2036 4450 2262 4505 exordio
2289 4450 2687 4507 incarnationis
2711 4452 3035 4521 adjunctus?
3057 4452 3245 4509 Omnis
3273 4456 3491 4524 quidem

1893 4540 2180 4595 rationalis
2210 4549 2464 4595 creatura
2498 4551 2595 4595 aut
2633 4542 2772 4598 bona
2803 4552 2910 4609 est,
2954 4552 3049 4599 aut
3071 4544 3234 4600 mala.
3270 4545 3493 4616 Legitur

1891 4633 2038 4686 enim
2067 4632 2122 4686 in
2156 4630 2456 4701 Scripturis
2481 4635 2687 4690 sanctis
2716 4636 2941 4706 angelus
2966 4636 3163 4703 bonus,
3189 4645 3241 4692 et
3267 4639 3492 4709 angelus

180 4734 485 4799 videbitur,
512 4732 656 4790 idem
683 4700 875 4789 beatus
907 4700 1145 4788 Joannes
1179 4700 1513 4803 cvaiigclista
1554 4732 1789 4803 prophe-
1820 4700 1870 4761 υ
1893 4726 2071 4781 malus
2112 4741 2128 4779 :
2166 4726 2419 4781 similiter
2464 4735 2519 4781 et
2555 4728 2732 4782 bonus
2781 4730 2965 4795 homo,
3017 4739 3070 4785 et
3119 4731 3295 4786 malus
3328 4732 3491 4785 homo

180 4824 359 4879 ticum
384 4822 442 4877 in
475 4837 542 4877 eo
578 4822 951 4878 testimonium
977 4820 1311 4891 implendum
1341 4837 1465 4877 esse
1502 4823 1786 4893 praedixit;

182 4914 267 4970 ait
296 4912 442 4969 enim
470 4930 484 4965 :
526 4910 642 4967 Hoc
660 4922 830 4966 totum
852 4912 1056 4982 factum
1084 4918 1189 4975 est,
1234 4922 1290 4966 ut
1315 4910 1623 4982 impleretur
1649 4912 1789 4983 quod

182 5007 392 5063 dictum
435 5012 512 5063 est
542 5006 660 5063 :Os
689 5021 791 5061 non
834 5004 1199 5066 comminutis
1247 5020 1311 5058 es:
1355 5020 1435 5057 eo.
1483 5002 1553 5057 Et
1596 5004 1787 5057 iterum

185 5099 302 5155 alia
329 5100 609 5170 Scriptura
635 5100 762 5153 dicit
785 5115 803 5152 :
844 5097 1128 5161 Videbunt,
1149 5097 1207 5150 in
1223 5113 1380 5167 quem
1406 5096 1788 5165 trans/iurum

188 5190 377 5265 (Joan.
410 5208 524 5252 six,
554 5191 672 5263 36).
706 5188 941 5247 Vulnera
972 5190 1160 5259 itaque
1181 5189 1295 5243 veri
1322 5190 1570 5258 corporis
1592 5204 1785 5245 verum

189 5286 362 5342 ﬁlium
386 5286 622 5341 hominis
663 5283 973 5347 ostendent,
1005 5283 1098 5353 qui
1139 5281 1483 5351 iudicaturus
1502 5291 1585 5337 est
1630 5298 1789 5336 mun-

190 5379 321 5434 dum
356 5397 370 5432 :
405 5376 577 5433 forma
608 5376 701 5433 illa
728 5375 1163 5444 eritjudex,quu
1186 5375 1336 5428 stetit
1363 5381 1487 5427 ante
1526 5372 1784 5443 iudicem.

192 5468 342 5524 Talis
380 5466 660 5538 apparebit
688 5467 877 5538 iudex,
922 5465 1100 5534 qualis
1138 5465 1307 5519 videri
1348 5465 1520 5534 possit
1558 5466 1628 5520 ab
1664 5466 1744 5519 eis
1767 5505 1788 5531 ,

190 5578 333 5635 quos
367 5570 728 5617 coronaturus
758 5560 883 5623 erit,
915 5566 972 5612 et
994 5558 1062 5612 ah
1106 5557 1212 5622 eis,
1245 5571 1381 5625 quos
1407 5556 1784 5611 damnaturus.

194 5654 312 5709 Hoc
338 5654 514 5722 ipsum
544 5653 743 5723 quippe
766 5651 987 5707 Christo
1014 5651 1341 5705 ascendente
1368 5649 1542 5721 angeli
1572 5658 1787 5719 aposto-

193 5744 263 5799 lis
286 5743 655 5815 prasdixerunt
682 5762 695 5797 :
723 5742 833 5807 Sic,
864 5743 1136 5812 inquiunt,
1169 5740 1783 5810 venietquemadmodum

196 5836 399 5891 uidistis
423 5853 544 5891 eum
573 5846 781 5891 euntem
805 5838 863 5890 in
891 5834 1077 5889 uelum
1118 5833 1258 5906 (Act.
1289 5850 1339 5898 ι,
1373 5834 1484 5904 ii),
1513 5833 1566 5887 id
1594 5844 1698 5896 est,
1729 5834 1783 5888 in

194 5925 387 5981 eadem
420 5923 595 5981 forma
618 5926 799 5981 carnis
828 5934 994 5995 atque
1036 5924 1337 5981 substantia
1365 5923 1545 5979 veniet
1578 5923 1788 5994 judica-

1895 4819 2009 4888 ipsa
2040 4818 2280 4874 Veritatc
2308 4826 2601 4875 attestante
2644 4838 2657 4873 :
2691 4819 2870 4875 Bonus
2899 4822 3055 4876 homo
3094 4823 3159 4875 de
3203 4823 3337 4876 bona
3378 4824 3490 4877 the-

1890 4928 2051 4966 κακνο
2072 4912 2247 4966 cordis
2273 4912 2355 4965 sui
2379 4913 2505 4987 (etsi
2528 4912 2735 4977 omnia,
2762 4928 2884 4981 quae
2907 4912 3049 4967 Deus
3078 4914 3307 4977 creavit,
3331 4921 3492 4967 erant

1891 5004 2049 5059 valde
2092 5004 2258 5073 bona)
2304 5004 2500 5073 profert
2531 5004 2711 5058 bona:
2761 5012 2808 5056 et
2834 5003 3009 5057 malus
3054 5005 3209 5059 homo
3247 5005 3311 5058 de
3343 5005 3489 5060 malo

1890 5094 2137 5148 thesauro
2164 5095 2337 5148 cordis
2366 5095 2447 5148 sui
2476 5096 2674 5165 profert
2718 5094 2863 5149 mala
2902 5095 3053 5165 (Luc.
3094 5112 3148 5150 vr
3168 5135 3181 5159 ,
3212 5096 3327 5165 45).
3377 5095 3485 5151 Sed

1893 5186 2074 5242 omnia
2120 5202 2242 5257 quae
2284 5186 2426 5241 bona
2457 5195 2602 5252 sunt,
2651 5188 2975 5243 naturaliter
3004 5189 3143 5243 bona
3188 5198 3340 5253 sunt,
3389 5189 3484 5244 Dei

1894 5280 2071 5352 gratia
2103 5289 2297 5352 agente
2326 5298 2340 5344 ;
2382 5295 2502 5351 qua:
2529 5296 2660 5337 vero
2694 5282 2835 5336 mala
2866 5292 3012 5346 sunt,
3042 5300 3108 5338 ex
3140 5283 3363 5354 proprio
3400 5283 3484 5337 vi—

1896 5372 1971 5426 tio
2010 5373 2153 5425 mala
2184 5372 2508 5426 etlieiuntur.
2543 5372 2827 5437 Quomodo
2868 5389 3002 5445 ergo
3026 5373 3279 5430 Christus
3317 5384 3482 5431 natu—

1895 5466 2086 5520 raliter
2139 5481 2247 5519 non
2308 5474 2393 5519 est
2448 5466 2657 5529 bonus.
2722 5482 2820 5535 per
2882 5479 3046 5535 quem
3099 5480 3324 5532 omnes,
3366 5466 3487 5536 qui-

1896 5571 2109 5625 cunque
2159 5556 2284 5611 boni
2335 5565 2502 5621 sunt,
2550 5556 2856 5611 eﬂiciuntur
2892 5558 3060 5612 boni?
3116 5556 3271 5613 Sicut
3333 5559 3481 5612 enim

1894 5663 2063 5719 prope
2094 5646 2299 5719 [Forte,
2332 5648 2573 5720 proprie]
2606 5642 2883 5705 est‘Filias
2911 5652 3027 5715 Dei,
3063 5666 3163 5721 per
3185 5667 3344 5721 quem
3369 5667 3486 5706 om-

1895 5756 1993 5796 nes
2021 5741 2194 5795 sancti
2221 5740 2341 5794 Filii
2369 5741 2465 5796 Dei
2496 5740 2622 5795 facti
2651 5751 2777 5797 sunt
2816 5760 2828 5797 :
2861 5744 2934 5796 ita
2962 5744 3285 5798 naturaliter
3312 5744 3484 5798 bonus

1894 5844 1995 5893 est,
2046 5834 2160 5887 sine
2187 5849 2294 5902 quo
2340 5833 2518 5887 nullus
2545 5833 2871 5891 naturaliter
2897 5837 3099 5905 poterit
3121 5850 3246 5891 esse
3286 5835 3478 5890 bonus.

1897 5925 2069 5998 Hujus
2100 5941 2229 5982 vero
2262 5926 2630 5999 responsionis
2658 5927 2857 5983 Christi
2887 5928 3051 5983 verba
3077 5929 3270 5985 beatus
3294 5926 3482 5982 Hiero-
