  <div class='ocr_page' id='page_1' title='image "/cluster/home/n/w/nwhite01/storage/ocr_20150623/101/umn.31951002477394h/113.png"; bbox 0 0 4136 6592; ppageno 0'>
   <div class='ocr_carea' id='block_1_1' title="bbox 540 362 639 421">
    <p class='ocr_par' dir='ltr' id='par_1_1' title="bbox 540 362 639 421">
     <span class='ocr_line' id='line_1_1' title="bbox 540 362 639 421; baseline 0 -1"><span class='ocrx_word' id='word_1_1' title='bbox 540 362 639 421; x_wconf 79' lang='lat' dir='ltr'><strong>I99</strong></span> 
     </span>
    </p>
   </div>
   <div class='ocr_carea' id='block_1_2' title="bbox 1378 352 2974 415">
    <p class='ocr_par' dir='ltr' id='par_1_2' title="bbox 1378 352 2974 415">
     <span class='ocr_line' id='line_1_2' title="bbox 1378 352 2974 415; baseline -0.002 -4"><span class='ocrx_word' id='word_1_2' title='bbox 1378 355 1442 412; x_wconf 89' lang='grc' dir='ltr'><strong>Β.</strong></span> <span class='ocrx_word' id='word_1_3' title='bbox 1483 355 1547 412; x_wconf 64' lang='grc' dir='ltr'><strong>ιν.</strong></span> <span class='ocrx_word' id='word_1_4' title='bbox 1587 352 1817 415; x_wconf 73' lang='grc' dir='ltr'><strong>ΑωιΝι</strong></span> <span class='ocrx_word' id='word_1_5' title='bbox 1858 354 1992 415; x_wconf 84' lang='lat' dir='ltr'><strong>SEU</strong></span> <span class='ocrx_word' id='word_1_6' title='bbox 2029 353 2306 413; x_wconf 79' lang='lat' dir='ltr'><strong>ALCUINI</strong></span> <span class='ocrx_word' id='word_1_7' title='bbox 2343 352 2635 413; x_wconf 71' lang='lat' dir='ltr'><strong>OPERUM</strong></span> <span class='ocrx_word' id='word_1_8' title='bbox 2674 353 2855 410; x_wconf 78' lang='lat' dir='ltr'><strong>PARS</strong></span> <span class='ocrx_word' id='word_1_9' title='bbox 2887 352 2974 409; x_wconf 81' lang='lat' dir='ltr'><strong>Ill.</strong></span> 
     </span>
    </p>
   </div>
   <div class='ocr_carea' id='block_1_3' title="bbox 3709 353 3833 414">
    <p class='ocr_par' dir='ltr' id='par_1_3' title="bbox 3709 353 3833 414">
     <span class='ocr_line' id='line_1_3' title="bbox 3709 353 3833 414; baseline 0 -3"><span class='ocrx_word' id='word_1_10' title='bbox 3709 353 3833 414; x_wconf 70' lang='lat'><strong>9.30</strong></span> 
     </span>
    </p>
   </div>
   <div class='ocr_carea' id='block_1_4' title="bbox 531 460 3826 550">
    <p class='ocr_par' dir='ltr' id='par_1_4' title="bbox 531 460 3826 550">
     <span class='ocr_line' id='line_1_4' title="bbox 531 460 3826 550; baseline -0.004 -19"><span class='ocrx_word' id='word_1_11' title='bbox 531 489 728 550; x_wconf 77' lang='lat' dir='ltr'><strong>nymus</strong></span> <span class='ocrx_word' id='word_1_12' title='bbox 753 470 1022 546; x_wconf 87' lang='lat' dir='ltr'><strong>presbiter</strong></span> <span class='ocrx_word' id='word_1_13' title='bbox 1041 470 1200 543; x_wconf 86' lang='lat' dir='ltr'><strong>longe</strong></span> <span class='ocrx_word' id='word_1_14' title='bbox 1229 467 1411 534; x_wconf 91' lang='lat' dir='ltr'><strong>aliter,</strong></span> <span class='ocrx_word' id='word_1_15' title='bbox 1438 481 1605 540; x_wconf 88' lang='lat' dir='ltr'><strong>quam</strong></span> <span class='ocrx_word' id='word_1_16' title='bbox 1634 474 1692 523; x_wconf 91' lang='lat' dir='ltr'><strong>tu</strong></span> <span class='ocrx_word' id='word_1_17' title='bbox 1716 460 1940 533; x_wconf 83' lang='lat' dir='ltr'><strong>asse&#39;ris,</strong></span> <span class='ocrx_word' id='word_1_18' title='bbox 1968 462 2127 522; x_wconf 82' lang='lat' dir='ltr'><strong>intel-</strong></span> <span class='ocrx_word' id='word_1_19' title='bbox 2152 470 2201 530; x_wconf 73' lang='grc' dir='ltr'><strong>Α</strong></span> <span class='ocrx_word' id='word_1_20' title='bbox 2230 466 2373 522; x_wconf 87' lang='lat' dir='ltr'><strong>sicut</strong></span> <span class='ocrx_word' id='word_1_21' title='bbox 2385 464 2607 522; x_wconf 86' lang='lat' dir='ltr'><strong>humani</strong></span> <span class='ocrx_word' id='word_1_22' title='bbox 2628 464 3026 538; x_wconf 87' lang='lat' dir='ltr'><strong>generiscausa</strong></span> <span class='ocrx_word' id='word_1_23' title='bbox 3052 464 3329 534; x_wconf 85' lang='lat' dir='ltr'><strong>poscebat,</strong></span> <span class='ocrx_word' id='word_1_24' title='bbox 3356 463 3411 519; x_wconf 92' lang='lat' dir='ltr'><strong>in</strong></span> <span class='ocrx_word' id='word_1_25' title='bbox 3453 462 3625 520; x_wconf 70' lang='lat' dir='ltr'><strong>beata:</strong></span> <span class='ocrx_word' id='word_1_26' title='bbox 3648 464 3826 539; x_wconf 71' lang='lat' dir='ltr'><strong>Virg-i-</strong></span> 
     </span>
    </p>
   </div>
   <div class='ocr_carea' id='block_1_5' title="bbox 530 558 2127 645">
    <p class='ocr_par' dir='ltr' id='par_1_5' title="bbox 530 558 2127 645">
     <span class='ocr_line' id='line_1_5' title="bbox 530 558 2127 645; baseline -0.006 -20"><span class='ocrx_word' id='word_1_27' title='bbox 530 570 624 645; x_wconf 75' lang='lat' dir='ltr'><strong>ligi</strong></span> <span class='ocrx_word' id='word_1_28' title='bbox 649 567 844 635; x_wconf 85' lang='lat' dir='ltr'><strong>voluit,</strong></span> <span class='ocrx_word' id='word_1_29' title='bbox 875 574 934 623; x_wconf 91' lang='lat' dir='ltr'><strong>ut</strong></span> <span class='ocrx_word' id='word_1_30' title='bbox 961 566 1014 622; x_wconf 90' lang='lat' dir='ltr'><strong>in</strong></span> <span class='ocrx_word' id='word_1_31' title='bbox 1043 563 1363 638; x_wconf 59' lang='lat' dir='ltr'><strong>praescripto</strong></span> <span class='ocrx_word' id='word_1_32' title='bbox 1392 559 1511 631; x_wconf 83' lang='lat' dir='ltr'><strong>eius</strong></span> <span class='ocrx_word' id='word_1_33' title='bbox 1529 558 1959 624; x_wconf 82' lang='lat' dir='ltr'><strong>Commentario,</strong></span> <span class='ocrx_word' id='word_1_34' title='bbox 1981 558 2127 615; x_wconf 88' lang='lat' dir='ltr'><strong>unde</strong></span> 
     </span>
    </p>
   </div>
   <div class='ocr_carea' id='block_1_6' title="bbox 529 648 2125 733">
    <p class='ocr_par' dir='ltr' id='par_1_6' title="bbox 529 648 2125 733">
     <span class='ocr_line' id='line_1_6' title="bbox 529 648 2125 733; baseline -0.008 -17"><span class='ocrx_word' id='word_1_35' title='bbox 529 661 692 733; x_wconf 90' lang='lat' dir='ltr'><strong>paulo</strong></span> <span class='ocrx_word' id='word_1_36' title='bbox 706 670 831 715; x_wconf 90' lang='lat' dir='ltr'><strong>ante</strong></span> <span class='ocrx_word' id='word_1_37' title='bbox 857 656 1136 730; x_wconf 85' lang='lat' dir='ltr'><strong>posuimus</strong></span> <span class='ocrx_word' id='word_1_38' title='bbox 1160 652 1494 716; x_wconf 89' lang='lat' dir='ltr'><strong>testimonia,</strong></span> <span class='ocrx_word' id='word_1_39' title='bbox 1518 650 1715 721; x_wconf 80' lang='lat' dir='ltr'><strong>legitur</strong></span> <span class='ocrx_word' id='word_1_40' title='bbox 1731 662 1790 704; x_wconf 76' lang='grc' dir='ltr'><strong>ιε</strong></span> <span class='ocrx_word' id='word_1_41' title='bbox 1816 668 1834 702; x_wconf 86' lang='grc'><strong>‹</strong></span> <span class='ocrx_word' id='word_1_42' title='bbox 1859 648 2000 716; x_wconf 80' lang='lat' dir='ltr'><strong>Quid</strong></span> <span class='ocrx_word' id='word_1_43' title='bbox 2022 666 2125 715; x_wconf 85' lang='lat' dir='ltr'><strong>me,</strong></span> 
     </span>
    </p>
   </div>
   <div class='ocr_carea' id='block_1_7' title="bbox 534 739 2126 825">
    <p class='ocr_par' dir='ltr' id='par_1_7' title="bbox 534 739 2126 825">
     <span class='ocr_line' id='line_1_7' title="bbox 534 739 2126 825; baseline -0.009 -16"><span class='ocrx_word' id='word_1_44' title='bbox 534 754 734 825; x_wconf 91' lang='lat' dir='ltr'><strong>inquit,</strong></span> <span class='ocrx_word' id='word_1_45' title='bbox 783 753 1074 822; x_wconf 77' lang='lat' dir='ltr'><strong>interrogas</strong></span> <span class='ocrx_word' id='word_1_46' title='bbox 1115 748 1181 803; x_wconf 84' lang='lat' dir='ltr'><strong>de</strong></span> <span class='ocrx_word' id='word_1_47' title='bbox 1232 746 1407 802; x_wconf 83' lang='lat' dir='ltr'><strong>bouo.’</strong></span> <span class='ocrx_word' id='word_1_48' title='bbox 1462 762 1599 801; x_wconf 83' lang='lat' dir='ltr'><strong>unus</strong></span> <span class='ocrx_word' id='word_1_49' title='bbox 1655 753 1731 799; x_wconf 81' lang='lat' dir='ltr'><strong>est</strong></span> <span class='ocrx_word' id='word_1_50' title='bbox 1774 744 1942 797; x_wconf 79' lang='lat' dir='ltr'><strong>bonus</strong></span> <span class='ocrx_word' id='word_1_51' title='bbox 1984 739 2126 795; x_wconf 83' lang='lat' dir='ltr'><strong>Deus</strong></span> 
     </span>
    </p>
   </div>
   <div class='ocr_carea' id='block_1_8' title="bbox 534 836 2129 921">
    <p class='ocr_par' dir='ltr' id='par_1_8' title="bbox 534 836 2129 921">
     <span class='ocr_line' id='line_1_8' title="bbox 534 836 2129 921; baseline -0.008 -17"><span class='ocrx_word' id='word_1_52' title='bbox 534 847 751 921; x_wconf 72' lang='lat' dir='ltr'><strong>(Matth.</strong></span> <span class='ocrx_word' id='word_1_53' title='bbox 783 861 897 912; x_wconf 80' lang='lat' dir='ltr'><strong>xix,</strong></span> <span class='ocrx_word' id='word_1_54' title='bbox 926 844 1011 911; x_wconf 77' lang='lat' dir='ltr'><strong>l7;</strong></span> <span class='ocrx_word' id='word_1_55' title='bbox 1038 841 1167 899; x_wconf 60' lang='lat' dir='ltr'><strong>Lua.</strong></span> <span class='ocrx_word' id='word_1_56' title='bbox 1197 857 1357 907; x_wconf 85' lang='lat' dir='ltr'><strong>xvm,</strong></span> <span class='ocrx_word' id='word_1_57' title='bbox 1381 837 1492 911; x_wconf 81' lang='lat' dir='ltr'><strong>l9).</strong></span> <span class='ocrx_word' id='word_1_58' title='bbox 1525 837 1661 906; x_wconf 82' lang='lat' dir='ltr'><strong>Quia</strong></span> <span class='ocrx_word' id='word_1_59' title='bbox 1692 836 2012 908; x_wconf 84' lang='lat' dir='ltr'><strong>magistrum</strong></span> <span class='ocrx_word' id='word_1_60' title='bbox 2034 848 2129 891; x_wconf 83' lang='lat' dir='ltr'><strong>vo-</strong></span> 
     </span>
    </p>
   </div>
   <div class='ocr_carea' id='block_1_9' title="bbox 529 927 2131 1006">
    <p class='ocr_par' dir='ltr' id='par_1_9' title="bbox 529 927 2131 1006">
     <span class='ocr_line' id='line_1_9' title="bbox 529 927 2131 1006; baseline -0.009 -10"><span class='ocrx_word' id='word_1_61' title='bbox 529 950 754 996; x_wconf 85' lang='lat' dir='ltr'><strong>caverat</strong></span> <span class='ocrx_word' id='word_1_62' title='bbox 776 939 998 1001; x_wconf 81' lang='lat' dir='ltr'><strong>bonum,</strong></span> <span class='ocrx_word' id='word_1_63' title='bbox 1019 944 1078 992; x_wconf 88' lang='lat' dir='ltr'><strong>et</strong></span> <span class='ocrx_word' id='word_1_64' title='bbox 1103 951 1210 991; x_wconf 89' lang='lat' dir='ltr'><strong>non</strong></span> <span class='ocrx_word' id='word_1_65' title='bbox 1242 930 1461 1006; x_wconf 67' lang='lat' dir='ltr'><strong>[Deum]</strong></span> <span class='ocrx_word' id='word_1_66' title='bbox 1493 930 1578 986; x_wconf 91' lang='lat' dir='ltr'><strong>vel</strong></span> <span class='ocrx_word' id='word_1_67' title='bbox 1610 930 1704 985; x_wconf 91' lang='lat' dir='ltr'><strong>Dei</strong></span> <span class='ocrx_word' id='word_1_68' title='bbox 1752 927 1957 983; x_wconf 87' lang='lat' dir='ltr'><strong>Filium</strong></span> <span class='ocrx_word' id='word_1_69' title='bbox 1997 941 2131 982; x_wconf 84' lang='lat' dir='ltr'><strong>con-</strong></span> 
     </span>
    </p>
   </div>
   <div class='ocr_carea' id='block_1_10' title="bbox 531 1021 2126 1098">
    <p class='ocr_par' dir='ltr' id='par_1_10' title="bbox 531 1021 2126 1098">
     <span class='ocr_line' id='line_1_10' title="bbox 531 1021 2126 1098; baseline -0.009 -11"><span class='ocrx_word' id='word_1_70' title='bbox 531 1031 714 1087; x_wconf 81' lang='lat' dir='ltr'><strong>fessus</strong></span> <span class='ocrx_word' id='word_1_71' title='bbox 753 1039 893 1085; x_wconf 87' lang='lat' dir='ltr'><strong>erat.</strong></span> <span class='ocrx_word' id='word_1_72' title='bbox 922 1029 1089 1093; x_wconf 90' lang='lat' dir='ltr'><strong>Dicit,</strong></span> <span class='ocrx_word' id='word_1_73' title='bbox 1116 1027 1365 1098; x_wconf 85' lang='lat' dir='ltr'><strong>quemvis</strong></span> <span class='ocrx_word' id='word_1_74' title='bbox 1395 1032 1641 1079; x_wconf 86' lang='lat' dir='ltr'><strong>sanctum</strong></span> <span class='ocrx_word' id='word_1_75' title='bbox 1668 1021 1947 1078; x_wconf 83' lang='lat' dir='ltr'><strong>hominem</strong></span> <span class='ocrx_word' id='word_1_76' title='bbox 1974 1032 2126 1074; x_wconf 82' lang='lat' dir='ltr'><strong>com-</strong></span> 
     </span>
    </p>
   </div>
   <div class='ocr_carea' id='block_1_11' title="bbox 535 1108 2126 1192">
    <p class='ocr_par' dir='ltr' id='par_1_11' title="bbox 535 1108 2126 1192">
     <span class='ocr_line' id='line_1_11' title="bbox 535 1108 2126 1192; baseline -0.009 -16"><span class='ocrx_word' id='word_1_77' title='bbox 535 1123 818 1192; x_wconf 80' lang='lat' dir='ltr'><strong>paratione</strong></span> <span class='ocrx_word' id='word_1_78' title='bbox 867 1118 962 1173; x_wconf 91' lang='lat' dir='ltr'><strong>Dei</strong></span> <span class='ocrx_word' id='word_1_79' title='bbox 1009 1134 1116 1173; x_wconf 90' lang='lat' dir='ltr'><strong>non</strong></span> <span class='ocrx_word' id='word_1_80' title='bbox 1166 1130 1289 1173; x_wconf 88' lang='lat' dir='ltr'><strong>esse</strong></span> <span class='ocrx_word' id='word_1_81' title='bbox 1340 1115 1565 1178; x_wconf 89' lang='lat' dir='ltr'><strong>bonum,</strong></span> <span class='ocrx_word' id='word_1_82' title='bbox 1614 1113 1681 1168; x_wconf 91' lang='lat' dir='ltr'><strong>de</strong></span> <span class='ocrx_word' id='word_1_83' title='bbox 1722 1126 1830 1183; x_wconf 90' lang='lat' dir='ltr'><strong>quo</strong></span> <span class='ocrx_word' id='word_1_84' title='bbox 1869 1108 2070 1165; x_wconf 85' lang='lat' dir='ltr'><strong>dicitur</strong></span> <span class='ocrx_word' id='word_1_85' title='bbox 2111 1122 2126 1163; x_wconf 89' lang='lat'><strong>:</strong></span> 
     </span>
    </p>
   </div>
   <div class='ocr_carea' id='block_1_12' title="bbox 535 1198 2131 1279">
    <p class='ocr_par' dir='ltr' id='par_1_12' title="bbox 535 1198 2131 1279">
     <span class='ocr_line' id='line_1_12' title="bbox 535 1198 2131 1279; baseline -0.006 -14"><span class='ocrx_word' id='word_1_86' title='bbox 535 1211 874 1279; x_wconf 72' lang='lat' dir='ltr'><strong>(Jonﬁtemini</strong></span> <span class='ocrx_word' id='word_1_87' title='bbox 899 1209 1124 1263; x_wconf 79' lang='lat' dir='ltr'><strong>Domina</strong></span> <span class='ocrx_word' id='word_1_88' title='bbox 1147 1207 1400 1275; x_wconf 83' lang='lat' dir='ltr'><strong>quoniam</strong></span> <span class='ocrx_word' id='word_1_89' title='bbox 1427 1205 1592 1260; x_wconf 77' lang='lat' dir='ltr'><strong>bonus</strong></span> <span class='ocrx_word' id='word_1_90' title='bbox 1620 1201 1795 1276; x_wconf 80' lang='lat' dir='ltr'><strong>(Psal.</strong></span> <span class='ocrx_word' id='word_1_91' title='bbox 1828 1218 1916 1268; x_wconf 87' lang='lat' dir='ltr'><strong>cv,</strong></span> <span class='ocrx_word' id='word_1_92' title='bbox 1945 1200 2020 1273; x_wconf 72' lang='lat' dir='ltr'><strong>l).</strong></span> <span class='ocrx_word' id='word_1_93' title='bbox 2050 1198 2131 1256; x_wconf 85' lang='lat' dir='ltr'><strong>Ne</strong></span> 
     </span>
    </p>
   </div>
   <div class='ocr_carea' id='block_1_13' title="bbox 531 1290 2130 1373">
    <p class='ocr_par' dir='ltr' id='par_1_13' title="bbox 531 1290 2130 1373">
     <span class='ocr_line' id='line_1_13' title="bbox 531 1290 2130 1373; baseline -0.008 -18"><span class='ocrx_word' id='word_1_94' title='bbox 531 1304 656 1373; x_wconf 83' lang='lat' dir='ltr'><strong>quis</strong></span> <span class='ocrx_word' id='word_1_95' title='bbox 681 1310 862 1357; x_wconf 89' lang='lat' dir='ltr'><strong>autem</strong></span> <span class='ocrx_word' id='word_1_96' title='bbox 890 1307 1045 1373; x_wconf 87' lang='lat' dir='ltr'><strong>putet</strong></span> <span class='ocrx_word' id='word_1_97' title='bbox 1065 1302 1119 1356; x_wconf 91' lang='lat' dir='ltr'><strong>in</strong></span> <span class='ocrx_word' id='word_1_98' title='bbox 1143 1314 1228 1365; x_wconf 87' lang='lat' dir='ltr'><strong>eo,</strong></span> <span class='ocrx_word' id='word_1_99' title='bbox 1261 1297 1407 1369; x_wconf 90' lang='lat' dir='ltr'><strong>quod</strong></span> <span class='ocrx_word' id='word_1_100' title='bbox 1435 1296 1608 1352; x_wconf 91' lang='lat' dir='ltr'><strong>bonus</strong></span> <span class='ocrx_word' id='word_1_101' title='bbox 1635 1294 1898 1351; x_wconf 82' lang='lat' dir='ltr'><strong>Dominus</strong></span> <span class='ocrx_word' id='word_1_102' title='bbox 1924 1290 2130 1365; x_wconf 82' lang='lat' dir='ltr'><strong>[Hier.,</strong></span> 
     </span>
    </p>
   </div>
   <div class='ocr_carea' id='block_1_14' title="bbox 531 1386 2132 1471">
    <p class='ocr_par' dir='ltr' id='par_1_14' title="bbox 531 1386 2132 1471">
     <span class='ocr_line' id='line_1_14' title="bbox 531 1386 2132 1471; baseline -0.007 -18"><span class='ocrx_word' id='word_1_103' title='bbox 531 1394 700 1471; x_wconf 83' lang='lat' dir='ltr'><strong>Deus]</strong></span> <span class='ocrx_word' id='word_1_104' title='bbox 745 1396 967 1459; x_wconf 86' lang='lat' dir='ltr'><strong>dicitur,</strong></span> <span class='ocrx_word' id='word_1_105' title='bbox 1016 1393 1229 1450; x_wconf 77' lang='lat' dir='ltr'><strong>excludi</strong></span> <span class='ocrx_word' id='word_1_106' title='bbox 1257 1408 1289 1448; x_wconf 91' lang='lat' dir='ltr'><strong>a</strong></span> <span class='ocrx_word' id='word_1_107' title='bbox 1319 1392 1561 1448; x_wconf 80' lang='lat' dir='ltr'><strong>bonitate</strong></span> <span class='ocrx_word' id='word_1_108' title='bbox 1604 1390 1803 1447; x_wconf 84' lang='lat' dir='ltr'><strong>Filium</strong></span> <span class='ocrx_word' id='word_1_109' title='bbox 1832 1387 1953 1453; x_wconf 85' lang='lat' dir='ltr'><strong>Dei,</strong></span> <span class='ocrx_word' id='word_1_110' title='bbox 1998 1386 2132 1459; x_wconf 86' lang='lat' dir='ltr'><strong>legi-</strong></span> 
     </span>
    </p>
   </div>
   <div class='ocr_carea' id='block_1_15' title="bbox 531 1482 2130 1554">
    <p class='ocr_par' dir='ltr' id='par_1_15' title="bbox 531 1482 2130 1554">
     <span class='ocr_line' id='line_1_15' title="bbox 531 1482 2130 1554; baseline -0.011 -7"><span class='ocrx_word' id='word_1_111' title='bbox 531 1503 658 1547; x_wconf 86' lang='lat' dir='ltr'><strong>mus</strong></span> <span class='ocrx_word' id='word_1_112' title='bbox 686 1490 739 1544; x_wconf 87' lang='lat' dir='ltr'><strong>in</strong></span> <span class='ocrx_word' id='word_1_113' title='bbox 771 1486 878 1542; x_wconf 88' lang='lat' dir='ltr'><strong>alio</strong></span> <span class='ocrx_word' id='word_1_114' title='bbox 919 1486 1073 1542; x_wconf 77' lang='lat' dir='ltr'><strong>loco:</strong></span> <span class='ocrx_word' id='word_1_115' title='bbox 1113 1483 1305 1540; x_wconf 81' lang='lat' dir='ltr'><strong>Pastor</strong></span> <span class='ocrx_word' id='word_1_116' title='bbox 1334 1483 1498 1538; x_wconf 81' lang='lat' dir='ltr'><strong>bonus</strong></span> <span class='ocrx_word' id='word_1_117' title='bbox 1527 1482 1672 1554; x_wconf 73' lang='lat' dir='ltr'><strong>ponit</strong></span> <span class='ocrx_word' id='word_1_118' title='bbox 1715 1482 1950 1534; x_wconf 78' lang='lat' dir='ltr'><strong>animum</strong></span> <span class='ocrx_word' id='word_1_119' title='bbox 1976 1492 2130 1533; x_wconf 83' lang='lat' dir='ltr'><strong>suam</strong></span> 
     </span>
    </p>
   </div>
   <div class='ocr_carea' id='block_1_16' title="bbox 530 1567 2132 1653">
    <p class='ocr_par' dir='ltr' id='par_1_16' title="bbox 530 1567 2132 1653">
     <span class='ocr_line' id='line_1_16' title="bbox 530 1567 2132 1653; baseline -0.007 -21"><span class='ocrx_word' id='word_1_120' title='bbox 530 1596 631 1653; x_wconf 76' lang='lat' dir='ltr'><strong>pro</strong></span> <span class='ocrx_word' id='word_1_121' title='bbox 660 1578 838 1634; x_wconf 79' lang='lat' dir='ltr'><strong>atibus</strong></span> <span class='ocrx_word' id='word_1_122' title='bbox 859 1578 971 1633; x_wconf 81' lang='lat' dir='ltr'><strong>suis</strong></span> <span class='ocrx_word' id='word_1_123' title='bbox 1006 1577 1189 1649; x_wconf 80' lang='lat' dir='ltr'><strong>(Joon.</strong></span> <span class='ocrx_word' id='word_1_124' title='bbox 1222 1590 1279 1641; x_wconf 84' lang='lat' dir='ltr'><strong>x,</strong></span> <span class='ocrx_word' id='word_1_125' title='bbox 1317 1573 1427 1647; x_wconf 80' lang='lat' dir='ltr'><strong>ll).</strong></span> <span class='ocrx_word' id='word_1_126' title='bbox 1473 1573 1539 1629; x_wconf 81' lang='lat' dir='ltr'><strong>Et</strong></span> <span class='ocrx_word' id='word_1_127' title='bbox 1565 1573 1618 1627; x_wconf 88' lang='lat' dir='ltr'><strong>in</strong></span> <span class='ocrx_word' id='word_1_128' title='bbox 1656 1571 1969 1641; x_wconf 78' lang='lat' dir='ltr'><strong>Propheta:</strong></span> <span class='ocrx_word' id='word_1_129' title='bbox 2006 1567 2132 1639; x_wconf 83' lang='lat' dir='ltr'><strong>Spi—</strong></span> 
     </span>
    </p>
   </div>
   <div class='ocr_carea' id='block_1_17' title="bbox 531 1660 2124 1738">
    <p class='ocr_par' dir='ltr' id='par_1_17' title="bbox 531 1660 2124 1738">
     <span class='ocr_line' id='line_1_17' title="bbox 531 1660 2124 1738; baseline -0.008 -14"><span class='ocrx_word' id='word_1_130' title='bbox 531 1672 695 1724; x_wconf 81' lang='lat' dir='ltr'><strong>ritum</strong></span> <span class='ocrx_word' id='word_1_131' title='bbox 721 1672 935 1734; x_wconf 54' lang='lat' dir='ltr'><strong>bonam,</strong></span> <span class='ocrx_word' id='word_1_132' title='bbox 980 1677 1275 1738; x_wconf 76' lang='lat' dir='ltr'><strong>terramque</strong></span> <span class='ocrx_word' id='word_1_133' title='bbox 1308 1665 1499 1720; x_wconf 83' lang='lat' dir='ltr'><strong>bonum</strong></span> <span class='ocrx_word' id='word_1_134' title='bbox 1536 1660 1711 1737; x_wconf 70' lang='lat' dir='ltr'><strong>(Paul.</strong></span> <span class='ocrx_word' id='word_1_135' title='bbox 1743 1678 1915 1729; x_wconf 82' lang='lat' dir='ltr'><strong>cxut,</strong></span> <span class='ocrx_word' id='word_1_136' title='bbox 1950 1660 2063 1732; x_wconf 77' lang='grc'><strong>10).</strong></span> <span class='ocrx_word' id='word_1_137' title='bbox 2105 1680 2124 1711; x_wconf 74' lang='grc' dir='ltr'><strong>ι</strong></span> 
     </span>
    </p>
   </div>
   <div class='ocr_carea' id='block_1_18' title="bbox 532 1750 2129 1831">
    <p class='ocr_par' dir='ltr' id='par_1_18' title="bbox 532 1750 2129 1831">
     <span class='ocr_line' id='line_1_18' title="bbox 532 1750 2129 1831; baseline -0.007 -17"><span class='ocrx_word' id='word_1_138' title='bbox 532 1758 651 1815; x_wconf 79' lang='lat' dir='ltr'><strong>Non</strong></span> <span class='ocrx_word' id='word_1_139' title='bbox 680 1760 843 1831; x_wconf 90' lang='lat' dir='ltr'><strong>igitur</strong></span> <span class='ocrx_word' id='word_1_140' title='bbox 869 1758 1128 1812; x_wconf 84' lang='lat' dir='ltr'><strong>Dominus</strong></span> <span class='ocrx_word' id='word_1_141' title='bbox 1154 1771 1214 1812; x_wconf 88' lang='lat' dir='ltr'><strong>se</strong></span> <span class='ocrx_word' id='word_1_142' title='bbox 1242 1756 1441 1810; x_wconf 88' lang='lat' dir='ltr'><strong>bonum</strong></span> <span class='ocrx_word' id='word_1_143' title='bbox 1480 1760 1663 1825; x_wconf 85' lang='lat' dir='ltr'><strong>negat,</strong></span> <span class='ocrx_word' id='word_1_144' title='bbox 1691 1751 1787 1808; x_wconf 88' lang='lat' dir='ltr'><strong>sed</strong></span> <span class='ocrx_word' id='word_1_145' title='bbox 1812 1766 1933 1806; x_wconf 90' lang='lat' dir='ltr'><strong>esse</strong></span> <span class='ocrx_word' id='word_1_146' title='bbox 1958 1750 2129 1805; x_wconf 88' lang='lat' dir='ltr'><strong>Deum</strong></span> 
     </span>
    </p>
   </div>
   <div class='ocr_carea' id='block_1_19' title="bbox 2226 557 3832 629">
    <p class='ocr_par' dir='ltr' id='par_1_19' title="bbox 2226 557 3832 629">
     <span class='ocr_line' id='line_1_19' title="bbox 2226 557 3832 629; baseline 0 -12"><span class='ocrx_word' id='word_1_147' title='bbox 2226 562 2313 618; x_wconf 89' lang='lat' dir='ltr'><strong>nis</strong></span> <span class='ocrx_word' id='word_1_148' title='bbox 2341 569 2501 617; x_wconf 84' lang='lat' dir='ltr'><strong>utero</strong></span> <span class='ocrx_word' id='word_1_149' title='bbox 2530 558 2753 615; x_wconf 74' lang='lat' dir='ltr'><strong>Verbum</strong></span> <span class='ocrx_word' id='word_1_150' title='bbox 2767 576 2892 614; x_wconf 84' lang='lat' dir='ltr'><strong>caro</strong></span> <span class='ocrx_word' id='word_1_151' title='bbox 2905 559 3106 629; x_wconf 75' lang='lat' dir='ltr'><strong>factum</strong></span> <span class='ocrx_word' id='word_1_152' title='bbox 3119 568 3215 625; x_wconf 78' lang='lat' dir='ltr'><strong>est,</strong></span> <span class='ocrx_word' id='word_1_153' title='bbox 3244 572 3346 613; x_wconf 87' lang='lat' dir='ltr'><strong>nec.</strong></span> <span class='ocrx_word' id='word_1_154' title='bbox 3358 557 3531 614; x_wconf 86' lang='lat' dir='ltr'><strong>Deum</strong></span> <span class='ocrx_word' id='word_1_155' title='bbox 3544 558 3691 614; x_wconf 88' lang='lat' dir='ltr'><strong>illum</strong></span> <span class='ocrx_word' id='word_1_156' title='bbox 3706 558 3832 617; x_wconf 83' lang='lat' dir='ltr'><strong>sine</strong></span> 
     </span>
    </p>
   </div>
   <div class='ocr_carea' id='block_1_20' title="bbox 2226 646 3833 722">
    <p class='ocr_par' dir='ltr' id='par_1_20' title="bbox 2226 646 3833 722">
     <span class='ocr_line' id='line_1_20' title="bbox 2226 646 3833 722; baseline -0.001 -15"><span class='ocrx_word' id='word_1_157' title='bbox 2226 653 2352 717; x_wconf 90' lang='lat' dir='ltr'><strong>hoc,</strong></span> <span class='ocrx_word' id='word_1_158' title='bbox 2394 650 2540 722; x_wconf 86' lang='lat' dir='ltr'><strong>quod</strong></span> <span class='ocrx_word' id='word_1_159' title='bbox 2580 650 2744 705; x_wconf 88' lang='lat' dir='ltr'><strong>homo</strong></span> <span class='ocrx_word' id='word_1_160' title='bbox 2766 658 2879 716; x_wconf 88' lang='lat' dir='ltr'><strong>est;</strong></span> <span class='ocrx_word' id='word_1_161' title='bbox 2925 663 3026 704; x_wconf 84' lang='lat' dir='ltr'><strong>nec</strong></span> <span class='ocrx_word' id='word_1_162' title='bbox 3063 646 3340 704; x_wconf 83' lang='lat' dir='ltr'><strong>hominem</strong></span> <span class='ocrx_word' id='word_1_163' title='bbox 3378 648 3498 705; x_wconf 84' lang='lat' dir='ltr'><strong>sine</strong></span> <span class='ocrx_word' id='word_1_164' title='bbox 3535 648 3640 705; x_wconf 89' lang='lat' dir='ltr'><strong>hoc</strong></span> <span class='ocrx_word' id='word_1_165' title='bbox 3664 648 3833 705; x_wconf 86' lang='lat' dir='ltr'><strong>liceat</strong></span> 
     </span>
    </p>
   </div>
   <div class='ocr_carea' id='block_1_21' title="bbox 2228 737 3829 815">
    <p class='ocr_par' dir='ltr' id='par_1_21' title="bbox 2228 737 3829 815">
     <span class='ocr_line' id='line_1_21' title="bbox 2228 737 3829 815; baseline -0.003 -16"><span class='ocrx_word' id='word_1_166' title='bbox 2228 744 2489 815; x_wconf 79' lang='lat' dir='ltr'><strong>cogitare,</strong></span> <span class='ocrx_word' id='word_1_167' title='bbox 2521 742 2666 812; x_wconf 87' lang='lat' dir='ltr'><strong>quod</strong></span> <span class='ocrx_word' id='word_1_168' title='bbox 2690 741 2836 798; x_wconf 89' lang='lat' dir='ltr'><strong>Deus</strong></span> <span class='ocrx_word' id='word_1_169' title='bbox 2863 749 2963 797; x_wconf 88' lang='lat' dir='ltr'><strong>est.</strong></span> <span class='ocrx_word' id='word_1_170' title='bbox 2996 739 3249 797; x_wconf 80' lang='lat' dir='ltr'><strong>Ostendit</strong></span> <span class='ocrx_word' id='word_1_171' title='bbox 3270 738 3356 813; x_wconf 78' lang='lat'><strong>[8.</strong></span> <span class='ocrx_word' id='word_1_172' title='bbox 3390 737 3515 806; x_wconf 83' lang='lat' dir='ltr'><strong>Leo,</strong></span> <span class='ocrx_word' id='word_1_173' title='bbox 3547 738 3829 813; x_wconf 76' lang='lat' dir='ltr'><strong>exprimit]</strong></span> 
     </span>
    </p>
   </div>
   <div class='ocr_carea' id='block_1_22' title="bbox 2229 831 3831 908">
    <p class='ocr_par' dir='ltr' id='par_1_22' title="bbox 2229 831 3831 908">
     <span class='ocr_line' id='line_1_22' title="bbox 2229 831 3831 908; baseline -0.003 -17"><span class='ocrx_word' id='word_1_174' title='bbox 2229 836 2449 908; x_wconf 72' lang='lat' dir='ltr'><strong>quidem</strong></span> <span class='ocrx_word' id='word_1_175' title='bbox 2502 835 2603 889; x_wconf 89' lang='lat' dir='ltr'><strong>sub</strong></span> <span class='ocrx_word' id='word_1_176' title='bbox 2660 834 2935 890; x_wconf 80' lang='lat' dir='ltr'><strong>distinctis</strong></span> <span class='ocrx_word' id='word_1_177' title='bbox 2978 832 3285 889; x_wconf 78' lang='lat' dir='ltr'><strong>actionibus</strong></span> <span class='ocrx_word' id='word_1_178' title='bbox 3327 831 3619 888; x_wconf 77' lang='lat' dir='ltr'><strong>veritatem</strong></span> <span class='ocrx_word' id='word_1_179' title='bbox 3677 847 3831 887; x_wconf 89' lang='lat' dir='ltr'><strong>suam</strong></span> 
     </span>
    </p>
   </div>
   <div class='ocr_carea' id='block_1_23' title="bbox 2230 922 3835 999">
    <p class='ocr_par' dir='ltr' id='par_1_23' title="bbox 2230 922 3835 999">
     <span class='ocr_line' id='line_1_23' title="bbox 2230 922 3835 999; baseline -0.003 -17"><span class='ocrx_word' id='word_1_180' title='bbox 2230 938 2465 999; x_wconf 86' lang='lat' dir='ltr'><strong>utraque</strong></span> <span class='ocrx_word' id='word_1_181' title='bbox 2490 933 2712 989; x_wconf 84' lang='lat' dir='ltr'><strong>natura,</strong></span> <span class='ocrx_word' id='word_1_182' title='bbox 2744 924 2842 980; x_wconf 88' lang='lat' dir='ltr'><strong>sed</strong></span> <span class='ocrx_word' id='word_1_183' title='bbox 2887 931 3081 979; x_wconf 89' lang='lat' dir='ltr'><strong>neutra</strong></span> <span class='ocrx_word' id='word_1_184' title='bbox 3122 938 3180 977; x_wconf 89' lang='lat' dir='ltr'><strong>se</strong></span> <span class='ocrx_word' id='word_1_185' title='bbox 3224 923 3292 977; x_wconf 89' lang='lat' dir='ltr'><strong>ab</strong></span> <span class='ocrx_word' id='word_1_186' title='bbox 3340 922 3570 978; x_wconf 88' lang='lat' dir='ltr'><strong>alterius</strong></span> <span class='ocrx_word' id='word_1_187' title='bbox 3604 922 3835 989; x_wconf 72' lang='lat' dir='ltr'><strong>conjun-</strong></span> 
     </span>
    </p>
   </div>
   <div class='ocr_carea' id='block_1_24' title="bbox 2228 1012 3830 1087">
    <p class='ocr_par' dir='ltr' id='par_1_24' title="bbox 2228 1012 3830 1087">
     <span class='ocr_line' id='line_1_24' title="bbox 2228 1012 3830 1087; baseline -0.006 -11"><span class='ocrx_word' id='word_1_188' title='bbox 2228 1020 2410 1077; x_wconf 87' lang='lat' dir='ltr'><strong>ctione</strong></span> <span class='ocrx_word' id='word_1_189' title='bbox 2438 1016 2719 1087; x_wconf 84' lang='lat' dir='ltr'><strong>disiungit.</strong></span> <span class='ocrx_word' id='word_1_190' title='bbox 2758 1014 2901 1071; x_wconf 79' lang='lat' dir='ltr'><strong>Nihil</strong></span> <span class='ocrx_word' id='word_1_191' title='bbox 2928 1013 3000 1069; x_wconf 90' lang='lat' dir='ltr'><strong>ibi</strong></span> <span class='ocrx_word' id='word_1_192' title='bbox 3027 1014 3097 1069; x_wconf 91' lang='lat' dir='ltr'><strong>ad</strong></span> <span class='ocrx_word' id='word_1_193' title='bbox 3119 1014 3352 1069; x_wconf 85' lang='lat' dir='ltr'><strong>invicem</strong></span> <span class='ocrx_word' id='word_1_194' title='bbox 3382 1012 3621 1068; x_wconf 80' lang='lat' dir='ltr'><strong>alienum</strong></span> <span class='ocrx_word' id='word_1_195' title='bbox 3651 1022 3830 1067; x_wconf 82' lang='lat' dir='ltr'><strong>vacat.</strong></span> 
     </span>
    </p>
   </div>
   <div class='ocr_carea' id='block_1_25' title="bbox 2230 1108 3832 1179">
    <p class='ocr_par' dir='ltr' id='par_1_25' title="bbox 2230 1108 3832 1179">
     <span class='ocr_line' id='line_1_25' title="bbox 2230 1108 3832 1179; baseline -0.002 -12"><span class='ocrx_word' id='word_1_196' title='bbox 2230 1111 2345 1167; x_wconf 87' lang='lat' dir='ltr'><strong>Nec</strong></span> <span class='ocrx_word' id='word_1_197' title='bbox 2382 1111 2529 1167; x_wconf 90' lang='lat' dir='ltr'><strong>enim</strong></span> <span class='ocrx_word' id='word_1_198' title='bbox 2555 1108 2815 1166; x_wconf 79' lang='lat' dir='ltr'><strong>divinitas</strong></span> <span class='ocrx_word' id='word_1_199' title='bbox 2853 1109 3053 1164; x_wconf 63' lang='lat' dir='ltr'><strong>animat</strong></span> <span class='ocrx_word' id='word_1_200' title='bbox 3084 1108 3322 1163; x_wconf 89' lang='lat' dir='ltr'><strong>tristanti</strong></span> <span class='ocrx_word' id='word_1_201' title='bbox 3352 1118 3478 1163; x_wconf 90' lang='lat' dir='ltr'><strong>ante</strong></span> <span class='ocrx_word' id='word_1_202' title='bbox 3520 1109 3832 1179; x_wconf 85' lang='lat' dir='ltr'><strong>passionem</strong></span> 
     </span>
    </p>
   </div>
   <div class='ocr_carea' id='block_1_26' title="bbox 2232 1203 3836 1275">
    <p class='ocr_par' dir='ltr' id='par_1_26' title="bbox 2232 1203 3836 1275">
     <span class='ocr_line' id='line_1_26' title="bbox 2232 1203 3836 1275; baseline -0.004 -10"><span class='ocrx_word' id='word_1_203' title='bbox 2232 1208 2425 1275; x_wconf 82' lang='lat' dir='ltr'><strong>defuit,</strong></span> <span class='ocrx_word' id='word_1_204' title='bbox 2454 1223 2556 1264; x_wconf 89' lang='lat' dir='ltr'><strong>nec</strong></span> <span class='ocrx_word' id='word_1_205' title='bbox 2593 1221 2817 1263; x_wconf 88' lang='lat' dir='ltr'><strong>carnem</strong></span> <span class='ocrx_word' id='word_1_206' title='bbox 2845 1221 2998 1261; x_wconf 90' lang='lat' dir='ltr'><strong>suam</strong></span> <span class='ocrx_word' id='word_1_207' title='bbox 3030 1205 3085 1260; x_wconf 89' lang='lat' dir='ltr'><strong>in</strong></span> <span class='ocrx_word' id='word_1_208' title='bbox 3127 1203 3380 1275; x_wconf 86' lang='lat' dir='ltr'><strong>passione</strong></span> <span class='ocrx_word' id='word_1_209' title='bbox 3406 1204 3665 1259; x_wconf 85' lang='lat' dir='ltr'><strong>deseruit.</strong></span> <span class='ocrx_word' id='word_1_210' title='bbox 3697 1204 3836 1259; x_wconf 88' lang='lat' dir='ltr'><strong>Tota</strong></span> 
     </span>
    </p>
   </div>
   <div class='ocr_carea' id='block_1_27' title="bbox 2232 1295 3837 1369">
    <p class='ocr_par' dir='ltr' id='par_1_27' title="bbox 2232 1295 3837 1369">
     <span class='ocr_line' id='line_1_27' title="bbox 2232 1295 3837 1369; baseline -0.006 -10"><span class='ocrx_word' id='word_1_211' title='bbox 2232 1313 2317 1359; x_wconf 91' lang='lat' dir='ltr'><strong>est</strong></span> <span class='ocrx_word' id='word_1_212' title='bbox 2352 1303 2407 1358; x_wconf 89' lang='lat' dir='ltr'><strong>in</strong></span> <span class='ocrx_word' id='word_1_213' title='bbox 2446 1299 2735 1369; x_wconf 84' lang='lat' dir='ltr'><strong>majestate</strong></span> <span class='ocrx_word' id='word_1_214' title='bbox 2776 1297 3078 1363; x_wconf 84' lang='lat' dir='ltr'><strong>humilitas,</strong></span> <span class='ocrx_word' id='word_1_215' title='bbox 3116 1305 3230 1351; x_wconf 83' lang='lat' dir='ltr'><strong>tota</strong></span> <span class='ocrx_word' id='word_1_216' title='bbox 3280 1296 3334 1350; x_wconf 92' lang='lat' dir='ltr'><strong>in</strong></span> <span class='ocrx_word' id='word_1_217' title='bbox 3372 1295 3678 1350; x_wconf 82' lang='lat' dir='ltr'><strong>humilitate</strong></span> <span class='ocrx_word' id='word_1_218' title='bbox 3720 1311 3837 1350; x_wconf 89' lang='lat' dir='ltr'><strong>ma-</strong></span> 
     </span>
    </p>
   </div>
   <div class='ocr_carea' id='block_1_28' title="bbox 2225 1385 3838 1462">
    <p class='ocr_par' dir='ltr' id='par_1_28' title="bbox 2225 1385 3838 1462">
     <span class='ocr_line' id='line_1_28' title="bbox 2225 1385 3838 1462; baseline -0.004 -12"><span class='ocrx_word' id='word_1_219' title='bbox 2225 1392 2418 1462; x_wconf 87' lang='lat' dir='ltr'><strong>iestas.</strong></span> <span class='ocrx_word' id='word_1_220' title='bbox 2475 1391 2685 1448; x_wconf 83' lang='lat' dir='ltr'><strong>Idcirco</strong></span> <span class='ocrx_word' id='word_1_221' title='bbox 2730 1389 2974 1460; x_wconf 80' lang='lat' dir='ltr'><strong>ejusdem</strong></span> <span class='ocrx_word' id='word_1_222' title='bbox 3020 1401 3106 1444; x_wconf 80' lang='lat' dir='ltr'><strong>eSt</strong></span> <span class='ocrx_word' id='word_1_223' title='bbox 3148 1386 3507 1453; x_wconf 88' lang='lat' dir='ltr'><strong>contumelia,</strong></span> <span class='ocrx_word' id='word_1_224' title='bbox 3555 1385 3712 1456; x_wconf 86' lang='lat' dir='ltr'><strong>cujus</strong></span> <span class='ocrx_word' id='word_1_225' title='bbox 3750 1396 3838 1443; x_wconf 89' lang='lat' dir='ltr'><strong>est</strong></span> 
     </span>
    </p>
   </div>
   <div class='ocr_carea' id='block_1_29' title="bbox 2233 1480 3833 1557">
    <p class='ocr_par' dir='ltr' id='par_1_29' title="bbox 2233 1480 3833 1557">
     <span class='ocr_line' id='line_1_29' title="bbox 2233 1480 3833 1557; baseline -0.003 -19"><span class='ocrx_word' id='word_1_226' title='bbox 2233 1485 2425 1557; x_wconf 82' lang='lat' dir='ltr'><strong>gloria.</strong></span> <span class='ocrx_word' id='word_1_227' title='bbox 2472 1483 2595 1555; x_wconf 85' lang='lat' dir='ltr'><strong>Ipse</strong></span> <span class='ocrx_word' id='word_1_228' title='bbox 2634 1491 2719 1538; x_wconf 91' lang='lat' dir='ltr'><strong>est</strong></span> <span class='ocrx_word' id='word_1_229' title='bbox 2759 1482 2815 1537; x_wconf 93' lang='lat' dir='ltr'><strong>in</strong></span> <span class='ocrx_word' id='word_1_230' title='bbox 2862 1480 3200 1545; x_wconf 75' lang='lat' dir='ltr'><strong>infirmitate,</strong></span> <span class='ocrx_word' id='word_1_231' title='bbox 3251 1480 3344 1550; x_wconf 87' lang='lat' dir='ltr'><strong>qui</strong></span> <span class='ocrx_word' id='word_1_232' title='bbox 3389 1488 3445 1534; x_wconf 93' lang='lat' dir='ltr'><strong>et</strong></span> <span class='ocrx_word' id='word_1_233' title='bbox 3482 1480 3537 1534; x_wconf 90' lang='lat' dir='ltr'><strong>in</strong></span> <span class='ocrx_word' id='word_1_234' title='bbox 3584 1480 3833 1536; x_wconf 86' lang='lat' dir='ltr'><strong>virtute:</strong></span> 
     </span>
    </p>
   </div>
   <div class='ocr_carea' id='block_1_30' title="bbox 2233 1569 3839 1646">
    <p class='ocr_par' dir='ltr' id='par_1_30' title="bbox 2233 1569 3839 1646">
     <span class='ocr_line' id='line_1_30' title="bbox 2233 1569 3839 1646; baseline -0.004 -14"><span class='ocrx_word' id='word_1_235' title='bbox 2233 1576 2377 1632; x_wconf 88' lang='lat' dir='ltr'><strong>idem</strong></span> <span class='ocrx_word' id='word_1_236' title='bbox 2402 1574 2599 1631; x_wconf 87' lang='lat' dir='ltr'><strong>mortis</strong></span> <span class='ocrx_word' id='word_1_237' title='bbox 2637 1588 2831 1646; x_wconf 80' lang='lat' dir='ltr'><strong>capax,</strong></span> <span class='ocrx_word' id='word_1_238' title='bbox 2858 1580 2917 1626; x_wconf 83' lang='lat' dir='ltr'><strong>et</strong></span> <span class='ocrx_word' id='word_1_239' title='bbox 2950 1570 3091 1626; x_wconf 88' lang='lat' dir='ltr'><strong>idem</strong></span> <span class='ocrx_word' id='word_1_240' title='bbox 3123 1571 3295 1626; x_wconf 89' lang='lat' dir='ltr'><strong>victor</strong></span> <span class='ocrx_word' id='word_1_241' title='bbox 3320 1578 3407 1625; x_wconf 89' lang='lat' dir='ltr'><strong>est</strong></span> <span class='ocrx_word' id='word_1_242' title='bbox 3443 1570 3656 1626; x_wconf 89' lang='lat' dir='ltr'><strong>mortis.</strong></span> <span class='ocrx_word' id='word_1_243' title='bbox 3701 1569 3839 1625; x_wconf 82' lang='lat' dir='ltr'><strong>Sus-</strong></span> 
     </span>
    </p>
   </div>
   <div class='ocr_carea' id='block_1_31' title="bbox 2233 1657 3835 1737">
    <p class='ocr_par' dir='ltr' id='par_1_31' title="bbox 2233 1657 3835 1737">
     <span class='ocr_line' id='line_1_31' title="bbox 2233 1657 3835 1737; baseline -0.004 -15"><span class='ocrx_word' id='word_1_244' title='bbox 2233 1666 2374 1737; x_wconf 88' lang='lat' dir='ltr'><strong>cepit</strong></span> <span class='ocrx_word' id='word_1_245' title='bbox 2410 1678 2542 1735; x_wconf 84' lang='lat' dir='ltr'><strong>ergo</strong></span> <span class='ocrx_word' id='word_1_246' title='bbox 2581 1670 2752 1719; x_wconf 90' lang='lat' dir='ltr'><strong>totum</strong></span> <span class='ocrx_word' id='word_1_247' title='bbox 2797 1661 3075 1717; x_wconf 87' lang='lat' dir='ltr'><strong>hominem</strong></span> <span class='ocrx_word' id='word_1_248' title='bbox 3120 1657 3286 1725; x_wconf 87' lang='lat' dir='ltr'><strong>Dens,</strong></span> <span class='ocrx_word' id='word_1_249' title='bbox 3324 1668 3377 1715; x_wconf 90' lang='lat' dir='ltr'><strong>et</strong></span> <span class='ocrx_word' id='word_1_250' title='bbox 3412 1662 3491 1733; x_wconf 87' lang='lat' dir='ltr'><strong>ita</strong></span> <span class='ocrx_word' id='word_1_251' title='bbox 3524 1675 3583 1716; x_wconf 89' lang='lat' dir='ltr'><strong>se</strong></span> <span class='ocrx_word' id='word_1_252' title='bbox 3628 1659 3707 1715; x_wconf 89' lang='lat' dir='ltr'><strong>illi</strong></span> <span class='ocrx_word' id='word_1_253' title='bbox 3746 1670 3835 1715; x_wconf 84' lang='lat' dir='ltr'><strong>at-</strong></span> 
     </span>
    </p>
   </div>
   <div class='ocr_carea' id='block_1_32' title="bbox 2237 1751 3837 1826">
    <p class='ocr_par' dir='ltr' id='par_1_32' title="bbox 2237 1751 3837 1826">
     <span class='ocr_line' id='line_1_32' title="bbox 2237 1751 3837 1826; baseline -0.001 -15"><span class='ocrx_word' id='word_1_254' title='bbox 2237 1770 2344 1826; x_wconf 84' lang='lat' dir='ltr'><strong>que</strong></span> <span class='ocrx_word' id='word_1_255' title='bbox 2396 1754 2549 1811; x_wconf 84' lang='lat' dir='ltr'><strong>illum</strong></span> <span class='ocrx_word' id='word_1_256' title='bbox 2612 1754 2714 1810; x_wconf 88' lang='lat' dir='ltr'><strong>sibi</strong></span> <span class='ocrx_word' id='word_1_257' title='bbox 2755 1751 3146 1809; x_wconf 69' lang='lat' dir='ltr'><strong>misericordiae</strong></span> <span class='ocrx_word' id='word_1_258' title='bbox 3194 1760 3251 1807; x_wconf 90' lang='lat' dir='ltr'><strong>et</strong></span> <span class='ocrx_word' id='word_1_259' title='bbox 3293 1753 3583 1823; x_wconf 87' lang='lat' dir='ltr'><strong>potestatis</strong></span> <span class='ocrx_word' id='word_1_260' title='bbox 3618 1753 3837 1811; x_wconf 84' lang='lat' dir='ltr'><strong>ratione</strong></span> 
     </span>
    </p>
   </div>
   <div class='ocr_carea' id='block_1_33' title="bbox 532 1837 3838 1924">
    <p class='ocr_par' dir='ltr' id='par_1_33' title="bbox 532 1837 3838 1924">
     <span class='ocr_line' id='line_1_33' title="bbox 532 1837 3838 1924; baseline -0.003 -15"><span class='ocrx_word' id='word_1_261' title='bbox 532 1851 827 1924; x_wconf 83' lang='lat' dir='ltr'><strong>signiﬁcat.</strong></span> <span class='ocrx_word' id='word_1_262' title='bbox 865 1849 982 1905; x_wconf 81' lang='lat' dir='ltr'><strong>Non</strong></span> <span class='ocrx_word' id='word_1_263' title='bbox 1014 1864 1074 1904; x_wconf 81' lang='lat' dir='ltr'><strong>se</strong></span> <span class='ocrx_word' id='word_1_264' title='bbox 1117 1849 1441 1920; x_wconf 78' lang='lat' dir='ltr'><strong>magistrum</strong></span> <span class='ocrx_word' id='word_1_265' title='bbox 1470 1845 1672 1900; x_wconf 77' lang='lat' dir='ltr'><strong>bonum</strong></span> <span class='ocrx_word' id='word_1_266' title='bbox 1702 1857 1811 1898; x_wconf 79' lang='lat' dir='ltr'><strong>non</strong></span> <span class='ocrx_word' id='word_1_267' title='bbox 1836 1856 1957 1897; x_wconf 76' lang='lat' dir='ltr'><strong>esse</strong></span> <span class='ocrx_word' id='word_1_268' title='bbox 1977 1882 1992 1906; x_wconf 68' lang='grc' dir='ltr'><strong>ν</strong></span> <span class='ocrx_word' id='word_1_269' title='bbox 2036 1838 2131 1896; x_wconf 86' lang='lat' dir='ltr'><strong>sed</strong></span> <span class='ocrx_word' id='word_1_270' title='bbox 2165 1837 2208 1897; x_wconf 81' lang='grc' dir='ltr'><strong>Β</strong></span> <span class='ocrx_word' id='word_1_271' title='bbox 2238 1846 2539 1911; x_wconf 87' lang='lat' dir='ltr'><strong>conseruit,</strong></span> <span class='ocrx_word' id='word_1_272' title='bbox 2567 1854 2627 1901; x_wconf 88' lang='lat' dir='ltr'><strong>ut</strong></span> <span class='ocrx_word' id='word_1_273' title='bbox 2654 1853 2889 1917; x_wconf 86' lang='lat' dir='ltr'><strong>utraque</strong></span> <span class='ocrx_word' id='word_1_274' title='bbox 2913 1843 3068 1899; x_wconf 86' lang='lat' dir='ltr'><strong>alteri</strong></span> <span class='ocrx_word' id='word_1_275' title='bbox 3102 1851 3296 1899; x_wconf 88' lang='lat' dir='ltr'><strong>natura</strong></span> <span class='ocrx_word' id='word_1_276' title='bbox 3335 1844 3569 1911; x_wconf 83' lang='lat' dir='ltr'><strong>inesset,</strong></span> <span class='ocrx_word' id='word_1_277' title='bbox 3616 1853 3673 1900; x_wconf 90' lang='lat' dir='ltr'><strong>et</strong></span> <span class='ocrx_word' id='word_1_278' title='bbox 3700 1860 3838 1899; x_wconf 88' lang='lat' dir='ltr'><strong>neu-</strong></span> 
     </span>
    </p>
   </div>
   <div class='ocr_carea' id='block_1_34' title="bbox 535 1935 2127 2014">
    <p class='ocr_par' dir='ltr' id='par_1_34' title="bbox 535 1935 2127 2014">
     <span class='ocr_line' id='line_1_34' title="bbox 535 1935 2127 2014; baseline -0.01 -16"><span class='ocrx_word' id='word_1_279' title='bbox 535 1944 858 2014; x_wconf 76' lang='lat' dir='ltr'><strong>magistrum</strong></span> <span class='ocrx_word' id='word_1_280' title='bbox 900 1942 1104 2010; x_wconf 69' lang='lat' dir='ltr'><strong>alisque</strong></span> <span class='ocrx_word' id='word_1_281' title='bbox 1128 1938 1242 1994; x_wconf 87' lang='lat' dir='ltr'><strong>Deo</strong></span> <span class='ocrx_word' id='word_1_282' title='bbox 1266 1937 1471 1991; x_wconf 91' lang='lat' dir='ltr'><strong>nullum</strong></span> <span class='ocrx_word' id='word_1_283' title='bbox 1501 1935 1705 1990; x_wconf 89' lang='lat' dir='ltr'><strong>bonum</strong></span> <span class='ocrx_word' id='word_1_284' title='bbox 1728 1947 1849 1989; x_wconf 84' lang='lat' dir='ltr'><strong>esse.</strong></span> <span class='ocrx_word' id='word_1_285' title='bbox 1873 1939 2127 1987; x_wconf 87' lang='lat' dir='ltr'><strong>testatur.</strong></span> 
     </span>
    </p>
   </div>
   <div class='ocr_carea' id='block_1_35' title="bbox 616 2023 2133 2103">
    <p class='ocr_par' dir='ltr' id='par_1_35' title="bbox 616 2023 2133 2103">
     <span class='ocr_line' id='line_1_35' title="bbox 616 2023 2133 2103; baseline -0.008 -14"><span class='ocrx_word' id='word_1_286' title='bbox 616 2034 705 2089; x_wconf 76' lang='lat' dir='ltr'><strong>XI.</strong></span> <span class='ocrx_word' id='word_1_287' title='bbox 745 2032 919 2088; x_wconf 74' lang='lat' dir='ltr'><strong>Addis</strong></span> <span class='ocrx_word' id='word_1_288' title='bbox 939 2045 1173 2103; x_wconf 89' lang='lat' dir='ltr'><strong>quoque,</strong></span> <span class='ocrx_word' id='word_1_289' title='bbox 1206 2030 1297 2084; x_wconf 90' lang='lat' dir='ltr'><strong>ubi</strong></span> <span class='ocrx_word' id='word_1_290' title='bbox 1326 2029 1395 2084; x_wconf 86' lang='lat' dir='ltr'><strong>de</strong></span> <span class='ocrx_word' id='word_1_291' title='bbox 1430 2026 1640 2083; x_wconf 89' lang='lat' dir='ltr'><strong>duabus</strong></span> <span class='ocrx_word' id='word_1_292' title='bbox 1685 2026 1740 2081; x_wconf 90' lang='lat' dir='ltr'><strong>in</strong></span> <span class='ocrx_word' id='word_1_293' title='bbox 1782 2023 2001 2081; x_wconf 86' lang='lat' dir='ltr'><strong>Christo</strong></span> <span class='ocrx_word' id='word_1_294' title='bbox 2033 2038 2133 2077; x_wconf 87' lang='lat' dir='ltr'><strong>na-</strong></span> 
     </span>
    </p>
   </div>
   <div class='ocr_carea' id='block_1_36' title="bbox 536 2117 2130 2199">
    <p class='ocr_par' dir='ltr' id='par_1_36' title="bbox 536 2117 2130 2199">
     <span class='ocr_line' id='line_1_36' title="bbox 536 2117 2130 2199; baseline -0.008 -16"><span class='ocrx_word' id='word_1_295' title='bbox 536 2129 676 2183; x_wconf 85' lang='lat' dir='ltr'><strong>turis</strong></span> <span class='ocrx_word' id='word_1_296' title='bbox 704 2127 949 2199; x_wconf 83' lang='lat' dir='ltr'><strong>disputas</strong></span> <span class='ocrx_word' id='word_1_297' title='bbox 978 2144 991 2180; x_wconf 87' lang='lat'><strong>:</strong></span> <span class='ocrx_word' id='word_1_298' title='bbox 1049 2145 1067 2175; x_wconf 71' lang='lat' dir='ltr'><strong>c</strong></span> <span class='ocrx_word' id='word_1_299' title='bbox 1100 2121 1455 2195; x_wconf 85' lang='lat' dir='ltr'><strong>lmpassibilis</strong></span> <span class='ocrx_word' id='word_1_300' title='bbox 1490 2121 1546 2176; x_wconf 91' lang='lat' dir='ltr'><strong>in</strong></span> <span class='ocrx_word' id='word_1_301' title='bbox 1590 2135 1712 2185; x_wconf 90' lang='lat' dir='ltr'><strong>suo,</strong></span> <span class='ocrx_word' id='word_1_302' title='bbox 1756 2117 2035 2189; x_wconf 88' lang='lat' dir='ltr'><strong>passibilis</strong></span> <span class='ocrx_word' id='word_1_303' title='bbox 2074 2117 2130 2172; x_wconf 92' lang='lat' dir='ltr'><strong>in</strong></span> 
     </span>
    </p>
   </div>
   <div class='ocr_carea' id='block_1_37' title="bbox 535 2206 2131 2287">
    <p class='ocr_par' dir='ltr' id='par_1_37' title="bbox 535 2206 2131 2287">
     <span class='ocr_line' id='line_1_37' title="bbox 535 2206 2131 2287; baseline -0.008 -13"><span class='ocrx_word' id='word_1_304' title='bbox 535 2219 734 2277; x_wconf 87' lang='lat' dir='ltr'><strong>alieno.</strong></span> <span class='ocrx_word' id='word_1_305' title='bbox 774 2238 792 2271; x_wconf 72' lang='grc' dir='ltr'><strong><em>ι</em></strong></span> <span class='ocrx_word' id='word_1_306' title='bbox 832 2216 972 2287; x_wconf 83' lang='lat' dir='ltr'><strong>Quid</strong></span> <span class='ocrx_word' id='word_1_307' title='bbox 999 2215 1137 2271; x_wconf 89' lang='lat' dir='ltr'><strong>dicis</strong></span> <span class='ocrx_word' id='word_1_308' title='bbox 1171 2214 1408 2271; x_wconf 88' lang='lat' dir='ltr'><strong>alienum</strong></span> <span class='ocrx_word' id='word_1_309' title='bbox 1456 2227 1578 2268; x_wconf 89' lang='lat' dir='ltr'><strong>esse</strong></span> <span class='ocrx_word' id='word_1_310' title='bbox 1627 2210 1722 2267; x_wconf 89' lang='lat' dir='ltr'><strong>Dei</strong></span> <span class='ocrx_word' id='word_1_311' title='bbox 1759 2208 1899 2265; x_wconf 78' lang='lat' dir='ltr'><strong>Filio</strong></span> <span class='ocrx_word' id='word_1_312' title='bbox 1939 2209 1995 2265; x_wconf 89' lang='lat' dir='ltr'><strong>in</strong></span> <span class='ocrx_word' id='word_1_313' title='bbox 2039 2206 2131 2263; x_wconf 87' lang='lat' dir='ltr'><strong>illa</strong></span> 
     </span>
    </p>
   </div>
   <div class='ocr_carea' id='block_1_38' title="bbox 532 2299 2137 2376">
    <p class='ocr_par' dir='ltr' id='par_1_38' title="bbox 532 2299 2137 2376">
     <span class='ocr_line' id='line_1_38' title="bbox 532 2299 2137 2376; baseline -0.008 -8"><span class='ocrx_word' id='word_1_314' title='bbox 532 2308 879 2369; x_wconf 77' lang='lat' dir='ltr'><strong>susceptione</strong></span> <span class='ocrx_word' id='word_1_315' title='bbox 906 2306 1285 2372; x_wconf 77' lang='lat' dir='ltr'><strong>humanitatis,</strong></span> <span class='ocrx_word' id='word_1_316' title='bbox 1332 2320 1455 2376; x_wconf 75' lang='lat' dir='ltr'><strong>qua:</strong></span> <span class='ocrx_word' id='word_1_317' title='bbox 1485 2304 1542 2359; x_wconf 91' lang='lat' dir='ltr'><strong>in</strong></span> <span class='ocrx_word' id='word_1_318' title='bbox 1571 2310 1779 2358; x_wconf 81' lang='lat' dir='ltr'><strong>tantam</strong></span> <span class='ocrx_word' id='word_1_319' title='bbox 1803 2308 1860 2360; x_wconf 87' lang='lat' dir='ltr'><strong>et</strong></span> <span class='ocrx_word' id='word_1_320' title='bbox 1891 2308 2002 2356; x_wconf 89' lang='lat' dir='ltr'><strong>tam</strong></span> <span class='ocrx_word' id='word_1_321' title='bbox 2031 2299 2137 2356; x_wconf 85' lang='lat' dir='ltr'><strong>mi-</strong></span> 
     </span>
    </p>
   </div>
   <div class='ocr_carea' id='block_1_39' title="bbox 535 2394 2137 2468">
    <p class='ocr_par' dir='ltr' id='par_1_39' title="bbox 535 2394 2137 2468">
     <span class='ocr_line' id='line_1_39' title="bbox 535 2394 2137 2468; baseline -0.005 -11"><span class='ocrx_word' id='word_1_322' title='bbox 535 2399 765 2457; x_wconf 83' lang='lat' dir='ltr'><strong>rabilem</strong></span> <span class='ocrx_word' id='word_1_323' title='bbox 808 2414 935 2456; x_wconf 86' lang='lat' dir='ltr'><strong>eum</strong></span> <span class='ocrx_word' id='word_1_324' title='bbox 984 2398 1080 2454; x_wconf 87' lang='lat' dir='ltr'><strong>Dei</strong></span> <span class='ocrx_word' id='word_1_325' title='bbox 1119 2396 1256 2453; x_wconf 77' lang='lat' dir='ltr'><strong>Filio</strong></span> <span class='ocrx_word' id='word_1_326' title='bbox 1294 2404 1573 2468; x_wconf 84' lang='lat' dir='ltr'><strong>assumpta</strong></span> <span class='ocrx_word' id='word_1_327' title='bbox 1617 2400 1699 2451; x_wconf 90' lang='lat' dir='ltr'><strong>est</strong></span> <span class='ocrx_word' id='word_1_328' title='bbox 1737 2394 2028 2459; x_wconf 89' lang='lat' dir='ltr'><strong>unitatem,</strong></span> <span class='ocrx_word' id='word_1_329' title='bbox 2073 2400 2137 2449; x_wconf 89' lang='lat' dir='ltr'><strong>ut</strong></span> 
     </span>
    </p>
   </div>
   <div class='ocr_carea' id='block_1_40' title="bbox 536 2482 2133 2558">
    <p class='ocr_par' dir='ltr' id='par_1_40' title="bbox 536 2482 2133 2558">
     <span class='ocr_line' id='line_1_40' title="bbox 536 2482 2133 2558; baseline -0.006 -11"><span class='ocrx_word' id='word_1_330' title='bbox 536 2508 678 2547; x_wconf 86' lang='lat' dir='ltr'><strong>unus</strong></span> <span class='ocrx_word' id='word_1_331' title='bbox 705 2500 874 2558; x_wconf 86' lang='lat' dir='ltr'><strong>esset,</strong></span> <span class='ocrx_word' id='word_1_332' title='bbox 903 2505 1010 2546; x_wconf 86' lang='lat' dir='ltr'><strong>non</strong></span> <span class='ocrx_word' id='word_1_333' title='bbox 1036 2488 1183 2544; x_wconf 85' lang='lat' dir='ltr'><strong>duo?</strong></span> <span class='ocrx_word' id='word_1_334' title='bbox 1217 2487 1365 2543; x_wconf 84' lang='lat' dir='ltr'><strong>Idem</strong></span> <span class='ocrx_word' id='word_1_335' title='bbox 1400 2486 1456 2542; x_wconf 92' lang='lat' dir='ltr'><strong>in</strong></span> <span class='ocrx_word' id='word_1_336' title='bbox 1488 2484 1790 2541; x_wconf 85' lang='lat' dir='ltr'><strong>divinitatis</strong></span> <span class='ocrx_word' id='word_1_337' title='bbox 1818 2482 2011 2555; x_wconf 78' lang='lat' dir='ltr'><strong>gloria,</strong></span> <span class='ocrx_word' id='word_1_338' title='bbox 2038 2482 2133 2555; x_wconf 85' lang='lat' dir='ltr'><strong>qui</strong></span> 
     </span>
    </p>
   </div>
   <div class='ocr_carea' id='block_1_41' title="bbox 534 2574 2134 2645">
    <p class='ocr_par' dir='ltr' id='par_1_41' title="bbox 534 2574 2134 2645">
     <span class='ocr_line' id='line_1_41' title="bbox 534 2574 2134 2645; baseline -0.006 -7"><span class='ocrx_word' id='word_1_339' title='bbox 534 2584 677 2638; x_wconf 85' lang='lat' dir='ltr'><strong>etin</strong></span> <span class='ocrx_word' id='word_1_340' title='bbox 707 2581 1065 2639; x_wconf 81' lang='lat' dir='ltr'><strong>humanitatis</strong></span> <span class='ocrx_word' id='word_1_341' title='bbox 1108 2578 1451 2644; x_wconf 82' lang='lat' dir='ltr'><strong>inﬁrmitate,</strong></span> <span class='ocrx_word' id='word_1_342' title='bbox 1488 2577 1632 2633; x_wconf 89' lang='lat' dir='ltr'><strong>idem</strong></span> <span class='ocrx_word' id='word_1_343' title='bbox 1673 2574 1843 2631; x_wconf 87' lang='lat' dir='ltr'><strong>Filius</strong></span> <span class='ocrx_word' id='word_1_344' title='bbox 1871 2574 1992 2641; x_wconf 88' lang='lat' dir='ltr'><strong>Dei,</strong></span> <span class='ocrx_word' id='word_1_345' title='bbox 2039 2574 2134 2645; x_wconf 79' lang='lat' dir='ltr'><strong>qui</strong></span> 
     </span>
    </p>
   </div>
   <div class='ocr_carea' id='block_1_42' title="bbox 535 2666 2135 2740">
    <p class='ocr_par' dir='ltr' id='par_1_42' title="bbox 535 2666 2135 2740">
     <span class='ocr_line' id='line_1_42' title="bbox 535 2666 2135 2740; baseline -0.008 -6"><span class='ocrx_word' id='word_1_346' title='bbox 535 2686 595 2736; x_wconf 83' lang='lat' dir='ltr'><strong>et</strong></span> <span class='ocrx_word' id='word_1_347' title='bbox 630 2677 775 2733; x_wconf 80' lang='lat' dir='ltr'><strong>ﬁlius</strong></span> <span class='ocrx_word' id='word_1_348' title='bbox 816 2675 1073 2737; x_wconf 91' lang='lat' dir='ltr'><strong>hominis,</strong></span> <span class='ocrx_word' id='word_1_349' title='bbox 1103 2682 1159 2728; x_wconf 89' lang='lat' dir='ltr'><strong>et</strong></span> <span class='ocrx_word' id='word_1_350' title='bbox 1197 2672 1343 2728; x_wconf 89' lang='lat' dir='ltr'><strong>idem</strong></span> <span class='ocrx_word' id='word_1_351' title='bbox 1376 2671 1521 2725; x_wconf 83' lang='lat' dir='ltr'><strong>ﬁlius</strong></span> <span class='ocrx_word' id='word_1_352' title='bbox 1562 2669 1799 2726; x_wconf 88' lang='lat' dir='ltr'><strong>hominis</strong></span> <span class='ocrx_word' id='word_1_353' title='bbox 1825 2667 1999 2740; x_wconf 92' lang='lat' dir='ltr'><strong>quiet</strong></span> <span class='ocrx_word' id='word_1_354' title='bbox 2043 2666 2135 2722; x_wconf 86' lang='lat' dir='ltr'><strong>Fi-</strong></span> 
     </span>
    </p>
   </div>
   <div class='ocr_carea' id='block_1_43' title="bbox 538 2759 2136 2836">
    <p class='ocr_par' dir='ltr' id='par_1_43' title="bbox 538 2759 2136 2836">
     <span class='ocr_line' id='line_1_43' title="bbox 538 2759 2136 2836; baseline -0.008 -11"><span class='ocrx_word' id='word_1_355' title='bbox 538 2771 646 2827; x_wconf 90' lang='lat' dir='ltr'><strong>lius</strong></span> <span class='ocrx_word' id='word_1_356' title='bbox 693 2768 806 2825; x_wconf 86' lang='lat' dir='ltr'><strong>Dei.</strong></span> <span class='ocrx_word' id='word_1_357' title='bbox 840 2766 983 2836; x_wconf 80' lang='lat' dir='ltr'><strong>Quid</strong></span> <span class='ocrx_word' id='word_1_358' title='bbox 1027 2765 1175 2820; x_wconf 89' lang='lat' dir='ltr'><strong>enim</strong></span> <span class='ocrx_word' id='word_1_359' title='bbox 1225 2763 1280 2819; x_wconf 89' lang='lat' dir='ltr'><strong>in</strong></span> <span class='ocrx_word' id='word_1_360' title='bbox 1324 2763 1428 2819; x_wconf 88' lang='lat' dir='ltr'><strong>hac</strong></span> <span class='ocrx_word' id='word_1_361' title='bbox 1473 2760 1854 2831; x_wconf 89' lang='lat' dir='ltr'><strong>conjunctione</strong></span> <span class='ocrx_word' id='word_1_362' title='bbox 1898 2759 2136 2816; x_wconf 86' lang='lat' dir='ltr'><strong>alienum</strong></span> 
     </span>
    </p>
   </div>
   <div class='ocr_carea' id='block_1_44' title="bbox 537 2852 2135 2935">
    <p class='ocr_par' dir='ltr' id='par_1_44' title="bbox 537 2852 2135 2935">
     <span class='ocr_line' id='line_1_44' title="bbox 537 2852 2135 2935; baseline -0.005 -17"><span class='ocrx_word' id='word_1_363' title='bbox 537 2862 717 2935; x_wconf 85' lang='lat' dir='ltr'><strong>potuit</strong></span> <span class='ocrx_word' id='word_1_364' title='bbox 741 2875 885 2926; x_wconf 86' lang='lat' dir='ltr'><strong>esse,</strong></span> <span class='ocrx_word' id='word_1_365' title='bbox 911 2858 1040 2914; x_wconf 89' lang='lat' dir='ltr'><strong>dum</strong></span> <span class='ocrx_word' id='word_1_366' title='bbox 1063 2871 1254 2913; x_wconf 88' lang='lat' dir='ltr'><strong>omnes</strong></span> <span class='ocrx_word' id='word_1_367' title='bbox 1275 2866 1431 2913; x_wconf 88' lang='lat' dir='ltr'><strong>actus</strong></span> <span class='ocrx_word' id='word_1_368' title='bbox 1453 2864 1812 2927; x_wconf 88' lang='lat' dir='ltr'><strong>utrarumque</strong></span> <span class='ocrx_word' id='word_1_369' title='bbox 1838 2855 1893 2910; x_wconf 90' lang='lat' dir='ltr'><strong>in</strong></span> <span class='ocrx_word' id='word_1_370' title='bbox 1915 2852 2135 2911; x_wconf 80' lang='lat' dir='ltr'><strong>Christo</strong></span> 
     </span>
    </p>
   </div>
   <div class='ocr_carea' id='block_1_45' title="bbox 539 2946 2136 3023">
    <p class='ocr_par' dir='ltr' id='par_1_45' title="bbox 539 2946 2136 3023">
     <span class='ocr_line' id='line_1_45' title="bbox 539 2946 2136 3023; baseline -0.006 -10"><span class='ocrx_word' id='word_1_371' title='bbox 539 2964 860 3013; x_wconf 87' lang='lat' dir='ltr'><strong>naturarum</strong></span> <span class='ocrx_word' id='word_1_372' title='bbox 883 2953 1047 3008; x_wconf 90' lang='lat' dir='ltr'><strong>unius</strong></span> <span class='ocrx_word' id='word_1_373' title='bbox 1066 2952 1299 3023; x_wconf 79' lang='lat' dir='ltr'><strong>propria:</strong></span> <span class='ocrx_word' id='word_1_374' title='bbox 1315 2965 1436 3007; x_wconf 87' lang='lat' dir='ltr'><strong>esse</strong></span> <span class='ocrx_word' id='word_1_375' title='bbox 1457 2963 1705 3022; x_wconf 77' lang='lat' dir='ltr'><strong>persona:</strong></span> <span class='ocrx_word' id='word_1_376' title='bbox 1732 2956 1942 3004; x_wconf 90' lang='lat' dir='ltr'><strong>certum</strong></span> <span class='ocrx_word' id='word_1_377' title='bbox 1968 2946 2136 3003; x_wconf 89' lang='lat' dir='ltr'><strong>habe-</strong></span> 
     </span>
    </p>
   </div>
   <div class='ocr_carea' id='block_1_46' title="bbox 539 3041 2136 3115">
    <p class='ocr_par' dir='ltr' id='par_1_46' title="bbox 539 3041 2136 3115">
     <span class='ocr_line' id='line_1_46' title="bbox 539 3041 2136 3115; baseline -0.006 -12"><span class='ocrx_word' id='word_1_378' title='bbox 539 3059 651 3115; x_wconf 91' lang='lat' dir='ltr'><strong>tur,</strong></span> <span class='ocrx_word' id='word_1_379' title='bbox 682 3047 820 3103; x_wconf 81' lang='lat' dir='ltr'><strong>sicut</strong></span> <span class='ocrx_word' id='word_1_380' title='bbox 847 3046 1038 3102; x_wconf 89' lang='lat' dir='ltr'><strong>beatus</strong></span> <span class='ocrx_word' id='word_1_381' title='bbox 1064 3043 1175 3099; x_wconf 86' lang='lat' dir='ltr'><strong>Leo</strong></span> <span class='ocrx_word' id='word_1_382' title='bbox 1202 3058 1343 3115; x_wconf 88' lang='lat' dir='ltr'><strong>papa</strong></span> <span class='ocrx_word' id='word_1_383' title='bbox 1372 3044 1451 3097; x_wconf 89' lang='lat' dir='ltr'><strong>ait</strong></span> <span class='ocrx_word' id='word_1_384' title='bbox 1478 3042 1505 3084; x_wconf 72' lang='grc' dir='ltr'>δ</span> <span class='ocrx_word' id='word_1_385' title='bbox 1533 3060 1546 3097; x_wconf 93' lang='lat'>:</span> <span class='ocrx_word' id='word_1_386' title='bbox 1578 3063 1597 3095; x_wconf 73' lang='grc' dir='ltr'>ι</span> <span class='ocrx_word' id='word_1_387' title='bbox 1633 3041 1793 3097; x_wconf 89' lang='lat' dir='ltr'><strong>Salva</strong></span> <span class='ocrx_word' id='word_1_388' title='bbox 1816 3048 2136 3096; x_wconf 87' lang='lat' dir='ltr'><strong>naturarum</strong></span> 
     </span>
    </p>
   </div>
   <div class='ocr_carea' id='block_1_47' title="bbox 539 3132 2135 3212">
    <p class='ocr_par' dir='ltr' id='par_1_47' title="bbox 539 3132 2135 3212">
     <span class='ocr_line' id='line_1_47' title="bbox 539 3132 2135 3212; baseline -0.007 -15"><span class='ocrx_word' id='word_1_389' title='bbox 539 3138 893 3212; x_wconf 83' lang='lat' dir='ltr'><strong>proprietate,</strong></span> <span class='ocrx_word' id='word_1_390' title='bbox 922 3137 1091 3208; x_wconf 78' lang='lat'><strong>838</strong></span> <span class='ocrx_word' id='word_1_391' title='bbox 1119 3152 1238 3207; x_wconf 78' lang='lat' dir='ltr'><strong>qua:</strong></span> <span class='ocrx_word' id='word_1_392' title='bbox 1266 3135 1361 3191; x_wconf 87' lang='lat' dir='ltr'><strong>Dei</strong></span> <span class='ocrx_word' id='word_1_393' title='bbox 1392 3144 1540 3201; x_wconf 87' lang='lat' dir='ltr'><strong>sunt,</strong></span> <span class='ocrx_word' id='word_1_394' title='bbox 1574 3134 1906 3189; x_wconf 90' lang='lat' dir='ltr'><strong>transierunt</strong></span> <span class='ocrx_word' id='word_1_395' title='bbox 1944 3133 2002 3187; x_wconf 92' lang='lat' dir='ltr'><strong>in</strong></span> <span class='ocrx_word' id='word_1_396' title='bbox 2042 3132 2135 3187; x_wconf 86' lang='lat' dir='ltr'><strong>ho-</strong></span> 
     </span>
    </p>
   </div>
   <div class='ocr_carea' id='block_1_48' title="bbox 2240 1935 3839 2009">
    <p class='ocr_par' dir='ltr' id='par_1_48' title="bbox 2240 1935 3839 2009">
     <span class='ocr_line' id='line_1_48' title="bbox 2240 1935 3839 2009; baseline 0 -16"><span class='ocrx_word' id='word_1_397' title='bbox 2240 1948 2325 1994; x_wconf 89' lang='lat' dir='ltr'><strong>tra</strong></span> <span class='ocrx_word' id='word_1_398' title='bbox 2362 1938 2418 1993; x_wconf 88' lang='lat' dir='ltr'><strong>in</strong></span> <span class='ocrx_word' id='word_1_399' title='bbox 2459 1937 2692 1992; x_wconf 86' lang='lat' dir='ltr'><strong>alteram</strong></span> <span class='ocrx_word' id='word_1_400' title='bbox 2732 1951 2763 1990; x_wconf 87' lang='lat' dir='ltr'><strong>a</strong></span> <span class='ocrx_word' id='word_1_401' title='bbox 2806 1951 2903 1991; x_wconf 87' lang='lat' dir='ltr'><strong>sua</strong></span> <span class='ocrx_word' id='word_1_402' title='bbox 2942 1935 3282 2006; x_wconf 88' lang='lat' dir='ltr'><strong>proprietate</strong></span> <span class='ocrx_word' id='word_1_403' title='bbox 3328 1936 3609 1992; x_wconf 86' lang='lat' dir='ltr'><strong>transiret.</strong></span> <span class='ocrx_word' id='word_1_404' title='bbox 3656 1936 3839 2009; x_wconf 80' lang='lat' dir='ltr'><strong>Atque</strong></span> 
     </span>
    </p>
   </div>
   <div class='ocr_carea' id='block_1_49' title="bbox 2239 2027 3836 2100">
    <p class='ocr_par' dir='ltr' id='par_1_49' title="bbox 2239 2027 3836 2100">
     <span class='ocr_line' id='line_1_49' title="bbox 2239 2027 3836 2100; baseline -0.001 -15"><span class='ocrx_word' id='word_1_405' title='bbox 2239 2030 2315 2085; x_wconf 90' lang='lat' dir='ltr'><strong>ita</strong></span> <span class='ocrx_word' id='word_1_406' title='bbox 2354 2030 2410 2085; x_wconf 91' lang='lat' dir='ltr'><strong>in</strong></span> <span class='ocrx_word' id='word_1_407' title='bbox 2449 2044 2616 2085; x_wconf 89' lang='lat' dir='ltr'><strong>carne</strong></span> <span class='ocrx_word' id='word_1_408' title='bbox 2654 2029 2873 2100; x_wconf 88' lang='lat' dir='ltr'><strong>propria</strong></span> <span class='ocrx_word' id='word_1_409' title='bbox 2911 2041 3105 2097; x_wconf 87' lang='lat' dir='ltr'><strong>passus</strong></span> <span class='ocrx_word' id='word_1_410' title='bbox 3143 2036 3228 2083; x_wconf 87' lang='lat' dir='ltr'><strong>est</strong></span> <span class='ocrx_word' id='word_1_411' title='bbox 3258 2027 3612 2099; x_wconf 87' lang='lat' dir='ltr'><strong>impassibilis</strong></span> <span class='ocrx_word' id='word_1_412' title='bbox 3651 2027 3836 2093; x_wconf 88' lang='lat' dir='ltr'><strong>Deus,</strong></span> 
     </span>
    </p>
   </div>
   <div class='ocr_carea' id='block_1_50' title="bbox 2237 2116 3840 2189">
    <p class='ocr_par' dir='ltr' id='par_1_50' title="bbox 2237 2116 3840 2189">
     <span class='ocr_line' id='line_1_50' title="bbox 2237 2116 3840 2189; baseline -0.001 -13"><span class='ocrx_word' id='word_1_413' title='bbox 2237 2127 2301 2176; x_wconf 90' lang='lat' dir='ltr'><strong>ut</strong></span> <span class='ocrx_word' id='word_1_414' title='bbox 2342 2133 2532 2175; x_wconf 86' lang='lat' dir='ltr'><strong>veram</strong></span> <span class='ocrx_word' id='word_1_415' title='bbox 2571 2118 2903 2189; x_wconf 87' lang='lat' dir='ltr'><strong>passionem,</strong></span> <span class='ocrx_word' id='word_1_416' title='bbox 2948 2117 3075 2187; x_wconf 85' lang='lat' dir='ltr'><strong>quia</strong></span> <span class='ocrx_word' id='word_1_417' title='bbox 3123 2116 3334 2183; x_wconf 86' lang='lat' dir='ltr'><strong>voluit,</strong></span> <span class='ocrx_word' id='word_1_418' title='bbox 3391 2119 3446 2174; x_wconf 89' lang='lat' dir='ltr'><strong>in</strong></span> <span class='ocrx_word' id='word_1_419' title='bbox 3500 2133 3630 2174; x_wconf 88' lang='lat' dir='ltr'><strong>vera</strong></span> <span class='ocrx_word' id='word_1_420' title='bbox 3669 2134 3840 2175; x_wconf 90' lang='lat' dir='ltr'><strong>carne</strong></span> 
     </span>
    </p>
   </div>
   <div class='ocr_carea' id='block_1_51' title="bbox 2238 2211 3838 2286">
    <p class='ocr_par' dir='ltr' id='par_1_51' title="bbox 2238 2211 3838 2286">
     <span class='ocr_line' id='line_1_51' title="bbox 2238 2211 3838 2286; baseline 0.003 -19"><span class='ocrx_word' id='word_1_421' title='bbox 2238 2211 2471 2272; x_wconf 84' lang='lat' dir='ltr'><strong>sentiret</strong></span> <span class='ocrx_word' id='word_1_422' title='bbox 2486 2252 2502 2277; x_wconf 93' lang='lat'><strong>,</strong></span> <span class='ocrx_word' id='word_1_423' title='bbox 2541 2219 2597 2266; x_wconf 88' lang='lat' dir='ltr'><strong>et</strong></span> <span class='ocrx_word' id='word_1_424' title='bbox 2634 2211 2687 2267; x_wconf 91' lang='lat' dir='ltr'><strong>in</strong></span> <span class='ocrx_word' id='word_1_425' title='bbox 2712 2211 2997 2269; x_wconf 83' lang='lat' dir='ltr'><strong>divinitate</strong></span> <span class='ocrx_word' id='word_1_426' title='bbox 3021 2226 3248 2283; x_wconf 84' lang='lat' dir='ltr'><strong>prorsus</strong></span> <span class='ocrx_word' id='word_1_427' title='bbox 3277 2214 3686 2286; x_wconf 88' lang='lat' dir='ltr'><strong>impassihiliter</strong></span> <span class='ocrx_word' id='word_1_428' title='bbox 3706 2228 3838 2285; x_wconf 83' lang='lat' dir='ltr'><strong>per—</strong></span> 
     </span>
    </p>
   </div>
   <div class='ocr_carea' id='block_1_52' title="bbox 2239 2309 3847 2382">
    <p class='ocr_par' dir='ltr' id='par_1_52' title="bbox 2239 2309 3847 2382">
     <span class='ocr_line' id='line_1_52' title="bbox 2239 2309 3847 2382; baseline 0 -17"><span class='ocrx_word' id='word_1_429' title='bbox 2239 2317 2518 2376; x_wconf 85' lang='lat' dir='ltr'><strong>maneret;</strong></span> <span class='ocrx_word' id='word_1_430' title='bbox 2550 2325 2652 2367; x_wconf 89' lang='lat' dir='ltr'><strong>nec</strong></span> <span class='ocrx_word' id='word_1_431' title='bbox 2681 2309 2822 2366; x_wconf 87' lang='lat' dir='ltr'><strong>alius</strong></span> <span class='ocrx_word' id='word_1_432' title='bbox 2865 2310 3217 2382; x_wconf 88' lang='lat' dir='ltr'><strong>semetipsum</strong></span> <span class='ocrx_word' id='word_1_433' title='bbox 3266 2313 3427 2366; x_wconf 87' lang='lat' dir='ltr'><strong>morti</strong></span> <span class='ocrx_word' id='word_1_434' title='bbox 3476 2312 3727 2382; x_wconf 84' lang='lat' dir='ltr'><strong>dignatus</strong></span> <span class='ocrx_word' id='word_1_435' title='bbox 3769 2311 3847 2365; x_wconf 87' lang='lat' dir='ltr'><strong>sit</strong></span> 
     </span>
    </p>
   </div>
   <div class='ocr_carea' id='block_1_53' title="bbox 2240 2398 3842 2472">
    <p class='ocr_par' dir='ltr' id='par_1_53' title="bbox 2240 2398 3842 2472">
     <span class='ocr_line' id='line_1_53' title="bbox 2240 2398 3842 2472; baseline 0.001 -18"><span class='ocrx_word' id='word_1_436' title='bbox 2240 2399 2479 2465; x_wconf 85' lang='lat' dir='ltr'><strong>tradere,</strong></span> <span class='ocrx_word' id='word_1_437' title='bbox 2519 2414 2684 2470; x_wconf 86' lang='lat' dir='ltr'><strong>quam</strong></span> <span class='ocrx_word' id='word_1_438' title='bbox 2726 2398 2815 2455; x_wconf 91' lang='lat' dir='ltr'><strong>ille</strong></span> <span class='ocrx_word' id='word_1_439' title='bbox 2837 2399 2931 2471; x_wconf 87' lang='lat' dir='ltr'><strong>qui</strong></span> <span class='ocrx_word' id='word_1_440' title='bbox 2977 2400 3057 2456; x_wconf 85' lang='lat' dir='ltr'><strong>sic</strong></span> <span class='ocrx_word' id='word_1_441' title='bbox 3095 2400 3270 2472; x_wconf 87' lang='lat' dir='ltr'><strong>potuit</strong></span> <span class='ocrx_word' id='word_1_442' title='bbox 3300 2400 3543 2455; x_wconf 89' lang='lat' dir='ltr'><strong>moriens</strong></span> <span class='ocrx_word' id='word_1_443' title='bbox 3568 2399 3635 2454; x_wconf 90' lang='lat' dir='ltr'><strong>de</strong></span> <span class='ocrx_word' id='word_1_444' title='bbox 3658 2409 3842 2455; x_wconf 85' lang='lat' dir='ltr'><strong>morte</strong></span> 
     </span>
    </p>
   </div>
   <div class='ocr_carea' id='block_1_54' title="bbox 2241 2488 3839 2563">
    <p class='ocr_par' dir='ltr' id='par_1_54' title="bbox 2241 2488 3839 2563">
     <span class='ocr_line' id='line_1_54' title="bbox 2241 2488 3839 2563; baseline -0.003 -16"><span class='ocrx_word' id='word_1_445' title='bbox 2241 2492 2495 2558; x_wconf 89' lang='lat' dir='ltr'><strong>vincere,</strong></span> <span class='ocrx_word' id='word_1_446' title='bbox 2541 2498 2602 2547; x_wconf 88' lang='lat' dir='ltr'><strong>ut</strong></span> <span class='ocrx_word' id='word_1_447' title='bbox 2645 2500 2876 2547; x_wconf 90' lang='lat' dir='ltr'><strong>mortem</strong></span> <span class='ocrx_word' id='word_1_448' title='bbox 2924 2504 3033 2546; x_wconf 82' lang='lat' dir='ltr'><strong>non</strong></span> <span class='ocrx_word' id='word_1_449' title='bbox 3073 2491 3245 2563; x_wconf 86' lang='lat' dir='ltr'><strong>possit</strong></span> <span class='ocrx_word' id='word_1_450' title='bbox 3294 2490 3348 2545; x_wconf 87' lang='lat' dir='ltr'><strong>in</strong></span> <span class='ocrx_word' id='word_1_451' title='bbox 3396 2500 3571 2546; x_wconf 90' lang='lat' dir='ltr'><strong>morte</strong></span> <span class='ocrx_word' id='word_1_452' title='bbox 3609 2488 3839 2545; x_wconf 88' lang='lat' dir='ltr'><strong>sentire.</strong></span> 
     </span>
    </p>
   </div>
   <div class='ocr_carea' id='block_1_55' title="bbox 2242 2580 3845 2653">
    <p class='ocr_par' dir='ltr' id='par_1_55' title="bbox 2242 2580 3845 2653">
     <span class='ocr_line' id='line_1_55' title="bbox 2242 2580 3845 2653; baseline -0.001 -15"><span class='ocrx_word' id='word_1_453' title='bbox 2242 2581 2349 2638; x_wconf 87' lang='lat' dir='ltr'><strong>Sed</strong></span> <span class='ocrx_word' id='word_1_454' title='bbox 2391 2584 2495 2638; x_wconf 90' lang='lat' dir='ltr'><strong>hoc</strong></span> <span class='ocrx_word' id='word_1_455' title='bbox 2532 2582 2898 2638; x_wconf 89' lang='lat' dir='ltr'><strong>certissimum</strong></span> <span class='ocrx_word' id='word_1_456' title='bbox 2958 2583 3101 2639; x_wconf 91' lang='lat' dir='ltr'><strong>scire</strong></span> <span class='ocrx_word' id='word_1_457' title='bbox 3142 2581 3436 2649; x_wconf 86' lang='lat' dir='ltr'><strong>debemus,</strong></span> <span class='ocrx_word' id='word_1_458' title='bbox 3479 2582 3621 2653; x_wconf 78' lang='lat' dir='ltr'><strong>quod</strong></span> <span class='ocrx_word' id='word_1_459' title='bbox 3678 2580 3845 2651; x_wconf 64' lang='lat' dir='ltr'><strong>quid»</strong></span> 
     </span>
    </p>
   </div>
   <div class='ocr_carea' id='block_1_56' title="bbox 2242 2671 3839 2753">
    <p class='ocr_par' dir='ltr' id='par_1_56' title="bbox 2242 2671 3839 2753">
     <span class='ocr_line' id='line_1_56' title="bbox 2242 2671 3839 2753; baseline -0.001 -25"><span class='ocrx_word' id='word_1_460' title='bbox 2242 2673 2372 2743; x_wconf 90' lang='lat' dir='ltr'><strong>quid</strong></span> <span class='ocrx_word' id='word_1_461' title='bbox 2409 2674 2715 2729; x_wconf 80' lang='lat' dir='ltr'><strong>vexationis</strong></span> <span class='ocrx_word' id='word_1_462' title='bbox 2735 2682 2790 2729; x_wconf 90' lang='lat' dir='ltr'><strong>et</strong></span> <span class='ocrx_word' id='word_1_463' title='bbox 2826 2673 3097 2745; x_wconf 89' lang='lat' dir='ltr'><strong>passionis</strong></span> <span class='ocrx_word' id='word_1_464' title='bbox 3126 2671 3281 2729; x_wconf 79' lang='lat' dir='ltr'><strong>furor</strong></span> <span class='ocrx_word' id='word_1_465' title='bbox 3315 2672 3496 2753; x_wconf 83' lang='lat' dir='ltr'><strong>intulit</strong></span> <span class='ocrx_word' id='word_1_466' title='bbox 3524 2672 3839 2744; x_wconf 89' lang='lat' dir='ltr'><strong>impiorum,</strong></span> 
     </span>
    </p>
   </div>
   <div class='ocr_carea' id='block_1_57' title="bbox 2243 2765 3847 2834">
    <p class='ocr_par' dir='ltr' id='par_1_57' title="bbox 2243 2765 3847 2834">
     <span class='ocr_line' id='line_1_57' title="bbox 2243 2765 3847 2834; baseline 0.001 -14"><span class='ocrx_word' id='word_1_467' title='bbox 2243 2781 2349 2821; x_wconf 87' lang='lat' dir='ltr'><strong>non</strong></span> <span class='ocrx_word' id='word_1_468' title='bbox 2398 2766 2464 2821; x_wconf 91' lang='lat' dir='ltr'><strong>de</strong></span> <span class='ocrx_word' id='word_1_469' title='bbox 2506 2765 2832 2821; x_wconf 87' lang='lat' dir='ltr'><strong>necessitate</strong></span> <span class='ocrx_word' id='word_1_470' title='bbox 2882 2766 3174 2822; x_wconf 85' lang='lat' dir='ltr'><strong>toleratam</strong></span> <span class='ocrx_word' id='word_1_471' title='bbox 3211 2807 3228 2834; x_wconf 91' lang='lat'><strong>,</strong></span> <span class='ocrx_word' id='word_1_472' title='bbox 3268 2767 3369 2822; x_wconf 73' lang='lat' dir='ltr'><strong>sel</strong></span> <span class='ocrx_word' id='word_1_473' title='bbox 3428 2766 3497 2822; x_wconf 90' lang='lat' dir='ltr'><strong>de</strong></span> <span class='ocrx_word' id='word_1_474' title='bbox 3558 2765 3847 2822; x_wconf 78' lang='lat' dir='ltr'><strong>voluntate</strong></span> 
     </span>
    </p>
   </div>
   <div class='ocr_carea' id='block_1_58' title="bbox 2241 2854 3843 2929">
    <p class='ocr_par' dir='ltr' id='par_1_58' title="bbox 2241 2854 3843 2929">
     <span class='ocr_line' id='line_1_58' title="bbox 2241 2854 3843 2929; baseline -0.002 -16"><span class='ocrx_word' id='word_1_475' title='bbox 2241 2866 2553 2928; x_wconf 89' lang='lat' dir='ltr'><strong>susceptum</strong></span> <span class='ocrx_word' id='word_1_476' title='bbox 2590 2866 2678 2913; x_wconf 84' lang='lat' dir='ltr'><strong>est</strong></span> <span class='ocrx_word' id='word_1_477' title='bbox 2723 2877 2736 2911; x_wconf 89' lang='lat'>:</span> <span class='ocrx_word' id='word_1_478' title='bbox 2777 2878 2797 2911; x_wconf 71' lang='grc' dir='ltr'><strong><em>ι</em></strong></span> <span class='ocrx_word' id='word_1_479' title='bbox 2847 2858 3014 2914; x_wconf 86' lang='lat' dir='ltr'><strong>veluti</strong></span> <span class='ocrx_word' id='word_1_480' title='bbox 3063 2860 3231 2915; x_wconf 88' lang='lat' dir='ltr'><strong>etiam</strong></span> <span class='ocrx_word' id='word_1_481' title='bbox 3271 2858 3478 2925; x_wconf 88' lang='lat' dir='ltr'><strong>omnia,</strong></span> <span class='ocrx_word' id='word_1_482' title='bbox 3526 2872 3647 2929; x_wconf 70' lang='lat' dir='ltr'><strong>quae</strong></span> <span class='ocrx_word' id='word_1_483' title='bbox 3686 2854 3843 2911; x_wconf 77' lang='lat' dir='ltr'><strong>inﬁr-</strong></span> 
     </span>
    </p>
   </div>
   <div class='ocr_carea' id='block_1_59' title="bbox 2241 2949 3845 3016">
    <p class='ocr_par' dir='ltr' id='par_1_59' title="bbox 2241 2949 3845 3016">
     <span class='ocr_line' id='line_1_59' title="bbox 2241 2949 3845 3016; baseline 0.002 -13"><span class='ocrx_word' id='word_1_484' title='bbox 2241 2949 2449 3005; x_wconf 78' lang='lat' dir='ltr'><strong>mitatis</strong></span> <span class='ocrx_word' id='word_1_485' title='bbox 2491 2956 2618 3004; x_wconf 90' lang='lat' dir='ltr'><strong>sunt</strong></span> <span class='ocrx_word' id='word_1_486' title='bbox 2662 2950 2936 3015; x_wconf 59' lang='lat' dir='ltr'><strong>humanae,</strong></span> <span class='ocrx_word' id='word_1_487' title='bbox 2966 2950 3245 3007; x_wconf 83' lang='lat' dir='ltr'><strong>voluntate</strong></span> <span class='ocrx_word' id='word_1_488' title='bbox 3267 2951 3549 3016; x_wconf 89' lang='lat' dir='ltr'><strong>sustinuit,</strong></span> <span class='ocrx_word' id='word_1_489' title='bbox 3592 2965 3699 3005; x_wconf 91' lang='lat' dir='ltr'><strong>non</strong></span> <span class='ocrx_word' id='word_1_490' title='bbox 3742 2965 3845 3007; x_wconf 79' lang='lat' dir='ltr'><strong>ne-</strong></span> 
     </span>
    </p>
   </div>
   <div class='ocr_carea' id='block_1_60' title="bbox 2240 3038 3842 3107">
    <p class='ocr_par' dir='ltr' id='par_1_60' title="bbox 2240 3038 3842 3107">
     <span class='ocr_line' id='line_1_60' title="bbox 2240 3038 3842 3107; baseline 0 -12"><span class='ocrx_word' id='word_1_491' title='bbox 2240 3040 2519 3106; x_wconf 89' lang='lat' dir='ltr'><strong>cessitate,</strong></span> <span class='ocrx_word' id='word_1_492' title='bbox 2564 3047 2627 3094; x_wconf 91' lang='lat' dir='ltr'><strong>ut</strong></span> <span class='ocrx_word' id='word_1_493' title='bbox 2654 3038 2875 3107; x_wconf 77' lang='lat' dir='ltr'><strong>famem,</strong></span> <span class='ocrx_word' id='word_1_494' title='bbox 2917 3042 3083 3106; x_wconf 90' lang='lat' dir='ltr'><strong>sitim,</strong></span> <span class='ocrx_word' id='word_1_495' title='bbox 3123 3041 3522 3103; x_wconf 86' lang='lat' dir='ltr'><strong>lassitudinem.</strong></span> <span class='ocrx_word' id='word_1_496' title='bbox 3562 3056 3842 3107; x_wconf 88' lang='lat' dir='ltr'><strong>somnum,</strong></span> 
     </span>
    </p>
   </div>
   <div class='ocr_carea' id='block_1_61' title="bbox 2241 3133 3846 3206">
    <p class='ocr_par' dir='ltr' id='par_1_61' title="bbox 2241 3133 3846 3206">
     <span class='ocr_line' id='line_1_61' title="bbox 2241 3133 3846 3206; baseline -0.001 -15"><span class='ocrx_word' id='word_1_497' title='bbox 2241 3134 2544 3200; x_wconf 86' lang='lat' dir='ltr'><strong>irrisiones,</strong></span> <span class='ocrx_word' id='word_1_498' title='bbox 2576 3146 2814 3200; x_wconf 88' lang='lat' dir='ltr'><strong>crucem,</strong></span> <span class='ocrx_word' id='word_1_499' title='bbox 2848 3142 3011 3204; x_wconf 89' lang='lat' dir='ltr'><strong>atque</strong></span> <span class='ocrx_word' id='word_1_500' title='bbox 3051 3134 3224 3206; x_wconf 88' lang='lat' dir='ltr'><strong>ipsam</strong></span> <span class='ocrx_word' id='word_1_501' title='bbox 3270 3144 3523 3190; x_wconf 85' lang='lat' dir='ltr'><strong>mortem.</strong></span> <span class='ocrx_word' id='word_1_502' title='bbox 3559 3134 3639 3190; x_wconf 82' lang='lat' dir='ltr'><strong>Ita</strong></span> <span class='ocrx_word' id='word_1_503' title='bbox 3667 3143 3723 3189; x_wconf 90' lang='lat' dir='ltr'><strong>et</strong></span> <span class='ocrx_word' id='word_1_504' title='bbox 3750 3133 3846 3190; x_wconf 87' lang='lat' dir='ltr'><strong>ille</strong></span> 
     </span>
    </p>
   </div>
   <div class='ocr_carea' id='block_1_62' title="bbox 540 3195 3847 3302">
    <p class='ocr_par' dir='ltr' id='par_1_62' title="bbox 540 3195 3847 3302">
     <span class='ocr_line' id='line_1_62' title="bbox 540 3195 3847 3302; baseline -0.001 -16"><span class='ocrx_word' id='word_1_505' title='bbox 540 3195 765 3296; x_wconf 69' lang='lat' dir='ltr'><strong>minem,</strong></span> <span class='ocrx_word' id='word_1_506' title='bbox 796 3240 853 3285; x_wconf 92' lang='lat' dir='ltr'><strong>et</strong></span> <span class='ocrx_word' id='word_1_507' title='bbox 878 3195 1211 3298; x_wconf 50' lang='lat' dir='ltr'><strong>omnaque</strong></span> <span class='ocrx_word' id='word_1_508' title='bbox 1238 3227 1475 3283; x_wconf 91' lang='lat' dir='ltr'><strong>hominis</strong></span> <span class='ocrx_word' id='word_1_509' title='bbox 1498 3235 1626 3283; x_wconf 87' lang='lat' dir='ltr'><strong>sunt</strong></span> <span class='ocrx_word' id='word_1_510' title='bbox 1645 3268 1659 3293; x_wconf 95' lang='lat'><strong>,</strong></span> <span class='ocrx_word' id='word_1_511' title='bbox 1704 3226 2040 3281; x_wconf 88' lang='lat' dir='ltr'><strong>transierunt</strong></span> <span class='ocrx_word' id='word_1_512' title='bbox 2080 3223 2134 3278; x_wconf 87' lang='lat' dir='ltr'><strong>in</strong></span> <span class='ocrx_word' id='word_1_513' title='bbox 2158 3195 2207 3261; x_wconf 67' lang='grc' dir='ltr'><strong>θ’</strong></span> <span class='ocrx_word' id='word_1_514' title='bbox 2238 3230 2331 3302; x_wconf 88' lang='lat' dir='ltr'><strong>qui</strong></span> <span class='ocrx_word' id='word_1_515' title='bbox 2369 3230 2587 3301; x_wconf 88' lang='lat' dir='ltr'><strong>propria</strong></span> <span class='ocrx_word' id='word_1_516' title='bbox 2634 3228 2914 3286; x_wconf 83' lang='lat' dir='ltr'><strong>voluntate</strong></span> <span class='ocrx_word' id='word_1_517' title='bbox 2944 3195 3191 3285; x_wconf 77' lang='lat' dir='ltr'><strong>mortuus</strong></span> <span class='ocrx_word' id='word_1_518' title='bbox 3221 3238 3327 3296; x_wconf 90' lang='lat' dir='ltr'><strong>est,</strong></span> <span class='ocrx_word' id='word_1_519' title='bbox 3356 3228 3575 3299; x_wconf 86' lang='lat' dir='ltr'><strong>propria</strong></span> <span class='ocrx_word' id='word_1_520' title='bbox 3623 3242 3847 3299; x_wconf 86' lang='lat' dir='ltr'><strong>quoque</strong></span> 
     </span>
    </p>
   </div>
   <div class='ocr_carea' id='block_1_63' title="bbox 541 3316 3842 3396">
    <p class='ocr_par' dir='ltr' id='par_1_63' title="bbox 541 3316 3842 3396">
     <span class='ocr_line' id='line_1_63' title="bbox 541 3316 3842 3396; baseline -0.002 -17"><span class='ocrx_word' id='word_1_521' title='bbox 541 3322 713 3379; x_wconf 87' lang='lat' dir='ltr'><strong>Deum</strong></span> <span class='ocrx_word' id='word_1_522' title='bbox 739 3340 753 3375; x_wconf 90' lang='lat'><strong>:</strong></span> <span class='ocrx_word' id='word_1_523' title='bbox 785 3330 844 3376; x_wconf 92' lang='lat' dir='ltr'><strong>ut</strong></span> <span class='ocrx_word' id='word_1_524' title='bbox 876 3334 977 3375; x_wconf 89' lang='lat' dir='ltr'><strong>nec</strong></span> <span class='ocrx_word' id='word_1_525' title='bbox 999 3322 1114 3376; x_wconf 86' lang='lat' dir='ltr'><strong>sine</strong></span> <span class='ocrx_word' id='word_1_526' title='bbox 1143 3320 1363 3375; x_wconf 88' lang='lat' dir='ltr'><strong>homine</strong></span> <span class='ocrx_word' id='word_1_527' title='bbox 1393 3327 1619 3393; x_wconf 80' lang='lat' dir='ltr'><strong>agerent</strong></span> <span class='ocrx_word' id='word_1_528' title='bbox 1647 3318 1847 3380; x_wconf 89' lang='lat' dir='ltr'><strong>divina,</strong></span> <span class='ocrx_word' id='word_1_529' title='bbox 1875 3332 1979 3373; x_wconf 89' lang='lat' dir='ltr'><strong>nec</strong></span> <span class='ocrx_word' id='word_1_530' title='bbox 2019 3316 2138 3371; x_wconf 91' lang='lat' dir='ltr'><strong>sine</strong></span> <span class='ocrx_word' id='word_1_531' title='bbox 2235 3331 2505 3396; x_wconf 68' lang='lat' dir='ltr'><strong>potestate</strong></span> <span class='ocrx_word' id='word_1_532' title='bbox 2534 3324 2794 3388; x_wconf 73' lang='lat' dir='ltr'><strong>surrexit,</strong></span> <span class='ocrx_word' id='word_1_533' title='bbox 2828 3324 2994 3378; x_wconf 72' lang='lat' dir='ltr'><strong>veluti</strong></span> <span class='ocrx_word' id='word_1_534' title='bbox 3024 3332 3151 3379; x_wconf 74' lang='lat' dir='ltr'><strong>ante</strong></span> <span class='ocrx_word' id='word_1_535' title='bbox 3173 3323 3426 3395; x_wconf 56' lang='lat' dir='ltr'><strong>praedixit</strong></span> <span class='ocrx_word' id='word_1_536' title='bbox 3469 3342 3483 3376; x_wconf 75' lang='grc' dir='ltr'>ε</span> <span class='ocrx_word' id='word_1_537' title='bbox 3516 3322 3842 3380; x_wconf 69' lang='lat' dir='ltr'><strong>Potestatem</strong></span> 
     </span>
    </p>
   </div>
   <div class='ocr_carea' id='block_1_64' title="bbox 538 3406 3846 3485">
    <p class='ocr_par' dir='ltr' id='par_1_64' title="bbox 538 3406 3846 3485">
     <span class='ocr_line' id='line_1_64' title="bbox 538 3406 3846 3485; baseline 0 -17"><span class='ocrx_word' id='word_1_538' title='bbox 538 3414 652 3469; x_wconf 87' lang='lat' dir='ltr'><strong>Deo</strong></span> <span class='ocrx_word' id='word_1_539' title='bbox 688 3419 978 3485; x_wconf 79' lang='lat' dir='ltr'><strong>agerentur</strong></span> <span class='ocrx_word' id='word_1_540' title='bbox 1022 3411 1277 3467; x_wconf 87' lang='lat' dir='ltr'><strong>humana.</strong></span> <span class='ocrx_word' id='word_1_541' title='bbox 1323 3410 1438 3468; x_wconf 81' lang='lat' dir='ltr'><strong>Hoc</strong></span> <span class='ocrx_word' id='word_1_542' title='bbox 1480 3412 1627 3468; x_wconf 85' lang='lat' dir='ltr'><strong>enim</strong></span> <span class='ocrx_word' id='word_1_543' title='bbox 1681 3408 1948 3467; x_wconf 86' lang='lat' dir='ltr'><strong>catholica</strong></span> <span class='ocrx_word' id='word_1_544' title='bbox 2000 3406 2138 3464; x_wconf 84' lang='lat' dir='ltr'><strong>ﬁdes</strong></span> <span class='ocrx_word' id='word_1_545' title='bbox 2236 3413 2424 3481; x_wconf 83' lang='lat' dir='ltr'><strong>habeo,</strong></span> <span class='ocrx_word' id='word_1_546' title='bbox 2440 3413 2638 3483; x_wconf 90' lang='lat' dir='ltr'><strong>inquit,</strong></span> <span class='ocrx_word' id='word_1_547' title='bbox 2652 3414 2882 3485; x_wconf 80' lang='lat' dir='ltr'><strong>ponendi</strong></span> <span class='ocrx_word' id='word_1_548' title='bbox 2902 3415 3135 3470; x_wconf 82' lang='lat' dir='ltr'><strong>animam</strong></span> <span class='ocrx_word' id='word_1_549' title='bbox 3150 3423 3727 3483; x_wconf 78' lang='lat' dir='ltr'><strong>meam,etpotestatem</strong></span> <span class='ocrx_word' id='word_1_550' title='bbox 3743 3414 3846 3468; x_wconf 83' lang='lat' dir='ltr'><strong>Im-</strong></span> 
     </span>
    </p>
   </div>
   <div class='ocr_carea' id='block_1_65' title="bbox 540 3501 3847 3578">
    <p class='ocr_par' dir='ltr' id='par_1_65' title="bbox 540 3501 3847 3578">
     <span class='ocr_line' id='line_1_65' title="bbox 540 3501 3847 3578; baseline -0.001 -18"><span class='ocrx_word' id='word_1_551' title='bbox 540 3505 730 3569; x_wconf 89' lang='lat' dir='ltr'><strong>tradit,</strong></span> <span class='ocrx_word' id='word_1_552' title='bbox 782 3506 887 3560; x_wconf 89' lang='lat' dir='ltr'><strong>hoc</strong></span> <span class='ocrx_word' id='word_1_553' title='bbox 934 3504 1120 3575; x_wconf 72' lang='lat' dir='ltr'><strong>exigit,</strong></span> <span class='ocrx_word' id='word_1_554' title='bbox 1152 3514 1213 3558; x_wconf 90' lang='lat' dir='ltr'><strong>ut</strong></span> <span class='ocrx_word' id='word_1_555' title='bbox 1256 3506 1308 3560; x_wconf 91' lang='lat' dir='ltr'><strong>in</strong></span> <span class='ocrx_word' id='word_1_556' title='bbox 1353 3503 1716 3576; x_wconf 82' lang='lat' dir='ltr'><strong>Redemptore</strong></span> <span class='ocrx_word' id='word_1_557' title='bbox 1758 3511 1951 3558; x_wconf 90' lang='lat' dir='ltr'><strong>nostro</strong></span> <span class='ocrx_word' id='word_1_558' title='bbox 1999 3501 2139 3558; x_wconf 90' lang='lat' dir='ltr'><strong>duas</strong></span> <span class='ocrx_word' id='word_1_559' title='bbox 2243 3504 2540 3559; x_wconf 80' lang='lat' dir='ltr'><strong>beoiterum</strong></span> <span class='ocrx_word' id='word_1_560' title='bbox 2562 3506 2804 3560; x_wconf 81' lang='lat' dir='ltr'><strong>sumendi</strong></span> <span class='ocrx_word' id='word_1_561' title='bbox 2820 3504 3107 3578; x_wconf 83' lang='lat' dir='ltr'><strong>eam(Luc.</strong></span> <span class='ocrx_word' id='word_1_562' title='bbox 3130 3506 3315 3575; x_wconf 80' lang='lat' dir='ltr'><strong>x,l8).</strong></span> <span class='ocrx_word' id='word_1_563' title='bbox 3346 3503 3847 3576; x_wconf 78' lang='lat' dir='ltr'><strong>Sednelongiorli-</strong></span> 
     </span>
    </p>
   </div>
   <div class='ocr_carea' id='block_1_66' title="bbox 536 3593 3851 3671">
    <p class='ocr_par' dir='ltr' id='par_1_66' title="bbox 536 3593 3851 3671">
     <span class='ocr_line' id='line_1_66' title="bbox 536 3593 3851 3671; baseline 0 -19"><span class='ocrx_word' id='word_1_564' title='bbox 536 3597 781 3653; x_wconf 85' lang='lat' dir='ltr'><strong>noverim</strong></span> <span class='ocrx_word' id='word_1_565' title='bbox 821 3595 903 3668; x_wconf 83' lang='lat'><strong>[8.</strong></span> <span class='ocrx_word' id='word_1_566' title='bbox 935 3593 1060 3661; x_wconf 82' lang='lat' dir='ltr'><strong>Leo,</strong></span> <span class='ocrx_word' id='word_1_567' title='bbox 1092 3595 1424 3667; x_wconf 74' lang='lat' dir='ltr'><strong>noverimus]</strong></span> <span class='ocrx_word' id='word_1_568' title='bbox 1454 3595 1774 3652; x_wconf 89' lang='lat' dir='ltr'><strong>convenisse</strong></span> <span class='ocrx_word' id='word_1_569' title='bbox 1795 3602 2055 3660; x_wconf 89' lang='lat' dir='ltr'><strong>naturas;</strong></span> <span class='ocrx_word' id='word_1_570' title='bbox 2082 3603 2141 3650; x_wconf 91' lang='lat' dir='ltr'><strong>et</strong></span> <span class='ocrx_word' id='word_1_571' title='bbox 2242 3597 2369 3655; x_wconf 80' lang='lat' dir='ltr'><strong>belli</strong></span> <span class='ocrx_word' id='word_1_572' title='bbox 2383 3599 2553 3655; x_wconf 85' lang='lat' dir='ltr'><strong>series</strong></span> <span class='ocrx_word' id='word_1_573' title='bbox 2572 3599 2786 3671; x_wconf 86' lang='lat' dir='ltr'><strong>legendi</strong></span> <span class='ocrx_word' id='word_1_574' title='bbox 2805 3598 3079 3654; x_wconf 79' lang='lat' dir='ltr'><strong>fastidium</strong></span> <span class='ocrx_word' id='word_1_575' title='bbox 3098 3608 3341 3671; x_wconf 87' lang='lat' dir='ltr'><strong>generet,</strong></span> <span class='ocrx_word' id='word_1_576' title='bbox 3358 3600 3448 3655; x_wconf 90' lang='lat' dir='ltr'><strong>hic</strong></span> <span class='ocrx_word' id='word_1_577' title='bbox 3461 3600 3531 3655; x_wconf 92' lang='lat' dir='ltr'><strong>sit</strong></span> <span class='ocrx_word' id='word_1_578' title='bbox 3555 3599 3851 3670; x_wconf 80' lang='lat' dir='ltr'><strong>huiusser-</strong></span> 
     </span>
    </p>
   </div>
   <div class='ocr_carea' id='block_1_67' title="bbox 539 3686 3848 3766">
    <p class='ocr_par' dir='ltr' id='par_1_67' title="bbox 539 3686 3848 3766">
     <span class='ocr_line' id='line_1_67' title="bbox 539 3686 3848 3766; baseline -0 -22"><span class='ocrx_word' id='word_1_579' title='bbox 539 3687 887 3744; x_wconf 87' lang='lat' dir='ltr'><strong>manentibus</strong></span> <span class='ocrx_word' id='word_1_580' title='bbox 915 3687 1337 3757; x_wconf 84' lang='lat' dir='ltr'><strong>proprietatibus</strong></span> <span class='ocrx_word' id='word_1_581' title='bbox 1373 3688 1507 3753; x_wconf 86' lang='lat' dir='ltr'><strong>suis,</strong></span> <span class='ocrx_word' id='word_1_582' title='bbox 1540 3697 1748 3766; x_wconf 84' lang='lat' dir='ltr'><strong>tantam</strong></span> <span class='ocrx_word' id='word_1_583' title='bbox 1775 3686 1978 3742; x_wconf 81' lang='lat' dir='ltr'><strong>factam</strong></span> <span class='ocrx_word' id='word_1_584' title='bbox 2020 3687 2141 3742; x_wconf 91' lang='lat' dir='ltr'><strong>uni-</strong></span> <span class='ocrx_word' id='word_1_585' title='bbox 2244 3690 2424 3747; x_wconf 88' lang='lat' dir='ltr'><strong>monis</strong></span> <span class='ocrx_word' id='word_1_586' title='bbox 2462 3690 2611 3757; x_wconf 85' lang='lat' dir='ltr'><strong>ﬁnis,</strong></span> <span class='ocrx_word' id='word_1_587' title='bbox 2655 3696 2712 3745; x_wconf 88' lang='lat' dir='ltr'><strong>ut</strong></span> <span class='ocrx_word' id='word_1_588' title='bbox 2751 3690 2822 3746; x_wconf 89' lang='lat' dir='ltr'><strong>ab</strong></span> <span class='ocrx_word' id='word_1_589' title='bbox 2860 3690 2967 3760; x_wconf 87' lang='lat' dir='ltr'><strong>alio</strong></span> <span class='ocrx_word' id='word_1_590' title='bbox 3009 3688 3235 3747; x_wconf 87' lang='lat' dir='ltr'><strong>liberius</strong></span> <span class='ocrx_word' id='word_1_591' title='bbox 3266 3690 3447 3748; x_wconf 88' lang='lat' dir='ltr'><strong>oratio</strong></span> <span class='ocrx_word' id='word_1_592' title='bbox 3467 3699 3649 3747; x_wconf 85' lang='lat' dir='ltr'><strong>sumat</strong></span> <span class='ocrx_word' id='word_1_593' title='bbox 3682 3704 3848 3745; x_wconf 75' lang='lat' dir='ltr'><strong>exon-</strong></span> 
     </span>
    </p>
   </div>
   <div class='ocr_carea' id='block_1_68' title="bbox 541 3776 3427 3861">
    <p class='ocr_par' dir='ltr' id='par_1_68' title="bbox 541 3776 3427 3861">
     <span class='ocr_line' id='line_1_68' title="bbox 541 3776 3427 3861; baseline 0.001 -26"><span class='ocrx_word' id='word_1_594' title='bbox 541 3787 712 3835; x_wconf 82' lang='lat' dir='ltr'><strong>tatem</strong></span> <span class='ocrx_word' id='word_1_595' title='bbox 747 3778 1028 3848; x_wconf 87' lang='lat' dir='ltr'><strong>utriusque</strong></span> <span class='ocrx_word' id='word_1_596' title='bbox 1070 3778 1409 3846; x_wconf 67' lang='lat' dir='ltr'><strong>substantias,</strong></span> <span class='ocrx_word' id='word_1_597' title='bbox 1432 3788 1493 3834; x_wconf 92' lang='lat' dir='ltr'><strong>ut</strong></span> <span class='ocrx_word' id='word_1_598' title='bbox 1519 3778 1591 3834; x_wconf 89' lang='lat' dir='ltr'><strong>ab</strong></span> <span class='ocrx_word' id='word_1_599' title='bbox 1617 3778 1709 3835; x_wconf 91' lang='lat' dir='ltr'><strong>illo</strong></span> <span class='ocrx_word' id='word_1_600' title='bbox 1745 3788 2012 3849; x_wconf 89' lang='lat' dir='ltr'><strong>tempore,</strong></span> <span class='ocrx_word' id='word_1_601' title='bbox 2032 3793 2142 3849; x_wconf 91' lang='lat' dir='ltr'><strong>quo</strong></span> <span class='ocrx_word' id='word_1_602' title='bbox 2246 3783 2421 3861; x_wconf 89' lang='lat' dir='ltr'><strong>dium.</strong></span> <span class='ocrx_word' id='word_1_603' title='bbox 3422 3776 3427 3783; x_wconf 78' lang='grc'><em>’</em></span> 
     </span>
    </p>
   </div>
   <div class='ocr_carea' id='block_1_69' title="bbox 612 3908 3765 3987">
    <p class='ocr_par' dir='ltr' id='par_1_69' title="bbox 612 3908 3765 3987">
     <span class='ocr_line' id='line_1_69' title="bbox 612 3908 3765 3987; baseline 0.002 -24"><span class='ocrx_word' id='word_1_604' title='bbox 612 3908 727 3987; x_wconf 65' lang='grc' dir='ltr'><strong>ξιξ.</strong></span> <span class='ocrx_word' id='word_1_605' title='bbox 765 3908 932 3987; x_wconf 86' lang='lat' dir='ltr'><strong>_Hier.</strong></span> <span class='ocrx_word' id='word_1_606' title='bbox 989 3910 1045 3965; x_wconf 92' lang='lat' dir='ltr'><strong>in</strong></span> <span class='ocrx_word' id='word_1_607' title='bbox 1074 3925 1209 3987; x_wconf 78' lang='lat' dir='ltr'><strong>_cap.</strong></span> <span class='ocrx_word' id='word_1_608' title='bbox 1263 3926 1355 3987; x_wconf 54' lang='lat' dir='ltr'><strong>xix</strong></span> <span class='ocrx_word' id='word_1_609' title='bbox 1410 3910 1602 3987; x_wconf 76' lang='lat' dir='ltr'><strong>Matth.</strong></span> <span class='ocrx_word' id='word_1_610' title='bbox 1656 3927 1727 3987; x_wconf 82' lang='lat' dir='ltr'><strong>ex_</strong></span> <span class='ocrx_word' id='word_1_611' title='bbox 1769 3927 1880 3982; x_wconf 82' lang='lat' dir='ltr'><strong>quo</strong></span> <span class='ocrx_word' id='word_1_612' title='bbox 1922 3921 2135 3970; x_wconf 85' lang='lat' dir='ltr'><strong>textum</strong></span> <span class='ocrx_word' id='word_1_613' title='bbox 2172 3911 2410 3971; x_wconf 80' lang='lat' dir='ltr'><strong>maxime</strong></span> <span class='ocrx_word' id='word_1_614' title='bbox 2434 3914 2489 3968; x_wconf 91' lang='lat' dir='ltr'><strong>in</strong></span> <span class='ocrx_word' id='word_1_615' title='bbox 2515 3911 2688 3985; x_wconf 90' lang='lat' dir='ltr'><strong>priori</strong></span> <span class='ocrx_word' id='word_1_616' title='bbox 2717 3911 2970 3969; x_wconf 84' lang='lat' dir='ltr'><strong>Editione</strong></span> <span class='ocrx_word' id='word_1_617' title='bbox 3000 3924 3317 3987; x_wconf 87' lang='lat' dir='ltr'><strong>corruptum</strong></span> <span class='ocrx_word' id='word_1_618' title='bbox 3335 3915 3765 3971; x_wconf 85' lang='lat' dir='ltr'><strong>emendavimus.</strong></span> 
     </span>
    </p>
   </div>
   <div class='ocr_carea' id='block_1_70' title="bbox 613 3980 1737 4053">
    <p class='ocr_par' dir='ltr' id='par_1_70' title="bbox 613 3980 1737 4053">
     <span class='ocr_line' id='line_1_70' title="bbox 613 3980 1737 4053; baseline 0.001 -16"><span class='ocrx_word' id='word_1_619' title='bbox 613 3980 643 4021; x_wconf 69' lang='grc' dir='ltr'>δ</span> <span class='ocrx_word' id='word_1_620' title='bbox 672 3982 731 4037; x_wconf 87' lang='lat' dir='ltr'><strong>S.</strong></span> <span class='ocrx_word' id='word_1_621' title='bbox 762 3980 874 4037; x_wconf 82' lang='lat' dir='ltr'><strong>Leo</strong></span> <span class='ocrx_word' id='word_1_622' title='bbox 900 3997 1039 4053; x_wconf 84' lang='lat' dir='ltr'><strong>papa</strong></span> <span class='ocrx_word' id='word_1_623' title='bbox 1072 3980 1253 4037; x_wconf 79' lang='lat' dir='ltr'><strong>Serm.</strong></span> <span class='ocrx_word' id='word_1_624' title='bbox 1282 3981 1372 4047; x_wconf 72' lang='grc'><strong>54,</strong></span> <span class='ocrx_word' id='word_1_625' title='bbox 1405 3997 1526 4053; x_wconf 88' lang='lat' dir='ltr'><strong>cap.</strong></span> <span class='ocrx_word' id='word_1_626' title='bbox 1560 3982 1586 4037; x_wconf 81' lang='grc'><strong>1</strong></span> <span class='ocrx_word' id='word_1_627' title='bbox 1617 3991 1674 4038; x_wconf 91' lang='lat' dir='ltr'><strong>et</strong></span> <span class='ocrx_word' id='word_1_628' title='bbox 1700 3982 1737 4037; x_wconf 71' lang='grc'><strong>2</strong></span> 
     </span>
    </p>
   </div>
   <div class='ocr_carea' id='block_1_71' title="bbox 1891 4208 2507 4273">
    <p class='ocr_par' dir='ltr' id='par_1_71' title="bbox 1891 4208 2507 4273">
     <span class='ocr_line' id='line_1_71' title="bbox 1891 4208 2507 4273; baseline -0.005 0"><span class='ocrx_word' id='word_1_629' title='bbox 1891 4211 2127 4273; x_wconf 76' lang='lat' dir='ltr'><strong>LIBER</strong></span> <span class='ocrx_word' id='word_1_630' title='bbox 2173 4208 2507 4272; x_wconf 79' lang='lat' dir='ltr'><strong>SEXTUS.</strong></span> 
     </span>
    </p>
   </div>
   <div class='ocr_carea' id='block_1_72' title="bbox 608 4407 3845 4481">
    <p class='ocr_par' dir='ltr' id='par_1_72' title="bbox 608 4407 3845 4481">
     <span class='ocr_line' id='line_1_72' title="bbox 608 4407 3845 4481; baseline -0.001 -13"><span class='ocrx_word' id='word_1_631' title='bbox 608 4413 652 4469; x_wconf 88' lang='grc' dir='ltr'><strong>ι.</strong></span> <span class='ocrx_word' id='word_1_632' title='bbox 693 4409 1015 4468; x_wconf 82' lang='lat' dir='ltr'><strong>Sublimitas</strong></span> <span class='ocrx_word' id='word_1_633' title='bbox 1052 4409 1365 4481; x_wconf 68' lang='lat' dir='ltr'><strong>apostolica:</strong></span> <span class='ocrx_word' id='word_1_634' title='bbox 1409 4411 1754 4468; x_wconf 87' lang='lat' dir='ltr'><strong>auctoritatis</strong></span> <span class='ocrx_word' id='word_1_635' title='bbox 1783 4420 1995 4466; x_wconf 80' lang='lat' dir='ltr'><strong>terrere</strong></span> <span class='ocrx_word' id='word_1_636' title='bbox 2037 4408 2133 4464; x_wconf 85' lang='lat' dir='ltr'><strong>de-</strong></span> <span class='ocrx_word' id='word_1_637' title='bbox 2239 4409 2371 4465; x_wconf 87' lang='lat' dir='ltr'><strong>tatis</strong></span> <span class='ocrx_word' id='word_1_638' title='bbox 2398 4410 2728 4481; x_wconf 85' lang='lat' dir='ltr'><strong>sequacibus</strong></span> <span class='ocrx_word' id='word_1_639' title='bbox 2755 4408 2977 4467; x_wconf 87' lang='lat' dir='ltr'><strong>Christo</strong></span> <span class='ocrx_word' id='word_1_640' title='bbox 3003 4407 3227 4479; x_wconf 89' lang='lat' dir='ltr'><strong>injicere</strong></span> <span class='ocrx_word' id='word_1_641' title='bbox 3255 4416 3428 4464; x_wconf 86' lang='lat' dir='ltr'><strong>tentat</strong></span> <span class='ocrx_word' id='word_1_642' title='bbox 3452 4407 3691 4465; x_wconf 88' lang='lat' dir='ltr'><strong>debitam</strong></span> <span class='ocrx_word' id='word_1_643' title='bbox 3717 4422 3845 4465; x_wconf 86' lang='lat' dir='ltr'><strong>scr-</strong></span> 
     </span>
    </p>
   </div>
   <div class='ocr_carea' id='block_1_73' title="bbox 540 4502 3847 4577">
    <p class='ocr_par' dir='ltr' id='par_1_73' title="bbox 540 4502 3847 4577">
     <span class='ocr_line' id='line_1_73' title="bbox 540 4502 3847 4577; baseline -0.002 -14"><span class='ocrx_word' id='word_1_644' title='bbox 540 4507 746 4564; x_wconf 86' lang='lat' dir='ltr'><strong>buisset</strong></span> <span class='ocrx_word' id='word_1_645' title='bbox 769 4506 905 4561; x_wconf 91' lang='lat' dir='ltr'><strong>istos</strong></span> <span class='ocrx_word' id='word_1_646' title='bbox 932 4505 1238 4574; x_wconf 81' lang='lat' dir='ltr'><strong>adoptionis</strong></span> <span class='ocrx_word' id='word_1_647' title='bbox 1265 4504 1348 4559; x_wconf 88' lang='lat' dir='ltr'><strong>vel</strong></span> <span class='ocrx_word' id='word_1_648' title='bbox 1377 4506 1797 4577; x_wconf 88' lang='lat' dir='ltr'><strong>nuncupationis</strong></span> <span class='ocrx_word' id='word_1_649' title='bbox 1829 4506 1884 4561; x_wconf 92' lang='lat' dir='ltr'><strong>in</strong></span> <span class='ocrx_word' id='word_1_650' title='bbox 1914 4504 2134 4561; x_wconf 88' lang='lat' dir='ltr'><strong>Christo</strong></span> <span class='ocrx_word' id='word_1_651' title='bbox 2238 4504 2491 4569; x_wconf 89' lang='lat' dir='ltr'><strong>vitutcm,</strong></span> <span class='ocrx_word' id='word_1_652' title='bbox 2517 4511 2574 4558; x_wconf 88' lang='lat' dir='ltr'><strong>et</strong></span> <span class='ocrx_word' id='word_1_653' title='bbox 2602 4503 2969 4560; x_wconf 86' lang='lat' dir='ltr'><strong>conditionale</strong></span> <span class='ocrx_word' id='word_1_654' title='bbox 3010 4502 3295 4558; x_wconf 81' lang='lat' dir='ltr'><strong>servitium</strong></span> <span class='ocrx_word' id='word_1_655' title='bbox 3318 4542 3335 4567; x_wconf 95' lang='lat'><strong>,</strong></span> <span class='ocrx_word' id='word_1_656' title='bbox 3381 4510 3439 4557; x_wconf 90' lang='lat' dir='ltr'><strong>et</strong></span> <span class='ocrx_word' id='word_1_657' title='bbox 3470 4504 3847 4567; x_wconf 80' lang='lat' dir='ltr'><strong>necessariam</strong></span> 
     </span>
    </p>
   </div>
   <div class='ocr_carea' id='block_1_74' title="bbox 541 4578 3881 4668">
    <p class='ocr_par' dir='ltr' id='par_1_74' title="bbox 541 4578 3881 4668">
     <span class='ocr_line' id='line_1_74' title="bbox 541 4578 3881 4668; baseline -0.003 -12"><span class='ocrx_word' id='word_1_658' title='bbox 541 4610 871 4663; x_wconf 83' lang='lat' dir='ltr'><strong>assertores,</strong></span> <span class='ocrx_word' id='word_1_659' title='bbox 904 4608 964 4652; x_wconf 92' lang='lat' dir='ltr'><strong>ut</strong></span> <span class='ocrx_word' id='word_1_660' title='bbox 984 4606 1250 4661; x_wconf 86' lang='lat' dir='ltr'><strong>tacerent,</strong></span> <span class='ocrx_word' id='word_1_661' title='bbox 1273 4599 1399 4668; x_wconf 81' lang='lat' dir='ltr'><strong>quia</strong></span> <span class='ocrx_word' id='word_1_662' title='bbox 1428 4614 1620 4655; x_wconf 87' lang='lat' dir='ltr'><strong>omnes</strong></span> <span class='ocrx_word' id='word_1_663' title='bbox 1646 4600 1914 4655; x_wconf 83' lang='lat' dir='ltr'><strong>novitates</strong></span> <span class='ocrx_word' id='word_1_664' title='bbox 1938 4589 2214 4654; x_wconf 88' lang='lat' dir='ltr'><strong>vocumD</strong></span> <span class='ocrx_word' id='word_1_665' title='bbox 2240 4593 2634 4663; x_wconf 87' lang='lat' dir='ltr'><strong>subiectionem</strong></span> <span class='ocrx_word' id='word_1_666' title='bbox 2683 4612 2697 4647; x_wconf 93' lang='lat'>:</span> <span class='ocrx_word' id='word_1_667' title='bbox 2732 4594 2863 4650; x_wconf 87' lang='lat' dir='ltr'><strong>dum</strong></span> <span class='ocrx_word' id='word_1_668' title='bbox 2907 4609 3102 4649; x_wconf 87' lang='lat' dir='ltr'><strong>omnes</strong></span> <span class='ocrx_word' id='word_1_669' title='bbox 3144 4592 3475 4666; x_wconf 66' lang='lat' dir='ltr'><strong>evangelicae</strong></span> <span class='ocrx_word' id='word_1_670' title='bbox 3525 4594 3733 4665; x_wconf 78' lang='lat' dir='ltr'><strong>pagina:</strong></span> <span class='ocrx_word' id='word_1_671' title='bbox 3782 4606 3846 4650; x_wconf 83' lang='lat' dir='ltr'><strong>et</strong></span> <span class='ocrx_word' id='word_1_672' title='bbox 3874 4578 3881 4583; x_wconf 59' lang='grc'><em>’</em></span> 
     </span>
    </p>
   </div>
   <div class='ocr_carea' id='block_1_75' title="bbox 542 4685 3843 4758">
    <p class='ocr_par' dir='ltr' id='par_1_75' title="bbox 542 4685 3843 4758">
     <span class='ocr_line' id='line_1_75' title="bbox 542 4685 3843 4758; baseline -0.001 -13"><span class='ocrx_word' id='word_1_673' title='bbox 542 4691 754 4745; x_wconf 86' lang='lat' dir='ltr'><strong>cunctis</strong></span> <span class='ocrx_word' id='word_1_674' title='bbox 778 4688 1062 4744; x_wconf 75' lang='lat' dir='ltr'><strong>catholica:</strong></span> <span class='ocrx_word' id='word_1_675' title='bbox 1090 4687 1215 4743; x_wconf 81' lang='lat' dir='ltr'><strong>ﬁdei</strong></span> <span class='ocrx_word' id='word_1_676' title='bbox 1247 4688 1374 4744; x_wconf 85' lang='lat' dir='ltr'><strong>ﬁliis</strong></span> <span class='ocrx_word' id='word_1_677' title='bbox 1405 4689 1507 4745; x_wconf 87' lang='lat' dir='ltr'><strong>sub</strong></span> <span class='ocrx_word' id='word_1_678' title='bbox 1530 4690 1897 4744; x_wconf 87' lang='lat' dir='ltr'><strong>anathematis</strong></span> <span class='ocrx_word' id='word_1_679' title='bbox 1924 4697 2137 4744; x_wconf 90' lang='lat' dir='ltr'><strong>terrore</strong></span> <span class='ocrx_word' id='word_1_680' title='bbox 2240 4685 2554 4757; x_wconf 69' lang='lat' dir='ltr'><strong>apostolicae</strong></span> <span class='ocrx_word' id='word_1_681' title='bbox 2584 4685 2884 4758; x_wconf 71' lang='lat' dir='ltr'><strong>Scriptum</strong></span> <span class='ocrx_word' id='word_1_682' title='bbox 2926 4685 3206 4743; x_wconf 84' lang='lat' dir='ltr'><strong>Christum</strong></span> <span class='ocrx_word' id='word_1_683' title='bbox 3237 4687 3509 4743; x_wconf 86' lang='lat' dir='ltr'><strong>veraciter</strong></span> <span class='ocrx_word' id='word_1_684' title='bbox 3549 4687 3843 4744; x_wconf 89' lang='lat' dir='ltr'><strong>Dominum</strong></span> 
     </span>
    </p>
   </div>
   <div class='ocr_carea' id='block_1_76' title="bbox 542 4777 2137 4838">
    <p class='ocr_par' dir='ltr' id='par_1_76' title="bbox 542 4777 2137 4838">
     <span class='ocr_line' id='line_1_76' title="bbox 542 4777 2137 4838; baseline 0.001 -1"><span class='ocrx_word' id='word_1_685' title='bbox 542 4781 843 4837; x_wconf 82' lang='lat' dir='ltr'><strong>interdixit.</strong></span> <span class='ocrx_word' id='word_1_686' title='bbox 901 4777 1007 4833; x_wconf 90' lang='lat' dir='ltr'><strong>Sed</strong></span> <span class='ocrx_word' id='word_1_687' title='bbox 1061 4778 1337 4834; x_wconf 89' lang='lat' dir='ltr'><strong>obstinata</strong></span> <span class='ocrx_word' id='word_1_688' title='bbox 1393 4796 1549 4836; x_wconf 91' lang='lat' dir='ltr'><strong>mens</strong></span> <span class='ocrx_word' id='word_1_689' title='bbox 1614 4780 1779 4836; x_wconf 89' lang='lat' dir='ltr'><strong>nullis</strong></span> <span class='ocrx_word' id='word_1_690' title='bbox 1834 4779 2137 4838; x_wconf 84' lang='lat' dir='ltr'><strong>terroribus</strong></span> 
     </span>
    </p>
   </div>
   <div class='ocr_carea' id='block_1_77' title="bbox 539 4871 2131 4944">
    <p class='ocr_par' dir='ltr' id='par_1_77' title="bbox 539 4871 2131 4944">
     <span class='ocr_line' id='line_1_77' title="bbox 539 4871 2131 4944; baseline -0.001 -15"><span class='ocrx_word' id='word_1_691' title='bbox 539 4871 778 4929; x_wconf 85' lang='lat' dir='ltr'><strong>emollita</strong></span> <span class='ocrx_word' id='word_1_692' title='bbox 804 4886 835 4925; x_wconf 88' lang='lat' dir='ltr'><strong>a</strong></span> <span class='ocrx_word' id='word_1_693' title='bbox 859 4886 971 4927; x_wconf 69' lang='lat' dir='ltr'><strong>sua:</strong></span> <span class='ocrx_word' id='word_1_694' title='bbox 998 4871 1374 4941; x_wconf 85' lang='lat' dir='ltr'><strong>perversitatis</strong></span> <span class='ocrx_word' id='word_1_695' title='bbox 1397 4872 1699 4943; x_wconf 89' lang='lat' dir='ltr'><strong>pertinacia</strong></span> <span class='ocrx_word' id='word_1_696' title='bbox 1730 4874 2094 4944; x_wconf 80' lang='lat' dir='ltr'><strong>compescitur</strong></span> <span class='ocrx_word' id='word_1_697' title='bbox 2118 4892 2131 4928; x_wconf 89' lang='lat'><strong>:</strong></span> 
     </span>
    </p>
   </div>
   <div class='ocr_carea' id='block_1_78' title="bbox 540 4961 2137 5035">
    <p class='ocr_par' dir='ltr' id='par_1_78' title="bbox 540 4961 2137 5035">
     <span class='ocr_line' id='line_1_78' title="bbox 540 4961 2137 5035; baseline 0.001 -16"><span class='ocrx_word' id='word_1_698' title='bbox 540 4978 643 5019; x_wconf 91' lang='lat' dir='ltr'><strong>nec</strong></span> <span class='ocrx_word' id='word_1_699' title='bbox 660 4977 853 5019; x_wconf 88' lang='lat' dir='ltr'><strong>eorum</strong></span> <span class='ocrx_word' id='word_1_700' title='bbox 882 4961 1246 5017; x_wconf 82' lang='lat' dir='ltr'><strong>damnationis</strong></span> <span class='ocrx_word' id='word_1_701' title='bbox 1272 4962 1522 5033; x_wconf 81' lang='lat' dir='ltr'><strong>exemplo</strong></span> <span class='ocrx_word' id='word_1_702' title='bbox 1544 4962 1834 5035; x_wconf 88' lang='lat' dir='ltr'><strong>semetipsa</strong></span> <span class='ocrx_word' id='word_1_703' title='bbox 1858 4964 2137 5035; x_wconf 85' lang='lat' dir='ltr'><strong>corrigere</strong></span> 
     </span>
    </p>
   </div>
   <div class='ocr_carea' id='block_1_79' title="bbox 542 5052 2137 5127">
    <p class='ocr_par' dir='ltr' id='par_1_79' title="bbox 542 5052 2137 5127">
     <span class='ocr_line' id='line_1_79' title="bbox 542 5052 2137 5127; baseline 0.003 -20"><span class='ocrx_word' id='word_1_704' title='bbox 542 5061 719 5118; x_wconf 88' lang='lat' dir='ltr'><strong>curat,</strong></span> <span class='ocrx_word' id='word_1_705' title='bbox 749 5052 843 5123; x_wconf 90' lang='lat' dir='ltr'><strong>qui</strong></span> <span class='ocrx_word' id='word_1_706' title='bbox 890 5052 1157 5108; x_wconf 87' lang='lat' dir='ltr'><strong>anteactis</strong></span> <span class='ocrx_word' id='word_1_707' title='bbox 1184 5052 1520 5124; x_wconf 86' lang='lat' dir='ltr'><strong>temporibus</strong></span> <span class='ocrx_word' id='word_1_708' title='bbox 1560 5069 1733 5110; x_wconf 89' lang='lat' dir='ltr'><strong>novas</strong></span> <span class='ocrx_word' id='word_1_709' title='bbox 1765 5063 1965 5119; x_wconf 88' lang='lat' dir='ltr'><strong>sectas,</strong></span> <span class='ocrx_word' id='word_1_710' title='bbox 2005 5071 2137 5127; x_wconf 90' lang='lat' dir='ltr'><strong>apo-</strong></span> 
     </span>
    </p>
   </div>
   <div class='ocr_carea' id='block_1_80' title="bbox 542 5144 2134 5215">
    <p class='ocr_par' dir='ltr' id='par_1_80' title="bbox 542 5144 2134 5215">
     <span class='ocr_line' id='line_1_80' title="bbox 542 5144 2134 5215; baseline 0.003 -16"><span class='ocrx_word' id='word_1_711' title='bbox 542 5144 863 5215; x_wconf 81' lang='lat' dir='ltr'><strong>stolicisque</strong></span> <span class='ocrx_word' id='word_1_712' title='bbox 893 5145 1274 5201; x_wconf 88' lang='lat' dir='ltr'><strong>traditionibus</strong></span> <span class='ocrx_word' id='word_1_713' title='bbox 1303 5147 1611 5202; x_wconf 85' lang='lat' dir='ltr'><strong>contrarias</strong></span> <span class='ocrx_word' id='word_1_714' title='bbox 1639 5147 1989 5203; x_wconf 89' lang='lat' dir='ltr'><strong>introducere</strong></span> <span class='ocrx_word' id='word_1_715' title='bbox 2012 5156 2134 5203; x_wconf 85' lang='lat' dir='ltr'><strong>ten-</strong></span> 
     </span>
    </p>
   </div>
   <div class='ocr_carea' id='block_1_81' title="bbox 543 5236 2138 5310">
    <p class='ocr_par' dir='ltr' id='par_1_81' title="bbox 543 5236 2138 5310">
     <span class='ocr_line' id='line_1_81' title="bbox 543 5236 2138 5310; baseline 0.002 -17"><span class='ocrx_word' id='word_1_716' title='bbox 543 5244 746 5293; x_wconf 87' lang='lat' dir='ltr'><strong>tarunt.</strong></span> <span class='ocrx_word' id='word_1_717' title='bbox 774 5237 851 5292; x_wconf 86' lang='lat' dir='ltr'><strong>Ita</strong></span> <span class='ocrx_word' id='word_1_718' title='bbox 894 5236 1039 5292; x_wconf 89' lang='lat' dir='ltr'><strong>enim</strong></span> <span class='ocrx_word' id='word_1_719' title='bbox 1069 5253 1171 5293; x_wconf 89' lang='lat' dir='ltr'><strong>nec</strong></span> <span class='ocrx_word' id='word_1_720' title='bbox 1199 5237 1308 5303; x_wconf 89' lang='lat' dir='ltr'><strong>isti,</strong></span> <span class='ocrx_word' id='word_1_721' title='bbox 1341 5238 1435 5309; x_wconf 91' lang='lat' dir='ltr'><strong>qui</strong></span> <span class='ocrx_word' id='word_1_722' title='bbox 1481 5240 1645 5310; x_wconf 87' lang='lat' dir='ltr'><strong>hujus</strong></span> <span class='ocrx_word' id='word_1_723' title='bbox 1685 5240 1940 5296; x_wconf 88' lang='lat' dir='ltr'><strong>novitatis</strong></span> <span class='ocrx_word' id='word_1_724' title='bbox 1966 5240 2138 5296; x_wconf 89' lang='lat' dir='ltr'><strong>intro-</strong></span> 
     </span>
    </p>
   </div>
   <div class='ocr_carea' id='block_1_82' title="bbox 542 5325 2133 5401">
    <p class='ocr_par' dir='ltr' id='par_1_82' title="bbox 542 5325 2133 5401">
     <span class='ocr_line' id='line_1_82' title="bbox 542 5325 2133 5401; baseline 0.003 -19"><span class='ocrx_word' id='word_1_725' title='bbox 542 5325 830 5383; x_wconf 86' lang='lat' dir='ltr'><strong>ductiones</strong></span> <span class='ocrx_word' id='word_1_726' title='bbox 856 5325 981 5382; x_wconf 89' lang='lat' dir='ltr'><strong>ﬁdei</strong></span> <span class='ocrx_word' id='word_1_727' title='bbox 1012 5326 1296 5382; x_wconf 76' lang='lat' dir='ltr'><strong>catholica:</strong></span> <span class='ocrx_word' id='word_1_728' title='bbox 1326 5328 1569 5383; x_wconf 68' lang='lat' dir='ltr'><strong>inserere</strong></span> <span class='ocrx_word' id='word_1_729' title='bbox 1611 5340 1897 5393; x_wconf 90' lang='lat' dir='ltr'><strong>conantur,</strong></span> <span class='ocrx_word' id='word_1_730' title='bbox 1939 5346 1999 5386; x_wconf 89' lang='lat' dir='ltr'><strong>se</strong></span> <span class='ocrx_word' id='word_1_731' title='bbox 2044 5331 2133 5401; x_wconf 90' lang='lat' dir='ltr'><strong>pia</strong></span> 
     </span>
    </p>
   </div>
   <div class='ocr_carea' id='block_1_83' title="bbox 544 5417 2136 5476">
    <p class='ocr_par' dir='ltr' id='par_1_83' title="bbox 544 5417 2136 5476">
     <span class='ocr_line' id='line_1_83' title="bbox 544 5417 2136 5476; baseline 0.003 -5"><span class='ocrx_word' id='word_1_732' title='bbox 544 5417 867 5473; x_wconf 81' lang='lat' dir='ltr'><strong>humilitatis</strong></span> <span class='ocrx_word' id='word_1_733' title='bbox 893 5417 1331 5473; x_wconf 87' lang='lat' dir='ltr'><strong>consideratione</strong></span> <span class='ocrx_word' id='word_1_734' title='bbox 1358 5419 1413 5473; x_wconf 90' lang='lat' dir='ltr'><strong>in</strong></span> <span class='ocrx_word' id='word_1_735' title='bbox 1437 5418 1580 5473; x_wconf 90' lang='lat' dir='ltr'><strong>ovile</strong></span> <span class='ocrx_word' id='word_1_736' title='bbox 1601 5419 1924 5476; x_wconf 87' lang='lat' dir='ltr'><strong>universalis</strong></span> <span class='ocrx_word' id='word_1_737' title='bbox 1949 5421 2136 5476; x_wconf 86' lang='lat' dir='ltr'><strong>Eccle-</strong></span> 
     </span>
    </p>
   </div>
   <div class='ocr_carea' id='block_1_84' title="bbox 543 5506 2130 5580">
    <p class='ocr_par' dir='ltr' id='par_1_84' title="bbox 543 5506 2130 5580">
     <span class='ocr_line' id='line_1_84' title="bbox 543 5506 2130 5580; baseline 0 -14"><span class='ocrx_word' id='word_1_738' title='bbox 543 5508 639 5566; x_wconf 70' lang='lat' dir='ltr'><strong>siae</strong></span> <span class='ocrx_word' id='word_1_739' title='bbox 668 5524 766 5579; x_wconf 90' lang='lat' dir='ltr'><strong>per</strong></span> <span class='ocrx_word' id='word_1_740' title='bbox 810 5508 1125 5580; x_wconf 69' lang='lat' dir='ltr'><strong>apostolicae</strong></span> <span class='ocrx_word' id='word_1_741' title='bbox 1154 5506 1277 5563; x_wconf 86' lang='lat' dir='ltr'><strong>ﬁdei</strong></span> <span class='ocrx_word' id='word_1_742' title='bbox 1312 5510 1575 5565; x_wconf 88' lang='lat' dir='ltr'><strong>unitatem</strong></span> <span class='ocrx_word' id='word_1_743' title='bbox 1604 5525 1861 5565; x_wconf 87' lang='lat' dir='ltr'><strong>revocare</strong></span> <span class='ocrx_word' id='word_1_744' title='bbox 1890 5512 2130 5568; x_wconf 90' lang='lat' dir='ltr'><strong>student.</strong></span> 
     </span>
    </p>
   </div>
   <div class='ocr_carea' id='block_1_85' title="bbox 548 5599 2134 5673">
    <p class='ocr_par' dir='ltr' id='par_1_85' title="bbox 548 5599 2134 5673">
     <span class='ocr_line' id='line_1_85' title="bbox 548 5599 2134 5673; baseline 0.004 -18"><span class='ocrx_word' id='word_1_745' title='bbox 548 5599 615 5655; x_wconf 78' lang='lat' dir='ltr'><strong>Et</strong></span> <span class='ocrx_word' id='word_1_746' title='bbox 645 5615 753 5656; x_wconf 90' lang='lat' dir='ltr'><strong>non</strong></span> <span class='ocrx_word' id='word_1_747' title='bbox 780 5602 954 5657; x_wconf 87' lang='lat' dir='ltr'><strong>solum</strong></span> <span class='ocrx_word' id='word_1_748' title='bbox 985 5602 1129 5657; x_wconf 87' lang='lat' dir='ltr'><strong>male</strong></span> <span class='ocrx_word' id='word_1_749' title='bbox 1161 5601 1372 5673; x_wconf 88' lang='lat' dir='ltr'><strong>prolata</strong></span> <span class='ocrx_word' id='word_1_750' title='bbox 1419 5602 1723 5661; x_wconf 84' lang='lat' dir='ltr'><strong>salubriore</strong></span> <span class='ocrx_word' id='word_1_751' title='bbox 1756 5618 1919 5660; x_wconf 90' lang='lat' dir='ltr'><strong>sensu</strong></span> <span class='ocrx_word' id='word_1_752' title='bbox 1949 5620 2134 5660; x_wconf 89' lang='lat' dir='ltr'><strong>emen-</strong></span> 
     </span>
    </p>
   </div>
   <div class='ocr_carea' id='block_1_86' title="bbox 546 5697 2133 5767">
    <p class='ocr_par' dir='ltr' id='par_1_86' title="bbox 546 5697 2133 5767">
     <span class='ocr_line' id='line_1_86' title="bbox 546 5697 2133 5767; baseline 0.001 -14"><span class='ocrx_word' id='word_1_753' title='bbox 546 5699 678 5754; x_wconf 79' lang='lat' dir='ltr'><strong>dane</strong></span> <span class='ocrx_word' id='word_1_754' title='bbox 706 5714 813 5754; x_wconf 87' lang='lat' dir='ltr'><strong>non</strong></span> <span class='ocrx_word' id='word_1_755' title='bbox 858 5697 1208 5753; x_wconf 87' lang='lat' dir='ltr'><strong>consentiunt</strong></span> <span class='ocrx_word' id='word_1_756' title='bbox 1251 5714 1267 5751; x_wconf 89' lang='lat'><strong>:</strong></span> <span class='ocrx_word' id='word_1_757' title='bbox 1303 5711 1494 5753; x_wconf 88' lang='lat' dir='ltr'><strong>verum</strong></span> <span class='ocrx_word' id='word_1_758' title='bbox 1526 5698 1693 5752; x_wconf 89' lang='lat' dir='ltr'><strong>etiam</strong></span> <span class='ocrx_word' id='word_1_759' title='bbox 1742 5698 2020 5767; x_wconf 87' lang='lat' dir='ltr'><strong>peioribus</strong></span> <span class='ocrx_word' id='word_1_760' title='bbox 2073 5714 2133 5755; x_wconf 88' lang='lat' dir='ltr'><strong>se</strong></span> 
     </span>
    </p>
   </div>
   <div class='ocr_carea' id='block_1_87' title="bbox 543 5785 2135 5857">
    <p class='ocr_par' dir='ltr' id='par_1_87' title="bbox 543 5785 2135 5857">
     <span class='ocr_line' id='line_1_87' title="bbox 543 5785 2135 5857; baseline 0.003 -18"><span class='ocrx_word' id='word_1_761' title='bbox 543 5786 725 5843; x_wconf 81' lang='lat' dir='ltr'><strong>denuo</strong></span> <span class='ocrx_word' id='word_1_762' title='bbox 757 5786 1039 5857; x_wconf 78' lang='lat' dir='ltr'><strong>implicare</strong></span> <span class='ocrx_word' id='word_1_763' title='bbox 1064 5787 1344 5843; x_wconf 86' lang='lat' dir='ltr'><strong>erroribus</strong></span> <span class='ocrx_word' id='word_1_764' title='bbox 1371 5785 1723 5842; x_wconf 86' lang='lat' dir='ltr'><strong>contendunt.</strong></span> <span class='ocrx_word' id='word_1_765' title='bbox 1758 5787 1909 5843; x_wconf 84' lang='lat' dir='ltr'><strong>Unde</strong></span> <span class='ocrx_word' id='word_1_766' title='bbox 1937 5796 1993 5842; x_wconf 89' lang='lat' dir='ltr'><strong>et</strong></span> <span class='ocrx_word' id='word_1_767' title='bbox 2031 5788 2135 5843; x_wconf 89' lang='lat' dir='ltr'><strong>iste</strong></span> 
     </span>
    </p>
   </div>
   <div class='ocr_carea' id='block_1_88' title="bbox 546 5878 2133 5952">
    <p class='ocr_par' dir='ltr' id='par_1_88' title="bbox 546 5878 2133 5952">
     <span class='ocr_line' id='line_1_88' title="bbox 546 5878 2133 5952; baseline 0.003 -18"><span class='ocrx_word' id='word_1_768' title='bbox 546 5878 699 5936; x_wconf 76' lang='lat' dir='ltr'><strong>Felix</strong></span> <span class='ocrx_word' id='word_1_769' title='bbox 734 5881 1030 5939; x_wconf 80' lang='lat' dir='ltr'><strong>infeliciore</strong></span> <span class='ocrx_word' id='word_1_770' title='bbox 1057 5883 1307 5948; x_wconf 86' lang='lat' dir='ltr'><strong>audacia,</strong></span> <span class='ocrx_word' id='word_1_771' title='bbox 1336 5898 1459 5938; x_wconf 89' lang='lat' dir='ltr'><strong>cum</strong></span> <span class='ocrx_word' id='word_1_772' title='bbox 1485 5882 1699 5938; x_wconf 63' lang='lat' dir='ltr'><strong>caeteris</strong></span> <span class='ocrx_word' id='word_1_773' title='bbox 1726 5897 1838 5937; x_wconf 73' lang='lat' dir='ltr'><strong>sate</strong></span> <span class='ocrx_word' id='word_1_774' title='bbox 1863 5884 2133 5952; x_wconf 83' lang='lat' dir='ltr'><strong>perversi-</strong></span> 
     </span>
    </p>
   </div>
   <div class='ocr_carea' id='block_1_89' title="bbox 2240 4777 3846 4850">
    <p class='ocr_par' dir='ltr' id='par_1_89' title="bbox 2240 4777 3846 4850">
     <span class='ocr_line' id='line_1_89' title="bbox 2240 4777 3846 4850; baseline 0.003 -15"><span class='ocrx_word' id='word_1_775' title='bbox 2240 4777 2435 4845; x_wconf 88' lang='lat' dir='ltr'><strong>Deum,</strong></span> <span class='ocrx_word' id='word_1_776' title='bbox 2461 4788 2629 4850; x_wconf 89' lang='lat' dir='ltr'><strong>atque</strong></span> <span class='ocrx_word' id='word_1_777' title='bbox 2654 4778 2750 4834; x_wconf 85' lang='lat' dir='ltr'><strong>Dei</strong></span> <span class='ocrx_word' id='word_1_778' title='bbox 2786 4777 2985 4834; x_wconf 83' lang='lat' dir='ltr'><strong>Filium</strong></span> <span class='ocrx_word' id='word_1_779' title='bbox 3014 4778 3362 4850; x_wconf 88' lang='lat' dir='ltr'><strong>apertissime</strong></span> <span class='ocrx_word' id='word_1_780' title='bbox 3390 4788 3678 4835; x_wconf 85' lang='lat' dir='ltr'><strong>testentur.</strong></span> <span class='ocrx_word' id='word_1_781' title='bbox 3726 4781 3846 4839; x_wconf 81' lang='lat' dir='ltr'><strong>Nec</strong></span> 
     </span>
    </p>
   </div>
   <div class='ocr_carea' id='block_1_90' title="bbox 2241 4868 3847 4942">
    <p class='ocr_par' dir='ltr' id='par_1_90' title="bbox 2241 4868 3847 4942">
     <span class='ocr_line' id='line_1_90' title="bbox 2241 4868 3847 4942; baseline 0.003 -18"><span class='ocrx_word' id='word_1_782' title='bbox 2241 4870 2403 4927; x_wconf 87' lang='lat' dir='ltr'><strong>alicui</strong></span> <span class='ocrx_word' id='word_1_783' title='bbox 2430 4879 2742 4927; x_wconf 87' lang='lat' dir='ltr'><strong>sanctorum</strong></span> <span class='ocrx_word' id='word_1_784' title='bbox 2791 4878 2943 4924; x_wconf 89' lang='lat' dir='ltr'><strong>tanta</strong></span> <span class='ocrx_word' id='word_1_785' title='bbox 2986 4868 3089 4925; x_wconf 81' lang='lat' dir='ltr'><strong>fuit</strong></span> <span class='ocrx_word' id='word_1_786' title='bbox 3125 4869 3359 4925; x_wconf 88' lang='lat' dir='ltr'><strong>latitudo</strong></span> <span class='ocrx_word' id='word_1_787' title='bbox 3402 4871 3703 4942; x_wconf 49' lang='lat' dir='ltr'><strong>sapientia,</strong></span> <span class='ocrx_word' id='word_1_788' title='bbox 3750 4874 3847 4929; x_wconf 85' lang='lat' dir='ltr'><strong>vel</strong></span> 
     </span>
    </p>
   </div>
   <div class='ocr_carea' id='block_1_91' title="bbox 2241 4960 3846 5035">
    <p class='ocr_par' dir='ltr' id='par_1_91' title="bbox 2241 4960 3846 5035">
     <span class='ocr_line' id='line_1_91' title="bbox 2241 4960 3846 5035; baseline 0.004 -20"><span class='ocrx_word' id='word_1_789' title='bbox 2241 4970 2352 5015; x_wconf 91' lang='lat' dir='ltr'><strong>tam</strong></span> <span class='ocrx_word' id='word_1_790' title='bbox 2375 4961 2596 5032; x_wconf 83' lang='lat' dir='ltr'><strong>grandis</strong></span> <span class='ocrx_word' id='word_1_791' title='bbox 2621 4960 2948 5032; x_wconf 77' lang='lat' dir='ltr'><strong>eloquentia:</strong></span> <span class='ocrx_word' id='word_1_792' title='bbox 2978 4962 3157 5033; x_wconf 88' lang='lat' dir='ltr'><strong>copia,</strong></span> <span class='ocrx_word' id='word_1_793' title='bbox 3187 4972 3247 5017; x_wconf 92' lang='lat' dir='ltr'><strong>ut</strong></span> <span class='ocrx_word' id='word_1_794' title='bbox 3273 4961 3488 5018; x_wconf 88' lang='lat' dir='ltr'><strong>laudem</strong></span> <span class='ocrx_word' id='word_1_795' title='bbox 3516 4972 3574 5019; x_wconf 92' lang='lat' dir='ltr'><strong>et</strong></span> <span class='ocrx_word' id='word_1_796' title='bbox 3606 4963 3846 5035; x_wconf 80' lang='lat' dir='ltr'><strong>gloriam</strong></span> 
     </span>
    </p>
   </div>
   <div class='ocr_carea' id='block_1_92' title="bbox 2239 5051 3846 5126">
    <p class='ocr_par' dir='ltr' id='par_1_92' title="bbox 2239 5051 3846 5126">
     <span class='ocr_line' id='line_1_92' title="bbox 2239 5051 3846 5126; baseline 0.002 -18"><span class='ocrx_word' id='word_1_797' title='bbox 2239 5053 2442 5109; x_wconf 85' lang='lat' dir='ltr'><strong>Christi</strong></span> <span class='ocrx_word' id='word_1_798' title='bbox 2469 5051 2563 5108; x_wconf 89' lang='lat' dir='ltr'><strong>Dei</strong></span> <span class='ocrx_word' id='word_1_799' title='bbox 2595 5052 2756 5124; x_wconf 88' lang='lat' dir='ltr'><strong>digne</strong></span> <span class='ocrx_word' id='word_1_800' title='bbox 2783 5053 3051 5124; x_wconf 87' lang='lat' dir='ltr'><strong>potuisset</strong></span> <span class='ocrx_word' id='word_1_801' title='bbox 3087 5067 3370 5110; x_wconf 87' lang='lat' dir='ltr'><strong>enarrare.</strong></span> <span class='ocrx_word' id='word_1_802' title='bbox 3420 5053 3654 5126; x_wconf 88' lang='lat' dir='ltr'><strong>Superat</strong></span> <span class='ocrx_word' id='word_1_803' title='bbox 3689 5056 3846 5113; x_wconf 87' lang='lat' dir='ltr'><strong>enim</strong></span> 
     </span>
    </p>
   </div>
   <div class='ocr_carea' id='block_1_93' title="bbox 2237 5143 3847 5220">
    <p class='ocr_par' dir='ltr' id='par_1_93' title="bbox 2237 5143 3847 5220">
     <span class='ocr_line' id='line_1_93' title="bbox 2237 5143 3847 5220; baseline 0.002 -19"><span class='ocrx_word' id='word_1_804' title='bbox 2237 5160 2456 5201; x_wconf 89' lang='lat' dir='ltr'><strong>omnem</strong></span> <span class='ocrx_word' id='word_1_805' title='bbox 2502 5158 2726 5201; x_wconf 88' lang='lat' dir='ltr'><strong>sensum</strong></span> <span class='ocrx_word' id='word_1_806' title='bbox 2774 5143 3059 5201; x_wconf 88' lang='lat' dir='ltr'><strong>rationalis</strong></span> <span class='ocrx_word' id='word_1_807' title='bbox 3092 5153 3362 5201; x_wconf 66' lang='lat' dir='ltr'><strong>creaturae</strong></span> <span class='ocrx_word' id='word_1_808' title='bbox 3389 5146 3551 5218; x_wconf 86' lang='lat' dir='ltr'><strong>huius</strong></span> <span class='ocrx_word' id='word_1_809' title='bbox 3591 5148 3847 5220; x_wconf 80' lang='lat' dir='ltr'><strong>mysterii</strong></span> 
     </span>
    </p>
   </div>
   <div class='ocr_carea' id='block_1_94' title="bbox 2239 5234 3836 5309">
    <p class='ocr_par' dir='ltr' id='par_1_94' title="bbox 2239 5234 3836 5309">
     <span class='ocr_line' id='line_1_94' title="bbox 2239 5234 3836 5309; baseline 0.002 -18"><span class='ocrx_word' id='word_1_810' title='bbox 2239 5236 2578 5308; x_wconf 88' lang='lat' dir='ltr'><strong>magnitudo,</strong></span> <span class='ocrx_word' id='word_1_811' title='bbox 2604 5251 2715 5308; x_wconf 85' lang='lat' dir='ltr'><strong>quo</strong></span> <span class='ocrx_word' id='word_1_812' title='bbox 2744 5236 2839 5291; x_wconf 89' lang='lat' dir='ltr'><strong>Dei</strong></span> <span class='ocrx_word' id='word_1_813' title='bbox 2869 5234 3039 5292; x_wconf 83' lang='lat' dir='ltr'><strong>Filius</strong></span> <span class='ocrx_word' id='word_1_814' title='bbox 3067 5236 3123 5291; x_wconf 92' lang='lat' dir='ltr'><strong>in</strong></span> <span class='ocrx_word' id='word_1_815' title='bbox 3154 5237 3419 5293; x_wconf 85' lang='lat' dir='ltr'><strong>unitatem</strong></span> <span class='ocrx_word' id='word_1_816' title='bbox 3447 5254 3694 5309; x_wconf 69' lang='lat' dir='ltr'><strong>personae</strong></span> <span class='ocrx_word' id='word_1_817' title='bbox 3724 5240 3836 5294; x_wconf 88' lang='lat' dir='ltr'><strong>hu-</strong></span> 
     </span>
    </p>
   </div>
   <div class='ocr_carea' id='block_1_95' title="bbox 2238 5328 3846 5399">
    <p class='ocr_par' dir='ltr' id='par_1_95' title="bbox 2238 5328 3846 5399">
     <span class='ocr_line' id='line_1_95' title="bbox 2238 5328 3846 5399; baseline 0.003 -16"><span class='ocrx_word' id='word_1_818' title='bbox 2238 5328 2519 5383; x_wconf 84' lang='lat' dir='ltr'><strong>manitatis</strong></span> <span class='ocrx_word' id='word_1_819' title='bbox 2568 5337 2818 5384; x_wconf 86' lang='lat' dir='ltr'><strong>naturam</strong></span> <span class='ocrx_word' id='word_1_820' title='bbox 2849 5342 3131 5384; x_wconf 87' lang='lat' dir='ltr'><strong>assumere</strong></span> <span class='ocrx_word' id='word_1_821' title='bbox 3159 5331 3415 5399; x_wconf 78' lang='lat' dir='ltr'><strong>dignatus</strong></span> <span class='ocrx_word' id='word_1_822' title='bbox 3457 5338 3561 5394; x_wconf 86' lang='lat' dir='ltr'><strong>est,</strong></span> <span class='ocrx_word' id='word_1_823' title='bbox 3600 5340 3656 5385; x_wconf 89' lang='lat' dir='ltr'><strong>et</strong></span> <span class='ocrx_word' id='word_1_824' title='bbox 3693 5331 3846 5388; x_wconf 88' lang='lat' dir='ltr'><strong>inter</strong></span> 
     </span>
    </p>
   </div>
   <div class='ocr_carea' id='block_1_96' title="bbox 2237 5420 3845 5493">
    <p class='ocr_par' dir='ltr' id='par_1_96' title="bbox 2237 5420 3845 5493">
     <span class='ocr_line' id='line_1_96' title="bbox 2237 5420 3845 5493; baseline 0.003 -18"><span class='ocrx_word' id='word_1_825' title='bbox 2237 5420 2489 5476; x_wconf 87' lang='lat' dir='ltr'><strong>homines</strong></span> <span class='ocrx_word' id='word_1_826' title='bbox 2520 5420 2682 5476; x_wconf 86' lang='lat' dir='ltr'><strong>homo</strong></span> <span class='ocrx_word' id='word_1_827' title='bbox 2712 5420 2855 5475; x_wconf 88' lang='lat' dir='ltr'><strong>Deus</strong></span> <span class='ocrx_word' id='word_1_828' title='bbox 2883 5422 3229 5488; x_wconf 83' lang='lat' dir='ltr'><strong>conversari,</strong></span> <span class='ocrx_word' id='word_1_829' title='bbox 3262 5423 3353 5493; x_wconf 92' lang='lat' dir='ltr'><strong>qui</strong></span> <span class='ocrx_word' id='word_1_830' title='bbox 3386 5423 3438 5477; x_wconf 93' lang='lat' dir='ltr'><strong>in</strong></span> <span class='ocrx_word' id='word_1_831' title='bbox 3462 5421 3616 5479; x_wconf 66' lang='lat' dir='ltr'><strong>caelis</strong></span> <span class='ocrx_word' id='word_1_832' title='bbox 3641 5423 3845 5480; x_wconf 83' lang='lat' dir='ltr'><strong>adora-</strong></span> 
     </span>
    </p>
   </div>
   <div class='ocr_carea' id='block_1_97' title="bbox 2239 5509 3841 5583">
    <p class='ocr_par' dir='ltr' id='par_1_97' title="bbox 2239 5509 3841 5583">
     <span class='ocr_line' id='line_1_97' title="bbox 2239 5509 3841 5583; baseline 0.006 -17"><span class='ocrx_word' id='word_1_833' title='bbox 2239 5522 2329 5566; x_wconf 89' lang='lat' dir='ltr'><strong>tur</strong></span> <span class='ocrx_word' id='word_1_834' title='bbox 2356 5512 2425 5567; x_wconf 89' lang='lat' dir='ltr'><strong>ab</strong></span> <span class='ocrx_word' id='word_1_835' title='bbox 2452 5511 2697 5583; x_wconf 87' lang='lat' dir='ltr'><strong>angelis:</strong></span> <span class='ocrx_word' id='word_1_836' title='bbox 2732 5526 2893 5582; x_wconf 90' lang='lat' dir='ltr'><strong>quem</strong></span> <span class='ocrx_word' id='word_1_837' title='bbox 2920 5509 3107 5569; x_wconf 76' lang='lat' dir='ltr'><strong>infelix</strong></span> <span class='ocrx_word' id='word_1_838' title='bbox 3147 5514 3377 5570; x_wconf 88' lang='lat' dir='ltr'><strong>istorum</strong></span> <span class='ocrx_word' id='word_1_839' title='bbox 3412 5517 3695 5573; x_wconf 89' lang='lat' dir='ltr'><strong>temeritas</strong></span> <span class='ocrx_word' id='word_1_840' title='bbox 3734 5518 3841 5575; x_wconf 60' lang='lat' dir='ltr'><strong>de-</strong></span> 
     </span>
    </p>
   </div>
   <div class='ocr_carea' id='block_1_98' title="bbox 2236 5604 3837 5671">
    <p class='ocr_par' dir='ltr' id='par_1_98' title="bbox 2236 5604 3837 5671">
     <span class='ocr_line' id='line_1_98' title="bbox 2236 5604 3837 5671; baseline 0.004 -10"><span class='ocrx_word' id='word_1_841' title='bbox 2236 5605 2470 5661; x_wconf 88' lang='lat' dir='ltr'><strong>bitorem</strong></span> <span class='ocrx_word' id='word_1_842' title='bbox 2499 5604 2800 5671; x_wconf 87' lang='lat' dir='ltr'><strong>servitutis,</strong></span> <span class='ocrx_word' id='word_1_843' title='bbox 2843 5604 2929 5660; x_wconf 88' lang='lat' dir='ltr'><strong>vel</strong></span> <span class='ocrx_word' id='word_1_844' title='bbox 2955 5607 3379 5664; x_wconf 83' lang='lat' dir='ltr'><strong>conditionalem</strong></span> <span class='ocrx_word' id='word_1_845' title='bbox 3407 5624 3624 5665; x_wconf 83' lang='lat' dir='ltr'><strong>servum</strong></span> <span class='ocrx_word' id='word_1_846' title='bbox 3654 5611 3837 5667; x_wconf 83' lang='lat' dir='ltr'><strong>nomi-</strong></span> 
     </span>
    </p>
   </div>
   <div class='ocr_carea' id='block_1_99' title="bbox 2236 5696 3836 5772">
    <p class='ocr_par' dir='ltr' id='par_1_99' title="bbox 2236 5696 3836 5772">
     <span class='ocr_line' id='line_1_99' title="bbox 2236 5696 3836 5772; baseline 0.006 -22"><span class='ocrx_word' id='word_1_847' title='bbox 2236 5710 2368 5751; x_wconf 88' lang='lat' dir='ltr'><strong>nare</strong></span> <span class='ocrx_word' id='word_1_848' title='bbox 2394 5711 2499 5751; x_wconf 91' lang='lat' dir='ltr'><strong>non</strong></span> <span class='ocrx_word' id='word_1_849' title='bbox 2541 5696 2752 5761; x_wconf 88' lang='lat' dir='ltr'><strong>metuit,</strong></span> <span class='ocrx_word' id='word_1_850' title='bbox 2779 5706 2836 5752; x_wconf 90' lang='lat' dir='ltr'><strong>et</strong></span> <span class='ocrx_word' id='word_1_851' title='bbox 2863 5697 3048 5753; x_wconf 80' lang='lat' dir='ltr'><strong>intima</strong></span> <span class='ocrx_word' id='word_1_852' title='bbox 3080 5714 3311 5772; x_wconf 67' lang='lat' dir='ltr'><strong>qumque</strong></span> <span class='ocrx_word' id='word_1_853' title='bbox 3337 5703 3556 5758; x_wconf 91' lang='lat' dir='ltr'><strong>nomina</strong></span> <span class='ocrx_word' id='word_1_854' title='bbox 3592 5700 3836 5760; x_wconf 58' lang='lat' dir='ltr'><strong>Bedente</strong></span> 
     </span>
    </p>
   </div>
   <div class='ocr_carea' id='block_1_100' title="bbox 2233 5787 3844 5869">
    <p class='ocr_par' dir='ltr' id='par_1_100' title="bbox 2233 5787 3844 5869">
     <span class='ocr_line' id='line_1_100' title="bbox 2233 5787 3844 5869; baseline 0.007 -26"><span class='ocrx_word' id='word_1_855' title='bbox 2233 5789 2376 5861; x_wconf 90' lang='lat' dir='ltr'><strong>ptori</strong></span> <span class='ocrx_word' id='word_1_856' title='bbox 2402 5797 2590 5844; x_wconf 90' lang='lat' dir='ltr'><strong>nostro</strong></span> <span class='ocrx_word' id='word_1_857' title='bbox 2611 5787 2850 5855; x_wconf 88' lang='lat' dir='ltr'><strong>Christo,</strong></span> <span class='ocrx_word' id='word_1_858' title='bbox 2867 5790 2978 5847; x_wconf 90' lang='lat' dir='ltr'><strong>Deo</strong></span> <span class='ocrx_word' id='word_1_859' title='bbox 3002 5806 3155 5859; x_wconf 81' lang='lat' dir='ltr'><strong>vero,</strong></span> <span class='ocrx_word' id='word_1_860' title='bbox 3178 5802 3236 5849; x_wconf 92' lang='lat' dir='ltr'><strong>et</strong></span> <span class='ocrx_word' id='word_1_861' title='bbox 3257 5794 3388 5867; x_wconf 63' lang='grc' dir='ltr'><strong>ιιι»θὶ</strong></span> <span class='ocrx_word' id='word_1_862' title='bbox 3418 5811 3625 5869; x_wconf 84' lang='lat' dir='ltr'><strong>regum,</strong></span> <span class='ocrx_word' id='word_1_863' title='bbox 3651 5794 3844 5855; x_wconf 75' lang='lat' dir='ltr'><strong>Domi-</strong></span> 
     </span>
    </p>
   </div>
   <div class='ocr_carea' id='block_1_101' title="bbox 2235 5871 3466 5956">
    <p class='ocr_par' dir='ltr' id='par_1_101' title="bbox 2235 5871 3466 5956">
     <span class='ocr_line' id='line_1_101' title="bbox 2235 5871 3466 5956; baseline 0.004 -19"><span class='ocrx_word' id='word_1_864' title='bbox 2235 5897 2412 5953; x_wconf 81' lang='lat' dir='ltr'><strong>noque</strong></span> <span class='ocrx_word' id='word_1_865' title='bbox 2439 5880 2833 5938; x_wconf 89' lang='lat' dir='ltr'><strong>dominantium</strong></span> <span class='ocrx_word' id='word_1_866' title='bbox 2864 5883 3142 5954; x_wconf 84' lang='lat' dir='ltr'><strong>imponere</strong></span> <span class='ocrx_word' id='word_1_867' title='bbox 3168 5871 3466 5956; x_wconf 61' lang='lat' dir='ltr'><strong>pensitauit.</strong></span> 
     </span>
    </p>
   </div>
  </div>
