4136 6608
360 435 459 493 id!

1079 430 1476 497 bocuartca
1532 471 1601 481 -
1638 433 1798 495 on.
1842 433 2137 493 FEIJCEM
2174 436 2351 495 unm
2392 440 2499 496 vn.
2540 471 2610 482 -
2644 442 2770 496 un.
2815 441 2896 495 γι.

3513 431 3620 487 2(ῖὰ

423 554 593 627 839
629 546 690 609 η.
730 551 883 620 Quod
928 569 1057 623 ergo
1100 555 1377 609 Christum
1420 556 1616 611 debita!
1660 554 1938 610 servitutis
1966 556 2011 611 Λ
2113 554 2197 607 Ill.
2227 553 2359 608 lllud
2394 570 2523 609 vero
2551 555 2689 623 quod
2726 555 2848 608 ais:
2879 574 2896 604 ι
2932 552 3084 606 Illum
3114 558 3331 619 propter
3374 548 3620 616 ignobilis

355 648 681 703 necessitate
708 648 1059 701 constrictum
1095 663 1215 702 esse
1258 648 1560 709 contendis,
1585 646 1690 708 die,
1721 661 1842 709 oro,
1884 645 1935 699 in

355 752 469 807 quo
508 734 609 792 luit
649 736 899 796 Christus
937 735 1095 792 Iesus
1124 737 1379 793 debitor?
1423 737 1673 807 Nunquid
1716 745 1939 806 peccata

354 828 566 891 habuit,
595 838 655 881 ut
694 840 914 898 propter
938 837 1283 898 peccatorum
1313 829 1685 885 remissionem
1729 830 1941 884 debitor

351 922 536 976 esset?
576 921 710 976 Nam
741 922 794 975 in
832 923 1076 976 oratione
1103 923 1381 977 Dominica
1411 923 1590 977 debita
1618 937 1718 991 pro
1749 934 1938 990 perea-

355 1014 428 1068 tis
452 1023 741 1084 ponuntur,
772 1014 914 1069 sicut
958 1015 1190 1069 solemus
1224 1030 1288 1068 ex
1334 1023 1604 1084 prmcepto
1637 1017 1806 1083 ipsius
1838 1015 1941 1067 Ve-

352 1106 532 1159 ritatis
557 1105 800 1174 quotidie
845 1106 1138 1161 decantare
1180 1122 1192 1157 :
1244 1104 1309 1158 Et
1340 1106 1543 1159 dimitte
1574 1107 1722 1160 nobis
1765 1105 1939 1159 debita

353 1205 555 1249 nostra.
598 1197 733 1247 sicut
783 1202 832 1247 et
878 1210 972 1246 nos
1019 1194 1329 1248 dimittimus
1384 1194 1705 1248 debitoribus
1747 1195 1938 1249 nostris

350 1283 573 1351 (Matth.
602 1300 681 1348 vi,
711 1284 817 1352 1‘2).
848 1283 999 1339 Unde
1027 1293 1083 1338 et
1125 1300 1250 1339 mox
1280 1284 1440 1352 hujus
1478 1286 1761 1356 petitionis
1785 1301 1940 1340 reca-

348 1372 603 1443 pitulatio
648 1373 887 1442 subjecta
936 1383 1041 1436 est.
1090 1382 1151 1429 ut
1196 1372 1587 1446 intelligeretur
1632 1379 1697 1431 de
1743 1375 1940 1445 quibus

346 1464 583 1521 dixisset
608 1465 831 1529 debitis;
866 1466 945 1519 ait
966 1465 1109 1519 enim
1141 1465 1255 1534 ipse
1289 1466 1549 1521 Dominus
1578 1466 1630 1520 in
1660 1466 1937 1537 sequenti-

346 1557 490 1614 bus:
522 1556 583 1614 Si
612 1558 917 1612 dimiseritis
946 1559 1246 1613 hominibus
1272 1570 1488 1629 peccata
1515 1574 1721 1624 eorum,
1760 1556 1940 1611 dimit-

346 1657 421 1703 tet
447 1659 499 1703 et
539 1648 681 1703 nobis
724 1647 886 1702 Pater
906 1660 1072 1702 vester
1104 1648 1321 1703 caelestis
1351 1648 1541 1702 delicta
1570 1658 1738 1703 vestra
1769 1647 1934 1719 (Ibid.

347 1738 465 1808 η).
495 1738 564 1793 Et
593 1738 685 1793 ubi
712 1754 852 1793 unus
878 1738 1206 1808 evangelista
1250 1736 1403 1803 dicit,
1431 1738 1605 1793 debita
1635 1749 1836 1803 nostra,
1864 1738 1936 1794 ibi

345 1830 492 1885 alius
536 1844 636 1900 pro
671 1829 868 1884 debitis
895 1841 1122 1900 peccata
1165 1829 1320 1901 ponit
1348 1829 1499 1899 (Luc.
1528 1847 1604 1894 si,
1631 1830 1709 1899 4).
1755 1829 1813 1885 Si
1842 1830 1935 1884 de-

2041 652 2205 700 tatem
2236 645 2406 699 beata!
2450 644 2707 714 Virginis,
2750 660 2871 713 quae
2909 660 2969 698 se
3013 641 3258 696 ant-illam
3290 640 3385 695 Dei
3430 636 3618 693 humili

2038 750 2170 790 voce
2213 744 2571 805 protestatur,
2615 750 2830 789 servum
2861 750 2984 790 esse
3013 728 3449 788 conditionalem.
3488 752 3507 780 ι
3559 726 3620 785 Si

2038 829 2376 885 sanetissima
2407 832 2561 899 virgo
2602 821 2769 884 Maria
2790 829 2946 898 juxta
2972 837 3208 884 vestram
3257 828 3618 883 temeritatem

2037 922 2417 977 conditionalis
2460 934 2543 977 est
2574 922 2791 986 ancilla,
2820 938 2950 992 ergo
2977 922 3209 977 nobilior
3232 928 3317 976 est
3351 921 3483 974 Sara
3528 935 3618 974 see

2037 1013 2271 1067 eundum
2303 1013 2650 1080 apostolicam
2699 1013 3099 1074 auctoritatem,
3136 1004 3203 1066 de
3231 1027 3336 1081 qua
3366 1012 3481 1082 ipse
3517 1010 3619 1065 do-

2036 1114 2156 1161 ctor
2194 1107 2442 1175 gentium
2485 1105 2561 1160 ait
2602 1126 2613 1158 :
2650 1104 2918 1176 Srriptum
2945 1114 3020 1159 est
3061 1102 3311 1175 quoniam
3351 1103 3617 1157 Abraham

2034 1196 2168 1251 duos
2193 1197 2334 1266 ﬁlios
2374 1197 2575 1259 habuit,
2604 1210 2766 1250 unum
2808 1190 2873 1249 de
2913 1190 3131 1257 ancilla,
3174 1202 3224 1250 et
3262 1209 3425 1248 unum
3452 1192 3517 1247 de
3554 1191 3621 1246 li-

2037 1289 2180 1343 bera.
2229 1287 2334 1343 Sed
2361 1288 2453 1358 qui
2496 1288 2560 1341 de
2597 1284 2826 1351 ancilla,
2875 1284 3161 1341 secundum
3206 1301 3419 1339 carnem
3463 1293 3622 1337 natus

2036 1388 2136 1437 est.
2163 1379 2254 1449 qui
2280 1388 2453 1432 autem
2477 1376 2542 1432 de
2564 1376 2747 1439 libera,
2774 1393 2867 1447 per
2894 1376 3346 1445 repromissionem
3371 1373 3516 1445 (Gai.
3542 1391 3618 1434 Iv.

2033 1470 2132 1535 ξε,
2173 1469 2288 1538 23).
2318 1467 2388 1524 Et
2432 1478 2556 1539 post
2577 1485 2788 1538 pauca:
2831 1466 2936 1525 Sed
2971 1469 3100 1539 quid
3136 1469 3262 1522 dicit
3286 1465 3583 1540 .Scriptnra
3599 1469 3647 1543 PA

2039 1561 2188 1632 Ejice
2210 1558 2460 1615 ancillam
2483 1570 2531 1615 et
2558 1559 2729 1629 ﬁlium
2757 1561 2872 1629 ejus
2898 1575 2916 1613 :
2944 1576 3049 1613 non
3075 1559 3213 1613 enim
3236 1559 3402 1614 heres
3423 1559 3523 1614 crit
3550 1560 3613 1628 Ῑίο

2035 1652 2140 1707 (ius
2171 1652 2380 1707 ancilla:
2399 1667 2518 1706 cum
2546 1651 2660 1720 [ilio
2683 1650 2863 1704 liberm
2885 1648 3049 1719 (Ibid.
3074 1650 3188 1719 50).
3210 1648 3374 1705 Forte
3400 1654 3456 1705 et
3480 1650 3624 1720 apud

2037 1752 2091 1799 te
2121 1743 2353 1798 nobilior
2377 1752 2463 1799 est
2502 1743 2654 1799 Isaac
2688 1758 2851 1812 quam
2878 1742 3127 1798 Christus
3153 1761 3164 1796 :
3193 1742 3287 1812 qui
3324 1742 3624 1814 apostolico

2036 1832 2347 1888 testimonio
2367 1834 2433 1888 de
2458 1832 2629 1887 libera
2654 1841 2812 1888 natus
2838 1842 2944 1898 est,
2972 1841 3029 1888 et
3063 1826 3332 1895 Christus,
3372 1836 3431 1887 ut
3455 1842 3509 1887 tu
3537 1847 3624 1886 as-

345 1917 495 1976 bitor
513 1928 618 1984 est,
639 1920 730 1992 qui
753 1930 807 1974 et
832 1928 1106 1991 peccator,
1123 1929 1179 1974 ut
1199 1920 1511 1989 evangelica
1536 1920 1738 1975 veritas
1757 1927 1936 1975 esten-
1968 1905 2011 1963 Β
2037 1927 2194 1988 seris,
2242 1926 2310 1980 de
2358 1926 2553 1981 ancilla
2603 1941 2618 1980 :
2647 1934 2705 1981 et
2745 1940 2937 1987 omnes
2980 1924 3217 1994 adoptivi
3262 1922 3356 1981 lilii
3390 1925 3485 1980 Dei
3530 1925 3623 1992 qui

343 2008 448 2076 dit,
476 2011 722 2080 nunquid
745 2009 1063 2066 etChristus
1086 2016 1339 2081 peccator
1360 2009 1484 2075 fuit,
1510 2018 1572 2065 ut
1595 2009 1807 2066 debitor
1828 2011 1933 2065 dici

343 2100 580 2159 debeat?
610 2102 716 2158 nisi
743 2098 885 2156 forte
910 2101 1018 2156 alio
1044 2116 1206 2157 sensu
1244 2101 1544 2157 debitorem
1574 2099 1709 2157 velis
1736 2100 1934 2156 intelli-

342 2210 496 2267 gere.
522 2193 761 2250 anteacti
790 2190 1044 2249 videlicet
1065 2189 1357 2263 cujuslibet
1384 2191 1635 2249 beneﬁcii
1683 2206 1935 2246 remune-

343 2296 610 2342 ratorem.
642 2283 781 2352 Quid
813 2300 943 2339 vero
971 2284 1075 2338 hoc
1102 2283 1169 2337 ad
1196 2280 1473 2338 Christum
1494 2282 1765 2353 pertinet?
1786 2282 1936 2337 Nun-

341 2381 477 2451 quid
507 2380 743 2450 primum
792 2376 895 2432 fuit
923 2377 1106 2440 homo,
1137 2385 1192 2432 et
1217 2386 1405 2446 postea
1431 2373 1691 2445 singulari
1732 2373 1936 2429 benefi-

340 2474 432 2528 cio
456 2473 509 2528 in
539 2472 633 2526 Dei
662 2467 856 2525 Filium
884 2467 1091 2525 electus
1111 2482 1230 2523 esse
1267 2467 1574 2524 credendus
1601 2475 1705 2530 est,
1733 2475 1796 2522 ut
1835 2467 1935 2522 hu-

335 2562 429 2633 ius
473 2562 610 2618 tanti
652 2560 903 2617 beneﬁcii
937 2560 1151 2616 debitor
1192 2559 1265 2614 sit
1305 2557 1602 2614 dicendus?
1648 2556 1838 2612 Nonne
1879 2556 1934 2612 in

343 2656 465 2726 ipso
510 2662 772 2726 conceptu
818 2654 962 2708 Deus
1030 2667 1209 2713 verus,
1271 2657 1330 2705 et
1394 2665 1559 2705 verus
1617 2648 1711 2704 Dei
1765 2649 1935 2705 Filius

338 2755 639 2818 conceptus
687 2756 801 2812 est,
840 2755 896 2801 et
936 2746 990 2800 in
1025 2761 1189 2800 unam
1225 2759 1516 2816 personam
1555 2742 1787 2798 duarum
1836 2757 1939 2798 na-

286 2857 293 2861 ‘
342 2850 592 2895 turarum
648 2839 795 2895 facta
858 2848 943 2894 est
984 2836 1292 2907 coniunctio
1352 2836 1406 2892 in
1456 2836 1574 2907 ipso
1615 2846 1770 2891 utero
1823 2834 1935 2889 vir-

341 2934 534 3007 ginali,
583 2933 639 2989 in
669 2941 816 2988 tanta
860 2947 1111 3003 persona:
1154 2932 1393 2997 unitate,
1425 2938 1485 2985 ut
1510 2930 1600 2986 hic
1631 2936 1799 2994 totus,
1839 2928 1931 2999 qui

341 3041 414 3082 ex
437 3025 647 3097 virgine
686 3034 849 3081 natus
877 3031 980 3088 est,
1018 3023 1385 3079 indubitanter
1422 3022 1529 3078 dici
1558 3030 1616 3077 et
1651 3020 1801 3079 credi
1840 3021 1935 3075 de-

341 3118 475 3175 beat
497 3132 636 3173 unus
664 3133 827 3172 verus
851 3115 1019 3172 Filius
1050 3115 1165 3171 Dei.
1198 3115 1339 3171 Alibi
1368 3129 1583 3187 quoque
1609 3114 1665 3170 in
1691 3112 1933 3183 Evange-

338 3207 418 3264 lio
438 3205 508 3261 de
537 3206 781 3263 debitore
818 3206 1019 3261 dicitur
1049 3219 1065 3259 :
1098 3205 1215 3258 Duo
1243 3204 1500 3260 debitores
1525 3204 1740 3274 {uerunt
1782 3204 1932 3274 fene-

2034 2026 2180 2080 sunt,
2210 2016 2502 2071 nobiliores
2535 2025 2663 2073 sunt
2682 2015 2920 2081 Christo,
2949 2016 3017 2071 de
3041 2015 3239 2086 quibus
3260 2017 3375 2088 ipsa
3406 2013 3625 2071 Veritas

2033 2109 2110 2163 ait
2148 2108 2314 2163 :Jam
2353 2126 2457 2163 non
2485 2110 2661 2165 dicam
2710 2126 2798 2164 vos
2825 2126 3020 2175 servos,
3059 2109 3150 2163 sed
3191 2111 3389 2165 amicos
3433 2106 3620 2180 (Joan.

2035 2216 2125 2265 xv,
2158 2200 2267 2272 15).
2292 2200 2369 2255 De
2397 2201 2593 2270 quibus
2630 2209 2687 2256 et
2711 2202 3033 2271 pnedicator
3054 2200 3296 2271 gentium
3319 2203 3395 2256 ait
3424 2216 3439 2255 :
3474 2200 3625 2257 Misit

2036 2292 2177 2348 Deus
2220 2293 2461 2363 spiritum
2491 2290 2622 2347 Filii
2660 2295 2744 2348 sui
2771 2293 2829 2347 in
2872 2294 3032 2349 corda
3074 2304 3254 2349 nostra
3282 2294 3621 2356 clamantem,

2035 2384 2181 2438 Abba
2212 2395 2380 2454 pater.
2430 2383 2618 2454 Itaque
2656 2384 2774 2455 jam
2800 2401 2904 2439 non
2946 2395 3020 2439 est
3065 2402 3264 2449 servus,
3295 2383 3386 2440 sed
3419 2383 3619 2439 Filius.

2036 2472 2189 2539 Quod
2209 2475 2256 2529 si
2300 2471 2498 2537 Filius,
2529 2483 2576 2528 et
2603 2473 2769 2528 ha'res
2796 2490 2886 2542 per
2928 2468 3096 2529 Deum
3127 2472 3270 2544 (Gal.
3298 2490 3370 2534 tv.
3401 2473 3477 2542 6).
3528 2472 3620 2528 Di-

2034 2564 2155 2619 cis:
2193 2581 2212 2615 c
2246 2562 2385 2630 Quid
2409 2564 2585 2635 potuit
2619 2563 2688 2619 de
2727 2563 2921 2619 ancilla
2962 2563 3135 2628 nasci,
3180 2560 3286 2619 nisi
3330 2564 3553 2621 servus?
3587 2584 3606 2617 ι

2035 2654 2137 2712 Ubi
2185 2665 2267 2712 est
2316 2655 2668 2728 intelligentia
2717 2664 2809 2711 tua
2835 2696 2850 2720 ,
2892 2669 3001 2711 non
3035 2656 3389 2713 considerans
3446 2656 3617 2713 multa

2034 2746 2388 2801 animantium
2427 2760 2627 2815 genera
2664 2746 2731 2800 de
2772 2755 2918 2801 terra
2961 2760 3083 2801 esse
3120 2752 3329 2811 creata,
3366 2754 3423 2802 et
3456 2747 3626 2821 pluri-

2035 2850 2153 2891 mas
2189 2834 2421 2906 piscium
2462 2832 2808 2892 diversitates
2832 2849 2901 2890 ex
2944 2834 3140 2905 aquis?
3184 2830 3464 2901 Quomodo
3491 2850 3625 2906 ergo

2034 2928 2156 2981 viva
2195 2936 2450 2983 creatura
2474 2942 2541 2982 ex
2579 2924 2900 2992 insensibili,
2940 2922 2993 2982 id
3015 2929 3140 2991 est,
3174 2934 3337 2982 terrae
3358 2927 3445 2983 vel
3467 2943 3625 2998 aquae

2034 3027 2231 3075 natura
2255 3019 2426 3075 creari
2455 3018 2690 3088 poterit?
2713 3018 2810 3073 Vel
2837 3020 3109 3089 quomodo
3134 3019 3201 3073 de
3223 3016 3443 3088 pulvere
3463 3019 3625 3074 arbo-

2036 3122 2145 3173 res,
2178 3116 2234 3176 et
2260 3107 2328 3162 de
2354 3103 2521 3179 8&0
2551 3106 2839 3163 arboribus
2866 3106 3026 3162 liores
3055 3102 3371 3177 fructusque
3398 3122 3627 3163 nascuno

2034 3201 2164 3253 tur?
2201 3197 2383 3266 Quare
2422 3214 2527 3252 non
2561 3204 2769 3253 tantum
2799 3192 2977 3268 pulvis
3016 3198 3080 3253 de
3110 3198 3330 3267 pulvere
3355 3199 3623 3264 nascitur,

338 3296 512 3353 τοιοή
524 3293 779 3368 uni(Luc.
805 3310 902 3358 vu,
929 3292 1041 3366 41).
1059 3293 1161 3361 Qui
1183 3292 1273 3348 hic
1301 3292 1574 3349 debitores
1599 3293 1933 3365 intelligendi
1958 3277 2007 3343 C
2036 3291 2179 3347 sicut
2204 3291 2363 3354 dicis,
2395 3287 2535 3358 quod
2563 3286 2638 3344 nil
2665 3288 2930 3357 potuisset
2957 3284 3024 3342 de
3072 3286 3264 3344 ancilla
3297 3288 3465 3352 nasci,
3515 3287 3626 3344 nisi

338 3397 491 3455 sunt,
534 3387 639 3442 nisi
664 3385 954 3455 cujuslibet
977 3384 1122 3458 pacti
1153 3384 1481 3441 necessitate
1520 3385 1575 3439 in
1594 3383 1688 3455 jus
1717 3383 1933 3440 fenera-

339 3479 483 3536 toris
504 3475 750 3547 obligati,
778 3490 1011 3546 quorum
1036 3474 1169 3533 nihil
1196 3475 1264 3530 de
1284 3474 1503 3530 Christo
1523 3475 1613 3545 pia
1636 3474 1933 3532 credulitas

336 3570 611 3642 permittit
652 3566 794 3625 dici?
840 3566 995 3636 Quod
1040 3582 1172 3623 vero
1218 3567 1301 3622 ais
1345 3566 1763 3623 eonditionalem
1808 3583 1932 3625 esse

335 3677 560 3719 servum
587 3675 602 3715 :
631 3674 751 3731 qua:
772 3657 1055 3716 catholica:
1082 3673 1242 3713 aures
1269 3658 1410 3713 hanc
1437 3665 1645 3713 tantam
1680 3656 1931 3730 blasphe-

340 3754 509 3809 miam
547 3753 817 3824 patienter
845 3750 1134 3817 sufferunt,
1154 3759 1216 3806 ut
1241 3749 1494 3807 Christus
1526 3746 1621 3806 Dei
1651 3749 1819 3808 Filius
1837 3753 1930 3807 vili

334 3844 653 3902 conditione
678 3851 734 3898 et
757 3843 891 3898 dura
917 3843 1244 3899 necessitate
1267 3856 1461 3897 servus
1488 3840 1562 3895 sit
1599 3838 1693 3896 Dei
1717 3836 1933 3897 Patris?

336 3932 484 4004 Quid
520 3949 652 4005 ergo
678 3935 814 3990 dicis
841 3933 908 3989 de
934 3931 1142 3988 Adam?
1176 3931 1497 3989 Utrumnam
1541 3930 1712 3988 libera
1757 3931 1933 4005 digni-

341 4035 475 4089 tate,
502 4024 585 4080 vel
611 4023 789 4080 servili
823 4022 1135 4079 conditione
1172 4030 1396 4079 creatus
1433 4021 1542 4079 sit?
1570 4022 1627 4079 Si
1666 4024 1934 4082 conditio-

343 4116 485 4171 nalis
514 4130 704 4170 servus
733 4112 994 4171 formatus
1017 4119 1130 4177 est,
1161 4114 1432 4185 quomodo
1459 4121 1547 4168 est
1585 4110 1762 4186 imago
1797 4113 1933 4171 Dei?

349 4206 443 4262 Vel
467 4206 555 4260 ubi
583 4205 810 4262 liberum
843 4204 985 4261 illius
1013 4201 1297 4259 arbitrium
1337 4201 1473 4259 fuit?
1499 4201 1608 4259 Aut
1647 4203 1777 4275 quid
1805 4221 1934 4278 pec-

343 4298 520 4354 cando
558 4296 832 4367 perdidit?
862 4294 920 4351 Si
948 4310 1079 4352 vero
1118 4292 1274 4361 liber,
1304 4295 1575 4367 quomodo
1614 4308 1723 4352 non
1760 4292 1932 4353 multo

344 4392 518 4462 magis
541 4391 839 4453 Christum,
871 4389 923 4443 in
951 4403 1059 4457 quo
1086 4387 1353 4442 Divinitas
1376 4386 1553 4441 omnis
1576 4386 1934 4456 corporaliter

343 4480 645 4543 habitabat,
676 4478 845 4532 libera
869 4477 1152 4549 dignitate,
1184 4491 1289 4531 non
1316 4475 1669 4532 conditionali
1706 4476 1932 4532 servitio

2032 3397 2241 3439 servus.
2276 3379 2348 3437 Ut
2370 3380 2586 3435 interim
2620 3378 2834 3434 beatam
2862 3373 3140 3450 Virginem
3170 3374 3423 3433 ancillam
3450 3377 3624 3433 nomi-

2034 3473 2153 3529 nari
2182 3488 2289 3528 non
2339 3485 2597 3542 negemus
2646 3488 2659 3523 :
2707 3474 2891 3525 tamen
2933 3469 3171 3524 concede
3214 3467 3625 3538 omnipotentis:

2032 3564 2247 3625 divinm,
2311 3570 2373 3615 ut
2410 3560 2479 3615 de
2536 3554 2729 3615 ancilla
2798 3573 2991 3615 creare
3037 3557 3303 3628 potuisset
3360 3557 3624 3629 quidquid

2030 3649 2332 3723 placuisset
2368 3666 2480 3706 suae
2518 3646 2773 3705 ineﬂabili
2836 3649 3124 3709 voluntati.
3193 3647 3295 3704 nisi
3343 3647 3485 3704 forte
3533 3664 3627 3704 re-

2033 3742 2226 3801 sistere
2281 3744 2419 3799 velis
2460 3743 2589 3802 Deo.
2650 3734 2751 3814 [et]
2809 3736 3048 3795 dicere:
3109 3738 3248 3794 Nolo
3305 3747 3368 3794 ut
3420 3738 3625 3809 aliquid

2033 3836 2178 3890 aliud
2212 3832 2309 3888 ﬁat
2335 3833 2401 3887 de
2429 3831 2647 3895 ancilla,
2676 3828 2779 3885 nisi
2810 3844 3001 3885 servus
3025 3836 3255 3884 tantum.
3295 3826 3403 3884 Sed
3432 3843 3625 3884 revera

2032 3924 2280 3984 Christus
2309 3927 2477 3992 solus,
2507 3936 2569 3981 ut
2594 3924 2862 3995 Propheta
2908 3923 2976 3978 de
3020 3938 3086 3979 eo
3116 3923 3459 3994 prtececinit,
3487 3923 3628 3979 inter

2012 4026 2266 4082 'mortuos
2309 4025 2441 4079 liber
2485 4034 2561 4079 est
2606 4024 2843 4078 inventus
2874 4020 3101 4093 (Psalm.
3141 4037 3384 4087 Lxxxvu,
3420 4022 3500 4085 5).
3546 4022 3626 4084 De

2032 4134 2141 4189 qua
2181 4117 2299 4187 ejus
2344 4116 2578 4189 gloriosa
2630 4113 2883 4169 libertate
2928 4114 3121 4168 beatus
3163 4111 3523 4169 Cassiodorus
3563 4114 3622 4172 in

2032 4208 2349 4283 octogesimi
2401 4207 2623 4278 septimi
2670 4204 2865 4278 psalmi
2911 4204 3253 4276 expositione
3305 4203 3379 4260 ita
3430 4202 3564 4261 dicit
3606 4223 3623 4263 :

2040 4324 2058 4357 ι
2093 4300 2252 4359 Solus
2293 4301 2438 4357 enim
2468 4298 2604 4354 inter
2624 4305 2858 4351 mortuos
2895 4292 3028 4351 liber
3071 4292 3192 4359 fuit,
3220 4295 3313 4364 qui
3340 4291 3458 4366 ipsa
3484 4310 3624 4364 quo-

2034 4412 2141 4468 que
2168 4394 2359 4450 mortis
2391 4390 2629 4447 claustra
2661 4385 2929 4458 confregit
2964 4404 2978 4441 :
3011 4383 3182 4457 ipsius
3232 4385 3377 4440 enim
3412 4394 3624 4441 tantum

2034 4505 2182 4547 mors
2210 4488 2401 4551 libera,
2450 4487 2578 4556 quia
2607 4492 2664 4540 et
2696 4481 3001 4538 voluntaria
3048 4479 3169 4542 fuit,
3201 4478 3293 4551 qui
3316 4488 3627 4550 potestatem

340 4587 410 4626 ex
440 4571 600 4641 regia:
629 4568 926 4628 nobilitatis
958 4569 1177 4639 Virgine
1222 4576 1407 4622 natum
1450 4583 1570 4623 esse
1600 4570 1928 4626 credendum
1963 4629 2012 4649 η
2035 4581 2254 4636 habebat
2302 4574 2527 4649 ponendi
2573 4569 2807 4629 animam
2851 4588 3025 4635 suam,
3068 4579 3120 4625 et
3155 4567 3343 4624 iterum
3384 4568 3627 4623 sumendi

340 4664 468 4723 05‘?
494 4629 568 4718 δῦ
591 4678 698 4732 ll"0
725 4663 914 4716 beatus
949 4629 1284 4731 Ᾱυέυδῑίηυδ
1320 4661 1372 4714 ίη
1419 4660 1646 4729 εβίδιοιλ
1688 4663 1758 4717 ad
1798 4661 1934 4717 C0"-
1961 4629 2013 4691 D
2035 4629 2592 4742 libidoulsas).
2626 4661 2734 4720 Sed
2760 4679 2884 4719 cum
2910 4629 3174 4718 ille'esset
3200 4659 3344 4716 inter
3380 4670 3626 4716 mortuos

342 4761 580 4818 sentium
612 4758 804 4830 (Epist.
844 4756 969 4821 205,
1021 4773 1073 4810 η.
1108 4755 1198 4825 12)
1238 4771 1253 4809 :
1288 4774 1306 4806 ‹
1354 4755 1683 4826 Assumpsit,
1733 4756 1927 4825 inquit,

344 4856 574 4910 formam
622 4851 764 4906 servi
795 4866 899 4906 non
944 4848 1154 4904 Domini
1184 4849 1444 4903 mutando
1474 4858 1726 4903 naturam
1772 4862 1787 4903 :
1834 4850 1934 4904 im-

344 4946 628 5020 pertiendo
676 4944 1015 5000 Dominicam
1050 4943 1305 5014 gratiam,
1343 4956 1453 4996 non
1493 4938 1745 4997 servilem
1787 4939 1932 5013 inju-

348 5041 484 5094 riam
527 5036 827 5091 retinendo.
863 5055 883 5087 ι
926 5031 985 5088 Si
1022 5034 1163 5089 enim
1191 5032 1428 5088 humana
1468 5031 1723 5088 nobilitas
1764 5033 1934 5088 alicu-

344 5131 432 5201 ius
458 5127 715 5184 momenti
743 5126 826 5182 vel
850 5126 1130 5197 dignitatis
1168 5125 1485 5180 aestimanda
1516 5132 1620 5190 est,
1661 5123 1785 5193 quis
1829 5138 1929 5179 [ιο⁴

346 5223 506 5282 biiior
533 5222 652 5293 ipso
678 5221 844 5275 David
868 5235 1014 5289 rege,
1045 5235 1112 5274 ex
1142 5217 1296 5286 cujus
1319 5217 1525 5272 semine
1553 5202 1707 5287 quasi
1750 5217 1817 5271 de
1847 5233 1931 5273 re-

347 5315 484 5389 galis
513 5311 847 5369 excellentia:
870 5309 1182 5372 nobilitate,
1223 5323 1329 5363 non
1358 5306 1573 5362 servilis
1606 5304 1935 5362 conditionis

351 5404 690 5477 ignobilitate
717 5402 966 5459 Christus
990 5401 1139 5457 nasci
1174 5401 1345 5455 voluit
1386 5399 1439 5453 in
1476 5400 1721 5454 mundo?
1764 5398 1820 5453 Si
1866 5398 1933 5454 ad

346 5496 575 5555 Deitatis
611 5495 839 5567 gloriam
880 5492 1144 5564 respicis,
1198 5491 1322 5561 quis
1395 5490 1489 5546 Dei
1538 5486 1674 5544 Filio
1701 5532 1717 5555 ,
1742 5490 1837 5559 qui
1879 5489 1933 5544 in

348 5592 558 5648 duabus
585 5589 801 5645 naturis
824 5603 965 5644 unus
985 5596 1147 5657 atque
1173 5586 1315 5642 idem
1344 5582 1466 5647 fuit,
1489 5582 1694 5654 aequari
1729 5590 1931 5654 potest,

350 5682 435 5739 cui
464 5681 641 5737 nullus
662 5688 973 5736 sanctorum
1003 5677 1281 5737 nobilitate
1306 5675 1391 5732 vel
1430 5675 1700 5739 libertate,
1729 5675 1812 5731 vel
1841 5690 1935 5747 po-

351 5773 564 5829 testatis
585 5770 867 5845 privilegio
888 5770 1083 5829 similis
1101 5784 1222 5825 esse
1244 5769 1421 5840 potuit
1458 5768 1542 5823 vel
1575 5768 1809 5840 poterit?

423 5896 449 5924 ι
476 5882 534 5939 S.
564 5882 749 5954 Creg..
776 5882 873 5938 lib.
902 5896 1032 5939 xxiv
1054 5880 1264 5947 Μίνωι,
1289 5896 1409 5950 cap.
1440 5882 1495 5937 5.

748 5977 1025 6039 Ρλτιιοι..
1061 5973 1160 6036 Cl.

2038 4762 2196 4827 liber,
2227 4762 2524 4818 aestimatus
2551 4766 2638 4814 est
2665 4763 2845 4811 tamen
2880 4770 2913 4811 a
2942 4753 3305 4817 dementibus,
3335 4753 3471 4806 sicut
3506 4751 3625 4806 vul-

2040 4856 2210 4912 nerati
2235 4854 2571 4909 dormientes.
2604 4848 2744 4906 Vere
2792 4856 2971 4902 autem
3024 4846 3200 4900 dictus
3241 4852 3325 4900 est
3367 4844 3626 4899 Dominus

2040 4949 2194 5007 liber.
2249 4944 2339 5016 qui
2366 4947 2664 4999 humanum
2692 4956 2863 5011 genus
2891 4936 3122 4995 liberare
3147 4937 3398 5007 dignatus
3427 4944 3510 4989 est
3545 4954 3557 4988 :
3599 4956 3619 4987 ο

2040 5052 2201 5106 quem
2235 5044 2290 5090 tu
2323 5032 2460 5089 forte
2502 5047 2602 5103 per
2642 5032 2748 5086 hoc
2782 5043 3001 5084 servum
3032 5041 3154 5082 esse
3201 5023 3622 5079 conditionalem

2037 5123 2411 5186 ealumniaris,
2467 5121 2594 5191 quia
2641 5121 2938 5175 humanum
2987 5131 3159 5185 genus
3202 5114 3459 5169 benevola
3510 5128 3625 5167 sure

2033 5222 2357 5279 obedientia:
2390 5218 2722 5286 subiectione
2755 5217 2984 5271 liberum
3016 5212 3162 5267 fecit.
3192 5211 3299 5266 Sed
3328 5210 3483 5280 longe
3526 5209 3626 5264 ali-

2035 5326 2121 5371 ter
2167 5317 2361 5371 beatus
2409 5310 2700 5381 Gregorius
2748 5308 2802 5363 in
2850 5307 2991 5361 libro
3032 5304 3315 5359 Moralium
3358 5300 3623 5372 vigesimo

2039 5403 2200 5460 tertio
2244 5404 2311 5458 de
2348 5400 2452 5457 hac
2497 5400 2684 5455 eadem
2734 5396 3077 5457 liberatione,
3132 5393 3277 5447 unde
3327 5390 3619 5460 loquimur,

2040 5500 2244 5555 sentire
2269 5497 2529 5568 probatur
2555 5507 2581 5536 ι
2618 5513 2629 5548 :
2667 5512 2687 5543 ι
2721 5492 3006 5553 .‘tlediator,
3033 5486 3229 5559 inquit,
3252 5486 3346 5543 Dei
3369 5493 3424 5542 et
3446 5484 3625 5541 homio

2032 5610 2163 5648 num
2191 5591 2349 5648 Jesus
2373 5589 2578 5663 μῖνος..
2611 5590 2774 5643 homo
2802 5584 3053 5641 Christus
3075 5580 3259 5655 Jesusl
3288 5581 3343 5637 in
3365 5596 3430 5636 eo
3457 5589 3623 5636 misn-

2033 5696 2187 5743 retur
2216 5684 2475 5751 hominis,
2505 5699 2613 5754 quo
2655 5682 2885 5737 formam
2913 5677 3154 5734 hominis
3200 5676 3467 5738 sumpsit:
3511 5687 3619 5735 qua

2034 5777 2408 5835 misericordia
2458 5775 2736 5846 redempta
2778 5769 2975 5844 [Idem.
3031 5782 3133 5841 pro
3182 5757 3488 5837 redempta]
3517 5764 3621 5818 ho-

3310 5892 3342 5945 7
