4136 6600
641 420 747 474 eo:

1467 421 1532 476 Β.
1574 421 1633 476 F.
1676 420 1900 479 ALBINI
1938 422 2071 480 SEU
2108 421 2389 481 ALCUINI
2428 418 2715 479 UPERCM
2755 421 2935 478 PARS
2973 423 3057 478 lli.

3799 430 3917 486 204

644 537 789 590 mine
817 534 946 590 dicit
973 533 1120 589 Patri
1148 552 1161 587 :
1192 533 1385 589 Libera
1428 550 1579 601 eum,
1610 545 1672 590 ut
1700 552 1805 590 non
1832 535 2128 591 descendat
2167 535 2223 590 in
2251 540 2301 597 Α
2330 528 2397 586 σι
2425 533 2480 588 in
2526 535 2735 588 nomine
2764 532 2895 588 Jesu
2925 550 3076 588 omne
3103 550 3240 605 genu
3283 537 3548 606 ﬂectatur,
3594 539 3877 597 calestiunt
3900 585 3915 609 ,

643 627 1066 699 corruptionem.
1094 623 1237 697 (Job.
1288 641 1486 691 XXIIII,
1537 625 1651 694 24).
1705 626 1859 682 Sicut
1899 625 2011 695 jam
2060 641 2224 696 supra

644 716 898 782 diximus,
927 716 1107 772 dicere
1131 718 1247 788 ejus
1274 725 1375 784 est,
1405 716 1569 772 libera
1599 736 1716 773 eum
1743 720 2037 784 hominem,
2066 726 2226 774 natu-

645 822 761 863 ram
791 807 1026 863 hominis
1045 810 1369 864 assumendo
1394 808 1620 865 liberam
1641 810 2033 868 demonstrare.
2059 812 2135 866 Ex
2158 826 2223 866 ea

644 901 842 973 quippe
886 916 1070 967 carne,
1118 916 1281 970 quam
1313 902 1561 971 sumpsit,
1609 904 1771 959 etiam
1817 903 1957 959 hanc
1989 903 2225 958 ostendit

643 996 869 1050 liberam
897 1035 912 1059 ,
960 1008 1122 1064 quam
1173 992 1419 1049 redemit.
1461 994 1591 1061 Qua:
1645 996 1921 1067 redempta
1975 995 2224 1051 videlicet

645 1100 772 1141 caro
800 1101 898 1140 nos
936 1101 1146 1151 sumus,
1168 1084 1259 1156 qui
1278 1085 1584 1156 cognitione
1622 1085 1792 1140 nostri
1821 1093 2006 1141 reatus
2024 1086 2225 1140 astrin-

640 1179 837 1248 gimur,
866 1178 959 1233 sed
986 1177 1302 1232 mediatoris
1328 1178 1463 1231 tanti
1503 1178 1759 1247 aequitate
1786 1177 2100 1242 liberamur,
2143 1177 2220 1232 si-

641 1280 735 1323 cut
764 1269 877 1339 ipse
908 1268 983 1322 ait
1013 1286 1026 1321 :
1062 1267 1122 1323 Si
1144 1285 1230 1323 vos
1258 1266 1432 1322 Filius
1462 1266 1775 1333 liberaverit,
1802 1284 1915 1323 rere
1943 1266 2093 1321 liberi
2114 1266 2221 1322 eri-

642 1361 707 1415 ):‘s
758 1379 777 1412 ι
810 1358 989 1431 (Joan.
1020 1376 1141 1425 vui,
1170 1358 1280 1431 56).
1313 1358 1547 1414 Nimium
1574 1373 1704 1429 ergo
1738 1360 1985 1430 ingratus
2021 1358 2223 1413 videris

640 1450 916 1505 liberatori
963 1450 1182 1505 humani
1213 1451 1451 1519 generis,
1482 1452 1575 1519 qui
1606 1452 1764 1505 toties
1808 1450 1955 1505 illum
1986 1465 2095 1505 non
2135 1465 2222 1505 so—

641 1544 750 1596 lum
780 1544 1022 1598 absolute
1050 1559 1266 1599 servum
1292 1544 1551 1613 appellari
1578 1544 1732 1609 dicis,
1765 1545 1860 1599 sed
1889 1546 2055 1598 etiam
2093 1560 2223 1600 con—

640 1634 950 1689 ditionalem
982 1649 1198 1689 servum
1251 1635 1515 1689 testaris:
1569 1634 1695 1689 dum
1743 1633 1986 1689 conditio
2026 1635 2222 1689 duram

639 1727 972 1781 demonstrat
1026 1726 1433 1791 necessitatem,
1494 1739 1600 1780 non
1650 1724 1973 1780 voluntaria:
2027 1740 2223 1781 munus

638 1817 978 1872 obedientiae.

2326 626 2650 679 terrestrium
2672 635 2721 678 et
2744 623 3091 693 infernorum,
3117 635 3166 679 et
3192 628 3361 682 omnis
3387 626 3569 699 lingua
3604 631 3919 700 conﬁteatur

2322 717 2449 787 quia
2477 717 2735 771 Dominus
2759 716 2914 771 Iesus
2944 715 3183 773 Christus
3204 719 3260 772 in
3282 718 3453 790 gloria
3483 731 3560 775 est
3584 721 3685 776 Dei
3709 723 3910 780 Patris.

2325 807 2383 862 Si
2409 807 2523 879 jam
2568 807 2827 863 Dominus
2856 816 2941 863 est
2980 807 3157 872 Iesus,
3186 818 3242 864 et
3283 811 3337 865 in
3364 811 3536 882 gloria
3567 824 3650 869 est
3678 814 3774 871 Dei
3812 816 3914 872 Pa-

2325 898 2443 964 tris,
2476 897 2529 952 id
2552 906 2658 962 est,
2686 898 2740 952 in
2766 897 3062 953 divinitatis
3087 899 3390 969 majestate,
3423 915 3550 972 ergo
3575 905 3915 961 conditiona-

2324 988 2390 1043 lis
2413 990 2620 1045 servitii
2646 988 2778 1061 jugo
2817 988 3093 1060 subjectus
3118 1005 3225 1044 non
3248 1000 3332 1045 est
3358 1008 3371 1045 :
3410 993 3527 1057 sed,
3556 994 3696 1049 sicut
3725 994 3917 1053 beatus

2322 1078 2516 1134 Petrus
2562 1081 2815 1152 princeps
2860 1078 3226 1149 apostolorum
3274 1081 3390 1136 ait:
3435 1080 3714 1153 Profectus
3761 1087 3915 1141 estin

2322 1169 2507 1225 caelum
2532 1171 2777 1243 subjectis
2814 1171 2913 1227 sibi
2941 1170 3140 1242 angelis
3169 1181 3217 1226 et
3240 1173 3610 1243 potestatibus,
3638 1186 3687 1229 et
3711 1177 3914 1230 uirtuti-

2322 1262 2417 1315 bus
2441 1261 2493 1334 (I
2540 1261 2686 1317 Petri
2732 1279 2820 1330 ιιι,
2849 1262 2961 1333 22).
2993 1262 3148 1331 Quod
3181 1272 3237 1318 et
3270 1263 3411 1318 idem
3462 1263 3746 1321 Psalmista
3775 1283 3916 1338 pne-

2321 1354 2458 1410 dixit
2501 1354 2671 1410 multo
2716 1362 2844 1411 ante
2884 1354 3126 1410 futurum
3174 1373 3187 1408 :
3250 1354 3518 1423 Minuisti,
3564 1357 3760 1427 inquit,
3791 1375 3914 1413 eum

2318 1450 2479 1521 paulo
2510 1452 2683 1506 minus
2725 1450 2815 1523 [ab
2841 1449 3087 1523 angelis],
3128 1449 3298 1519 gloria
3338 1460 3389 1506 et
3414 1452 3611 1507 honore
3646 1454 3916 1509 coronasti

2319 1558 2460 1608 eum,
2482 1552 2530 1596 et
2556 1543 2875 1597 constituisti
2894 1559 3013 1596 eum
3035 1559 3194 1613 super
3216 1558 3376 1613 opera
3399 1558 3651 1598 manuum
3674 1555 3910 1599 tuarum.

2323 1632 2517 1689 Omnia
2546 1634 2816 1706 subjecisti
2859 1634 2954 1690 sub
2981 1634 3198 1705 pedibus
3226 1635 3340 1705 ejus
3384 1633 3557 1707 (Psal.
3596 1651 3714 1700 vm,
3744 1636 3822 1709 6).
3866 1637 3916 1692 0

2320 1723 2557 1794 gloriosa
2587 1724 2896 1781 obedientia
2945 1734 3002 1780 et
3027 1725 3175 1780 omni
3205 1724 3363 1780 laude
3392 1726 3711 1798 dignissima
3732 1767 3748 1793 ,
3791 1744 3920 1799 qua:

2324 1815 2378 1869 in
2409 1825 2616 1872 tantam
2643 1818 2840 1874 divina:
2861 1818 3151 1890 potestatis
3175 1821 3598 1889 magnitudinem
3621 1822 3916 1878 sublimata

706 1909 795 1962 IV.
837 1908 940 1963 Sed
979 1917 1036 1963 et
1082 1908 1226 1963 inter
1269 1916 1487 1972 ctetcra,
1533 1924 1641 1978 quo
1680 1918 1733 1964 te
1759 1924 1929 1982 vagus
1953 1909 2222 1965 sermonis
2251 1896 2297 1959 Β
2324 1923 2429 1981 est,
2462 1924 2520 1969 ut
2544 1928 2707 1987 super
2730 1914 2913 1969 omnia
2954 1928 3119 1986 opera
3164 1911 3260 1968 Dei
3289 1914 3746 1970 constitueretur!
3778 1916 3918 1972 Item

638 2000 714 2052 tui
741 1998 992 2068 perduxit
1018 2005 1229 2062 textus,
1256 1999 1417 2053 etiam
1453 1998 1519 2052 ad
1549 1999 1651 2054 hoc
1694 2000 2008 2070 pervenisti,
2039 2009 2099 2053 ut
2139 1998 2222 2054 di-

639 2106 793 2145 ceres
821 2091 927 2145 duo
955 2105 1151 2161 genera
1177 2091 1455 2146 servitutis
1482 2106 1601 2146 csse
1631 2092 1684 2147 in
1717 2091 2002 2157 creaturis,
2029 2090 2221 2145 volun-

637 2186 830 2240 tarium
861 2186 1077 2255 quidem
1107 2192 1163 2238 et
1192 2183 1574 2250 conditionale,
1604 2186 1752 2255 quia,
1800 2186 2001 2256 inquis,
2050 2162 2219 2239 omnis

634 2287 876 2331 creatura
926 2275 1190 2329 voluntate
1235 2293 1328 2330 seu
1374 2278 1679 2331 necessitate
1730 2293 1823 2348 per
1868 2278 2220 2332 conditionem

634 2369 745 2422 Deo
773 2369 947 2423 seruit.
981 2367 1146 2421 Plane
1172 2369 1424 2423 omnibus
1460 2377 1613 2441 patet
1639 2369 1869 2425 inferius
1892 2384 2012 2425 esse
2051 2386 2221 2441 genus

640 2460 1015 2517 conditionalis
1058 2462 1288 2533 servitii,
1316 2476 1480 2531 quam
1508 2462 1827 2528 voluntarii,
1877 2461 1978 2518 sub
2002 2477 2111 2533 quo
2138 2463 2222 2518 in-

632 2555 821 2611 fcriori
855 2557 1022 2623 gradu
1050 2555 1213 2625 impia
1245 2556 1551 2611 temeritate
1578 2555 1861 2612 Christum
1899 2565 2220 2627 computare

632 2663 741 2701 non
787 2647 962 2709 times,
994 2646 1136 2701 sicut
1180 2662 1245 2702 ex
1296 2648 1405 2703 tuis
1434 2648 1614 2703 verbis
1636 2648 1749 2719 jam
1791 2660 1950 2703 antea
1980 2648 2223 2703 ostendi—

631 2728 773 2794 mus.
817 2738 873 2793 In
902 2753 1009 2808 quo
1037 2738 1201 2793 etiam
1249 2739 1420 2810 gradu
1470 2738 1852 2794 conditionalis
1879 2739 2122 2805 servitii,
2165 2749 2223 2796 et

632 2834 806 2903 ipsum
848 2832 1118 2887 diabolum
1165 2832 1389 2903 posuisti
1435 2832 1625 2887 dicens
1674 2850 1689 2886 :
1729 2831 1930 2903 Nempe
1975 2830 2220 2887 diabolus

631 2940 807 2978 servus
836 2922 1048 2977 Domini
1072 2939 1165 2993 per
1189 2923 1541 2978 conditionem
1567 2924 1622 2977 in
1647 2941 1799 2979 sacro
1838 2922 2046 2996 eloquio
2086 2924 2220 2978 dici-

630 3027 739 3071 tur.
774 3015 1001 3071 Videsne
1029 3031 1137 3086 quo
1166 3025 1217 3070 te
1244 3025 1334 3070 tua
1359 3017 1612 3087 perduxit
1639 3018 2003 3089 blasphemia,
2029 3030 2089 3073 ut
2109 3034 2219 3074 uno

631 3111 906 3167 servitutis
925 3124 1123 3182 genere
1148 3108 1424 3166 Christum
1449 3118 1505 3166 et
1542 3111 1813 3166 diabolum
1834 3119 2214 3181 computares:

633 3221 735 3261 nec
762 3207 936 3275 ipsum
958 3203 1234 3259 Christum
1265 3205 1603 3262 consentires
1623 3204 1930 3260 voluntaria
1961 3207 2219 3261 obedien-

2321 2007 2377 2062 in
2411 2008 2519 2063 alio
2548 2008 2666 2063 loco
2693 2007 2982 2077 Apostolus
3015 2024 3028 2059 :
3062 2005 3167 2073 Qui
3192 2008 3411 2061 tradidit
3446 2010 3781 2080 semetipsum
3816 2029 3918 2083 pro

2321 2097 2470 2152 nobis
2522 2097 2839 2151 oblationem
2881 2106 2932 2151 et
2970 2097 3197 2150 hostiam
3226 2095 3444 2169 (Ephes.
3486 2114 3541 2164 ν,
3581 2098 3661 2158 2).
3708 2099 3766 2155 In
3809 2102 3918 2157 hoc

2318 2189 2463 2258 quod
2492 2188 2565 2242 ait
2596 2207 2606 2240 :
2638 2186 2879 2241 Tradidit
2905 2188 3261 2257 semetipsum,
3289 2187 3594 2244 voluntarie
3619 2205 3678 2245 se
3700 2192 3919 2247 traden-

2320 2278 2412 2344 tis,
2444 2293 2553 2332 non
2580 2276 3018 2334 conditionaliter
3037 2278 3348 2343 servientis,
3373 2281 3613 2335 ostendit
3632 2279 3915 2338 allectum.

2320 2366 2461 2423 Dicit
2489 2379 2545 2423 et
2572 2368 2687 2438 ipse
2714 2367 2884 2422 David
2914 2366 3016 2423 sub
3043 2381 3277 2437 persona
3318 2376 3631 2425 sanctorum
3658 2387 3672 2424 :
3715 2368 3919 2426 Volun-

2318 2462 2453 2517 tarie
2481 2461 2795 2530 sacriﬁcabo
2820 2460 2915 2515 tibi
2945 2459 3117 2533 (Psal.
3148 2476 3266 2526 un,
3288 2460 3369 2533 8).
3400 2461 3458 2517 Si
3487 2472 3802 2518 sanctorum
3824 2479 3918 2519 sa-

2318 2551 2545 2617 criﬁcia,
2595 2567 2717 2622 qua:
2743 2550 2855 2606 Deo
2903 2551 3082 2607 solent
3122 2550 3341 2619 olferri,
3389 2552 3697 2609 voluntaria
3741 2553 3920 2612 fuisse

2319 2645 2669 2702 manifestum
2695 2653 2799 2711 est,
2832 2647 3104 2715 quomodo
3129 2646 3234 2701 hoc
3258 2644 3432 2701 solum
3458 2646 3811 2713 sacriﬁcium,
3853 2648 3917 2703 in

2318 2756 2428 2812 quo
2457 2741 2629 2796 totius
2676 2740 2862 2794 mundi
2892 2737 3197 2810 redemptio
3236 2747 3355 2807 est,
3404 2753 3505 2810 per
3530 2740 3916 2796 necessitatem

2320 2831 2486 2888 fuisse
2536 2830 2910 2895 calumniaris,
2960 2836 3017 2885 et
3050 2846 3158 2886 non
3200 2846 3301 2902 per
3338 2829 3673 2887 voluntatem
3719 2841 3918 2904 sponte

2318 2927 2556 2996 seipsum
2586 2922 2902 2980 oll‘erentis?
2926 2924 3069 2980 sicut
3091 2923 3233 2979 idem
3257 2923 3524 2995 propheta
3561 2922 3615 2979 in
3639 2923 3749 2980 alio
3787 2922 3918 2980 loco

2319 3019 2397 3074 ait
2425 3037 2437 3073 :
2474 3018 2543 3072 In
2571 3019 2740 3089 capite
2763 3015 2886 3071 libri
2906 3017 3161 3087 scriptum
3184 3026 3260 3072 est
3286 3017 3352 3071 de
3372 3032 3475 3083 me,
3498 3026 3556 3071 ut
3576 3018 3805 3088 facerem
3827 3035 3919 3074 voc

2318 3108 2571 3164 luntatem
2614 3118 2803 3164 tuam:
2830 3106 2974 3163 Deus
3005 3124 3159 3168 meus
3198 3107 3364 3175 uolui,
3407 3116 3455 3162 et
3476 3106 3639 3180 legem
3668 3118 3813 3164 tuam
3853 3110 3919 3165 in

2319 3203 2491 3256 medio
2519 3200 2692 3255 cordis
2718 3198 2820 3255 mei
2847 3197 3022 3271 (Psal.
3052 3215 3241 3267 nm,
3261 3199 3340 3272 8).
3377 3196 3555 3268 Volui,
3580 3199 3777 3273 inquit,
3800 3216 3917 3259 non

635 3300 706 3352 tia
743 3260 852 3351 Deo
883 3297 1026 3353 Patri
1074 3300 1349 3355 deservire
1394 3300 1449 3355 in
1495 3298 1687 3355 diebus
1730 3303 1911 3355 carnis
1948 3317 2080 3366 suae,
2122 3260 2291 3356 sedc
2321 3307 2463 3350 sucut
2489 3306 2547 3356 tu
2592 3295 2736 3350 soles
2787 3293 2992 3359 dicere.
3045 3294 3203 3347 debui
3243 3292 3446 3365 (debita
3473 3295 3619 3349 enim
3665 3296 3748 3351 ais
3782 3296 3918 3352 ’δετ-

637 3393 985 3448 conditionali
1038 3394 1381 3458 necessitate,
1437 3395 1578 3449 sicut
1624 3395 1916 3449 diabolum.
1966 3395 2219 3467 Nunquid

634 3499 741 3537 non
806 3499 967 3537 onme
1029 3482 1456 3538 Christianorum
1510 3484 1790 3539 servitium
1852 3485 1906 3539 iu
1959 3485 2220 3556 religione

634 3576 942 3629 sanctitatis
968 3576 1331 3630 voluntarium
1382 3576 1489 3630 Deo
1518 3577 1677 3631 debet
1703 3592 1825 3632 esse
1854 3577 2027 3647 magis
2054 3592 2217 3647 quam

632 3667 1020 3731 necessarium,
1052 3667 1104 3719 in
1137 3675 1371 3731 tantum,
1403 3676 1462 3720 ut
1494 3668 1743 3723 voluntas
1773 3670 1911 3723 bona
1938 3684 2036 3738 pro
2055 3684 2219 3739 opere

631 3765 995 3827 computetur,
1051 3758 1299 3826 quamvis
1353 3758 1533 3828 aliqua
1593 3760 1894 3816 necessitas
1955 3762 2216 3830 operandi

635 3850 892 3918 impediat
937 3848 1283 3904 facultatem?
1326 3851 1493 3905 Addis
1535 3852 1710 3906 adhuc
1753 3852 1820 3907 de
1862 3852 2217 3909 conditionali

634 3942 856 3995 servitio
888 3941 1086 3995 Christi
1120 3943 1234 3995 haec
1265 3943 1427 3997 verba
1460 3961 1471 3995 :
1520 3961 1536 3992 ι
1579 3943 1850 4013 Nunquid,
1876 3944 1977 4010 ais,
2007 3945 2099 4013 qui
2128 3959 2220 3999 ve-

632 4049 726 4087 rus
753 4044 835 4087 est
862 4034 1021 4097 Deus,
1072 4032 1187 4087 ﬁeri
1219 4044 1418 4103 potest,
1449 4044 1509 4087 ut
1550 4036 1859 4090 conditione
1901 4051 2091 4090 servus
2120 4036 2217 4092 Dei

636 4123 727 4187 sit,
755 4123 894 4178 sicut
920 4122 1169 4179 Christus
1199 4123 1455 4178 Dominus
1484 4125 1535 4177 in
1570 4124 1740 4180 forma
1771 4128 1938 4192 servi,
1963 4129 2054 4196 qui
2083 4128 2219 4182 mul-

634 4214 704 4267 tis
749 4214 924 4267 modis
970 4213 1260 4283 multisque
1308 4216 1662 4278 documentis,
1698 4233 1803 4272 non
1854 4228 2060 4273 tantum
2093 4237 2217 4291 pro—

633 4309 753 4371 pter
780 4304 1165 4367 obedientiam,
1196 4312 1253 4357 ut
1293 4305 1536 4375 plerique
1566 4306 1785 4373 volunt,
1818 4310 1910 4363 sed
1955 4311 2119 4365 etiam
2163 4320 2217 4366 et

634 4408 733 4462 per
762 4402 1011 4448 naturam
1042 4409 1230 4449 servus
1257 4394 1435 4449 Patris
1464 4403 1519 4449 et
1565 4396 1706 4451 lilius
1732 4399 1944 4453 ancillae
1971 4400 2090 4471 ejus
2119 4416 2213 4455 ve-

636 4485 850 4540 rissime
886 4487 1176 4541 educetur?
1213 4507 1231 4538 ι
1270 4486 1423 4553 Quod
1474 4504 1633 4557 quam
1691 4490 1985 4543 absurdum
2016 4493 2120 4557 sit,
2163 4501 2216 4548 et

633 4591 793 4644 quam
842 4577 1081 4647 ineptum
1130 4580 1231 4632 hoc
1262 4579 1327 4633 de
1356 4578 1483 4643 Deo,
1517 4580 1609 4635 Dei
1646 4580 1804 4645 Filio,
1838 4598 1902 4636 ac
1930 4583 2039 4637 Deo
2082 4602 2211 4639 vero
2243 4613 2291 4674 υ

632 4670 854 4725 credere
879 4672 1089 4740 piorum
1120 4672 1333 4742 ignorat
1361 4689 1537 4729 nemo.
1573 4674 1718 4729 lnter
1743 4676 2047 4746 plerosque,
2078 4696 2213 4750 quos

633 4761 769 4816 dicis
804 4761 1078 4816 Christum
1108 4772 1299 4832 putare
1325 4779 1420 4834 per
1450 4766 1811 4821 obedientiam
1845 4771 2050 4823 servire
2077 4770 2209 4836 Deo,

635 4868 772 4906 unus
823 4853 1041 4923 quidem
1082 4864 1166 4909 est
1218 4856 1407 4909 beatus
1453 4855 1649 4911 Paulus
1695 4860 1970 4929 apostolus
2023 4863 2214 4918 doctor

634 4945 897 5015 gentium,
937 4948 1028 5015 qui
1069 4946 1145 4999 ait
1176 4961 1190 4999 :
1219 4946 1457 5003 Christus
1488 4950 1729 5007 obediens
1773 4952 1925 5006 Patri
1957 4973 2117 5026 usque
2144 4958 2211 5009 ad

634 5047 871 5101 mortem,
904 5050 1123 5093 mortem
1158 5049 1332 5093 autrm
1358 5043 1547 5106 crucis,
1577 5054 1789 5113 propter
1816 5048 1955 5115 quod
1981 5056 2028 5100 et
2070 5047 2214 5102 Deus

633 5125 878 5181 παίιαυὶι
921 5128 1110 5192 illum,
1160 5139 1208 5183 et
1252 5132 1394 5185 dedit
1439 5133 1487 5185 ei
1524 5150 1707 5189 nomen
1751 5136 1888 5205 quod
1929 5147 2003 5190 est
2056 5154 2212 5208 super

634 5232 784 5270 omne
819 5234 1006 5272 nomen
1035 5218 1256 5291 (Philip.
1288 5236 1351 5287 ιι,
1382 5221 1435 5285 8,
1463 5221 1539 5294 9).
1588 5221 1791 5279 Servus
1831 5227 2211 5283 conditionalis

635 5324 742 5367 non
776 5318 860 5364 est
908 5324 1072 5381 super
1098 5325 1258 5367 omne
1307 5329 1523 5381 nomen,
1575 5315 1669 5370 sed
1701 5315 1927 5372 inferius
1978 5318 2208 5374 ﬁliorum

635 5399 874 5455 nomine.
926 5398 1049 5455 Filii
1079 5402 1275 5474 quippe
1321 5419 1518 5472 nomen
1557 5409 1808 5463 omnibus
1859 5412 2077 5475 sanctis,
2113 5412 2207 5467 Dei

634 5488 965 5556 dignatione,
991 5492 1352 5547 communiter
1373 5492 1628 5551 donatum
1657 5506 1758 5552 est.
1792 5497 1942 5564 Quod
1971 5510 2055 5554 est
2083 5517 2211 5572 ergo

636 5579 765 5633 illud
812 5580 1163 5636 excellentius
1205 5586 1418 5639 caeteris
1463 5587 1772 5643 nominibus
1801 5605 2017 5656 nomen,
2069 5594 2211 5663 quod

634 5669 851 5726 Ctmsto
882 5686 910 5724 a
939 5668 1049 5724 Deo
1077 5670 1256 5737 Patre,
1290 5675 1548 5743 Apostolo
1582 5686 1739 5739 teste,
1772 5677 1956 5733 datum
1988 5696 2109 5736 esse
2128 5681 2209 5735 di-

634 5774 795 5827 Cttut,
826 5776 1045 5833 propter
1080 5766 1401 5821 obedientite
1430 5769 1678 5823 mirabile
1707 5770 1865 5843 841
1899 5788 2206 5829 sacramen-

635 5855 782 5908 tum?
808 5854 940 5911 lllud
962 5859 1168 5913 scilicet
1195 5860 1337 5929 quod
1357 5861 1496 5914 idem
1522 5862 1635 5932 ipsr
1651 5862 1917 5935 subjuugit
1941 5864 2199 5919 dicendo:

2318 3378 2509 3457 vitute)
2546 3384 2659 3441 Deo
2685 3384 2836 3440 Patri
2886 3384 3166 3454 subjectus
3191 3399 3330 3441 esse.
3367 3383 3523 3452 Quod
3563 3387 3783 3458 quidem
3814 3387 3917 3443 de-

2316 3476 2491 3532 bitum
2519 3486 2575 3532 et
2599 3476 2963 3533 conditionale
2989 3477 3298 3545 servitium,
3338 3478 3410 3539 ab
3438 3478 3823 3541 ecclesiasticae
3846 3480 3915 3536 ii-

2318 3569 2404 3625 dei
2428 3571 2657 3625 veritate
2675 3568 2897 3625 omnino
2919 3570 3156 3649 alienum
3183 3585 3303 3627 esse
3330 3570 3687 3643 dignoscitur.
3715 3572 3917 3630 Catho-

2318 3663 2420 3718 lica
2434 3678 2669 3733 namque
2691 3661 2893 3718 veritas
2917 3663 2972 3718 in
2998 3678 3108 3718 uno
3131 3663 3431 3735 eodemque
3453 3664 3676 3721 Christo
3711 3668 3912 3732 credit,

2315 3765 2371 3811 et
2383 3772 2481 3811 con
2490 3755 2671 3810 litetur
2686 3754 2982 3810 secundum
2996 3770 3180 3809 veram
3194 3756 3552 3810 substantiam
3570 3758 3776 3823 carnis,
3789 3772 3916 3813 om-

2317 3865 2414 3905 nes
2449 3850 2691 3920 ejusdem
2727 3849 2926 3913 carnis,
2961 3865 3099 3921 quas
3126 3844 3387 3920 Suscepit,
3421 3849 3766 3907 inﬁrmitates
3810 3868 3913 3908 vo-

2319 3940 2587 3995 luntarias
2616 3940 2817 3995 habere
2844 3927 3143 4003 Christum,
3171 3956 3294 3996 cum
3324 3940 3603 3996 voluiSset.
3646 3943 3911 4000 Volunta—

2317 4032 2457 4085 riam
2489 4045 2725 4100 namque
2752 4039 2807 4085 et
2836 4044 3020 4085 veram
3048 4028 3269 4095 famem,
3300 4046 3427 4086 cum
3452 4033 3703 4087 esuriens
3741 4033 3807 4087 ad
3840 4034 3910 4087 ti-

2315 4122 2562 4178 culneam
2583 4122 2793 4176 veniret
2814 4140 2826 4175 :
2853 4122 3214 4175 voluntariam
3226 4131 3280 4176 et
3294 4138 3481 4177 veram
3504 4122 3904 4193 lassitudinem,

2316 4227 2440 4267 cum
2471 4211 2729 4282 fatigatus
2755 4213 2823 4267 ab
2852 4212 3046 4267 itinere
3088 4227 3251 4282 super
3272 4221 3492 4284 puteum
3520 4216 3733 4271 sederet
3758 4232 3772 4281 ;
3807 4232 3910 4271 vo-

2317 4304 2611 4359 luntarium
2639 4314 2695 4358 et
2717 4320 2905 4359 verum
2933 4305 3151 4371 vulnus,
3180 4321 3302 4360 cum
3338 4307 3527 4362 militis
3564 4310 3748 4365 lancea
3775 4325 3910 4379 per-

2314 4405 2593 4452 cuteretur
2622 4399 2674 4450 in
2703 4397 2903 4461 latere;
2936 4396 3293 4451 voluntariam
3319 4414 3373 4453 et
3413 4415 3599 4454 veram
3642 4410 3907 4469 mortem,

2316 4504 2437 4543 cum
2488 4489 2746 4541 inclinato
2791 4489 2968 4558 capite
3011 4488 3260 4558 spiritum
3307 4490 3579 4545 emisisset
3617 4493 3670 4547 in
3700 4508 3901 4557 cruce;

2315 4578 2674 4632 voluntariam
2700 4588 2754 4633 ct
2784 4594 2967 4632 veram
2996 4579 3351 4648 sepulturam,
3379 4596 3501 4634 cum
3534 4596 3657 4636 eum
3687 4584 3912 4654 deposi—

2321 4680 2430 4725 tum
2473 4671 2539 4724 de
2580 4654 2954 4740 lignolloseph
2986 4679 3041 4723 et
3076 4666 3401 4725 Nicodcmus
3431 4682 3694 4741 ponerent
3720 4674 3773 4727 in
3814 4689 3909 4729 se—

2319 4761 2529 4831 pulcro.
2572 4759 2680 4813 llas
2714 4759 2858 4813 enim
2902 4760 3083 4814 carnis
3105 4773 3294 4813 omnes
3334 4760 3679 4817 inlirmitates
3715 4763 3909 4817 volun-

2322 4855 2486 4908 tarias
2508 4854 2745 4921 quidem,
2787 4852 2881 4906 sed
2905 4868 3062 4907 veras
3100 4852 3350 4908 Christus
3379 4853 3583 4919 habuit,
3627 4856 3749 4926 quia
3781 4871 3914 4911 car-

2320 4944 2404 4998 nis
2430 4945 2679 4997 humana:
2716 4952 2988 5006 naturam,
3028 4956 3135 4996 non
3179 4942 3232 4996 in
3268 4943 3577 5013 phantasia,
3606 4946 3699 4999 sed
3730 4946 3783 5000 in
3810 4963 3915 5002 ve-

2319 5037 2479 5091 ritate
2516 5036 2790 5105 suscepit:
2838 5032 2973 5106 quas
3006 5034 3284 5106 passiones
3323 5046 3606 5106 propterea
3651 5039 3705 5093 in
3736 5054 3913 5099 carne

2318 5130 2650 5185 voluntarias
2694 5129 2903 5192 habuit,
2934 5137 2994 5183 ut
3034 5128 3087 5182 in
3132 5130 3363 5183 veritate
3395 5132 3577 5185 carnis
3603 5131 3782 5185 divina
3803 5148 3914 5203 po-

2316 5223 2507 5286 tentia,
2539 5237 2659 5291 quae
2705 5236 2805 5275 nec
2833 5220 2943 5291 pati
2967 5220 3143 5289 potuit
3176 5219 3465 5291 aliquando
3494 5236 3595 5277 nec
3631 5223 3792 5287 mori,
3818 5224 3915 5278 in-

2318 5313 2630 5369 ﬁrmitatem
2680 5322 3016 5384 mortemque
3040 5300 3371 5379 devinceret,
3404 5322 3461 5371 et
3486 5330 3706 5373 carnem
3744 5333 3909 5373 suam

2316 5406 2370 5459 in
2393 5406 2559 5461 vitam
2581 5406 2943 5475 virtutemque
2965 5411 3279 5476 perpetuam
3304 5403 3594 5462 suscitaret
3621 5424 3635 5463 :
3659 5423 3818 5478 quem
3840 5418 3907 5467 tn

2315 5508 2534 5555 aeternae
2562 5497 2912 5568 subiectionis
2947 5499 3170 5553 servitio
3199 5498 3505 5569 opprimere
3534 5501 3742 5556 niteris.

2384 5592 2450 5647 γ.
2482 5590 2625 5646 Dicis
2654 5591 2797 5645 enim
2824 5609 2836 5643 :
2888 5588 2983 5644 Vel
3022 5590 3077 5646 in
3099 5609 3202 5662 qua
3233 5593 3406 5663 forma
3447 5595 3544 5648 erit
3565 5595 3618 5649 in
3645 5607 3907 5653 teternum

2313 5682 2467 5737 Patri
2506 5683 2766 5746 subditus,
2802 5684 2847 5736 si
2887 5684 3022 5737 inter
3060 5684 3383 5739 divinitatem
3426 5687 3541 5756 ejus
3578 5698 3625 5743 et
3652 5688 3911 5743 humani-

2309 5784 2467 5828 tatem
2502 5773 2647 5829 nulla
2691 5775 2988 5843 di/ferentia
3014 5774 3258 5847 nullaque
3292 5778 3620 5847 inatqualitas
3648 5777 3759 5845 fore
3786 5796 3906 5831 cre-

2306 5868 2511 5920 ddtur!
2571 5869 2805 5923 Dii-imus
2852 5870 3030 5941 itaque
3082 5871 3134 5924 in
3181 5871 3289 5924 Deo
3328 5870 3544 5927 Christo
3593 5875 3723 5928 duas
3778 5889 3907 5930 esse
