4136 6578
215 338 333 397 205

928 340 1348 401 DOGMA'I‘ICA.
1389 374 1433 385 -
1499 346 1658 403 ΜΝ.
1700 345 1997 404 FELICEM
2035 350 2215 407 LIBRI
2257 352 2365 407 VII.
2406 384 2479 394 —
2514 352 2645 410 LIB.
2688 356 2774 411 ιἰ.

3400 368 3521 422 20d

215 466 453 518 naturas
478 459 728 536 proprias
756 480 770 518 :
799 478 961 518 unam
1003 464 1252 527 Deitatis.
1299 463 1525 519 alteram
1568 464 1820 521 humani-
1848 473 1895 525 Α
1926 466 2233 523 indulturus
2259 467 2328 521 sit
2375 466 2426 523 id
2453 484 2667 539 quoque
2708 486 2805 526 nos
2827 486 2947 527 esse
2979 475 3121 543 quod
3152 493 3260 532 non
3302 494 3510 537 sumus.
3556 463 3559 467 l

216 552 388 619 tatis;
410 553 506 611 sed
521 569 708 610 veram
725 554 778 610 in
800 556 1178 615 cedivinitatis
1199 558 1425 628 gloriam
1448 557 1739 623 credimus,
1754 574 1824 614 ne

220 648 557 721 nuncupatio
583 650 698 705 sola
723 649 1050 717 divinitatis,
1076 666 1108 705 a
1135 660 1189 707 te
1214 667 1388 723 nuper
1434 655 1741 711 introducta
1766 657 1825 713 in

218 742 464 798 humana
504 750 700 799 natura
741 758 773 796 a
813 743 1114 798 divinitatis
1157 752 1353 799 natura
1409 752 1715 819 segregata,
1767 747 1824 801 in

219 835 365 891 duos
391 836 520 891 deos
550 834 675 891 ﬁdei
718 843 921 892 nostra:
949 835 1218 892 divideret
1259 835 1692 907 professionem;
1726 839 1823 895 sed

218 944 394 984 unum
421 926 744 984 conﬁtemur
769 928 941 984 Deum
966 929 1069 985 sub
1096 929 1428 999 proprietate
1467 930 1696 987 duarum
1719 948 1822 987 na-

219 1031 493 1088 turarum,
523 1023 616 1093 qui
653 1019 1000 1090 iudicaturus
1044 1030 1129 1077 est
1160 1022 1422 1078 mundum
1470 1021 1668 1089 forma,
1716 1039 1822 1096 qua

216 1115 396 1171 videri
440 1115 641 1187 poterit
668 1115 739 1169 ah
776 1115 1054 1181 omnibus,
1099 1132 1263 1187 quam
1305 1117 1823 1174 conditionalitertu

217 1206 428 1264 asseris
460 1208 572 1263 Deo
597 1206 749 1263 Patri
795 1205 1097 1276 subiectam
1122 1223 1284 1265 esse:
1320 1207 1480 1264 aliter
1516 1209 1823 1283 intelligens

216 1299 372 1354 iiii’us
397 1298 585 1354 format
606 1296 1000 1367 subiectionem
1027 1316 1043 1366 ;
1087 1300 1249 1357 aliter
1273 1301 1447 1357 sancti
1480 1301 1697 1369 Patres,
1728 1303 1825 1375 qui

215 1393 406 1449 altiori
428 1407 614 1460 sensu,
641 1402 833 1449 sancto
871 1392 1080 1464 Spiritu
1119 1394 1444 1463 inspirante,
1485 1394 1669 1451 divina
1705 1410 1825 1467 my-

212 1486 389 1544 steria
413 1486 761 1542 considerare
791 1486 1098 1543 valuerunt.
1148 1485 1258 1544 Sed
1288 1489 1433 1543 beati
1476 1486 1668 1551 Hilarii
1706 1487 1822 1544 cla~

214 1581 425 1641 rissimi
454 1581 697 1638 doctoris
726 1584 1102 1641 tantummodo
1124 1598 1319 1640 sensus
1339 1583 1573 1640 suiliciat
1594 1599 1822 1654 ponere,

211 1674 313 1745 qui
352 1674 688 1731 undecimum
727 1674 1002 1732 catholica:
1048 1674 1178 1745 ﬁdei
1204 1673 1438 1730 libellum
1486 1675 1724 1731 maxime
1754 1674 1825 1731 de

212 1765 383 1836 huius
409 1766 763 1837 subiectionis
789 1766 1157 1839 disputatione
1183 1767 1624 1823 consummavit:
1653 1784 1673 1818 ι
1701 1765 1824 1822 Pri-

214 1875 394 1924 mum,
423 1860 602 1930 inquit
632 1858 773 1932 (Lib.
799 1875 856 1915 x1
887 1858 952 1914 de
993 1858 1211 1925 Trinit.,
1239 1874 1391 1914 num.
1420 1855 1539 1933 '50),
1578 1871 1824 1913 commu-

210 1966 345 2006 nem
394 1967 613 2007 sensum
662 1953 959 2025 inter-rogo,
1000 1962 1189 2008 utrum
1236 1966 1384 2008 nunc
1430 1949 1824 2021 subiectionem

210 2042 295 2098 ita
322 2043 725 2114 intelligendam
755 2053 1029 2115 putemus,
1072 2052 1330 2113 tanquam
1359 2041 1679 2098 servitutem
1722 2040 1821 2096 do-

209 2136 471 2203 minatui,
495 2145 590 2192 aut
612 2134 984 2205 infirmitatem
1011 2135 1220 2200 virtuti,
1253 2143 1350 2191 aut
1374 2132 1567 2193 honori
1595 2134 1825 2189 inhono-

209 2231 510 2297 rationem,
542 2230 834 2291 contrariis
858 2229 1209 2301 qualitatibus
1236 2228 1467 2285 subditis
1505 2225 1670 2300 [HiL,
1695 2228 1824 2285 sub—

208 2323 452 2397 dimus],
473 2333 535 2380 ut
562 2325 731 2380 Filius
759 2325 1056 2383 secundum
1084 2323 1201 2379 haec
1229 2322 1342 2377 Deo
1369 2321 1522 2378 Patri
1552 2322 1626 2380 sit
1653 2320 1818 2377 dissi—

208 2416 401 2477 dentis
418 2429 626 2477 natura:
640 2418 958 2478 diversitate
970 2416 1217 2489 abiectus
1231 2415 1371 2492 [ιιει.
1382 2458 1397 2481 ,
1416 2412 1715 2486 subiectus]
1727 2414 1819 2468 ἲ...

206 2512 366 2571 Nihil
386 2514 568 2585 itaque
591 2528 735 2571 nunc
754 2512 903 2569 aliud
918 2510 1269 2583 subiectionis
1287 2510 1633 2581 signiﬁcatio,
1655 2523 1823 2581 quam

207 2607 465 2679 mysterii
491 2606 885 2663 demonstratio
910 2613 1013 2661 est.
1041 2625 1059 2658 ι
1093 2604 1163 2660 Ει
1184 2604 1238 2659 in
1262 2603 1616 2674 sequentibus
1634 2599 1817 2673 (Num.

201 2699 309 2773 40)
339 2717 354 2754 :
385 2717 403 2752 ι
432 2698 550 2755 Non
581 2699 685 2754 alia
713 2700 895 2769 itaque
930 2697 1285 2770 subiectionis
1314 2712 1481 2753 causa
1520 2694 1688 2769 842
1711 2701 1819 2763 est,

202 2805 383 2862 quam
413 2798 475 2845 ut
495 2789 677 2848 omnia
704 2790 757 2843 in
786 2788 1040 2847 omnibus
1083 2787 1226 2843 Deus
1250 2787 1343 2854 sit,
1371 2786 1517 2841 nulla
1559 2802 1628 2842 ex
1664 2793 1825 2857 parte

207 2882 423 2938 terreni
454 2884 508 2939 in
545 2898 611 2938 eo
639 2882 891 2953 corporis
934 2882 1207 2937 residente
1250 2890 1470 2947 natura,
1500 2889 1562 2936 ut
1604 2890 1732 2938 ante
1762 2880 1822 2935 in

206 2991 276 3032 se
306 2975 412 3030 duo
439 2973 607 3048 [llil.,
636 2972 797 3048 duos]
819 2974 1125 3038 continens,
1147 2988 1291 3028 nunc
1313 2972 1456 3027 Deus
1481 2979 1691 3029 tantum
1712 2971 1819 3040 sit;

204 3081 325 3123 non
354 3065 565 3135 abiecto
606 3081 860 3138 corpore,
908 3064 1004 3128 sed
1031 3081 1101 3121 ex
1136 3064 1475 3137 subiectione
1510 3063 1817 3131 translato;

1924 558 2061 615 Vitae
2087 560 2235 614 enim
2269 559 2519 616 humana:
2562 569 2723 631 atque
2751 565 2942 621 mortis
2971 566 3094 622 linis
3137 578 3221 624 est
3264 585 3513 630 resurre-

1922 652 2071 707 ctio:
2102 662 2159 707 et
2202 654 2567 710 certissimum
2608 655 2817 713 militiae
2859 659 3185 729 stipendium
3230 673 3311 718 est
3340 666 3516 722 incoro

1924 758 2079 819 rupta
2106 750 2401 815 aeternitas,
2440 766 2548 806 nou
2578 749 2646 805 ad
2677 766 2855 821 ptume
2897 758 3353 825 perseverantiam
3398 777 3517 816 ma-

1924 854 2074 903 nens,
2113 839 2207 894 sed
2231 840 2298 895 ad
2324 850 2595 910 perpetuae
2618 841 2801 912 gloriae
2837 843 2861 898 ξ
2892 854 3069 901 uotum
3096 846 3517 917 iucunditatem

1922 946 2028 1001 que
2070 946 2175 985 non
2212 930 2486 987 desinens.
2534 932 2668 988 Cum
2714 933 2878 1005 igitur
2921 937 3037 993 haec
3060 949 3245 996 nostra
3273 950 3518 999 terreno-

1924 1037 2043 1076 rum
2068 1036 2358 1092 corporum
2406 1022 2560 1095 origo
2586 1023 2641 1079 in
2687 1024 2873 1081 habitu
2904 1037 3111 1083 natura:
3152 1031 3380 1100 potioris
3416 1049 3518 1089 ex-

1923 1113 2103 1178 cedat,
2139 1121 2195 1169 et
2220 1112 2521 1171 conformis
2564 1115 2750 1188 gloriae
2789 1119 3054 1177 Dominici
3086 1125 3331 1193 corporis
3377 1127 3516 1191 fiat;

1924 1203 2068 1260 Deus
2099 1204 2155 1260 in
2182 1203 2355 1262 forma
2387 1207 2532 1263 servi
2576 1218 2823 1280 repertus
2869 1210 3001 1284 [Al.,
3026 1215 3368 1290 perpetuus],
3392 1218 3523 1274 licet

1916 1294 2029 1365 iam
2058 1296 2391 1366 gloriﬁcatus
2438 1297 2495 1354 in
2536 1314 2763 1372 corpore
2806 1303 2896 1369 sit,
2943 1307 3239 1362 secundum
3284 1311 3429 1378 quod
3460 1312 3515 1366 in

1924 1388 2097 1443 forma
2127 1390 2267 1444 servi
2316 1390 2406 1456 sit,
2453 1396 2631 1446 tamen
2661 1392 2956 1450 conformis
3000 1397 3112 1452 Deo
3140 1413 3247 1453 nou
3288 1401 3430 1456 erit:
3460 1411 3521 1456 ut

1924 1479 2015 1549 qui
2063 1480 2221 1536 nobis
2272 1481 2501 1537 formam
2557 1484 2841 1554 gloriﬁcati
2889 1489 3135 1558 corporis
3187 1492 3271 1547 sui
3329 1495 3523 1550 tribuit

1925 1570 2091 1645 [Hil.,
2118 1571 2368 1645 tribuet],
2416 1574 2531 1643 ipse
2574 1576 2789 1644 corpori
2834 1592 2933 1632 suo
2960 1580 3095 1634 nihil
3138 1581 3277 1636 ultra
3320 1585 3519 1654 possit,

1923 1679 2087 1733 quam
2113 1664 2271 1719 nobis
2294 1679 2361 1719 ac
2382 1664 2483 1720 sibi
2511 1665 2603 1730 sit,
2629 1666 2683 1720 in
2714 1682 3002 1724 commune
3022 1680 3303 1739 praestare.
3336 1695 3355 1727 ι
3392 1674 3521 1732 Hzec

1926 1754 2107 1827 itaque
2139 1757 2446 1811 testimonia
2474 1758 2649 1813 sancti
2680 1757 2859 1815 Patris
2885 1759 3072 1816 Hilarii
3101 1764 3166 1819 de
3189 1765 3524 1835 subiectione

1853 1822 2075 1912 BFilii,
2127 1860 2292 1915 quam
2344 1855 2401 1901 tu
2449 1847 2687 1903 debitam
2733 1858 3103 1921 aeternamque
3154 1822 3391 1911 asseiis:
3432 1822 3524 1912 vel

1923 1935 2088 1989 etiam
2115 1935 2182 1990 de
2207 1934 2595 1991 clariﬁcatione
2618 1938 2863 2006 corporis
2887 1938 2941 1993 in
2969 1940 3265 1999 divinitatis
3293 1947 3521 2017 gloriam

1921 2026 2164 2097 eiusdem
2197 2027 2412 2085 Domini
2434 2030 2607 2086 nostri
2632 2028 2760 2085 Jesu
2789 2031 3014 2099 Christi,
3040 2035 3187 2104 quod
3209 2050 3277 2091 cx
3302 2038 3525 2111 Virgine

1922 2122 2238 2194 assumpsit,
2269 2121 2414 2179 dicta
2442 2122 2734 2179 sufﬁciant.

1994 2235 2083 2292 Vl.
2106 2233 2264 2291 Nunc
2289 2249 2470 2307 opera:
2510 2237 2745 2307 pretium
2783 2245 2873 2292 est
2907 2237 3085 2309 aliqua
3111 2256 3179 2296 ex
3209 2255 3520 2299 sanctorum

1923 2326 2208 2382 doctorum
2238 2325 2436 2381 libellis
2471 2326 2778 2382 testimonia
2808 2328 3075 2398 proferre,
3122 2346 3243 2400 qua:
3272 2342 3328 2389 tu
3354 2336 3520 2391 etiam

1920 2420 2198 2475 contrario
2219 2434 2381 2476 sensu
2400 2417 2619 2475 ﬂectere
2639 2418 2708 2473 ad
2734 2427 2839 2474 tuae
2858 2420 3030 2489 partis
3053 2421 3521 2481 confirmationem

1921 2510 2137 2577 niteris,
2167 2525 2291 2581 qua
2315 2510 2538 2567 omnino
2578 2508 2676 2567 tibi
2704 2524 2828 2566 esse
2871 2514 3203 2580 adversaria,
3248 2523 3305 2570 et
3332 2517 3410 2571 tui
3439 2532 3527 2572 er—

1922 2603 2066 2659 roris
2086 2611 2250 2659 sectae
2284 2602 2441 2659 valde
2478 2604 2754 2659 contraria
2783 2604 3175 2677 intelligentur.
3217 2606 3447 2679 Insuper
3472 2618 3528 2665 ct

1921 2695 2168 2766 quadam
2190 2694 2509 2752 calliditatis
2526 2707 2632 2752 tua:
2652 2697 2892 2765 nequitia
2917 2697 3209 2763 subtrahis,
3233 2713 3355 2770 qua:
3377 2709 3525 2756 tuam

1921 2788 2183 2844 haeresim.
2203 2789 2467 2844 damnare
2491 2787 2748 2845 videntur
2770 2808 2787 2843 :
2828 2791 3074 2860 quaadam
3110 2806 3241 2848 vero
3264 2798 3525 2849 consueta

1922 2880 2027 2937 tibi
2050 2880 2300 2938 versutia
2328 2881 2615 2937 immutare
2660 2898 2768 2937 non
2796 2883 2977 2950 times,
3010 2891 3072 2938 ut
3115 2884 3170 2938 in
3200 2884 3353 2941 libris
3378 2887 3526 2942 beati

1924 2974 2113 3035 Hilarii
2157 2973 2354 3032 fecisse
2378 2975 2587 3032 videris
2613 2993 2627 3031 :
2668 2974 2761 3032 ubi
2801 2975 2891 3029 ille
2917 2975 3226 3048 pmipuus
3254 2978 3446 3032 doctor
3472 2986 3529 3032 et

1924 3067 2227 3128 catholicus
2252 3068 2331 3129 ait
2379 3079 2451 3122 ιε
2500 3065 2744 3122 Potestas
2784 3067 3059 3138 dignitatis
3107 3085 3212 3122 non
3245 3070 3525 3135 amittitur,

203 3172 395 3228 neque
420 3171 518 3229 per
538 3157 897 3213 defectionem
935 3157 1162 3221 abolito,
1209 3156 1303 3212 sed
1331 3171 1398 3247 ex
1429 3154 1822 3212 clariﬁcatione
1846 3179 1897 3247 ο
1924 3170 1985 3217 ιιι
2009 3160 2236 3217 omnino
2257 3160 2670 3231 perversissime
2695 3160 2832 3214 dicis
2859 3177 2873 3213 :
2920 3158 3203 3230 adoptatur
3232 3178 3251 3215 :
3280 3161 3371 3216 ubi
3401 3162 3526 3216 bea-

202 3260 445 3307 mutato.
473 3250 776 3321 Acquirens
822 3250 928 3306 sibi
962 3265 1029 3305 eo
1058 3248 1225 3323 [Hil.,
1254 3246 1388 3321 Deo]
1434 3248 1617 3319 potius
1643 3249 1821 3305 homi-

200 3360 362 3410 nem,
394 3361 558 3415 quam
590 3345 757 3401 Deum
784 3361 883 3417 per
908 3345 1187 3401 hominem
1212 3345 1471 3400 amittens
1496 3362 1511 3399 :
1546 3342 1825 3413 subiectus

200 3453 347 3493 vero
369 3440 439 3493 ob
469 3437 543 3503 id,
585 3453 693 3492 non
724 3447 783 3491 ut
814 3454 922 3492 non
968 3438 1065 3503 sit,
1099 3436 1194 3491 sed
1241 3444 1303 3492 ut
1334 3435 1518 3490 omnia
1549 3435 1608 3487 in
1646 3432 1823 3489 omni-

200 3531 318 3586 bus
368 3529 511 3584 Deus
550 3530 643 3585 sit.
680 3548 698 3581 ι
744 3528 881 3584 Item
925 3529 1088 3600 paulo
1133 3536 1259 3598 post
1307 3528 1377 3582 de
1430 3525 1823 3582 clarificatione

203 3621 389 3692 ipsius
408 3620 647 3687 Domini,
674 3636 779 3691 qua
820 3634 880 3675 se
905 3621 960 3675 in
984 3621 1280 3692 Evangelio
1309 3622 1634 3676 testificatur
1654 3620 1820 3675 clari-

204 3714 493 3769 ﬁcandum
520 3729 663 3780 esse,
696 3713 793 3771 ubi
839 3713 954 3772 ait:
986 3713 1148 3769 Nunc
1189 3714 1518 3784 gloriﬁcattts
1556 3723 1634 3768 est
1673 3712 1823 3783 ﬁlius

201 3804 445 3859 hominis
496 3803 681 3876 (Joan.
715 3821 838 3871 xm,
873 3804 986 3877 51).
1015 3824 1035 3856 ι
1085 3804 1424 3860 Gloriﬁcavit
1456 3819 1600 3866 eum.
1649 3806 1829 3875 inquit

203 3897 402 3970 (Num.
431 3897 543 3970 42),
574 3899 631 3953 in
658 3912 718 3954 se
744 3899 911 3964 Deus,
939 3906 1002 3953 ut
1022 3898 1149 3969 quia
1184 3896 1300 3965 iam
1342 3906 1534 3969 regnat
1553 3896 1609 3951 in
1630 3896 1821 3969 gloria,

207 4006 340 4062 qua:
362 4005 431 4045 ex
476 3990 571 4045 Dei
619 3989 791 4061 gloria
829 3996 934 4053 est,
966 3989 1082 4058 ipse
1124 3988 1326 4044 exinde
1354 3989 1411 4042 in
1457 3987 1553 4043 Dei
1592 3988 1825 4061 gloriam

206 4088 462 4138 transeat
489 4096 503 4145 ;
535 4079 590 4135 in
616 4093 675 4134 se
704 4078 849 4134 enim
897 4079 1042 4134 Deus
1068 4094 1195 4134 eum
1238 4077 1587 4146 glorificavit,
1635 4077 1689 4133 id
1716 4080 1819 4141 est,

208 4174 274 4228 in
300 4186 366 4227 ea
394 4179 587 4227 natura
612 4186 719 4241 qua
749 4171 892 4227 Deus
917 4179 1002 4227 est
1042 4172 1187 4241 quod
1210 4178 1316 4236 est,
1342 4179 1405 4223 ut
1433 4171 1505 4225 sit
1528 4169 1679 4226 Deus
1704 4185 1827 4226 om-

212 4263 312 4319 nia
339 4262 395 4316 in
420 4262 694 4317 omnibus.
726 4281 746 4313 ι
797 4261 933 4317 Item
974 4259 1138 4332 paulo
1165 4268 1289 4332 post
1337 4260 1519 4331 (Num.
1544 4261 1637 4332 45)
1662 4277 1678 4316 :
1708 4278 1727 4312 ι
1760 4260 1829 4315 Ει

211 4359 273 4412 in
303 4370 373 4411 eo
407 4355 646 4425 quidem,
691 4355 788 4421 ait,
822 4364 1025 4426 quanta
1066 4354 1268 4409 furoris
1304 4352 1549 4409 haeretici
1596 4352 1825 4409 stultitia

212 4458 325 4514 est,
357 4448 647 4519 desperare
670 4448 725 4502 id
753 4448 820 4503 de
845 4448 976 4515 Deo,
1008 4448 1153 4518 quod
1182 4448 1436 4505 humanis
1461 4447 1576 4503 suis
1596 4446 1826 4518 pedibus

1925 3258 2016 3306 tus
2040 3249 2282 3306 Hilarius
2308 3251 2408 3316 ait,
2452 3250 2732 3305 aduratur.
2782 3248 2980 3305 Carnis
3017 3250 3268 3322 cumidem
3298 3268 3328 3306 a
3356 3250 3529 3322 Magis

1923 3344 2204 3400 humilitas
2222 3345 2449 3400 adorata
2470 3351 2574 3408 est,
2592 3353 2649 3399 et
2669 3343 2915 3414 mysticis
2932 3358 3219 3399 munerum
3241 3345 3529 3415 speciebus

1924 3434 2209 3500 honorata,
2237 3451 2346 3493 non
2369 3434 2623 3505 adoptata
2648 3453 2663 3489 :
2710 3434 2853 3503 quod
2880 3435 3167 3506 perspicue
3195 3451 3262 3491 ex
3305 3446 3526 3493 antece-

1923 3528 2177 3583 dentibus
2201 3529 2384 3585 verbis
2408 3527 2655 3599 eiusdem
2692 3526 2934 3582 doctoris
2957 3525 3180 3598 intelligi
3208 3535 3405 3596 potest,
3436 3529 3529 3583 ubi

1924 3621 2023 3685 ait,
2048 3619 2191 3691 quod
2216 3628 2272 3675 tu
2302 3621 2417 3690 ipse
2449 3620 2695 3691 posuisti,
2725 3620 2785 3674 in
2806 3620 2998 3691 pannis
3025 3620 3201 3675 adhuc
3225 3619 3369 3675 Deus
3390 3620 3525 3675 ado-

1925 3719 2097 3764 ratur.
2122 3708 2271 3765 Idem
2298 3709 2436 3781 ipse,
2462 3710 2558 3780 qui
2588 3710 2641 3765 in
2684 3709 2967 3765 cunabulis
2998 3708 3191 3778 iacuit,
3222 3710 3292 3764 ah
3318 3710 3530 3781 angelis

1925 3800 2177 3857 Christus
2219 3801 2484 3857 Dominus
2520 3802 2865 3873 praedicatur,
2893 3809 2951 3856 et
2970 3816 3000 3855 a
3034 3800 3203 3873 Magis
3228 3801 3372 3857 Deus
3399 3803 3533 3857 ado-

1928 3899 2100 3958 ratur,
2129 3909 2242 3953 non
2270 3911 2301 3949 a
2322 3895 2486 3951 Patre
2523 3895 2811 3966 adoptatur
2840 3894 2893 3948 in
2923 3893 3143 3949 Filium.
3191 3892 3247 3947 In
3274 3909 3383 3967 quo
3409 3894 3530 3950 loco

1925 3987 2329 4043 certissime'de
2358 3987 2636 4057 Magorum
2676 3986 2993 4043 adoratione
3037 3987 3180 4042 idem
3226 3985 3389 4042 Pater
3432 3988 3528 4042 Hi-

1928 4078 2094 4133 inrius
2122 4079 2384 4149 disputat,
2409 4095 2517 4135 non
2540 4079 2609 4134 de
2649 4086 2874 4149 paterna
2916 4077 3226 4147 adopfione,
3266 4092 3432 4147 quam
3469 4085 3528 4131 tn

1926 4171 2249 4241 pravissime
2287 4171 2415 4229 huic
2460 4171 2580 4228 loco
2627 4172 2867 4227 inseram
2903 4172 3139 4226 collaris.
3173 4170 3279 4226 Sed
3315 4182 3372 4225 et
3400 4187 3525 4225 cum

1926 4264 2299 4321 testimonium
2326 4265 2393 4320 de
2416 4265 2781 4334 disputatione
2826 4262 2968 4318 beati
2995 4263 3280 4332 Augustini
3309 4262 3523 4332 posuis-

1928 4374 2038 4425 ses,
2067 4374 2230 4428 quam
2256 4357 2446 4413 habuit
2475 4374 2596 4413 cum
2628 4357 2903 4414 Feliciano
2926 4356 3131 4411 Ariano
3173 4355 3428 4426 episcopo
3470 4354 3523 4416 ιἰ

1930 4453 2155 4509 subdola
2197 4452 2489 4507 calliditate
2535 4451 2780 4520 quaedam
2816 4450 2879 4507 in
2912 4448 3093 4505 media
3127 4451 3396 4504 sententia
3446 4456 3553 4502 ωε.

215 4542 397 4618 [ch,.
426 4541 645 4614 spebus]
670 4541 1007 4597 blandiatur:
1035 4549 1090 4598 et
1108 4541 1254 4612 quod
1278 4541 1553 4597 hominem
1578 4538 1752 4614 [Leg.,
1778 4542 1832 4596 in
1863 4540 1912 4600 D
1938 4543 2121 4608 cuisti,
2170 4557 2293 4612 quae
2341 4552 2447 4597 tua:
2490 4542 2634 4613 parti
2677 4541 2928 4597 videntur
2979 4540 3273 4605 contraire,
3310 4539 3403 4596 ubi
3448 4542 3529 4601 ait

214 4635 465 4709 homine]
493 4636 637 4691 Deus
664 4645 857 4707 potens
898 4636 993 4701 sit,
1022 4635 1075 4691 id
1113 4635 1169 4690 in
1210 4634 1390 4704 seipso
1421 4633 1701 4690 etliciendo
1743 4634 1827 4689 in-

218 4731 419 4785 ﬁrmus
445 4729 533 4784 sit.
585 4729 697 4782 Nec
724 4743 905 4783 sermo
932 4727 1098 4792 ismd,
1131 4742 1230 4782 nec
1257 4742 1449 4781 sensus
1478 4724 1707 4781 rationis
1734 4741 1828 4780 ca-

218 4839 330 4896 pax
358 4822 617 4894 loquitur,
648 4830 711 4876 ut
730 4821 963 4876 naturali
987 4821 1218 4891 quadarn
1246 4819 1574 4875 necessitate
1601 4818 1669 4873 ad
1695 4833 1828 4874 con-

223 4917 513 4972 sulendum
540 4915 699 4970 nobis
726 4914 997 4970 obnoxius
1022 4914 1165 4969 Deus
1188 4913 1291 4968 sibi
1314 4912 1450 4968 nihil
1474 4910 1673 4967 alferre
1698 4910 1829 4966 bea-

223 5009 473 5064 titudinis
500 5010 705 5078 possit:
737 5024 845 5065 non
866 5008 1008 5077 quod
1038 5005 1285 5079 profectu
1310 5015 1482 5075 egeat,
1508 5004 1601 5075 qui
1626 5004 1826 5073 imper-

228 5102 461 5156 turbata:
485 5111 695 5159 natura:
732 5101 1059 5171 virtutisque
1085 5099 1173 5163 sit,
1202 5099 1296 5153 sed
1332 5097 1457 5168 quia
1486 5111 1585 5168 per
1608 5095 1826 5164 dispen—

228 5193 498 5249 sationem
523 5202 577 5248 et
618 5199 1022 5249 sacramentum
1048 5204 1260 5262 magna:
1285 5189 1524 5260 pietatis,
1554 5187 1648 5258 qui
1682 5188 1828 5243 Deus

228 5295 337 5353 est,
365 5295 425 5344 et
463 5302 691 5359 magnus
732 5295 817 5343 est
866 5284 1033 5358 [Hit.,
1078 5292 1135 5340 et
1177 5285 1341 5340 homo
1375 5282 1504 5355 est],
1555 5281 1827 5353 impotens

230 5381 337 5439 sibi
361 5381 455 5445 sit,
484 5380 591 5437 hoc
614 5386 718 5444 est,
765 5387 937 5435 totum
958 5387 1220 5449 przestare
1248 5374 1409 5449 [Hil.,
1437 5377 1627 5430 hocse
1652 5380 1826 5427 totum

231 5472 518 5548 lmtare]
546 5474 690 5544 quod
738 5473 882 5529 Deus
908 5481 1013 5538 est,
1046 5488 1170 5527 cum
1218 5470 1374 5526 nobis
1422 5485 1530 5523 non
1577 5468 1830 5540 ambigue

367 5605 425 5662 S.
451 5604 689 5662 Hilarius
713 5606 807 5661 lib.
841 5624 878 5665 ιι
909 5606 975 5661 de
1010 5605 1298 5665 Trinitate.
1329 5619 1447 5675 cap.
1476 5602 1567 5658 27.
1597 5596 1674 5657 De
1701 5600 1828 5657 vera

234 5678 470 5736 laetione
508 5678 668 5748 huius
719 5686 898 5733 textus
945 5679 1085 5746 apud
1115 5677 1172 5731 ὃ.
1220 5675 1484 5730 Hilarium
1531 5675 1829 5748 etiamnum

238 5752 446 5807 luerent
469 5745 665 5806 eruditi
693 5748 892 5813 critici,
923 5745 1159 5818 antiquis
1204 5748 1482 5802 codicibus
1519 5745 1831 5818 discrepan-

238 5823 406 5878 t.bus.
433 5820 509 5876 De
533 5837 639 5894 qua
670 5837 724 5875 rc
746 5821 835 5876 hic
862 5822 1018 5875 nobis
1040 5816 1145 5876 non
1173 5818 1299 5873 licet
1322 5832 1439 5873 esse
1474 5816 1720 5889 prolixis.

1914 4634 2084 4706 (Cap.
2113 4634 2166 4707 6)
2192 4652 2206 4687 :
2238 4652 2259 4687 ι
2292 4633 2808 4702 Filiorumnamque
2845 4631 3084 4701 adoptivi
3114 4631 3226 4697 alii,
3252 4635 3532 4691 naturales

1929 4729 2020 4783 alii
2048 4737 2172 4783 sunt
2199 4742 2213 4780 :
2246 4727 2300 4781 hi
2331 4727 2420 4796 qui
2446 4726 2616 4797 geniti
2643 4727 2712 4780 ab
2741 4724 2897 4781 initio
2925 4724 3019 4779 tilii
3047 4731 3175 4779 sunt
3200 4740 3266 4780 ac
3283 4727 3531 4796 proprii;

1930 4821 2006 4876 illi
2050 4820 2229 4890 primo
2269 4818 2453 4881 alieni,
2490 4827 2613 4889 post
2643 4816 2811 4871 filium
2848 4815 2984 4889 [Al.,
3013 4815 3168 4888 filii]:
3196 4832 3321 4871 cum
3361 4817 3526 4889 βω

1931 4937 2028 4992 per
2049 4919 2395 4989 adoptionem
2424 4918 2479 4973 in
2506 4917 2769 4974 familiam
2804 4918 3057 4973 videntur
3083 4918 3334 4972 adscisci.
3369 4937 3389 4971 ι
3420 4918 3528 4972 Cum

1933 5023 2047 5069 tera
2081 5027 2210 5066 vero
2236 5025 2358 5080 qua:
2381 5011 2609 5080 posuisti
2634 5009 2690 5063 in
2721 5008 2912 5065 eodem
2941 5009 3083 5073 loco,
3122 5023 3191 5062 ex
3228 5022 3391 5061 sensu
3422 5007 3529 5061 lur-

1931 5106 2085 5160 retici
2114 5104 2257 5159 idem
2282 5103 2474 5159 beatus
2499 5102 2834 5174 Augustinus
2857 5100 3019 5166 dixit,
3040 5116 3149 5155 non
3172 5115 3238 5153 ex
3259 5115 3380 5163 suo,
3405 5115 3528 5153 ctttn

1932 5214 2040 5269 quo
2068 5195 2489 5267 disputationem
2533 5195 2601 5250 de
2629 5191 2735 5248 ﬁde
2772 5192 3036 5248 catholica
3067 5192 3279 5258 habuit,
3311 5191 3436 5246 licet
3472 5199 3527 5243 tu

1932 5305 2038 5343 non
2068 5288 2425 5344 intellexisses
2452 5301 2521 5341 ex
2549 5284 2702 5356 cuius
2727 5298 2958 5354 persona
2984 5283 3214 5339 dixisset
3255 5283 3396 5353 quod
3434 5298 3530 5354 po-

1932 5382 2042 5437 suit
2067 5397 2080 5445 ;
2111 5381 2191 5435 sic
2210 5379 2355 5435 enim
2385 5379 2462 5433 ait
2488 5397 2500 5431 :
2524 5397 2543 5430 ‹
2577 5374 2718 5444 Quid
2739 5375 2948 5448 igitur?
2974 5375 3113 5433 dicis
3133 5391 3197 5431 ex
3226 5376 3525 5431 substantia

1939 5473 2140 5539 Patris,
2171 5473 2354 5537 credo,
2384 5471 2533 5527 nasci
2564 5469 2757 5525 Filium
2779 5468 3109 5540 nequiviSse,
3138 5482 3209 5522 ne
3230 5467 3527 5538 ingenitum

2008 5605 2214 5689 1illanc
2241 5600 2982 5687 disputationem.videinter
3013 5599 3354 5727 Appendad
3388 5599 3524 5679 Opp.

2008 5684 2079 5727 att
2125 5677 2427 5727 Αιιαιιειιηι.
2488 5677 2765 5727 'Inbmtur
2818 5673 3016 5727 Ibidem
3104 5688 3184 5727 mc
3231 5672 3524 5727 disnutatto

1937 5678 2079 5734 beati
2125 5672 2427 5745 Augustini.
2488 5675 2765 5731 'l‘ribuitur
2818 5672 3016 5729 ibidem
3064 5672 3184 5730 haec
3231 5672 3525 5742 disputatio

1938 5748 2133 5818 Yigilio
2159 5747 2439 5817 Tapsensi.
