4136 6602
706 403 813 458 207

1575 406 1633 463 Β.
1676 408 1736 465 F.
1779 410 2004 467 ALBINI
2044 411 2175 470 εει]
2216 408 2493 469 Διρωκι
2528 407 2815 471 OPERL'M
2854 410 3034 467 PARS
3070 409 3153 469 ll].

3886 403 3988 465 208

694 520 923 577 .Patrem
970 517 1094 574 Filii
1126 519 1492 590 generatione
1537 522 1818 579 videamur
1861 525 2139 581 dividere:
2170 545 2189 577 ι
2234 531 2289 578 et
2319 532 2363 588 Α
2394 525 2768 590 investigatur,
2802 523 2899 579 hoc
2920 522 3051 592 ﬁdes
3078 520 3280 585 credat,
3310 518 3647 590 intelligentia
3673 536 3779 575 non
3808 523 3986 590 regni-

706 611 936 683 reliqua,
978 626 1099 681 qum
1126 611 1197 666 ibi
1241 612 1416 681 posita
1454 620 1601 679 sunt,
1643 629 1764 683 quae
1804 617 2110 672 certissime
2149 615 2295 671 illius

702 703 941 759 haeretici
986 704 1162 759 sensui
1204 704 1553 771 conveniunt,
1605 720 1715 760 non
1764 709 1935 763 sancti
1988 705 2291 779 Augustini.

703 792 857 850 Sicut
894 804 953 849 et
998 794 1126 849 illud
1174 795 1330 850 solita
1380 796 1476 851 tibi
1526 798 1793 867 pravitate
1846 800 2165 863 immutasti,
2203 799 2292 854 ubi

701 883 840 939 libro
869 885 1020 956 (hoc.
1052 884 1170 948 cit.,
1200 899 1318 955 cap.
1354 884 1443 958 10)
1479 905 1492 941 :
1523 888 1861 957 impassibilis
1894 892 1947 944 in
1974 907 2091 956 suo,
2122 892 2295 961 passi-

702 976 819 1029 bilis
841 977 895 1030 in
925 986 1100 1031 nostra
1124 1018 1138 1040 ,
1168 983 1221 1030 tu
1260 978 1415 1047 ponis
1449 996 1461 1031 :
1499 980 1836 1047 impassibilis
1865 983 1920 1035 in
1944 998 2062 1047 suo,
2105 998 2292 1052 passus

700 1069 754 1119 in
781 1066 993 1130 alieno;
1038 1067 1192 1135 quasi
1222 1082 1419 1138 corpus
1459 1084 1636 1134 suum,
1682 1071 1828 1141 quod
1867 1072 1969 1127 sibi
2008 1074 2289 1143 proprium

701 1158 830 1213 fecit
852 1157 1018 1211 Filius
1053 1155 1168 1220 Dei,
1196 1157 1427 1212 alienum
1454 1169 1598 1214 esset
1625 1175 1654 1213 a
1682 1176 1760 1214 se.
1805 1161 1956 1228 Quod
1989 1163 2171 1231 itaque
2197 1177 2294 1216 no-

700 1265 822 1304 men
848 1249 1004 1303 alieni
1032 1252 1252 1304 omnino
1275 1261 1463 1306 contra
1494 1254 1726 1321 teipsum
1757 1254 1914 1322 ponis
1938 1271 1953 1318 ;
2004 1262 2293 1323 utrumque

698 1342 842 1395 enim
874 1355 984 1394 non
1025 1349 1205 1410 potest
1228 1355 1384 1396 esse:
1433 1357 1561 1397 caro
1596 1340 1797 1398 Christi
1839 1344 2035 1409 aliena,
2067 1352 2123 1399 et
2161 1346 2292 1401 ado-

696 1432 843 1501 ptiva
871 1430 1007 1486 Filio
1032 1430 1123 1486 Dei
1148 1448 1163 1496 ;
1204 1434 1329 1501 quia
1362 1432 1485 1487 dum
1514 1434 1802 1505 adoptatur
1827 1435 1881 1491 in
1924 1435 2144 1501 Filium,
2172 1437 2292 1492 nul-

699 1523 913 1577 latentis
960 1522 1168 1578 alienus
1194 1524 1314 1578 erit
1356 1523 1405 1577 ei
1449 1524 1541 1593 qui
1577 1541 1636 1579 se
1668 1526 1940 1595 adoptavit
1971 1528 2023 1581 in
2071 1524 2289 1591 Filium,

697 1614 791 1670 sed
823 1617 874 1668 in
903 1614 1022 1668 Filii
1045 1615 1359 1685 dignitatem
1381 1624 1690 1687 assumptus
1714 1621 1949 1675 cessabit
1978 1622 2186 1676 alienus
2206 1634 2291 1676 es-

696 1722 776 1762 se.
811 1705 1014 1761 Christi
1042 1720 1168 1761 vero
1194 1707 1504 1762 humanitas
1528 1723 1804 1778 nunquam
1840 1710 2011 1764 aliena
2038 1710 2157 1775 fuit,
2188 1726 2291 1768 nec

696 1799 898 1864 anima,
929 1813 1027 1854 nec
1068 1812 1315 1868 corpore,
1351 1796 1646 1856 divinitatis
1676 1814 1804 1863 sure,
1851 1800 1921 1855 ab
1955 1802 2110 1855 initio
2154 1816 2286 1855 con-

2398 614 2528 668 rat?
2573 612 2857 684 Singulare
2898 613 3043 667 enim
3087 620 3171 666 est
3200 610 3303 664 hoc
3329 617 3385 664 et
3430 610 3548 664 sine
3579 611 3829 680 exemplo
3864 626 3983 684 my-

2393 703 2641 759 sterium.
2690 763 2697 771 _

2466 792 2575 849 Vll.
2620 792 2767 848 Dicis
2813 806 3027 862 quoque
3062 790 3451 845 humanitatem
3490 789 3611 845 Filii
3656 789 3751 845 Dei
3780 793 3990 847 extrin-

2394 899 2551 940 secus
2576 884 2773 939 l‘actam
2794 885 2947 956 quasi
2976 885 3205 940 alienam
3231 901 3248 950 ;
3276 885 3362 939 vel
3385 887 3559 957 magis
3584 887 3757 955 ipsum
3783 886 3988 942 Filium

2394 973 2491 1028 Dei
2515 974 2856 1029 extrinsecus
2884 972 3110 1039 factum,
3151 973 3294 1028 sicut
3322 982 3373 1029 te
3417 976 3688 1031 scribente
3728 976 3985 1047 legimus.

2398 1082 2419 1117 ε
2453 1063 2548 1119 lite
2568 1072 2717 1129 sunt,
2745 1064 2849 1131 ais,
2878 1064 3159 1119 sententiae
3180 1061 3389 1132 praelati
3410 1065 3718 1134 egregiiqnm
3752 1068 3992 1121 doctoris

2391 1156 2697 1226 Augustini,
2749 1172 2856 1212 non
2882 1157 2949 1212 de
2995 1157 3331 1211 humanitate
3361 1155 3482 1211 Filii
3510 1156 3631 1217 Dei.
3670 1156 3725 1212 in
3759 1174 3870 1227 qua
3899 1174 3991 1212 ex-

2394 1247 2664 1303 trinsecus
2686 1245 2867 1303 factus
2891 1255 2993 1311 est,
3026 1263 3132 1302 non
3161 1249 3231 1303 de
3255 1248 3556 1303 substantia
3601 1248 3779 1306 Patris
3806 1252 3992 1305 subsi—

2392 1346 2561 1403 stens,
2590 1338 2682 1393 sed
2706 1351 2770 1393 ex
2798 1354 2963 1394 carne
3006 1339 3196 1394 matris
3220 1346 3275 1393 et
3320 1348 3480 1395 natus
3503 1348 3605 1395 est.
3640 1361 3658 1391 ι
3707 1340 3996 1408 Quomodo

2392 1431 2562 1488 Filius
2595 1431 2690 1487 Dei
2725 1440 2828 1497 est,
2860 1432 2905 1487 si
2934 1434 3273 1491 extrinsecus
3318 1432 3493 1491 factus
3533 1435 3659 1489 est?
3694 1434 3870 1489 Filius
3897 1433 3995 1488 Dei

2393 1525 2726 1580 mtemaliter
2763 1532 2923 1579 natus
2949 1532 3034 1578 est
3079 1524 3145 1580 de
3183 1525 3361 1588 Patre,
3404 1539 3566 1594 quem
3606 1523 3696 1580 hic
3721 1525 3862 1579 dicis
3892 1540 3993 1579 ex-

2394 1615 2664 1669 trinsecus
2717 1614 2939 1669 factum.
2993 1612 3052 1668 Si
3091 1614 3156 1669 de
3198 1613 3534 1669 humanitate
3579 1614 3695 1682 ejus
3737 1614 3845 1669 hoc
3891 1612 3997 1670 tibi

2391 1708 2569 1777 placet
2592 1706 2839 1777 intelligi,
2873 1721 3003 1775 ergo
3027 1704 3276 1762 eumdem
3303 1705 3442 1761 dicis
3474 1704 3755 1760 nobiscum
3786 1704 3995 1761 Filium

2393 1797 2509 1861 Dei,
2543 1800 2637 1867 qui
2680 1813 2747 1853 ex
2796 1798 3017 1869 Virgine
3063 1806 3225 1853 natus
3267 1805 3371 1853 est.
3421 1797 3627 1853 Tamen
3654 1796 3713 1853 S.
3752 1796 3999 1867 Cyrillm

694 1890 958 1960 ceptionis
984 1898 1040 1944 et
1087 1888 1386 1943 nativitatis
1425 1888 1479 1942 in
1522 1890 1909 1959 proprietatem
1956 1892 2114 1945 unius
2158 1906 2285 1962 per-
2318 1900 2363 1960 Β
2395 1888 2700 1944 nullatenus
2726 1889 2793 1944 de
2820 1890 3040 1944 homine
3069 1888 3288 1945 Christo
3318 1889 3421 1943 hoc
3447 1890 3736 1954 consentit,
3779 1889 3998 1944 scilicet

698 1995 844 2033 some
872 1986 1169 2048 assumpta,
1202 1986 1262 2032 ut
1289 1992 1453 2032 verus
1477 1986 1534 2031 et
1558 1980 1811 2049 proprius
1839 1980 1895 2034 in
1924 1982 2129 2035 duabus
2155 1983 2286 2037 sub-

697 2074 911 2128 stantiis
935 2081 1079 2127 esset
1116 2071 1213 2127 Dei
1240 2070 1429 2126 Filius.
1479 2070 1546 2126 Et
1590 2086 1760 2140 quare
1801 2073 2019 2127 tacuisti
2063 2074 2287 2142 quodin

684 2168 884 2224 eodem
927 2166 1066 2221 libro
1106 2165 1174 2220 de
1198 2163 1587 2219 clariﬁcau'ane
1615 2165 1862 2234 corporis
1902 2163 2106 2220 Christi
2143 2166 2289 2222 etde

694 2256 903 2310 unitate
934 2254 1235 2309 divinitatis
1263 2253 1480 2324 legitur,
1512 2253 1615 2307 ubi
1646 2254 1761 2324 ipse
1799 2253 2056 2324 praelatus
2100 2255 2291 2310 doctor

690 2347 770 2400 ait
784 2346 934 2416 (Luc.
954 2360 1077 2399 mox
1093 2343 1211 2417 cit.)
1230 2359 1245 2396 :
1275 2361 1294 2399 ς
1325 2344 1508 2414 Itaque
1522 2343 1825 2414 gloriﬁcata
1837 2360 1966 2401 caro
1979 2345 2285 2415 majestate,

692 2438 820 2492 dum
845 2434 1331 2504 majestashumilis
1344 2434 1525 2507 [Aug.,
1546 2434 1851 2507 humiliata]
1864 2437 2156 2493 docetnrin
2170 2453 2294 2494 car-

693 2545 781 2584 ne.
806 2528 911 2583 Sed
934 2538 1219 2596 utrumque
1235 2543 1340 2581 non
1354 2528 1420 2582 de
1430 2527 1639 2583 duobus
1659 2526 1911 2594 Christis,
1924 2539 1983 2584 ut
2002 2539 2179 2601 putas,
2193 2530 2293 2587 sed

697 2623 764 2674 de
790 2634 898 2672 uno
923 2628 1083 2687 atque
1106 2618 1295 2673 eodem
1317 2618 1454 2687 ipso,
1478 2634 1641 2688 quem
1654 2627 1793 2689 .post
1810 2626 2026 2691 partum
2056 2622 2293 2694 Virginis

697 2712 866 2766 Deum
891 2722 946 2764 et
975 2711 1244 2765 hominem
1286 2713 1557 2774 novimus,
1607 2727 1707 2768 nos
1745 2722 1953 2768 certum
1984 2720 2069 2768 est
2095 2713 2292 2784 pradi-

698 2816 845 2857 care.
880 2822 898 2853 ι
944 2801 1014 2857 Et
1060 2800 1218 2871 paulo
1252 2810 1372 2871 post
1417 2801 1570 2873 (hoc.
1606 2804 1716 2857 .cit.
1750 2817 1870 2873 cap.
1905 2803 2033 2875 ll):
2069 2821 2088 2854 ι
2141 2802 2291 2859 Unus

696 2904 877 2948 autem
913 2904 1076 2963 atque
1101 2893 1245 2948 idem
1269 2892 1516 2948 Christus
1544 2894 1767 2963 est,.qui
1793 2904 1850 2948 et
1875 2892 2101 2962 injurias
2143 2903 2287 2948 totus

696 2988 760 3059 μ
770 3004 882 3058 ug.,
906 2985 1126 3058 totiens]
1145 2984 1390 3057 pertulit,
1413 2994 1469 3041 et
1489 2994 1643 3041 actus
1668 2986 1723 3041 in
1742 2986 2065 3057 profundum
2088 2985 2288 3059 [Idem

698 3080 756 3133 in
796 3077 1083 3152 profundo]
1110 3094 1219 3133 non
1251 3080 1459 3134 mersit.
1488 3079 1567 3134 Ex
1598 3080 1701 3136 hoc
1725 3093 1884 3150 pacto
1907 3084 1963 3136 in
1990 3082 2289 3137 mediatore

699 3168 796 3223 Dei
821 3178 875 3223 et
900 3170 1201 3236 hominum,
1229 3169 1425 3238 injuria
1461 3173 1725 3241 assumpti
1751 3172 1995 3243 corporis
2037 3172 2288 3227 aﬂ’ectam

2389 1982 2532 2053 quod
2557 1983 2895 2037 extrinsecus
2918 1980 3096 2037 factus
3119 1983 3189 2037 sit
3214 1983 3369 2051 quasi
3394 1981 3620 2043 alienus,
3646 1981 3795 2037 velut
3814 1981 3997 2054 ω

2390 2075 2765 2131 indumentum
2812 2074 3084 2144 quoddam
3132 2075 3480 2142 divinitatis;
3524 2077 3618 2132 sed
3659 2079 3889 2132 omnino
3940 2078 3995 2131 in

2387 2165 2599 2222 duabus
2624 2166 2833 2221 naturis
2874 2168 3151 2236 preprium
3201 2181 3319 2221 esse
3350 2179 3404 2222 et
3438 2166 3738 2237 perfectum
3785 2167 3995 2223 Filium

2390 2259 2485 2314 Dei
2512 2258 2806 2324 afﬁrmans,
2837 2259 2969 2314 dicit
2999 2261 3053 2313 in
3082 2259 3174 2314 illo
3199 2258 3381 2315 libello
3407 2274 3569 2330 quem
3595 2268 3783 2314 contra
3810 2258 3997 2315 Theo-

2389 2352 2638 2408 doretum
2674 2351 2892 2422 scripsit
2923 2369 2937 2405 :
2968 2368 2987 2402 ι
3039 2349 3156 2406 Non
3184 2351 3456 2406 hominem
3486 2358 3824 2420 assumptum
3857 2350 4002 2406 dici-

2390 2458 2512 2499 mus
2539 2457 2568 2496 a
2596 2440 2707 2497 Deo
2749 2442 2951 2507 Verbo,
2975 2450 3031 2496 et
3059 2440 3367 2512 copulatum
3395 2441 3445 2496 ei
3492 2441 3788 2496 secundum
3837 2441 3999 2496 habi-

2390 2542 2505 2588 tum
2553 2534 2893 2589 extrinsecus
2933 2532 3306 2599 adinventum,
3343 2532 3438 2587 sed
3482 2533 3664 2603 potius
3706 2530 3992 2587 hominem

2390 2642 2513 2683 enim
2555 2624 2757 2681 factum
2782 2640 2905 2681 esse
2934 2626 3296 2682 decernimus.
3326 2644 3344 2678 ι
3395 2624 3528 2680 item
3562 2624 3804 2696 ejusdem
3842 2624 4002 2682 unde

2391 2731 2591 2787 supra;
2621 2735 2639 2768 ι
2676 2715 2782 2772 Sed
2811 2717 2960 2782 licet,
2989 2716 3183 2788 inquit,
3210 2717 3554 2772 nominemur
3579 2716 3779 2786 templa
3812 2714 4000 2772 Deum

2389 2808 2784 2865 inhabitantem
2826 2806 3082 2864 habentia
3108 2822 3206 2878 per
3232 2806 3497 2877 Spiritum
3525 2806 3762 2880 [Cyriu.,
3785 2806 4001 2876 templa

2390 2896 2511 2964 Dei,
2556 2914 2681 2954 eum
2708 2898 3007 2956 habeamus
3052 2898 3219 2956 Deum
3261 2899 3777 2970 inhabitantemper
3815 2898 4001 2970 Spiri-

2391 2988 2552 3062 tum],
2578 2999 2817 3046 attamen
2843 2990 3073 3046 alterum
3115 2990 3366 3047 novimus
3395 2992 3612 3046 modum
3654 2990 4001 3045 sacramenti

2391 3084 2690 3139 secundum
2715 3082 3012 3138 Christum.
3046 3082 3264 3138 Unitam
3287 3084 3432 3138 enim
3454 3082 3567 3139 Deo
3588 3082 3769 3137 Verbo
3792 3097 4003 3137 secun-

2391 3172 2519 3228 dum
2545 3172 2830 3228 veritatem
2857 3188 3078 3228 carnem
3106 3174 3402 3230 asserimus
3429 3190 3551 3230 cum
3589 3174 3768 3228 anima
3800 3175 4004 3245 utique

696 3260 935 3317 fatemur
967 3262 1245 3324 deitatem,
1288 3262 1431 3317 sicut
1478 3262 1761 3331 majestate
1802 3264 2100 3320 divinitatis
2128 3264 2363 3339 glorise
2397 3265 2665 3321 rationali.
2705 3286 2725 3319 ›
2774 3266 2907 3322 Item
2954 3268 3011 3322 in
3056 3270 3246 3323 eodem
3293 3267 3501 3339 (Cyrill.
3543 3271 3601 3323 in
3646 3267 3884 3339 Expleta.
3916 3285 3999 3325 xu

699 3356 914 3408 ticatam
947 3353 1192 3408 novimus
1215 3368 1460 3409 carnem.
1494 3374 1513 3406 ι
1543 3353 1648 3409 Sed
1676 3355 1793 3410 hinc
1814 3354 1996 3410 omnia
2021 3370 2144 3425 qua)
2166 3368 2293 3425 pas-

701 3463 796 3501 sus
816 3457 898 3501 est
925 3462 1027 3517 pro
1060 3448 1296 3501 humana
1331 3447 1506 3503 salute
1533 3450 1718 3504 mundi
1758 3448 2035 3515 Salvator,
2072 3465 2203 3514 non,
2232 3457 2293 3503 ut

701 3550 758 3594 tu
790 3541 886 3600 vis.
919 3539 1098 3594 debita
1141 3541 1491 3606 necessitate,
1538 3547 1633 3595 sed
1669 3542 1837 3597 libera
1860 3543 2138 3598 voluntate
2169 3557 2294 3612 pas-

702 3648 846 3697 sum,
880 3634 1017 3687 idem
1034 3632 1206 3688 Pater
1232 3634 1285 3687 in
1316 3635 1505 3688 eodem
1533 3632 1674 3689 libro
1714 3643 1962 3701 testatur,
1997 3636 2185 3691 dicens
2213 3635 2294 3689 in-

701 3737 783 3781 ter
804 3736 999 3780 caetera
1028 3723 1183 3796 (Cap.
1214 3723 1301 3799 li)
1327 3741 1388 3777 τις
1428 3724 1610 3780 Sensit
1630 3726 1812 3795 igitur,
1833 3724 2031 3795 inquit,
2063 3733 2292 3780 mortem

698 3818 954 3871 divinitas
974 3816 1172 3872 Christi
1189 3815 1606 3887 participatione
1621 3816 1841 3871 humani
1864 3815 2112 3882 allectus,
2129 3831 2291 3886 quem

699 3918 888 3979 sponte
910 3916 1265 3978 susceperat;
1315 3925 1421 3963 non
1454 3917 1662 3963 natum
1698 3924 1810 3964 sure
1835 3909 2132 3978 potentiam
2160 3922 2289 3978 per-

694 4001 854 4065 didit,
898 4016 995 4071 per
1039 4015 1201 4068 quam
1244 4008 1440 4054 cuncta
1492 3999 1754 4055 viviﬁcat.
1810 4000 1902 4054 Sic
1936 4000 1990 4053 in
2039 4000 2290 4069 sepulcro

696 4109 917 4149 carnem
959 4109 1121 4148 suam
1167 4094 1573 4148 commoriendo
1616 4109 1720 4147 non
1767 4094 2029 4157 deseruit,
2056 4093 2199 4148 sicut
2224 4095 2290 4149 in

697 4190 853 4239 utero
880 4185 1113 4254 Virginis
1140 4184 1519 4238 eonnascendo
1543 4182 1832 4238 formavit:
1862 4193 1917 4239 et
1948 4185 2029 4240 sic
2062 4185 2116 4239 in
2140 4195 2291 4239 utro-

696 4291 801 4346 que
820 4285 876 4331 et
899 4278 1047 4331 nasci
1076 4285 1131 4331 et
1157 4277 1293 4330 mori
1324 4291 1429 4330 non
1460 4284 1679 4331 coactus
1702 4277 1769 4329 ab
1791 4275 1989 4339 altero,
2012 4277 2107 4330 sed
2130 4291 2290 4345 spon-

697 4378 751 4422 te
781 4368 969 4431 voluit,
998 4376 1057 4421 ut
1085 4368 1189 4423 hoc
1231 4381 1357 4421 eum
1398 4374 1609 4421 constet
1643 4366 1929 4435 pertulisse
1952 4368 2095 4435 quod
2139 4368 2285 4422 fecit.

696 4458 808 4512 Nec
834 4459 952 4513 ideo
983 4473 1088 4512 non
1111 4456 1425 4527 patientem,
1453 4456 1581 4525 quia
1605 4456 1719 4526 ipse
1746 4455 1978 4510 faciebat
2002 4474 2016 4521 ;
2046 4472 2146 4511 nec
2169 4457 2289 4512 ideo

697 4566 806 4605 non
831 4547 1141 4612 facientem,
1166 4548 1289 4617 quia
1323 4562 1425 4602 non
1458 4548 1596 4601 alius
1619 4546 1901 4601 tolerabat.
1934 4567 1952 4599 ι
1987 4547 2137 4602 lianc
2157 4564 2290 4616 quo-

2393 3358 2536 3431 cap.)
2564 3376 2579 3411 :
2606 3376 2625 3410 t
2659 3358 2760 3427 Qui
2803 3360 2969 3430 igitur
3009 3361 3257 3417 dividunt
3286 3363 3666 3419 subsistentias
3709 3372 3836 3433 post
3876 3366 4004 3420 uni-

2394 3458 2579 3513 tatem,
2610 3458 2665 3505 et
2706 3451 3109 3520 particulariter
3152 3464 3362 3524 ponunt
3397 3461 3708 3523 utrumque,
3740 3455 3850 3511 hoc
3886 3466 4001 3519 est,

2394 3543 2667 3598 hominem
2691 3552 2748 3597 et
2773 3542 2966 3608 Deum,
2996 3545 3461 3614 subintelligentes
3499 3546 3905 3617 capulationem
3940 3549 4001 3603 in

2391 3636 2472 3690 eis
2519 3650 2641 3705 quae
2667 3636 2962 3692 secundum
2998 3638 3167 3692 solam
3210 3640 3531 3707 dignitatem
3569 3648 3676 3706 est,
3706 3639 3849 3697 duos
3876 3657 4003 3697 mo-

2393 3724 2477 3780 dis
2500 3725 2753 3781 omnibus
2788 3734 3032 3780 statuunt
3074 3726 3233 3790 filios,
3261 3743 3383 3783 cum
3422 3727 3703 3799 Scriptura
3728 3728 4008 3786 divinitus

2392 3815 2647 3884 inspirata
2683 3831 2847 3869 unum
2878 3815 3010 3871 dicit
3058 3816 3253 3871 Filium
3297 3826 3462 3888 atqne
3512 3818 3820 3874 Dominum.
3850 3820 4008 3887 Quo-

2392 3907 2534 3962 circa
2559 3915 2679 3977 post
2705 3906 3027 3963 ineffabilem
3054 3908 3317 3963 unitatem
3346 3910 3461 3963 sive
3499 3908 3669 3965 Deum
3712 3912 4001 3977 nomines,

2392 3999 2707 4054 Emmanuel
2743 4001 3082 4055 incarnatum
3113 4008 3170 4055 et
3202 4000 3372 4055 Deum
3404 3999 3605 4057 factum
3632 4001 4001 4075 intelligimus

2390 4106 2458 4146 ex
2492 4090 2603 4145 Deo
2622 4090 2783 4147 Patre
2812 4091 3089 4146 Verbum:
3132 4093 3246 4146 sive
3273 4093 3549 4147 hominem
3591 4094 3756 4157 dicas,
3791 4095 4008 4152 nihilo-

2391 4180 2573 4237 minus
2607 4182 2660 4236 in
2691 4183 2959 4237 mensuris
2993 4182 3244 4236 humanis
3284 4183 3667 4253 participatum
3699 4183 4003 4255 dispensa-

2395 4273 2502 4327 tive
2529 4274 2905 4343 cognoscimus
2946 4270 3181 4343 [Cyrill.,
3210 4273 3323 4326 sive
3352 4271 3779 4338 Emnianuelem,
3824 4284 3883 4332 et
3914 4274 4008 4331 iu—

2391 4371 2676 4417 carnatum
2702 4372 2758 4417 et
2785 4364 3195 4417 inhumanatum
3240 4362 3410 4417 Deum
3445 4364 3709 4428 nomines,
3750 4380 3857 4421 nos
3898 4368 4005 4421 Dei

2392 4452 2570 4508 Patris
2608 4454 2842 4509 Verbum
2890 4455 3223 4522 accipimus:
3272 4456 3386 4509 sive
3435 4457 3708 4511 hom'nem
3757 4457 4002 4523 dixeris,

2390 4562 2490 4600 nos
2509 4562 2662 4617 aeque
2690 4546 2817 4601 illud
2847 4548 3021 4616 ipsum
3054 4547 3169 4616 (Dei
3202 4546 3457 4617 Verbum)
3481 4549 3623 4618 quod
3650 4565 3748 4622 per
3768 4552 4005 4622 dispen-

697 4657 801 4711 que
832 4640 1131 4694 mirabilem
1158 4651 1212 4693 et
1254 4637 1576 4693 ineffabilem
1622 4638 1675 4691 in
1711 4637 1849 4693 Filio
1895 4638 1990 4692 Dei
2026 4641 2289 4695 unitatem
2321 4623 2367 4681 υ
2393 4638 2660 4692 sationem
2702 4637 2974 4693 mensuris
3017 4638 3371 4693 humanitatis
3405 4654 3525 4694 sese
3549 4640 3784 4707 demisit,
3817 4658 3998 4713 agno—

696 4747 1013 4792 naturarum
1058 4736 1112 4789 in
1157 4748 1389 4805 persona
1440 4743 1494 4787 et
1539 4742 1809 4802 potestate
1857 4749 2011 4789 mens
2055 4734 2291 4789 humana

698 4828 908 4894 credat,
940 4842 1045 4883 non
1075 4826 1337 4896 requirat,
1368 4827 1501 4879 utin
1528 4825 1718 4880 eodem
1762 4824 1901 4879 libro
1941 4824 2155 4895 legitur.
2202 4826 2294 4880 Ait

699 4919 845 4973 enim
875 4917 1017 4971 idem
1041 4916 1228 4971 doetor
1252 4916 1405 4987 (Cap.
1437 4915 1491 4985 8)
1518 4930 1534 4968 :
1563 4936 1578 4966 ι
1614 4913 1768 4969 Sicut
1792 4917 1935 4968 enim
1966 4918 2083 4971 sine
2111 4932 2294 4971 exem-

699 5011 791 5081 plo
825 5018 1000 5064 mater
1044 5009 1231 5079 genuit
1274 5018 1550 5063 auctorem
1598 5024 1777 5073 suum,
1826 5010 1904 5064 sic
1951 5010 2293 5067 iiielfabiliter

701 5104 863 5159 Pater
888 5104 1188 5158 credendus
1218 5110 1301 5157 est
1348 5103 1598 5171 genuisse
1627 5112 1955 5157 coaeternum
1979 5123 1991 5157 ε
2024 5105 2091 5158 de
2119 5113 2292 5159 matre

702 5206 860 5250 natus
893 5204 999 5258 est,
1027 5194 1118 5264 qui
1151 5202 1332 5247 tamen
1377 5203 1503 5248 ante
1545 5193 1683 5259 fuit;
1734 5195 1801 5248 de
1846 5193 2029 5259 Patre,
2061 5196 2153 5263 qui
2189 5195 2289 5249 ali-

702 5287 919 5359 quando
950 5303 1057 5342 non
1104 5286 1294 5342 defuit.
1340 5286 1453 5343 Hoc
1500 5287 1634 5342 ﬁdes
1679 5288 1887 5351 credat,
1937 5289 2290 5357 intelligentia

703 5397 811 5437 non
834 5382 1096 5450 requirat,
1128 5396 1198 5435 ne
1227 5388 1319 5434 aut
1340 5396 1444 5435 non
1476 5381 1751 5435 inventum
1779 5389 1930 5449 putet
1952 5380 2290 5445 incredibile,

700 5483 799 5531 aut
823 5484 1097 5544 repertum
1120 5486 1225 5526 non
1250 5473 1436 5527 credat
1458 5471 1748 5541 singulare.
1783 5486 1801 5523 ι
1831 5470 1888 5525 Si
1916 5482 2090 5526 mater
2109 5475 2294 5543 genuit

704 5578 986 5626 auctorem
1011 5583 1187 5628 suum,
1219 5576 1273 5621 et
1296 5567 1362 5622 de
1402 5575 1575 5621 matre
1616 5577 1776 5621 natus
1804 5573 1886 5620 est
1920 5567 2010 5634 qui
2042 5566 2108 5621 de
2133 5566 2294 5621 Patre

707 5661 809 5717 fuit
836 5677 850 5715 :
875 5661 1142 5730 quomodo
1179 5667 1235 5714 tu
1260 5673 1393 5713 ausu
1420 5658 1705 5713 temerario
1731 5657 1871 5711 soles
1895 5672 2094 5727 negare
2120 5649 2289 5714 Deum

705 5769 829 5809 esse
857 5767 1045 5807 verum
1071 5752 1161 5821 qui
1188 5766 1255 5807 ex
1286 5749 1504 5820 Virgine
1530 5757 1691 5804 natus
1736 5757 1819 5803 est
1841 5748 1865 5803 τ
1888 5750 1996 5803 Aut
2023 5753 2293 5819 quomodo

710 5861 814 5897 non
840 5853 1008 5899 terret
1038 5852 1089 5897 tc
1114 5842 1256 5912 quod
1284 5839 1549 5911 sequitur,
1582 5849 1639 5892 ut
1669 5839 1795 5908 quia
1820 5840 1924 5897 hoc
1951 5841 2159 5895 ratione
2183 5856 2289 5896 non

2396 4728 2621 4801 scimus]
2649 4743 2661 4782 :
2708 4728 2908 4783 factum
2940 4745 3070 4784 vero
3096 4730 3326 4784 dicimus
3367 4731 3706 4801 palpabiler'n,
3739 4738 3836 4803 qui
3882 4739 4002 4791 im-

2396 4821 2681 4891 palpabilis
2727 4830 2855 4885 est;
2906 4819 3193 4885 visibilem,
3240 4824 3329 4889 qui
3378 4824 3663 4879 imisibilis
3706 4835 3830 4891 est;
3880 4844 3999 4883 non

2394 4915 2541 4970 enim
2572 4913 2670 4966 fuit
2710 4923 3025 4968 extraneum
3050 4917 3097 4968 ei
3138 4916 3344 4970 unitum
3376 4916 3551 4984 ipsum
3599 4933 3816 4989 corpus,
3845 4928 4002 4991 quod

2397 5007 2560 5059 etiam
2603 5005 2835 5059 dicimus
2872 5020 2991 5059 esse
3018 5006 3285 5075 palpabile
3312 5016 3367 5061 et
3395 5007 3624 5062 visibile.
3652 5030 3671 5061 ι
3706 5009 3841 5065 Item
3867 5025 4000 5081 post

2395 5097 2575 5167 aliqua
2601 5115 2613 5150 :
2642 5115 2661 5146 ι
2703 5094 2818 5151 Νοη
2841 5098 2959 5150 sine
2985 5096 3273 5160 voluntate,
3305 5098 3397 5152 sed
3425 5108 3617 5166 sponte
3665 5099 4002 5170 Unigenitus

2395 5194 2572 5248 lactus
2590 5203 2673 5247 est
2700 5195 2861 5249 homo
2888 5210 2903 5257 ;
2946 5208 2999 5246 et
3029 5209 3156 5255 non,
3182 5194 3324 5247 sicut
3348 5193 3427 5247 ais
3464 5203 3538 5255 tu,
3570 5196 3864 5261 assumpsit
3895 5194 4000 5249 ho-

2393 5286 2615 5349 minem,
2646 5300 2741 5354 per
2773 5284 3140 5339 habitudinem
3173 5286 3220 5338 ei
3248 5284 3642 5354 copulationem
3683 5286 3917 5346 donans,
3944 5296 4001 5340 et

2396 5379 2673 5431 liliationis
2699 5375 2869 5444 gratia
2908 5390 3192 5436 coronans.
3222 5376 3359 5429 sicut
3390 5391 3506 5429 nos.
3538 5395 3557 5427 ι
3595 5374 3656 5428 Et
3698 5387 3819 5443 post
3850 5391 4000 5446 pau-

2395 5485 2459 5525 ca
2486 5489 2499 5523 :
2530 5488 2548 5520 ς
2589 5468 2747 5524 Uniti
2774 5483 2901 5521 vero
2924 5467 3088 5521 semel
3118 5468 3358 5523 dividere
3380 5485 3485 5523 non
3516 5478 3600 5523 est
3624 5479 3867 5528 cautum.
3895 5489 4004 5527 ne-

2394 5575 2500 5629 que
2526 5561 2580 5613 in
2611 5559 2749 5613 ﬁlios
2770 5557 2959 5628 partiri
3004 5558 3159 5616 duos.
3196 5573 3363 5615 unum
3401 5557 3675 5616 Christum
3704 5568 3762 5615 et
3792 5559 3994 5617 Filium

2392 5662 2449 5708 et
2472 5652 2779 5710 Dominum.
2805 5672 2823 5704 ι

2467 5741 2595 5803 Vill.
2626 5745 2877 5815 Nunquid
2921 5753 2977 5800 tu
3023 5760 3128 5801 non
3174 5742 3349 5799 solum
3394 5728 3584 5799 contra
3619 5741 3784 5812 hujus
3810 5747 3993 5801 sancti

2392 5839 2569 5895 Patris
2616 5839 2778 5899 dicta,
2828 5852 3013 5892 verum
3072 5840 3236 5895 etiam
3279 5847 3465 5892 contra
3516 5834 3876 5890 universalem
3936 5850 3993 5893 ct
