4136 6556
183 339 297 395 209

899 334 1315 392 DOGSIATICA.
1362 365 1425 373 —
1461 333 1618 388 Μὶν.
1661 329 1957 387 FELICEM
1996 333 2175 391 LIBRI
2215 336 2321 391 VII.
2362 368 2430 377 -—
2466 332 2594 392 LIB.
2642 334 2727 391 VI.

3351 339 3459 393 ΞΠ)

184 454 539 526 apostolicam
570 461 768 508 sancta":
802 451 898 507 Dei
945 450 1197 505 Ecclesia:
1224 447 1664 504 consuetudinem
1688 445 1769 497 di-
1797 451 1842 501 Α
1869 447 2014 500 enim
2038 450 2293 505 cavendis
2331 451 2443 521 ipsa
2470 450 2683 506 Veritas
2708 452 2760 504 in
2803 451 3090 523 Evangelia
3114 453 3190 507 ait
3213 472 3225 506 :
3254 451 3312 507 Si
3332 470 3460 506 om-

185 547 333 601 vidis
358 546 634 601 Christum
666 546 718 599 in
745 545 880 599 duos
919 544 1067 606 deos,
1116 540 1531 610 nuncupativum
1569 538 1776 592 scilicet

183 645 243 689 et
268 651 457 691 verum
482 653 496 689 :
530 643 584 689 et
613 636 666 687 in
697 637 830 689 duos
856 634 1013 699 ﬁlios,
1052 632 1361 701 adoptivum
1390 639 1446 684 et
1473 630 1772 699 proprium,

185 724 538 779 accumulaus
586 739 749 793 super
783 731 945 792 caput
991 732 1141 776 tuum
1174 721 1414 775 terribile
1464 719 1769 780 anathema,

183 817 335 886 quod
358 816 413 870 in
437 817 625 870 eodem
649 813 856 886 praefati
882 813 1059 868 Patris
1081 812 1218 867 labro
1248 811 1441 881 legitur
1464 828 1477 863 :
1513 828 1531 859 ι
1571 808 1628 863 Si
1654 809 1775 876 quis

186 907 475 976 praesumit
520 905 703 960 dicere
747 902 1018 958 Deilerum
1063 901 1334 956 hominem
1374 898 1674 960 Christum,
1721 906 1776 951 et

183 1015 299 1054 non
342 997 525 1068 potius
568 996 740 1053 Deum
785 1010 908 1052 esse
948 1009 1096 1057 vere,
1130 993 1270 1047 sicut
1313 991 1483 1045 ﬁlium
1514 1007 1677 1044 unum
1721 998 1776 1043 et

180 1090 522 1154 naturalem,
548 1088 845 1144 secundum
868 1085 1015 1156 quod
1033 1083 1233 1140 factum
1256 1091 1339 1137 est
1361 1095 1487 1135 cam
1506 1080 1774 1170 .Verhum,

176 1190 241 1237 et
269 1181 696 1237 communicavit
727 1178 975 1249 proxime
1008 1175 1165 1231 nobis
1209 1174 1471 1244 sanguine
1495 1181 1551 1226 et
1589 1184 1774 1232 carne,

178 1275 478 1330 anathema
510 1273 602 1329 sit.
629 1292 648 1326 ι
677 1272 747 1326 Ει
772 1271 827 1325 in
848 1268 1197 1339 sequentibus
1223 1285 1236 1319 :
1268 1284 1288 1316 ‹
1315 1265 1407 1319 Ait
1422 1261 1567 1317 enim
1588 1272 1643 1317 et
1663 1261 1777 1330 ipse

177 1363 440 1419 Christus
482 1363 550 1418 de
578 1361 781 1416 sanctis
824 1357 1120 1430 prophetis,
1158 1357 1275 1410 sive
1300 1353 1369 1408 de
1412 1352 1637 1415 sanctis,
1680 1349 1777 1419 qui

176 1457 342 1526 prius
368 1453 626 1509 fuerunt:
660 1451 720 1506 Si
742 1450 860 1505 illos
885 1448 1019 1504 dixit
1046 1447 1192 1510 deos,
1218 1444 1287 1498 ad
1326 1459 1455 1510 quos
1485 1458 1654 1496 sermo
1681 1440 1777 1495 Dei

174 1548 361 1619 [actus
388 1554 463 1600 est
491 1559 509 1596 :
546 1560 700 1614 quem
742 1542 903 1598 Pater
925 1538 1270 1608 sanctiﬁcarit
1306 1546 1354 1590 et
1383 1534 1521 1590 ntisit
1542 1537 1596 1588 in
1622 1551 1778 1587 mun-

172 1640 337 1704 dum,
387 1653 476 1693 vos
514 1637 690 1691 dicitis
716 1636 841 1705 quia
882 1631 1231 1696 blasphemas,
1265 1629 1391 1701 quia
1434 1627 1569 1690 dixi.
1605 1624 1650 1679 ιν
1654 1626 1778 1680 ilius

174 1728 286 1785 Dei
310 1746 428 1784 sum
468 1726 654 1799 (Joan.
688 1743 742 1791 ι,
769 1726 858 1786 56,
889 1722 1002 1794 57).
1048 1721 1154 1777 Sed
1202 1738 1309 1776 non
1356 1720 1495 1775 sicut
1524 1718 1580 1773 in
1620 1717 1779 1773 nobis

1873 537 1956 592 lus
1990 548 2112 595 tuus
2153 540 2334 594 deater
2360 541 2686 596 scandalizat
2715 552 2783 605 te,
2822 559 2947 596 erue
2988 560 3127 607 eum,
3175 553 3223 598 et
3264 562 3465 615 proyce

1874 630 1966 681 abs
1991 638 2058 691 te,
2090 629 2293 699 expedit
2340 630 2434 683 tibi
2465 639 2519 683 ut
2548 647 2711 684 unum
2755 641 2930 701 pereat
2971 634 3317 687 membrorum
3344 647 3481 688 tuo--

1876 735 2014 782 rum,
2053 736 2211 788 quam
2237 730 2402 775 totum
2424 738 2610 789 corpus
2640 732 2785 776 mum
2815 725 3053 779 ntittatur
3086 727 3140 779 in
3170 728 3458 796 gehennam

1876 805 2089 877 (Matth.
2115 825 2169 873 ν,
2195 810 2306 879 ea).

1945 898 2034 952 IX.
2079 899 2212 953 Nam
2248 911 2303 955 et
2334 900 2607 958 Arnonius
2646 903 2985 977 [Arnobius],
3017 908 3102 960 vir
3135 909 3276 963 acris
3312 910 3461 979 inge-

1877 992 1973 1056 nii,
2002 991 2054 1045 in
2080 992 2331 1048 conﬂictu
2355 1010 2514 1064 quem
2540 1012 2662 1051 cmn
2687 997 2980 1069 Serapione
3006 1002 3192 1054 habuit
3218 1002 3282 1056 de
3306 1004 3460 1057 nobi-

1876 1079 2027 1135 litate
2054 1090 2256 1137 sancue
2281 1078 2461 1140 Mariae
2481 1086 2758 1155 genitricis
2788 1088 2916 1153 Dei,
2950 1098 3006 1142 et
3033 1091 3097 1144 de
3125 1093 3461 1162 incompara-

1875 1172 1969 1226 bili
2015 1174 2266 1230 omnibus
2308 1173 2522 1232 feminis
2563 1182 2873 1246 sanctitate,
2919 1190 2975 1236 et
3018 1183 3085 1238 de
3126 1184 3297 1252 ipsius
3337 1186 3459 1240 Filii

1877 1261 1995 1325 Dei,
2024 1264 2116 1331 qui
2144 1278 2210 1318 ex
2240 1280 2303 1321 ea
2334 1276 2495 1324 natus
2520 1278 2604 1324 est
2625 1271 2926 1338 divinitate,
2955 1284 3313 1330 consentanea
3335 1292 3461 1330 san-

1876 1354 1979 1406 ctis
2025 1353 2297 1420 Patrihus,
2343 1372 2576 1425 quorum
2603 1362 2747 1415 dicta
2788 1363 3124 1420 abundanter
3161 1367 3459 1436 posuimus,

1876 1442 2081 1511 profert
2112 1447 2412 1501 testimonia
2431 1489 2447 1512 ,
2482 1451 2666 1505 dicens
2698 1471 2709 1505 :
2746 1470 2765 1502 ε
2801 1452 2939 1508 Dum
2968 1456 3022 1510 in
3050 1455 3343 1527 unigenito,
3374 1457 3460 1512 in-

1877 1533 2031 1602 quit,
2069 1534 2204 1591 duas
2234 1545 2454 1593 naturas
2489 1541 2810 1597 confitemur
2831 1544 3075 1615 duasque
3107 1549 3462 1613 substantias,

1879 1624 2132 1692 objicitur
2157 1628 2298 1695 quod
2326 1627 2555 1684 alterum
2581 1632 2824 1687 dicamus
2854 1634 2949 1689 Dei
2977 1637 3204 1701 Filium,
3232 1641 3460 1695 alterum

1881 1712 2052 1769 ﬁlium
2080 1714 2333 1770 hominis.
2362 1716 2468 1773 Nos
2507 1729 2688 1775 autem
2716 1726 3037 1781 auctoritate
3064 1728 3300 1797 Apostoli
3328 1731 3462 1785 dici-

173 1820 456 1876 inhabitat
501 1818 661 1880 Deus,
714 1818 789 1871 ita
817 1823 872 1870 et
900 1813 953 1868 in
994 1811 1252 1867 Christo:
1301 1809 1444 1864 Deus
1484 1808 1629 1863 enim
1660 1814 1780 1863 erat
1810 1805 1855 1863 Β
1881 1821 2003 1859 mus
2032 1830 2045 1859 .
2077 1806 2220 1861 Deus
2252 1818 2365 1861 erat
2398 1810 2454 1864 in
2481 1808 2696 1867 Christo
2716 1817 2969 1869 mundum
2999 1821 3340 1875 τεεοηείιίηηδ
3365 1823 3465 1877 sibi

175 1910 511 1967 naturaliter
537 1922 801 1979 apparens
841 1904 1131 1961 secundum
1169 1918 1288 1965 nos,
1316 1915 1565 1970 unusque
1605 1906 1662 1954 et
1689 1914 1779 1953 so-

173 1999 269 2055 lus
298 1999 463 2064 ﬁlius,
493 2008 547 2055 et
571 1997 787 2067 quando
816 1995 992 2051 factus
1011 2002 1096 2049 est
1122 2008 1271 2048 caro.
1320 1990 1423 2059 Qui
1450 1991 1617 2061 igitur
1642 2005 1780 2062 prte-

173 2101 407 2149 sumunt
444 2091 623 2146 dicere
668 2088 944 2145 Deilerum
974 2087 1247 2142 hominem
1292 2101 1437 2150 eum,
1465 2092 1522 2140 et
1548 2100 1654 2140 non
1682 2100 1779 2156 po.

172 2185 294 2239 tius
343 2182 756 2238 inhumanatum
810 2179 1005 2244 Deum,
1057 2177 1367 2234 necessario
1420 2177 1779 2233 succumbunt

172 2270 640 2330 anathemalismo
675 2270 976 2342 proposito.
1009 2288 1029 2322 ι
1061 2268 1194 2324 Item
1222 2269 1310 2324 ille
1337 2268 1452 2338 ipse
1480 2267 1570 2338 qui
1593 2283 1775 2337 supra,

169 2364 411 2437 epistola
436 2364 503 2419 ad
536 2362 834 2419 monachos
862 2361 1103 2416 directa:
1136 2378 1156 2411 ‹
1206 2359 1341 2415 Cum
1369 2359 1535 2425 enim,
1582 2358 1775 2426 inquit,

169 2457 448 2527 probatur
473 2456 601 2524 quia
648 2454 791 2509 Deus
818 2452 1112 2510 secundum
1151 2460 1402 2507 naturam
1427 2459 1530 2513 est,
1587 2450 1681 2520 qui
1710 2463 1778 2504 ex

170 2555 373 2603 sancta
425 2545 650 2617 Virgine
695 2552 855 2600 natus
901 2552 1033 2610 est;
1080 2543 1285 2599 nullum
1332 2557 1429 2599 eos
1477 2540 1598 2614 [F.,
1631 2541 1775 2615 reor]

169 2654 402 2709 segnem
442 2638 747 2707 intelligere
774 2652 841 2692 ac
890 2634 1063 2707 loqui,
1109 2636 1236 2705 quia
1278 2635 1375 2690 Dei
1419 2633 1668 2690 Genitrix
1708 2636 1781 2690 sit

168 2730 434 2787 dicenda.
460 2750 478 2781 ι
520 2729 587 2783 Ει
613 2729 810 2783 iterum
844 2745 858 2781 :
895 2746 914 2779 ‹
947 2727 1351 2791 Verumtamen,
1398 2725 1592 2795 inquit,
1638 2742 1781 2782 unus

169 2818 455 2875 Dominus
499 2816 656 2871 Jesus
689 2815 964 2882 Christus,
1010 2831 1255 2887 unusque
1290 2822 1347 2870 et
1388 2830 1549 2870 verus
1588 2814 1774 2879 Filius,

170 2911 330 2965 Deus
376 2910 536 2964 simul
584 2918 638 2963 et
686 2909 886 2973 homo;
937 2914 994 2962 et
1041 2921 1148 2960 non
1199 2906 1361 2961 homo
1406 2903 1550 2959 Deus
1600 2903 1778 2961 factus

169 2998 422 3073 [Cyrill.,
461 2995 773 3069 Deiﬁcatus]
814 2997 913 3052 sub
955 2994 1265 3067 aequalitate
1311 2995 1505 3050 horum
1542 2993 1637 3064 qui
1679 3009 1779 3063 per

169 3091 444 3164 gratiam,
489 3091 587 3147 sed
634 3090 777 3145 Deus
818 3088 1000 3162 potius
1025 3103 1189 3144 verus
1236 3087 1291 3141 in
1319 3086 1555 3142 humana
1601 3086 1777 3143 forma

1879 1893 1967 1965 (II
1993 1892 2117 1950 Cor.
2149 1912 2203 1961 v,
2237 1897 2346 1968 l9).
2390 1898 2448 1953 Si
2486 1900 2632 1954 enim
2667 1904 2927 1960 mundum
2962 1910 3353 1975 reconciliavit,
3392 1914 3463 1967 ita

1878 1991 1939 2038 ut
1968 1984 2253 2041 credentes
2279 1987 2334 2040 in
2358 2001 2417 2042 se
2445 1988 2581 2044 ﬁlios
2618 1992 2714 2047 Dei
2743 1991 2943 2050 faceret
2974 1998 3240 2065 homines,
3282 2004 3466 2071 utique

1878 2083 2073 2129 natura
2100 2091 2308 2143 servos,
2337 2094 2443 2133 non
2467 2079 2563 2135 Dei
2589 2082 2749 2144 ﬁlios.
2777 2095 2898 2141 actu
2925 2089 3089 2145 etiam
3119 2108 3262 2158 reos,
3286 2104 3340 2149 et
3368 2112 3465 2166 per

1878 2168 2376 2237 praevaricationem
2402 2172 2563 2241 primi
2589 2175 2823 2232 hominis
2857 2179 3075 2237 inimico
3110 2186 3325 2254 generis
3360 2188 3463 2242 hu-

1878 2260 2025 2315 mani
2064 2259 2328 2318 obnoxios
2359 2277 2374 2316 :
2417 2272 2598 2322 tamen
2631 2283 2730 2337 per
2765 2285 2921 2325 suam
2962 2276 3192 2342 gratiam
3227 2278 3326 2335 hos
3367 2281 3465 2336 Dei

1880 2350 2019 2406 ﬁlios
2045 2351 2192 2408 fecit.
2234 2352 2357 2426 [Qui
2388 2372 2518 2427 ergo
2546 2356 2681 2414 alios
2707 2362 2799 2416 Dei
2832 2364 2969 2421 ﬁlios
2997 2367 3167 2441 fecit,]
3194 2376 3464 2440 quomodo

1878 2442 1994 2512 ipse
2022 2457 2128 2534 non
2163 2452 2248 2498 est
2284 2443 2453 2502 Filius
2492 2447 2588 2503 Dei
2627 2450 2893 2509 adunatus
2931 2471 3053 2512 cum
3096 2460 3285 2525 Verbo,
3318 2464 3462 2534 quod

1876 2548 2007 2588 caro
2040 2532 2239 2589 factum
2275 2535 2505 2608 legitur?
2536 2560 2555 2591 ι
2598 2541 2665 2597 Ει
2696 2554 2819 2615 post
2851 2562 3021 2617 pauca
3060 2569 3075 2606 :
3121 2572 3141 2604 ‹
3176 2551 3282 2609 Per
3310 2532 3463 2613 suam

1865 2641 2008 2697 ergo
2048 2630 2511 2697 omnipotentiam,
2556 2648 2679 2689 cum
2725 2638 2927 2706 voluit,
2974 2643 3116 2699 hunc
3163 2648 3459 2717 hominem,

1878 2716 2086 2790 [quem]
2113 2723 2427 2791 assumpsit,
2453 2726 2557 2780 hoc
2582 2727 2779 2793 facere,
2805 2744 3082 2804 assumpto
3108 2735 3353 2808 [.lrnob.,
3377 2758 3464 2798 as-

1876 2810 2162 2881 sumendo]
2206 2827 2271 2867 ex
2318 2822 2580 2885 tempore,
2620 2821 2763 2889 quod
2808 2824 2922 2891 ipse
2959 2842 3173 2896 semper
3210 2830 3312 2886 fuit
3350 2836 3466 2889 sine

1877 2909 2143 2972 tempore,
2174 2912 2234 2959 ut
2259 2920 2365 2959 non
2393 2909 2604 2975 possint
2628 2911 2733 2966 dici
2761 2913 2865 2968 duo
2893 2916 2983 2970 lilii
3014 2918 3141 2984 Dei,
3170 2920 3309 2977 alius
3340 2933 3465 2979 ante

1878 3000 2146 3063 tempora,
2186 3003 2243 3050 et
2283 2996 2420 3052 alius
2458 3008 2617 3055 natus
2647 3017 2712 3057 ex
2752 3011 3038 3074 tempore:
3070 3012 3164 3067 sed
3201 3029 3339 3069 unus
3368 3016 3466 3072 Dei

1876 3082 2047 3140 Filius
2072 3084 2330 3144 Dominus
2354 3087 2513 3147 Jesus
2541 3091 2807 3150 Christus.
2834 3096 2962 3154 Inde
2981 3110 3066 3156 est
3091 3104 3234 3173 quod
3260 3107 3463 3163 dictum

170 3199 456 3256 apparens
479 3193 702 3255 propter
729 3198 848 3239 nos.
875 3203 894 3236 ι
944 3183 1012 3237 Ει
1037 3183 1093 3238 in
1141 3182 1491 3251 sequentibus
1535 3178 1776 3250 ejusdem
1801 3175 1852 3239 Ω
1878 3184 1966 3232 est
1989 3176 2059 3232 ab
2080 3176 2340 3247 Apostolo
2369 3198 2383 3234 :
2415 3179 2477 3237 Si
2499 3185 2831 3253 cognovimus
2862 3188 3145 3247 Dominum
3168 3194 3350 3251 Iesum
3379 3215 3466 3254 se.

167 3276 469 3348 epistolae:
499 3293 519 3326 ι
569 3274 703 3347 Age,
747 3289 868 3343 age,
910 3282 1278 3330 monstremus
1324 3286 1393 3326 ex
1439 3272 1568 3343 ipsis
1596 3280 1778 3327 osten-
1884 3270 2115 3325 cundum
2142 3288 2373 3339 carnem,
2409 3276 2501 3329 sed
2526 3293 2663 3332 nunc
2693 3279 2809 3349 jam
2835 3298 2939 3338 non
2965 3287 3198 3341 novimus
3229 3286 3313 3361 (II
3336 3288 3463 3346 Cor.

166 3371 376 3425 dentes
405 3368 565 3425 ﬁdem
592 3368 764 3425 sacris
788 3367 986 3422 litteris
1006 3367 1134 3437 quia
1164 3365 1310 3421 Deus
1335 3362 1632 3421 secundum
1674 3379 1773 3419 na-
1876 3365 2049 3436 v,16)
2086 3383 2101 3420 :
2141 3367 2297 3436 quasi
2336 3369 2430 3439 qui
2471 3370 2619 3426 dicat
2662 3392 2676 3426 ;
2717 3382 2775 3429 et
2815 3374 2863 3430 si
2899 3379 3248 3448 cognovimus
3285 3382 3464 3441 lanam

167 3471 364 3517 turam
389 3467 497 3526 est,
521 3457 626 3514 etsi
650 3458 719 3513 ad
748 3458 1010 3512 unitatem
1038 3455 1310 3526 copulavit
1349 3453 1455 3510 sibi
1500 3455 1775 3524 propriam
1876 3456 2194 3527 priusquam
2215 3457 2537 3518 admistione
2563 3466 2847 3535 sanguinis
2870 3469 3137 3541 conchylii
3161 3471 3317 3529 ﬁeret
3339 3490 3468 3545 pur-

167 3568 429 3617 carnem,
458 3566 568 3624 quo
591 3552 775 3607 vivere
819 3551 1047 3621 probato
1088 3548 1321 3622 [Cyrill.,
1350 3564 1457 3619 quo
1481 3548 1775 3623 patefacto]
1875 3563 2031 3618 pura;
2051 3549 2305 3606 sednunc
2315 3551 2426 3624 jam
2444 3569 2550 3609 non
2566 3558 3137 3628 cognovimuslanam,
3156 3566 3249 3619 sed
3271 3581 3470 3638 purpu-

168 3644 281 3701 Dei
311 3641 562 3699 Genitrix
589 3642 787 3697 dicitur
811 3656 842 3694 a
867 3640 1048 3705 nobis,
1088 3647 1143 3694 et
1168 3639 1301 3694 satis
1346 3639 1543 3694 merito
1588 3648 1775 3694 sancta

175 3734 370 3804 Virgo.
401 3753 421 3787 ι
470 3733 604 3790 Item
634 3733 691 3788 in
715 3733 904 3788 eadem
930 3751 943 3787 :
972 3751 993 3785 ‹
1048 3732 1329 3800 Quomodo
1369 3747 1501 3803 ergo
1526 3733 1778 3804 proprius

169 3827 281 3882 Dei
308 3826 480 3882 Filius
502 3826 813 3881 nominatus
834 3833 921 3881 est
943 3824 1209 3891 Christus,
1238 3826 1333 3895 qui
1359 3826 1525 3881 etiam
1547 3827 1779 3883 traditus

168 3930 265 3975 est
290 3935 325 3975 a
349 3919 460 3975 Deo
497 3918 679 3982 Patre,
705 3932 870 3973 causa
892 3917 1134 3973 omnium
1165 3916 1354 3974 salutis
1377 3925 1434 3972 et
1460 3918 1624 3972 vitae?
1646 3917 1779 3972 Tra-

171 4015 329 4070 ditus
350 4019 435 4067 est
461 4010 606 4065 enim
634 4019 855 4081 propter
876 4019 1100 4081 peccata
1126 4022 1331 4074 nostra,
1360 4021 1415 4067 et
1444 4012 1558 4080 ipse
1580 4012 1778 4083 iniqui-

172 4110 329 4157 tates
370 4100 666 4155 multorum
707 4099 872 4173 855
914 4102 1152 4171 portavit
1198 4102 1252 4156 in
1297 4117 1526 4173 corpore
1575 4118 1674 4159 suo
1720 4105 1776 4159 in

172 4193 352 4262 ligno,
402 4190 699 4246 secundum
747 4191 1026 4260 prophetae
1059 4205 1245 4246 vocem
1294 4190 1449 4263 (lsai.
1487 4208 1606 4258 LIII,
1644 4193 1774 4264 l2):

174 4283 362 4355 palam
391 4296 520 4354 ergo
547 4289 633 4336 est
655 4281 782 4351 quia
828 4282 977 4336 unita
1025 4297 1115 4337 res
1156 4292 1430 4353 assumpta
1471 4287 1777 4342 necessarie

172 4374 459 4444 proprium
488 4372 682 4427 Filium
726 4372 1023 4428 declaravit
1062 4374 1181 4440 Dei,
1210 4376 1302 4444 qui
1344 4392 1410 4431 ex
1439 4386 1624 4432 sancta
1656 4380 1775 4433 Vir-

174 4467 310 4536 gine
351 4473 436 4520 est
465 4462 699 4536 [Cyrill.,
762 4464 988 4519 Planum
1030 4473 1117 4520 est
1153 4468 1298 4537 quod
1343 4469 1411 4522 ad
1456 4481 1773 4526 naturarum

174 4533 437 4610 unionem
467 4555 761 4626 respiciens
791 4555 1216 4621 Emmanuelem,
1244 4557 1334 4627 qui
1361 4573 1428 4611 ex
1468 4574 1620 4614 sacra
1654 4561 1774 4615 Vir—
1807 4533 1855 4594 θ

174 4648 309 4719 gine
334 4655 559 4703 exortus
584 4655 693 4712 est,
732 4646 827 4702 Dei
870 4647 1068 4702 Filium
1094 4648 1359 4722 deﬁniat].
1390 4648 1603 4723 Corpus
1626 4654 1771 4708 enim

174 4746 303 4793 erat
326 4753 435 4793 non
462 4737 687 4793 alterius
714 4736 1012 4809 cuiuspiam
1052 4740 1348 4794 secundum
1390 4756 1510 4805 nos,
1541 4744 1636 4799 sed
1660 4758 1774 4799 ma-

177 4832 267 4901 gis
292 4830 573 4900 proprium
592 4844 660 4883 ex
679 4828 843 4885 Patre
864 4829 1148 4885 existentis
1171 4830 1335 4885 Verbi
1356 4841 1543 4886 natum
1564 4846 1629 4888 ex
1650 4849 1734 4888 ea.
1748 4854 1767 4888 ι

181 4921 341 4977 Unde
372 4919 489 4983 tibi,
516 4934 552 4973 ο
576 4918 730 4974 Felix
755 4920 768 4973 !
797 4927 919 4991 post
948 4927 1099 4975 tanta
1125 4919 1291 4975 etiam
1316 4920 1616 4979 clarissima
1649 4940 1775 4979 san-

181 5021 397 5065 ctorum
440 5008 665 5063 Patrum
722 5010 1030 5064 testimonia
1077 5019 1189 5065 tam
1242 5011 1461 5068 inimica
1503 5014 1776 5085 subrepsit

182 5101 486 5166 temeritas,
512 5107 573 5155 ut
596 5098 871 5156 Christum
908 5116 1110 5172 negare
1133 5105 1333 5159 audeas
1357 5106 1633 5174 proprium
1676 5105 1772 5162 Dei

182 5190 403 5255 Filium,
434 5190 520 5245 vel
566 5205 756 5245 verum
803 5190 1092 5247 Dominum
1135 5207 1276 5258 esse,
1314 5193 1401 5249 vel
1449 5194 1506 5250 in
1553 5197 1772 5266 proprio

182 5298 412 5354 corpore
459 5282 742 5354 passiones
794 5292 992 5340 nostra;
1042 5283 1234 5340 salutis
1281 5301 1443 5340 causa
1495 5287 1774 5343 subiisse?

184 5373 377 5429 Nonne
400 5376 614 5431 cautius
645 5374 739 5431 tibi
762 5382 907 5431 esset
930 5375 1071 5431 intra
1096 5392 1308 5432 murum
1338 5378 1619 5435 catholica:
1647 5380 1768 5436 ﬁdei

185 5469 419 5538 teipsum
449 5469 684 5525 retinere
708 5485 871 5539 quam
902 5485 1000 5540 per
1023 5471 1175 5525 devia
1203 5470 1534 5527 inﬁdelitatis
1557 5476 1775 5530 errare?

184 5557 327 5627 Quid
363 5559 430 5615 de
471 5560 661 5615 ovibus
696 5562 1068 5617 mstimandum
1118 5570 1221 5627 est,
1260 5564 1388 5619 dum
1430 5565 1544 5636 ipse
1592 5576 1775 5639 pastor

184 5665 376 5706 errare
403 5651 665 5721 probatur
689 5671 702 5705 :
749 5661 805 5709 et
831 5654 923 5723 qui
949 5653 1141 5710 ductor
1167 5655 1350 5710 debuit
1389 5671 1509 5712 esse
1538 5659 1605 5714 ad
1632 5658 1774 5715 salu-

189 5754 323 5812 tem,
356 5745 543 5804 doctor
584 5745 760 5804 factus
784 5753 867 5805 est
909 5747 977 5803 ad
1017 5749 1419 5819 perditionem!
1456 5750 1531 5809 De
1576 5753 1798 5811 talibus.

1878 3654 2029 3705 ram,
2067 3655 2174 3710 qua
2214 3642 2358 3699 inter
2392 3659 2584 3702 omnes
2625 3650 2875 3707 homines
2920 3653 3100 3711 nullus
3145 3659 3222 3713 uti
3258 3664 3466 3728 possit,

1877 3730 1981 3786 nisi
2018 3731 2259 3805 Augusta
2310 3735 2558 3811 [Arnob.,
2599 3741 2849 3818 Augusti]
2891 3745 3054 3804 fuerit
3088 3754 3345 3819 praeditus
3380 3758 3467 3812 di-

1876 3823 2102 3892 gnitate.
2147 3825 2469 3899 Impingitur
2513 3831 2618 3887 hoc
2664 3832 2827 3889 loco:
2866 3852 2998 3909 ergo
3038 3840 3159 3897 vilis
3201 3845 3323 3899 lana
3367 3846 3468 3901 fuit

1875 3916 2030 3985 prius
2064 3914 2241 3980 Iesus,
2278 3927 2333 3974 et
2373 3919 2602 3977 dealitas
2647 3922 2863 3999 [deitas]
2912 3933 3298 4000 superveniens
3337 3936 3466 3992 fecit

1876 4021 2001 4061 eum
2046 4010 2377 4079 purpuram?
2426 4010 2543 4067 Non
2590 4014 2666 4069 ita
2709 4016 2941 4075 dicimus
2979 4039 2991 4073 :
3037 4023 3131 4077 sed
3176 4036 3463 4098 antequam

1878 4099 2113 4170 Spiritus
2140 4111 2358 4159 sanctus
2379 4106 2589 4162 veniret
2617 4125 2779 4179 super
2800 4111 3055 4181 Mariam,
3081 4126 3138 4172 et
3159 4120 3336 4176 virtus
3369 4124 3462 4177 Al-

1876 4193 2071 4249 tissimi
2096 4195 2465 4262 obumbraret,
2500 4209 2554 4252 et
2583 4201 2686 4257 hoc
2699 4204 3017 4274 conciperet
3046 4211 3191 4278 quod
3218 4222 3463 4269 sanctum

1874 4294 2161 4342 vocaretur
2188 4286 2357 4344 Filius
2384 4288 2478 4345 Dei
2520 4291 2670 4361 (Luc.
2705 4311 2752 4359 ι,
2787 4298 2876 4363 35,
2905 4300 3027 4372 56);
3061 4313 3188 4359 ante
3213 4306 3335 4371 hoc,
3376 4308 3460 4362 in-

1874 4394 2065 4450 quam,
2110 4380 2225 4451 ipse
2264 4390 2451 4440 uterus
2482 4384 2684 4451 Mariae,
2726 4392 2973 4459 quamvis
2999 4397 3231 4453 mundus
3258 4412 3400 4456 esset
3427 4419 3458 4455 a

1875 4480 2101 4542 peccato
2124 4480 2180 4527 et
2212 4486 2466 4543 sanctus;
2499 4487 2678 4534 tamen
2708 4482 2917 4539 vilitate
2950 4485 3303 4546 humanitatis
3333 4491 3460 4566 [Ar-

1879 4563 2026 4625 uob.,
2072 4564 2412 4640 humilitatis]
2437 4579 2555 4624 erat
2580 4581 2637 4626 ut
2666 4572 2792 4628 lana
2816 4576 3017 4644 optima
3044 4588 3099 4634 et
3122 4563 3463 4653 incompara-

1876 4652 2001 4707 hilis‘
2031 4653 2298 4711 universis
2324 4672 2443 4727 qua:
2468 4670 2625 4715 erant
2653 4664 2754 4718 sub
2780 4667 2919 4721 omlo
2948 4669 3245 4738 virginibus
3273 4652 3460 4729 :erat-

1875 4761 1982 4815 que
2024 4749 2147 4803 talis
2189 4764 2252 4804 ac
2297 4759 2464 4816 tanta,
2496 4769 2616 4824 qua:
2646 4756 2902 4814 decenter
2943 4760 2997 4815 in
3048 4779 3108 4819 se
3153 4766 3457 4823 dealitatem

1874 4837 2000 4895 Filii
2026 4839 2141 4902 Dei,
2175 4841 2315 4895 sicut
2343 4840 2460 4897 lana
2492 4846 2761 4915 conchylii
2790 4852 3106 4921 sanguinem
3137 4860 3456 4928 susciperet,

1873 4938 1930 4987 et
1954 4931 2071 5002 ipsa
2098 4932 2218 4987 lana
2244 4950 2360 4989 esse
2388 4948 2647 5003 cessaret,
2673 4941 2767 4995 sed
2792 4957 2918 4998 vera
2949 4960 3183 5016 purpura
3210 4968 3306 5021 per
3328 4969 3457 5009 san-

1872 5024 2088 5095 guinem
2117 5024 2272 5080 ﬁeret
2301 5038 2678 5084 memoratum.
2711 5031 2827 5088 Non
2855 5036 3001 5090 enim
3030 5038 3148 5093 lana
3179 5042 3321 5105 vilis,
3362 5045 3456 5099 sed

1872 5115 2105 5185 pretiosa
2142 5114 2301 5185 hujus
2330 5127 2413 5171 est
2441 5121 2715 5188 sanguinis
2739 5125 2927 5195 eapax.
2961 5125 3113 5193 Quod
3153 5130 3197 5185 si
3236 5135 3456 5204 sanguis

1874 5204 1962 5262 hic
1989 5205 2165 5261 lanam
2208 5217 2353 5263 tanta
2395 5209 2674 5277 maiestate
2713 5214 3021 5272 sublimavit
3058 5234 3155 5289 per
3180 5237 3333 5279 suam
3360 5226 3457 5281 ad-

1873 5297 2209 5364 mistionem,
2240 5309 2299 5353 ut
2323 5301 2452 5358 nulli
2482 5303 2582 5359 hac
2604 5304 2761 5360 liceat
2784 5308 2884 5371 uti,
2911 5310 3013 5363 nisi
3040 5312 3165 5368 huic
3192 5314 3283 5384 qui
3308 5316 3455 5388 regia

1872 5386 2036 5445 fuerit
2077 5390 2333 5461 prauiitus
2381 5393 2641 5465 dignitate
2689 5414 2701 5449 :
2752 5410 2955 5465 quanto
3001 5404 3190 5473 magis,
3238 5386 3456 5475 quan—do

1874 5480 2110 5551 Spiritus
2139 5492 2360 5539 sanctus
2385 5486 2528 5541 venit
2552 5487 2605 5540 in
2634 5485 2875 5550 Mariam,
2909 5499 2963 5545 et
2992 5492 3162 5546 virtus
3190 5492 3452 5550 Altissimi

1870 5573 2215 5628 obumbravit
2239 5589 2381 5639 eam,
2425 5576 2528 5631 hoc
2553 5578 2697 5645 quod
2736 5589 2918 5633 natum
2951 5592 3034 5637 cst
3071 5598 3142 5641 ex
3180 5598 3245 5639 ea
3271 5584 3337 5638 de
3369 5598 3452 5639 sc-

1871 5664 2018 5719 mine
2043 5664 2207 5720 David
2236 5669 2528 5721 secundum
2555 5684 2773 5723 carnem
2811 5681 3061 5727 sanctum
3092 5672 3338 5745 [Amob.,
3367 5690 3455 5729 se-

1873 5752 2041 5827 cum],
2075 5756 2201 5811 l’ccit
2226 5756 2418 5814 Filium
2444 5759 2537 5817 Dei
2558 5802 2572 5827 ,
2605 5762 2760 5816 utsic
2789 5771 2929 5818 esset
2956 5762 3120 5819 Maria
3149 5766 3452 5822 Christum-
