4136 6582
591 352 692 415 2H

594 561 974 625 Cbristotocac,
1006 559 1101 615 sed
1130 574 1235 613 non
1262 558 1526 628 virgines,
1555 572 1657 611 nec
1682 556 1883 625 Spiritu
1917 562 2103 610 sancto
2130 561 2185 608 et

596 654 797 708 virtute
824 651 1086 707 Altissimi
1113 652 1469 706 obumbrata.
1507 648 1635 704 Hazc
1663 656 1839 702 autem
1866 656 1921 702 et
1943 646 2185 704 Christo.

596 754 770 811 tocos,
815 752 869 798 et
907 743 1020 798 sola
1051 743 1376 805 Theotocos,
1418 751 1473 795 et
1512 740 1627 797 sola
1665 739 1841 811 virgo,
1881 745 1935 793 et
1977 735 2183 807 Spiritu

597 846 810 905 sancto,
836 846 889 893 et
909 837 1109 891 virtute
1135 834 1397 890 Altissimi
1424 832 1751 903 concipiens.
1782 852 1800 885 ι
1829 843 1855 872 ι
1880 829 2021 899 Quid
2041 831 2187 886 enim

596 932 808 987 ratione
851 930 1101 986 humana:
1140 925 1543 982 consuetudinis
1590 924 2019 995 investigandum
2065 930 2185 989 est,

599 1023 741 1093 quod
781 1022 974 1076 divina:
1010 1019 1292 1089 potestatis
1326 1015 1587 1071 miraculo
1614 1014 1815 1070 factum
1844 1029 1965 1068 esse
1991 1014 2189 1085 proba—

599 1116 721 1169 tur?
745 1114 911 1184 Virgo
939 1111 1204 1180 concepit,
1238 1109 1406 1181 846
1440 1108 1594 1177 virgo
1618 1106 1847 1177 peperit,
1885 1105 2040 1176 virgo
2065 1120 2191 1178 per-

601 1209 820 1263 mansit.
857 1206 1089 1261 Paterna
1115 1200 1396 1271 majestate
1425 1202 1805 1266 obumbrante,
1834 1198 2041 1270 Spiritu
2066 1213 2192 1254 san-

600 1310 692 1357 cto
720 1308 937 1355 uterum
976 1299 1384 1367 impraegnante,
1430 1294 1600 1348 Deum
1626 1291 1873 1361 concepit
1899 1297 1955 1345 et
1978 1289 2075 1344 Dei
2101 1288 2193 1344 Fi-

602 1391 733 1446 lium
775 1389 1005 1461 peperit.
1047 1384 1419 1456 Archangelus
1453 1383 1681 1438 verbum
1710 1382 1933 1437 auribus
1970 1378 2190 1444 infudit,

604 1482 749 1537 Deus
772 1495 831 1534 se
858 1478 1116 1534 membris
1142 1473 1440 1530 immiscuit
1469 1473 1719 1528 humanis
1748 1490 1761 1526 :
1801 1471 1936 1526 ﬁdes
1987 1470 2196 1541 accepit

605 1585 764 1642 quem
789 1568 1010 1624 castitas
1038 1566 1242 1637 genuit,
1271 1564 1579 1619 maledictio
1603 1562 1826 1632 antiqua
1866 1575 2005 1616 nova
2032 1561 2195 1615 bene-

605 1663 842 1719 dictione
864 1660 1037 1715 deleta
1068 1666 1169 1714 est.
1210 1656 1344 1712 Nam
1372 1655 1498 1711 Eva:
1525 1655 1727 1710 dictum
1756 1660 1841 1707 est
1872 1670 1883 1705 :
1918 1650 1985 1705 In
2013 1648 2195 1706 dolore

1453 351 1512 407 B.
1555 352 1615 408 F.
1655 350 1881 407 ALBlNl
1921 347 2053 407 SEU
2084 347 2361 407 ALCUINI
2399 342 2682 404 OPERUM
2722 342 2899 398 PARS
2933 341 3019 397 Ill.

594 488 711 537 eos,
740 469 881 525 sicut
904 468 1204 524 Theotocos
1230 484 1241 519 :
1271 466 1395 535 quia
1422 474 1547 521 ante
1574 463 1798 519 Mariam
1822 464 2037 518 fuerunt
2060 462 2180 516 alia:
2208 466 2253 522 Α
2281 457 2457 513 stolus
2504 474 2519 511 :

3758 336 3883 389 212

2569 455 2674 523 Qui
2723 473 2779 511 se
2820 456 2999 527 jungit
3042 452 3289 517 Domino,
3341 468 3478 505 unus
3527 450 3741 519 spiritus
3790 458 3879 504 est

2282 549 2331 623 (1
2362 548 2486 604 Cor.
2513 563 2590 614 vr,
2626 548 2736 620 17).

2352 665 2421 720 Χ,
2463 664 2530 719 Et
2555 664 2848 734 quomodo,
2892 662 3107 733 quando
3143 676 3203 719 se
3236 658 3418 731 iunxit
3459 658 3600 714 Deus
3637 656 3871 717 homini.

2283 772 2422 813 unus
2451 756 2592 811 Deus
2632 769 2740 809 non
2768 753 2886 809 est?
2924 753 3068 809 Dicit
3093 752 3240 809 enim
3281 758 3501 807 sanctus
3539 747 3884 818 Augustinus

2285 847 2339 902 in
2362 846 2592 917 quadam
2620 845 2842 901 homilia
2867 845 2935 900 de
2963 844 3129 898 natali
3156 842 3368 897 Domini
3397 858 3411 895 :
3442 841 3470 881 δ
3508 858 3527 891 ι
3563 839 3731 894 Filius
3750 853 3884 892 sus-

2285 940 2429 1009 cepit
2467 951 2707 1003 camem,
2752 945 2810 992 et
2837 952 2945 992 non
2976 934 3214 990 deseruit
3242 934 3457 989 Patrem
3476 972 3491 998 ,
3519 946 3621 986 nec
3648 945 3707 985 se
3734 930 3885 985 dm—

2287 1032 2359 1087 sit
2400 1047 2431 1085 a
2473 1029 2656 1084 Patre.
2699 1026 2972 1097 Suscepit,
3013 1026 3267 1096 inquam,
3310 1024 3480 1079 Filius
3517 1038 3764 1089 carnem,
3803 1036 3887 1076 an

2286 1122 2674 1196 proprietatem
2715 1118 2836 1193 [F.,
2863 1120 2921 1174 in
2960 1114 3410 1191 proprietatem]?
3448 1116 3557 1172 Sed
3598 1123 3777 1170 tamen
3818 1121 3893 1169 et

2288 1214 2452 1269 Pater
2480 1220 2536 1267 et
2581 1210 2814 1282 Spiritus
2853 1220 3075 1266 sanctus
3115 1226 3221 1265 non
3263 1209 3434 1265 defuit
3477 1209 3533 1263 in
3573 1207 3887 1279 majestate,

2289 1304 2586 1369 divinitate,
2610 1303 2944 1375 aequalitate;
2970 1302 3026 1357 in
3044 1317 3207 1358 carne
3227 1302 3340 1357 sola
3359 1301 3487 1357 Filii
3502 1302 3825 1372 proprietas.
3858 1319 3886 1353 ι

2290 1396 2409 1466 Qua
2442 1395 2621 1452 fronte
2653 1395 3000 1465 adoptionem
3038 1393 3093 1449 in
3128 1408 3294 1449 carne
3318 1391 3521 1449 Christi
3544 1390 3786 1455 creditis,
3825 1392 3894 1445 in

2291 1503 2399 1561 qua
2437 1488 2602 1544 etiam
2632 1495 2817 1542 tantus
2843 1487 3030 1544 doctor
3060 1494 3118 1542 et
3147 1494 3256 1542 tam
3292 1484 3587 1556 probabilis
3615 1483 3899 1540 universis

2294 1578 2493 1648 ubique
2523 1577 2792 1641 ﬁdelibus,
2838 1575 3028 1647 procul
3054 1574 3217 1631 dubio
3241 1576 3628 1647 proprietatem
3657 1575 3752 1630 lilii
3797 1591 3900 1630 as-

2294 1667 2505 1723 seruit?
2548 1667 2617 1722 Et
2658 1668 2995 1737 proprietas,
3045 1674 3103 1721 et
3141 1665 3357 1737 adoptio
3405 1681 3572 1720 unum
3615 1680 3735 1721 esse
3777 1681 3898 1719 non

566 1830 569 1833 λ
602 1755 777 1826 paries
805 1762 859 1806 et
883 1751 1124 1814 tristitia,
1155 1758 1200 1803 et
1241 1748 1310 1801 ad
1350 1748 1518 1801 virum
1558 1746 1656 1799 erit
1685 1744 1951 1798 conversio
1994 1752 2108 1808 tua,
2145 1751 2195 1795 et
2225 1816 2267 1833 ἢ
2295 1758 2514 1830 poterit.
2545 1756 2887 1826 ρυίεουηίιυε
2913 1772 3044 1813 νει-ο
3078 1756 3134 1811 in
3165 1756 3404 1827 Virginis
3429 1764 3586 1826 parm
3613 1764 3669 1811 et
3693 1756 3903 1810 mihi-

604 1816 716 1917 ipse
742 1844 1099 1899 dominabitur
1136 1842 1212 1895 tui
1239 1838 1391 1911 (Gen.
1423 1854 1511 1904 tu,
1542 1837 1651 1909 l6).
1697 1837 1896 1891 Tribus
1918 1836 2004 1891 his
2038 1833 2195 1890 malis

2303 1816 2409 1905 late
2454 1849 2656 1906 Christi
2699 1858 2849 1921 gesta
2889 1864 3011 1905 esse
3048 1816 3358 1919 evangelica
3404 1816 3590 1903 n-arrat
3632 1848 3900 1912 historia,

603 1935 829 1991 multata
842 1946 923 1989 est
935 1934 1111 2004 prima
1127 1941 1301 1988 mater
1321 1928 1541 1985 humani
1564 1927 1795 1999 generis,
1810 1928 2018 1992 dolore,
2032 1926 2199 1981 tristi.

608 2029 704 2092 tia,
744 2027 1025 2082 servitute.
1071 2024 1268 2079 Tribus
1310 2039 1343 2077 e
1383 2020 1657 2078 contrario
1700 2019 2016 2077 clarissimis
2041 2018 2200 2073 bonis

610 2120 769 2173 beata
788 2117 941 2188 virgo
964 2116 1129 2171 Maria
1150 2116 1412 2171 honorata
1437 2121 1540 2179 est,
1558 2113 1611 2168 id
1628 2120 1733 2177 est,
1748 2109 2089 2165 salutationis
2110 2124 2201 2163 an-

610 2205 829 2276 gelicae,
866 2206 1257 2261 benedictionis
1284 2205 1478 2260 divinaa
1512 2212 1569 2259 et
1605 2201 1954 2275 plenitudinis
1986 2201 2195 2273 gratiae.

612 2297 746 2353 Nam
770 2299 977 2369 primus
1000 2299 1161 2354 homo
1182 2297 1251 2351 de
1274 2305 1419 2351 terra
1447 2296 1657 2367 virgine
1684 2303 1887 2351 sancte
1918 2293 2200 2349 Trinitatis

608 2390 838 2446 consilio
863 2390 1126 2445 formatus
1146 2396 1230 2445 est
1250 2389 1461 2444 dicente
1483 2388 1711 2443 Domino
1736 2406 1748 2441 :
1779 2386 2068 2441 Faciamus
2106 2386 2202 2440 Ito-

612 2485 805 2537 mincm
826 2483 895 2536 ad
919 2482 1197 2552 imaginem
1216 2491 1266 2534 et
1293 2478 1691 2534 similitudinem
1719 2487 1949 2533 nostram
1976 2475 2131 2549 (Gen.
2159 2493 2196 2540 ι,

614 2574 740 2645 23);
784 2575 1055 2629 secundus
1078 2589 1207 2629 vero
1231 2572 1425 2637 Adam,
1462 2572 1515 2627 id
1537 2580 1622 2626 est
1653 2569 1924 2637 Christus,
1958 2572 2026 2626 de
2055 2578 2202 2625 terra

611 2664 892 2731 virginalis
917 2664 1055 2720 uteri
1086 2664 1398 2734 operatione
1422 2661 1661 2730 ejusdem
1691 2672 1894 2719 sanctae
1921 2662 2204 2717 Trinitatis

614 2771 833 2816 creatus
857 2768 962 2825 est,
998 2773 1107 2812 non
1144 2757 1317 2812 solum
1361 2756 1523 2811 homo
1559 2768 1657 2823 per
1682 2754 1864 2808 omnia
1890 2766 2076 2817 verus,
2107 2751 2204 2807 sed

610 2854 777 2909 etiam
800 2853 938 2906 Deus
958 2866 1055 2921 per
1077 2849 1255 2903 omnia
1276 2847 1570 2918 perfectus.
1600 2866 1618 2899 ι
1648 2847 1715 2901 Ει
1736 2847 1804 2902 ad
1826 2845 2203 2901 resolvendum

620 2942 946 2998 conditionis
991 2949 1191 2997 nostra:
1231 2941 1470 2997 debitum
1518 2947 1709 2995 natura
1751 2939 2075 2996 inviolabilis
2108 2956 2207 2995 na-

622 3048 678 3090 tu
689 3050 760 3090 ra:
780 3042 862 3103 est
880 3034 1029 3088 unita
1051 3032 1316 3102 passibili,
1338 3038 1397 3087 ut
1418 3030 1560 3102 quod
1581 3032 1782 3088 nostris
1803 3032 2057 3088 remediis
2077 3046 2206 3087 con-

2294 1944 2480 2000 omnia
2510 1944 2705 1999 divina:
2731 1944 2988 2013 putentia:
3017 1941 3297 1998 miraculis
3324 1950 3380 1997 et
3406 1941 3761 2013 investigabili
3786 1942 3901 1996 hu-

2298 2036 2474 2092 manis
2500 2034 2775 2091 mentibus
2805 2033 3207 2106 dispensatione
3236 2041 3387 2106 gesta
3424 2046 3545 2089 esse
3572 2033 3761 2103 procul
3790 2034 3903 2088 du-

2297 2127 2387 2182 bio
2433 2123 2700 2181 credenda
2744 2133 2892 2181 sunt.
2941 2122 3077 2179 Nam
3127 2124 3291 2195 Virgo
3339 2123 3541 2180 clausis
3592 2123 3902 2180 visceribus

2299 2217 2548 2289 concepit
2589 2225 2644 2273 et
2682 2217 2924 2289 peperit;
2959 2225 3015 2273 et
3045 2215 3137 2289 qui
3174 2224 3334 2272 natus
3363 2225 3445 2273 est
3471 2232 3540 2273 ex
3568 2231 3655 2281 ea,
3683 2216 3776 2272 Dei
3805 2226 3904 2273 est

2297 2308 2489 2373 Filius,
2529 2323 2691 2363 verus
2719 2315 2775 2363 et
2804 2306 3097 2378 perfertus,
3128 2322 3267 2363 unus
3300 2320 3367 2363 ex
3401 2308 3562 2363 unius
3600 2322 3795 2371 carne;
3836 2317 3905 2364 et

2297 2399 2391 2471 qui
2432 2398 2575 2456 Deus
2604 2415 2671 2455 ex
2704 2398 2836 2466 Deo,
2872 2400 3014 2456 idem
3052 2399 3215 2456 homo
3244 2415 3308 2456 ex
3346 2400 3562 2455 homine
3594 2400 3905 2470 procedens

2303 2504 2559 2565 tanquam
2582 2500 2815 2564 Sponsus
2839 2491 2906 2549 de
2932 2493 3188 2559 thalamo,
3217 2495 3445 2565 geminae
3466 2494 3619 2565 gigas
3642 2493 3907 2551 substan-

2304 2592 2414 2657 tiae,
2453 2599 2599 2647 totus
2642 2589 2895 2662 proprius
2932 2587 3030 2645 Dei
3077 2588 3256 2646 Patris
3288 2589 3480 2655 Filius,
3511 2598 3566 2645 et
3594 2598 3742 2645 totus
3769 2604 3908 2662 pro-

2300 2682 2453 2753 prius
2478 2681 2704 2753 virginis
2726 2682 2917 2737 matris
2940 2680 3131 2747 Filius,
3159 2679 3536 2751 inseparabilis
3565 2681 3621 2736 in
3647 2694 3906 2751 persona:

2304 2773 2533 2839 unitate,
2562 2771 2649 2828 vel
2673 2770 2768 2827 ﬁlii
2799 2771 3130 2844 praprietate
3159 2787 3320 2838 unus,
3348 2779 3404 2827 et
3422 2772 3476 2827 in
3497 2778 3763 2842 potestate
3800 2770 3907 2826 ha-

2303 2862 2439 2918 bens
2462 2863 2519 2920 in
2554 2877 2645 2930 se,
2672 2862 2816 2918 unde
2840 2861 3173 2918 :eternaliter
3195 2861 3402 2917 viveret
3424 2867 3482 2916 et
3515 2857 3659 2915 unde
3688 2866 3908 2930 tempo-

2307 2957 2495 3012 raliter
2522 2965 2829 3012 moreretur
2855 2974 2870 3011 ε
2898 2956 3052 3027 cujus
3079 2954 3322 3027 potentia
3350 2951 3590 3011 condidit
3616 2966 3733 3017 nos,
3765 2952 3906 3008 dum

2306 3066 2418 3106 non
2442 3048 2675 3117 fuimus;
2707 3047 2863 3122 cujus
2886 3049 3102 3107 bonitas
3133 3046 3361 3105 redemit
3392 3061 3513 3113 nos,
3541 3044 3668 3105 dum
3693 3047 3908 3116 perditi

616 3126 1029 3237 fruebatiunus
1048 3131 1211 3237 atque
1238 3122 1381 3237 idem
1402 3120 1675 3225 mediator.
1690 3121 1787 3177 Dei
1817 3131 1873 3179 et
1897 3121 2201 3225 hominum:
2228 3169 2281 3237 Β
2310 3140 2544 3207 fuimus;
2575 3139 2731 3211 cujus
2766 3120 2886 3196 laus
2919 3139 3066 3196 salus
3100 3148 3185 3196 est
3221 3147 3430 3206 nostra,
3455 3137 3667 3195 dicente
3687 3153 3753 3195 eo
3782 3139 3913 3209 ipso

618 3218 781 3270 homo
816 3213 1067 3269 Christus
1104 3211 1261 3268 Jesns
1300 3220 1353 3267 et
1375 3213 1514 3268 mori
1533 3214 1703 3283 possit
1725 3225 1794 3266 ex
1827 3228 1956 3278 uno,
1980 3222 2035 3267 et
2066 3213 2204 3268 mori

621 3322 728 3361 non
766 3304 937 3377 possit
969 3320 1037 3359 ex
1076 3303 1267 3358 altero.
1306 3304 1365 3359 In
1406 3307 1613 3375 integra
1652 3320 1783 3375 ergo
1819 3305 1935 3358 veri
1974 3302 2210 3360 hominis

619 3398 969 3468 perfectaque
1008 3406 1201 3453 natura
1241 3411 1401 3452 verus
1437 3408 1601 3452 natus
1635 3404 1717 3453 est
1755 3397 1926 3464 Deus,
1969 3405 2114 3453 totus
2152 3397 2210 3452 in

619 3489 756 3552 suis,
796 3497 942 3541 totus
985 3486 1040 3541 in
1080 3488 1299 3541 nostris.
1342 3486 1534 3542 Nostra
1575 3496 1755 3543 autem
1790 3487 2050 3554 dicimus,
2089 3501 2210 3558 qua:

623 3579 677 3632 in
711 3578 868 3633 nobis
898 3579 969 3634 ab
1006 3578 1161 3633 initio
1181 3577 1406 3634 Creato'r
1436 3579 1675 3635 condidit
1709 3590 1873 3650 atque
1911 3578 2210 3650 reparanda

622 3670 880 3737 suscepit.
919 3668 1052 3722 Nam
1082 3668 1169 3722 illa
1199 3683 1319 3737 quae
1353 3669 1607 3737 deceptor
1634 3669 1815 3723 intulit
1843 3676 1899 3725 et
1926 3669 2089 3726 homo
2118 3671 2213 3726 de-

622 3767 813 3829 ceptus
839 3759 1078 3825 admisit,
1102 3760 1307 3814 nullum
1333 3760 1639 3816 habuerunt
1667 3762 1720 3815 in
1745 3760 2026 3837 Salvatore
2047 3764 2216 3819 vesti-

624 3849 840 3917 gium...
872 3849 1175 3921 Assumpsit
1204 3850 1430 3905 formam
1466 3851 1608 3907 servi
1646 3853 1764 3908 sine
1796 3853 1955 3910 sorde
1975 3855 2209 3926 peccati,

629 3939 862 3993 humana
886 3956 1111 4011 augens,
1140 3940 1318 3995 divina
1348 3956 1453 3997 non
1479 3942 1733 3997 minuens
1754 3962 1773 3995 ι
1793 3942 1875 4013 (S.
1902 3941 2031 4009 Leo,
2049 3946 2208 4015 epist.

628 4032 721 4097 28,
752 4034 821 4087 ad
863 4032 1210 4098 Flavianum,
1260 4048 1378 4104 cap.
1419 4033 1497 4106 3).
1552 4033 1701 4089 Unus
1740 4034 1992 4104 idemque
2032 4047 2118 4091 est
2155 4037 2211 4091 in

627 4130 857 4181 duarum
876 4124 1255 4195 conjunctione
1279 4136 1596 4181 naturarum
1622 4126 1714 4181 Dei
1738 4126 1925 4193 Filius,
1954 4143 2060 4183 non
2086 4129 2214 4184 ado-

625 4218 825 4287 ptionis
852 4218 1047 4288 gratia,
1088 4218 1185 4272 sed
1225 4217 1570 4286 proprietatis
1610 4231 1859 4285 persona.
1908 4216 2056 4272 Unus
2096 4216 2214 4271 uni-

629 4312 844 4379 genitus
866 4319 922 4364 et
949 4308 1361 4379 primogenitns,
1394 4324 1501 4363 non
1531 4307 1669 4362 alter
1694 4308 2024 4378 unigenitus,
2054 4316 2109 4362 et
2134 4309 2215 4361 al-

631 4411 714 4455 ter
742 4386 1129 4474 pritnogenitus
1156 4401 1345 4474 (lbid.,
1373 4417 1492 4471 cap.
1522 4399 1600 4472 5).
1638 4418 1656 4451 ι
1692 4401 1845 4456 Unde
1879 4402 2210 4473 unigenitum

629 4490 826 4546 Filium
852 4492 948 4548 Dei
986 4492 1304 4548 cruciﬁxum
1334 4500 1387 4546 ct
1426 4491 1693 4561 sepultum
1736 4506 1924 4548 omnes
1952 4494 2117 4548 etiam
2158 4495 2213 4549 in

631 4590 874 4661 symbolo
911 4589 1233 4645 conﬁtemur
1274 4589 1568 4644 secundum
1615 4588 1745 4642 illud
1781 4588 2021 4660 Apostoli
2064 4591 2215 4645 testi-

631 4684 873 4739 monium
903 4700 916 4736 :
948 4680 1009 4737 Si
1036 4684 1174 4736 enim
1210 4683 1591 4751 cognovissent,
1638 4698 1902 4752 nunquam
1932 4682 2216 4738 Dominum

632 4774 813 4846 gloritc
840 4774 1132 4844 majestatis
1160 4772 1539 4840 cruciﬁxissent
1569 4792 1588 4825 ι
1622 4771 1675 4843 (1
1703 4771 1826 4827 Cor.
1868 4789 1937 4839 tt,
1966 4772 2042 4845 8).
2074 4774 2216 4844 Ergo

636 4876 692 4920 et
716 4865 975 4921 Dominus
994 4863 1177 4934 gloria:
1202 4874 1257 4918 et
1276 4862 1418 4918 Deus
1438 4863 1697 4919 virtutum
1722 4866 1909 4921 habuit
1936 4867 1990 4920 in
2013 4867 2213 4936 seipso,

635 4956 776 5012 unde
807 4955 1048 5027 cruciﬁgi
1088 4957 1262 5026 potuit
1303 4964 1359 5010 et
1398 4956 1557 5011 mori.
1602 4955 1717 5011 Non
1758 4958 1896 5013 alter
1921 4960 2217 5015 crucifixus

635 5059 720 5103 est
746 5065 842 5119 pro
872 5051 1056 5105 mundi
1084 5051 1289 5116 salute,
1322 5050 1458 5106 alter
1487 5052 1578 5121 qui
1610 5052 1714 5107 vita
1744 5062 1827 5107 cst
1863 5055 2104 5109 omnium
2134 5056 2217 5110 vi-

635 5141 909 5207 ventium;
939 5142 1034 5196 sed
1077 5157 1214 5196 unus
1258 5143 1507 5212 idemque
1535 5159 1639 5197 non
1674 5145 1961 5214 ad0ptione
1988 5145 2214 5212 divisus,

638 5232 732 5291 sed
760 5232 1088 5303 proprietate
1116 5233 1451 5303 conjunctus.
1494 5231 1716 5286 Verbum
1743 5251 1866 5289 caro
1897 5234 2093 5304 factum
2117 5246 2213 5300 est,

637 5332 701 5381 ut
738 5324 898 5383 homo
925 5336 1053 5377 caro
1096 5333 1503 5392 promoveretur
1545 5323 1596 5377 in
1627 5323 1847 5393 gloriam
1875 5326 1994 5389 Dei,
2022 5342 2127 5382 non
2156 5335 2215 5383 ut

639 5414 779 5470 Deus
805 5414 861 5469 in
900 5412 1081 5469 carnis
1108 5422 1409 5468 verteretur
1435 5413 1707 5483 injuriam,
1740 5416 1879 5470 sicut
1908 5417 2036 5472 dicit
2067 5418 2210 5491 Apo-

709 5643 735 5673 ιι
776 5629 915 5697 Quid
944 5631 1100 5684 enim.
1134 5629 1254 5684 Haec
1284 5638 1336 5683 et
1364 5628 1641 5698 sequentia
1670 5629 1723 5683 in
1750 5629 1909 5684 editis
1935 5628 2212 5691 deﬁciunt.

640 5702 903 5757 Videntur
940 5716 1059 5756 esse
1102 5701 1320 5755 alterius
1364 5701 1422 5751 S.
1466 5700 1659 5754 Patris.
1710 5700 1842 5755 Vide
1887 5716 2050 5756 serm.
2085 5702 2116 5755 7
2160 5704 2213 5758 in

640 5771 810 5827 {Natali
837 5771 1044 5827 Domiti.
1081 5771 1319 5841 Appettd.
1354 5774 1418 5825 ad
1447 5771 1577 5841 Opp.
1613 5771 1668 5825 S.
1697 5770 1854 5840 Attg.,
1885 5788 1936 5827 n.
1967 5772 2021 5826 2.

2310 3246 2410 3303 per
2428 3229 2751 3303 Prophetam
2779 3245 2795 3286 :
2821 3229 3159 3301 Sacriﬁcium
3188 3228 3362 3285 laudis
3390 3228 3755 3299 honoriﬁcam
3780 3245 3869 3284 me
3888 3242 3912 3281 :

2309 3326 2419 3383 illic
2464 3329 2566 3382 iter
2602 3335 2699 3393 est,
2739 3341 2843 3398 quo
2880 3323 3154 3380 ostendam
3194 3322 3275 3379 illi
3311 3323 3544 3380 salutare
3583 3321 3681 3378 Dei
3722 3321 3912 3394 (Paul.

2313 3437 2460 3485 XLIX,
2487 3419 2601 3494 23).
2633 3417 2789 3475 Hunc
2817 3416 3143 3474 versiculum
3174 3416 3267 3487 qui
3294 3414 3526 3472 ﬁdeliter
3552 3414 3714 3485 legat,
3746 3428 3917 3469 vera-

2310 3512 2451 3568 citer
2480 3511 2746 3583 intelligat
2768 3511 2915 3567 onmi
2944 3510 3149 3566 homini
3179 3509 3372 3565 melius
3395 3524 3516 3565 esse
3544 3508 3768 3564 laudare
3801 3508 3916 3565 bo-

2311 3607 2538 3661 nitatem
2565 3604 2709 3661 illius
2734 3590 2897 3675 quam
2924 3603 3192 3658 discutere
3216 3602 3511 3672 potentiam
3534 3601 3651 3671 ejus
3680 3620 3694 3656 :
3724 3600 3919 3657 humi-

2312 3697 2438 3754 liter
2462 3697 2682 3752 obedire
2710 3697 2994 3767 prteceptis
3022 3695 3188 3761 illius,
3221 3711 3383 3765 quam
3418 3695 3583 3767 847
3611 3694 3917 3767 pertinaci—

2314 3801 2398 3846 ter
2435 3788 2669 3848 scrutari
2714 3790 2973 3860 mysteria
3014 3789 3159 3843 illius
3187 3803 3203 3843 :
3238 3796 3295 3843 et
3320 3787 3627 3843 amabiliter
3652 3786 3916 3843 venerari

2314 3882 2486 3948 illum,
2532 3896 2693 3953 quam
2740 3888 3167 3951 pnesumpmose
3216 3879 3527 3936 ratiocinari
3578 3877 3644 3935 de
3686 3878 3799 3935 illo.
3845 3878 3915 3936 In

2313 3974 2468 4047 cujus
2489 3974 2895 4045 comparatione
2927 3972 3140 4028 dicente
3168 3972 3432 4044 propheta
3463 3990 3476 4026 :
3512 3968 3703 4028 Omnes
3726 3982 3914 4043 gentes

2313 4078 2436 4122 sunt
2461 4065 2613 4138 quasi
2642 4065 2816 4129 situla:
2851 4065 2995 4122 stilla
3021 4063 3177 4138 (Isai.
3205 4082 3297 4131 XL,
3328 4064 3445 4138 {5);
3468 4065 3562 4137 qui
3596 4080 3825 4137 magnus
3850 4073 3917 4121 et

2315 4159 2639 4215 metuendus
2666 4166 2751 4214 est
2770 4172 2934 4228 super
2957 4172 3147 4214 omnes
3168 4158 3259 4228 qui
3282 4158 3338 4213 in
3361 4158 3591 4214 circuitu
3612 4156 3728 4226 ejus
3754 4168 3911 4216 sunt.

2318 4252 2376 4307 Si
2405 4258 2587 4307 autem
2625 4250 2883 4321 angelicis
2907 4250 3190 4306 ordinibus
3215 4255 3272 4305 et
3315 4250 3597 4321 spiritibus
3628 4246 3915 4317 justorutn

2317 4362 2543 4417 magnus
2567 4353 2653 4402 est
2676 4355 2731 4401 et
2756 4344 3091 4409 metuendus,
3120 4345 3250 4415 quid
3279 4360 3377 4401 nos
3400 4344 3572 4399 luteas
3596 4342 3916 4400 habitantes

2318 4438 2503 4492 domos
2533 4437 2598 4492 de
2639 4434 2744 4492 ﬁde
2780 4435 2925 4492 illius
2962 4435 3335 4505 magnitudine
3365 4435 3447 4489 vel
3486 4434 3726 4505 potentia
3760 4434 3916 4504 judi-

2246 4534 2295 4595 υ
2319 4541 2444 4581 care
2470 4524 2550 4579 vel
2579 4524 2887 4580 discernere
2927 4524 3335 4593 praesumimus?
3380 4522 3514 4577 Dum
3561 4522 3748 4587 voluit,
3777 4521 3915 4578 fecit

2318 4619 2577 4672 mundum
2609 4636 2622 4670 :
2656 4626 2711 4671 et
2756 4616 2896 4671 sicut
2924 4616 3128 4682 voluit,
3162 4617 3311 4671 venit
3356 4616 3409 4669 in
3452 4616 3729 4670 mundum.
3776 4615 3911 4682 Qui,

2316 4709 2529 4764 dicente
2558 4706 2886 4778 evangelista
2916 4725 2931 4762 :
2967 4705 3034 4760 In
3071 4706 3268 4761 mundo
3302 4716 3436 4771 erat,
3473 4716 3520 4761 et
3558 4707 3785 4760 mundus
3811 4724 3914 4777 per

2315 4802 2486 4871 ipsum
2527 4800 2697 4870 factus
2736 4808 2831 4861 est,
2874 4808 2924 4852 et
2966 4799 3194 4854 mundus
3222 4815 3340 4852 eum
3378 4815 3483 4852 non
3518 4798 3753 4868 cognovit
3785 4812 3803 4849 :
3836 4798 3911 4854 In

2315 4893 2527 4963 propria
2565 4893 2717 4951 venit,
2758 4901 2807 4947 et
2836 4893 2920 4946 sui
2958 4908 3076 4946 eum
3110 4908 3212 4946 non
3252 4901 3551 4961 receperunt
3593 4904 3611 4942 :
3651 4901 3911 4962 quotquot

2315 4993 2489 5036 autem
2522 4992 2817 5053 receperunt
2846 4999 2988 5047 eum,
3013 4981 3156 5036 dedit
3185 4981 3259 5035 eis
3292 4989 3597 5051 potestatem
3629 4979 3767 5049 ﬁlios
3806 4979 3910 5035 Dei

2316 5070 2432 5141 ﬁeri
2462 5069 2642 5143 (Joan.
2674 5088 2714 5137 ι,
2745 5071 2829 5134 10,
2859 5071 2967 5144 12).
3006 5071 3106 5139 Qui
3151 5070 3273 5125 aliis
3316 5070 3538 5126 tradidit
3578 5079 3910 5140 potestatem

2317 5161 2456 5216 ﬁlios
2499 5161 2593 5217 Dei
2634 5176 2774 5227 esse,
2803 5163 3073 5231 quomodo
3111 5170 3291 5232 potest
3328 5162 3445 5216 ﬁeri
3481 5169 3539 5215 nt
3577 5171 3910 5232 potestatem

2316 5267 2422 5306 non
2453 5252 2679 5308 haberet
2714 5268 2773 5309 se
2809 5252 2982 5322 ipsum
3012 5253 3207 5308 Filium
3237 5252 3331 5308 Dei
3369 5254 3647 5325 proprium
3688 5252 3909 5311 facere?

2318 5343 2413 5399 Vel
2446 5346 2714 5412 quomodo
2739 5348 2988 5415 quamvis
3026 5347 3079 5402 in
3117 5348 3322 5403 duabus
3349 5348 3573 5411 naturis,
3603 5348 3907 5406 divinitatis

2316 5433 2523 5489 scilicet
2562 5442 2615 5491 et
2653 5435 3021 5505 humanitatis,
3066 5440 3316 5510 proprius
3356 5440 3531 5508 potuit
3566 5456 3686 5496 esse
3729 5440 3907 5499 Filius

2389 5629 2418 5670 δ
2456 5630 2632 5710 Verba
2657 5647 2776 5702 qua:
2812 5633 2901 5687 hic
2917 5648 2986 5710 ex
3018 5633 3153 5703 Aug.
3186 5632 3351 5710 refert
3380 5633 3655 5710 Alcuinus:
3689 5650 3790 5710 nec
3818 5635 3903 5710 in-

2318 5711 2403 5755 ter
2444 5704 2881 5775 genuinostnec
2912 5706 3053 5775 inter
3098 5705 3306 5775 spnrios
3346 5706 3584 5774 ejusdem
3621 5706 3679 5760 S.
3721 5704 3902 5762 Patris

2322 5788 2601 5829 sermones
2630 5774 2683 5827 in
2716 5773 2886 5831 Natali
2910 5773 3512 5846 Domini—reperiuntur.
