4136 6554
267 271 378 328 215

986 271 1403 327 DUtiMATlCA.
1445 300 1514 311 --
1552 270 1709 325 ADV.
1752 271 2049 328 l-‘ELICEM
2088 272 2269 326 LIBRI
2309 272 2412 327 VH.
2455 301 2527 312 —
2567 269 2691 326 LIB.
2738 272 2842 329 VU.

3449 272 3554 328 ΞΗ

268 387 526 448 hominis,
561 395 617 441 et
643 403 747 441 non
791 387 961 458 potuit
990 397 1129 443 totus
1160 388 1213 441 in
1247 385 1455 440 duabus
1492 385 1700 440 naturis
1731 401 1857 455 pro-
1886 403 1933 461 Α
1962 398 2094 455 gare
2125 400 2231 440 non
2267 387 2468 456 poterit
2497 386 2765 455 quomodo
2794 386 2884 455 qui
2913 384 3039 440 fecit
3062 388 3240 441 omnia
3272 386 3444 441 factus
3474 398 3557 443 est

268 479 427 548 prius
467 492 588 532 esse
632 476 798 533 Filius
831 479 960 533 Dei?
1003 479 1143 549 Ergo
1171 481 1216 534 si
1259 478 1346 531 ille
1368 477 1461 547 qui
1504 486 1661 532 natus
1686 486 1860 534 estex

271 568 499 640 Virgine
525 578 669 625 totus
696 581 779 625 est
806 571 1056 641 proprius
1079 570 1317 642 Virginis
1351 568 1509 630 ﬁlius,
1536 584 1748 640 aequum
1778 580 1863 625 est

270 671 338 715 ut
371 663 655 717 credamus
681 662 926 717 eumdem
953 676 1074 717 esse
1103 662 1197 717 Dei
1237 661 1417 716 Patris
1457 662 1733 732 proprium
1766 659 1859 715 Fi-

273 750 431 806 lium.
474 749 801 807 Naturarum
840 752 985 806 enim
1019 751 1298 808 Conditori
1343 752 1490 806 nulla
1532 760 1724 806 natura
1770 766 1859 806 re-

272 843 443 907 sistit,
471 852 532 898 ut
556 860 621 899 ex
644 859 708 900 ea
736 843 916 900 facere
943 860 1050 898 non
1078 844 1249 916 possit
1271 843 1415 914 quod
1441 843 1589 909 velit,
1620 844 1712 913 qui
1738 859 1859 898 om—

272 933 369 987 nia
409 948 477 989 ex
517 934 689 989 nihilo
716 950 904 989 creare
940 935 1117 1005 potuit
1157 936 1285 990 dum
1312 934 1499 989 voluit.
1544 935 1622 989 Ex
1667 934 1867 989 creatis

273 1022 447 1092 igitur
469 1023 639 1081 multo
676 1026 850 1097 magis
876 1025 1138 1095 perﬁcere
1175 1032 1388 1096 poterat
1425 1026 1687 1097 quidquid
1726 1025 1869 1080 illius

267 1116 683 1187 omnipotentite
717 1117 937 1187 placuit.
970 1116 1214 1173 Humana
1244 1117 1442 1188 quippe
1476 1118 1617 1172 ratio
1645 1116 1867 1171 investi-

292 1233 616 1255 ξ.-

1969 476 2112 530 inter
2149 478 2348 531 omnia.
2392 476 2467 531 De
2491 492 2600 547 quo
2644 477 2812 531 multa
2843 477 2947 532 dici
2992 486 3236 547 possunt.
3284 478 3351 533 Et
3393 481 3557 534 estin

1970 567 2153 638 aliquo
2179 568 2302 623 talis
2331 568 2590 623 sanctitas
2624 568 2768 635 vitae,
2800 578 2854 624 et
2884 570 3057 624 sancti
3095 569 3328 639 Spiritus
3361 570 3557 642 gratia,

1970 664 2031 710 ut
2066 657 2270 727 aliquid
2293 657 2361 712 de
2386 673 2452 713 eo
2476 658 2635 729 digne
2662 658 2844 714 dicere
2874 659 3087 714 valeat?
3116 660 3221 716 Sed
3252 660 3338 715 hic
3373 660 3561 730 paulu-

1969 747 2079 801 lum
2108 751 2459 819 respiremus,
2493 758 2761 819 quatenus
2800 752 2905 805 tuis
2943 752 3307 817 sermonibus,
3335 767 3468 820 quos
3506 761 3559 804 tu

1967 841 2053 895 vel
2095 840 2151 895 in
2197 849 2397 896 sanctae
2442 842 2696 897 Ecclesiae
2733 843 3139 909 adversitatem,
3172 844 3256 899 vel
3295 846 3460 899 etiam
3503 845 3556 897 in

1966 932 2136 986 nostri
2182 933 2414 987 nominis
2458 934 2890 1005 suggillationem
2940 933 3301 1004 multiplicare
3342 935 3555 997 studes.

1967 1025 2208 1080 acutiore
2232 1025 2390 1097 stylo,
2419 1026 2594 1096 gratia
2634 1027 2815 1081 divina
2854 1043 2954 1082 nos
2993 1027 3299 1098 adjuvante,
3340 1041 3560 1096 respon-

1971 1115 2100 1169 dere
2137 1115 2433 1169 valeamus.

1558 1329 1788 1392 LIBER
1835 1327 2247 1393 SEPTIMUS.

347 1560 392 1616 1.
431 1559 653 1632 Legitur
681 1560 900 1614 beatum
935 1558 1321 1631 Hieronymum
1358 1561 1710 1616 fortissimum
1741 1575 1868 1615 con-

272 1661 365 1708 tra
413 1652 701 1708 hzereticas
746 1651 1041 1721 pravitates
1077 1650 1333 1709 Ecclesia-
1368 1652 1571 1709 Christi
1611 1653 1868 1709 athletam

1970 1555 2073 1609 sibi
2105 1555 2158 1610 in
2188 1564 2346 1611 utero
2375 1557 2621 1627 virginali
2652 1556 2882 1630 fingens,
2913 1570 3032 1615 erat
3062 1575 3184 1616 cum
3213 1572 3478 1633 concepto
3508 1572 3563 1617 et

1971 1644 2205 1700 formato
2236 1664 2248 1699 :
2281 1661 2385 1715 qua
2414 1647 2590 1715 gratia
2628 1656 2683 1702 et
2712 1660 2956 1705 sanctam
2987 1651 3133 1705 illam
3164 1653 3437 1723 Virginem
3468 1653 3563 1708 Dei

274 1740 526 1797 dixisse:
557 1740 704 1796 omni
732 1741 911 1797 studio
944 1757 1003 1796 se
1030 1742 1333 1810 intendere,
1366 1755 1427 1799 ut
1451 1746 1638 1800 hostes
1664 1746 1865 1801 Christi
1900 1766 1944 1824 Β
1973 1735 2292 1805 genitricem
2315 1736 2645 1806 appeﬂamus
2674 1757 2685 1791 :
2716 1756 2823 1794 non
2853 1750 3106 1811 tanquam
3130 1742 3300 1797 Deum
3323 1754 3566 1814 generet.

272 1831 426 1891 illius
454 1842 639 1890 essent
667 1840 723 1888 et
744 1834 949 1889 hostes.
980 1833 1135 1902 Quod
1158 1835 1325 1892 etiam
1353 1850 1454 1905 pro
1481 1848 1690 1890 Summa
1713 1835 1871 1891 laude
1976 1826 2071 1881 sed
2097 1834 2355 1897 tanquam
2384 1829 2656 1885 hominem
2678 1833 2888 1887 unitum
2915 1833 3043 1898 Deo,
3070 1836 3160 1903 qui
3188 1836 3343 1889 tinxit
3367 1854 3511 1891 cum.
3548 1859 3563 1879 -

276 1942 389 1985 non
430 1926 607 1983 solum
648 1925 756 1991 ille,
797 1940 987 1981 verum
1020 1926 1186 1981 etiam
1223 1942 1412 1982 omnes
1444 1928 1723 1982 catholicae
1750 1928 1871 1983 ﬁdei

274 2015 590 2076 defensores
613 2016 715 2071 sibi
741 2030 772 2069 a
794 2015 906 2071 Deo
926 2015 1110 2071 datum
1133 2030 1328 2071 munus
1348 2016 1692 2085 reputabant.
1718 2016 1874 2072 Unde

274 2115 335 2164 et
362 2122 464 2177 ego
502 2105 746 2161 tantillus
784 2104 1040 2161 Ecclesize
1076 2104 1282 2161 Christi
1312 2106 1633 2163 vernaculus
1674 2107 1874 2177 impro-

272 2198 432 2270 peria
461 2198 569 2253 mei
610 2198 848 2252 nominis
888 2197 1154 2267 patienter
1181 2195 1401 2262 suffero,
1433 2199 1559 2268 quia
1589 2213 1723 2254 mete
1747 2214 1874 2267 par-

271 2288 469 2343 vitatis
507 2276 743 2343 modulo’
765 2288 995 2343 multum
1035 2297 1120 2343 est
1154 2287 1487 2351 delectabile,
1528 2297 1585 2346 et
1619 2290 1872 2362 gaudium

273 2379 524 2453 plenum,
553 2393 870 2436 communes
898 2378 1101 2435 habere
1128 2379 1313 2439 hostes
1341 2396 1465 2435 cum
1498 2380 1725 2435 Domino
1754 2395 1875 2435 meo

272 2467 411 2526 Jcsu
450 2467 693 2534 Christo,
736 2483 898 2538 quem
933 2467 1159 2541 diligere
1200 2484 1411 2525 summa
1458 2477 1543 2525 est
1585 2471 1874 2539 sapientia,

274 2570 337 2619 et
380 2560 604 2616 laudare
644 2558 886 2631 perfecta
924 2568 1008 2615 est
1046 2559 1355 2625 beatitudo,
1400 2577 1559 2616 nosse.
1600 2575 1729 2617 vero
1766 2564 1875 2618 vita

273 2662 486 2709 aeterna
518 2669 532 2706 :
565 2651 706 2707 sicut
730 2666 763 2707 e
782 2652 1060 2707 contrario
1088 2667 1198 2707 non
1226 2667 1437 2706 amasse
1458 2652 1876 2722 profundissima

276 2751 369 2798 est
408 2740 669 2807 stultitia;
717 2738 835 2810 ejus
870 2748 1050 2796 autem
1097 2740 1283 2812 gloria:
1322 2742 1525 2812 aliquid
1561 2745 1878 2803 subtrahere

278 2833 425 2889 velle
462 2832 653 2887 ultima
692 2840 777 2889 est
816 2833 1035 2889 miseria
1066 2850 1080 2888 :
1120 2841 1177 2889 et
1213 2832 1362 2890 illum
1399 2835 1653 2906 ignorare
1689 2838 1882 2894 mortis

283 2932 370 2981 est
394 2932 670 2994 perpetua:
696 2923 1020 2995 periculum.

354 3016 420 3072 Il.
460 3015 662 3085 Objicis
699 3031 829 3089 ergo
868 3030 957 3071 me
987 3017 1207 3083 dixisse,
1249 3027 1303 3074 et
1336 3034 1521 3075 verum
1552 3020 1744 3085 fateor,
1786 3023 1883 3078 ob-

1972 1918 2114 1985 Quid
2140 1930 2321 1974 autem
2351 1920 2497 1975 aliud
2527 1930 2644 1987 est,
2671 1925 2814 1992 quod
2844 1933 2900 1979 et
2935 1934 2990 1979 tu
3019 1926 3175 1991 dicis,
3208 1926 3302 1982 Dei
3334 1928 3568 1982 Verbum

1974 2007 2249 2064 habitasse
2279 2011 2333 2064 in
2365 2011 2585 2067 homine
2613 2022 2913 2082 assumpto,
2940 2016 3094 2084 quasi
3126 2016 3181 2070 in
3218 2015 3415 2085 templo
3437 2032 3571 2086 quo-

1975 2102 2122 2166 dam,
2153 2116 2258 2158 non
2289 2104 2429 2157 sicut
2452 2105 2782 2176 evangelista
2807 2109 2885 2161 ait
2912 2125 2925 2157 :
2972 2106 3190 2162 Verbum
3221 2124 3344 2162 caro
3369 2108 3569 2179 factum

1974 2203 2047 2246 est
2074 2191 2255 2264 (Joan.
2289 2211 2330 2259 ι,
2362 2194 2485 2268 l4)?
2514 2213 2533 2246 ι
2564 2194 2908 2262 Secundum,
2946 2197 3146 2267 inquis,
3176 2198 3390 2254 Domini
3417 2215 3570 2254 man-

1975 2284 2159 2339 datum
2189 2285 2434 2355 gestabat
2463 2287 2833 2353 divinitatem,
2874 2298 2931 2343 et
2960 2289 3235 2344 habitator
3258 2297 3342 2344 est
3380 2290 3569 2360 templi

1975 2376 2081 2432 sui.
2115 2395 2133 2428 ι
2169 2376 2275 2431 Sed
2306 2376 2463 2448 longe
2508 2378 2654 2432 aliud
2692 2387 2776 2433 est
2823 2380 2991 2433 Deum
3025 2381 3299 2435 habitasse
3342 2379 3397 2433 in
3439 2394 3568 2433 san-

1977 2468 2084 2521 ctis
2116 2486 2128 2521 :
2164 2467 2309 2522 aliud
2333 2483 2485 2532 vero,
2515 2468 2689 2537 ipsum
2716 2469 2884 2523 Deum
2908 2470 3183 2525 hominem
3214 2469 3415 2524 factum
3434 2509 3449 2534 ,
3483 2476 3569 2522 at-

1979 2572 2087 2627 que
2112 2572 2177 2611 ex
2206 2558 2420 2613 duabus
2460 2559 2778 2614 substantiis
2800 2576 2962 2614 unam
2993 2576 3281 2630 personam
3316 2559 3484 2615 Deum
3520 2569 3576 2613 et

1982 2650 2256 2705 hominem
2293 2666 2433 2706 esse.
2467 2669 2486 2701 ι
2522 2649 2640 2705 Non
2676 2652 2853 2717 enim,
2890 2661 2949 2705 ut
2985 2653 3061 2706 ait
3098 2653 3290 2708 beatus
3317 2651 3387 2723 Cy
3401 2652 3572 2715 rillus.

1982 2744 2122 2798 sicut
2147 2744 2248 2798 viri
2284 2744 2606 2800 sanctiﬁcati
2644 2754 2700 2799 et
2728 2745 2903 2801 Verbo
2931 2746 3201 2814 conjuncti
3233 2761 3574 2800 communem

1982 2850 2205 2889 carnem
2235 2835 2437 2890 Christi
2462 2835 2812 2906 percipimus,
2850 2845 2941 2891 aut
2968 2838 3110 2891 sicut
3139 2837 3375 2890 divinam
3404 2837 3578 2906 possi-

1984 2927 2161 2982 dentis
2198 2926 2619 2991 habitationem;
2662 2927 2757 2981 sed
2786 2935 2848 2980 ut
2881 2943 3010 2982 vere
3061 2927 3472 2981 viviticatricem
3522 2936 3575 2982 et

1988 3019 2157 3088 ipsius
2207 3016 2367 3073 Verbi
2414 3018 2691 3088 propriam
2740 3017 2937 3072 factam
2987 3019 3110 3073 vitae
3155 3019 3477 3075 naturaliter
3521 3031 3577 3075 et

278 3109 410 3181 jicis
458 3110 603 3181 quod
646 3107 802 3164 Jesus
844 3107 1093 3164 Christus
1131 3125 1295 3165 verus
1337 3112 1409 3166 sit
1448 3112 1589 3167 Deus
1628 3122 1685 3167 et
1720 3130 1882 3170 verus
1909 3130 1954 3190 ρ
1990 3113 2129 3167 Deus
2159 3112 2377 3167 existat.
2409 3129 2428 3162 ι
2477 3109 2545 3163 Et
2573 3110 2698 3165 alibi
2729 3109 2823 3182 (S.
2855 3110 3044 3181 Cyril.,
3078 3111 3235 3182 epist.
3286 3111 3354 3166 ad
3386 3110 3578 3167 Nesto-

286 3202 387 3259 Dei
415 3201 585 3258 Filius
614 3220 628 3257 :
659 3202 788 3273 quia
814 3201 918 3257 hoc
935 3199 1051 3270 jam
1080 3201 1215 3269 dixi,
1245 3210 1301 3259 et
1324 3204 1502 3259 adhuc
1526 3204 1725 3260 dicam.
1759 3206 1876 3263 Non

286 3291 465 3349 solum
498 3306 621 3363 ego,
656 3307 846 3347 verum
879 3293 1045 3347 etiam
1074 3295 1253 3349 omnis
1280 3303 1469 3350 sancta
1506 3296 1601 3353 Dei
1638 3296 1880 3355 Ecclesia

286 3400 417 3441 cum
458 3384 713 3455 apostolis
758 3392 815 3439 et
855 3384 1108 3441 omnibus
1146 3386 1431 3441 catholicis
1469 3387 1786 3445 doctoribus
1826 3390 1880 3445 in

288 3484 406 3532 tota
451 3476 767 3530 orthodoxae
817 3474 942 3530 ﬁdei
987 3475 1353 3533 celebratione
1392 3478 1543 3543 dicit,
1590 3481 1784 3545 credit,
1827 3490 1884 3536 et

286 3566 553 3639 praedicat
596 3565 939 3622 ﬁducialiter.
980 3564 1092 3622 Nec
1132 3566 1229 3622 tibi
1270 3567 1467 3624 sutlicit
1504 3570 1672 3625 semel
1702 3573 1885 3628 dicere

288 3655 665 3725 hujuscemodi
710 3658 873 3712 verba
910 3672 925 3711 :
967 3674 986 3708 ι
1030 3657 1089 3713 Si
1127 3658 1298 3724 enim,
1347 3659 1547 3728 inquis,
1596 3660 1736 3716 idem
1779 3661 1886 3716 Re-

287 3750 547 3818 demptor
583 3757 768 3803 noster
796 3748 850 3803 in
884 3747 1055 3803 forma
1083 3750 1257 3814 servi,
1288 3756 1349 3804 ut
1378 3765 1475 3805 vos
1500 3750 1693 3816 vultis,
1722 3767 1887 3809 verus

285 3848 381 3898 est
400 3838 570 3895 Filius
591 3839 705 3895 Dei.
737 3859 755 3891 ι
782 3838 896 3895 Hoc
921 3840 1097 3910 ipsum
1121 3841 1250 3911 quid
1278 3840 1478 3896 iterum
1501 3851 1664 3913 atque
1689 3842 1886 3899 iterum

288 3935 537 4007 repetis?
566 3933 636 3991 Ut
662 3934 947 4007 perspicue
983 3944 1038 3992 te
1068 3936 1175 3991 hoc
1211 3934 1351 3991 nolle
1387 3935 1719 4008 intelligatur
1743 3939 1888 4006 quod

290 4041 399 4087 nos
426 4025 567 4080 velle
597 4023 969 4096 reprehendis.
1013 4021 1070 4079 Si
1113 4039 1247 4096 ergo
1286 4024 1376 4082 ille
1404 4026 1567 4081 homo
1596 4026 1687 4096 qui
1715 4039 1781 4080 ex
1809 4026 1889 4083 di-

291 4119 426 4171 vina
468 4118 641 4172 sancti
689 4115 925 4187 Spiritus
982 4116 1297 4186 operatione
1340 4125 1395 4173 et
1441 4116 1675 4189 gloriosa
1715 4115 1891 4174 beata:

299 4211 541 4285 Virginis
584 4211 837 4266 castitate
877 4220 1173 4284 conceptus
1210 4222 1296 4268 est
1336 4220 1394 4268 et
1432 4223 1613 4280 natus,
1656 4230 1764 4270 non
1807 4222 1893 4271 est

296 4317 484 4367 verus,
514 4310 573 4356 ut
616 4308 674 4355 tu
715 4302 941 4367 asseris,
981 4301 1153 4358 Filius
1197 4302 1313 4368 Dei,
1364 4319 1467 4360 nec
1507 4320 1669 4361 verus
1713 4306 1887 4373 Deus;

295 4394 434 4465 quid
457 4401 722 4463 superest,
748 4392 851 4447 nisi
880 4402 941 4448 ut
970 4393 1057 4447 illa
1080 4392 1237 4449 beata
1264 4394 1430 4465 Virgo
1453 4410 1792 4467 nequaquam
1822 4398 1893 4454 sit

1981 3207 2121 3263 rium
2161 3204 2225 3258 de
2265 3200 2609 3271 Earcomm.):
2648 3222 2666 3254 ‹
2705 3202 2811 3257 Sed
2841 3218 2941 3259 nec
2973 3203 3103 3258 illud
3132 3203 3393 3267 dicimus,
3433 3206 3577 3275 quod

1981 3300 2078 3355 Dei
2101 3298 2340 3354 Verbum
2363 3295 2510 3351 velut
2538 3296 2593 3350 in
2617 3296 2834 3351 homine
2860 3296 3154 3361 communi,
3176 3296 3267 3365 qui
3296 3296 3362 3350 de
3388 3304 3577 3351 sancta

1987 3391 2205 3461 Virgine
2234 3397 2394 3443 natus
2434 3394 2541 3452 est,
2571 3387 2860 3452 habitarit;
2909 3402 2977 3441 ne
3015 3387 3183 3442 Deum
3224 3387 3383 3441 homo
3423 3386 3580 3441 Chri—

1982 3492 2100 3539 stus
2128 3481 2488 3537 habitatorem
2519 3479 2795 3550 possidere
2824 3480 3098 3535 credatur.
3143 3478 3401 3546 Quamvis
3431 3479 3576 3533 enim

1983 3570 2223 3630 Verbum
2251 3571 2524 3627 habitaret
2550 3570 2605 3625 in
2634 3570 2809 3637 nobis,
2837 3578 2893 3626 et
2918 3569 3121 3625 dictum
3145 3570 3253 3623 sit:
3276 3568 3345 3623 In
3366 3568 3576 3623 Christo

1984 3664 2221 3719 habitare
2274 3678 2478 3718 omnem
2527 3661 2906 3731 plenitudinem
2959 3661 3185 3716 Deitatis
3237 3662 3582 3732 corporaliter

1987 3753 2212 3829 (Coloss.
2245 3772 2309 3822 tt,
2341 3754 2430 3828 9);
2471 3762 2655 3811 tamen
2695 3754 3045 3826 intelligimus
3083 3766 3231 3817 eum,
3271 3754 3415 3824 quod
3453 3768 3582 3809 caro

1987 3847 2166 3903 factus
2190 3857 2309 3915 est,
2336 3864 2443 3905 non
2472 3849 2614 3904 sicut
2637 3849 2691 3904 in
2722 3855 2934 3905 sanctts
2951 3848 3197 3903 habitare
3221 3848 3450 3911 dicitur;
3483 3861 3584 3901 nec

1988 3941 2151 3996 talem
2190 3941 2247 3996 in
2290 3940 2408 4013 ipso
2449 3941 2841 3998 habitationem
2882 3940 3088 3996 tactam
3124 3939 3365 3995 difﬁnire
3408 3946 3583 3994 tenta-

1988 4049 2112 4090 mus
2149 4053 2162 4088 :
2208 4036 2305 4091 sed
2343 4036 2539 4092 unicus
2576 4035 2735 4108 juxta
2781 4044 3058 4097 naturam,
3105 4048 3209 4089 nec
3258 4032 3311 4087 in
3361 4044 3580 4087 carnem

1990 4133 2271 4191 mutatus,
2329 4125 2493 4179 talem
2545 4124 2648 4180 sibi
2702 4123 2833 4179 fecit
2884 4123 3273 4179 habitationem
3299 4161 3316 4186 ,
3368 4119 3582 4191 qualem

1991 4215 2172 4270 anima
2197 4213 2432 4270 hominis
2456 4215 2660 4271 habere
2683 4214 2923 4270 creditur
2950 4214 3004 4270 in
3033 4212 3251 4285 proprio
3272 4227 3519 4283 corpore.
3560 4233 3577 4265 ι

1994 4306 2199 4363 Unicus
2245 4306 2412 4378 igitur
2455 4315 2542 4363 est
2586 4306 2837 4363 Christus
2879 4306 3047 4362 Filius
3090 4305 3349 4361 Dominus
3377 4314 3586 4368 noster,

1993 4413 2102 4451 non
2128 4399 2277 4452 velut
2300 4397 2677 4467 conjunctione
2722 4398 2964 4471 qualibet
2995 4408 3052 4454 et
3078 4400 3285 4454 unitate
3311 4398 3589 4470 dignitatis

300 4502 435 4542 vera
463 4484 557 4540 Dei
585 4483 842 4555 genitrix,
878 4485 972 4539 sed
1012 4485 1393 4555 nuncupativa.
1433 4485 1571 4554 Quia
1611 4488 1659 4543 si
1686 4487 1775 4543 ille
1798 4488 1888 4559 qui
1921 4488 1968 4549 Ι)
1993 4496 2050 4542 et
2090 4490 2413 4545 auctoritate
2456 4490 2692 4545 hominis
2732 4491 2982 4545 habentis
3019 4491 3087 4545 ad
3116 4490 3305 4553 Deum,
3335 4506 3497 4560 quem
3531 4497 3585 4542 tn

299 4593 370 4634 ex
394 4592 464 4633 ea
490 4585 651 4630 natus
678 4583 763 4630 est
803 4576 1199 4645 nuncupativus
1222 4584 1308 4630 est
1334 4576 1497 4640 Deus,
1523 4578 1689 4633 etiam
1716 4586 1773 4634 et
1801 4578 1890 4633 illa

300 4685 425 4740 qua:
455 4667 644 4741 genuit
679 4667 1040 4736 uuncupativa
1067 4674 1173 4731 est,
1202 4681 1311 4722 non
1338 4682 1467 4723 vera
1504 4669 1598 4725 Dei
1633 4672 1890 4743 genitrix.

304 4760 372 4816 Et
401 4760 504 4814 hoc
527 4772 688 4827 quam
717 4755 939 4825 impium
966 4756 1039 4810 sit
1062 4755 1266 4823 dicere,
1298 4759 1464 4813 totius
1493 4761 1678 4816 mundi
1708 4761 1893 4817 latitu-

303 4852 430 4907 dine
471 4849 526 4903 in
561 4864 667 4919 qua
695 4846 944 4903 Christus
984 4856 1173 4917 regnat
1214 4856 1270 4903 et
1310 4849 1528 4917 colitur,
1569 4852 1897 4909 manifestis-

306 4945 445 4999 sime
472 4940 877 5010 comprobatur.
910 4936 1045 4993 Nam
1073 4948 1127 4994 et
1157 4939 1261 4993 hoc
1298 4938 1475 5011 ipsum
1510 4942 1670 4998 beato
1694 4942 1897 5014 Cyrillo

306 5030 673 5086 Alexandrino
704 5028 960 5097 episcopo
984 5027 1053 5082 ab
1092 5027 1362 5084 haereticis
1385 5030 1760 5099 objiciebatur,
1793 5034 1903 5089 sci-

308 5121 436 5179 licet
463 5122 677 5176 beatam
705 5118 980 5189 Virginem
1009 5134 1117 5173 non
1148 5134 1270 5175 esse
1298 5120 1392 5177 Dei
1421 5122 1739 5192 genitricem
1758 5165 1774 5190 ,
1807 5127 1903 5182 sed

311 5213 612 5287 appellari:
645 5213 803 5268 sicuti
845 5220 900 5267 et
936 5227 1034 5267 vos
1071 5213 1234 5269 modo
1275 5214 1461 5271 soletis
1486 5217 1689 5285 dicere,
1717 5217 1902 5277 Jesum

312 5305 591 5382 Christum
618 5318 727 5359 non
756 5317 876 5357 esse
904 5317 1092 5356 verum
1135 5303 1421 5362 Dominum
1461 5315 1515 5359 et
1552 5305 1746 5373 Filium
1786 5308 1905 5375 Dei,

314 5396 413 5452 sed
435 5393 715 5468 appellari,
739 5392 895 5465 quasi
923 5395 1366 5463 nuncupativum.
1396 5394 1472 5451 Ita
1497 5396 1666 5469 848
1687 5398 1906 5467 quidam

317 5486 672 5545 Nestorianus
682 5501 872 5547 contra
885 5491 1212 5547 catholicam
1227 5492 1386 5548 ﬁdem
1401 5493 1683 5566 disputans
1695 5494 1831 5549 dixit
1848 5506 1870 5534 ε
1891 5513 1903 5549 :

323 5598 343 5631 ε
386 5576 490 5645 Qui
536 5589 664 5636 ante
711 5580 906 5637 sarcula
950 5589 1059 5648 est,
1100 5581 1245 5639 Deus
1300 5592 1383 5639 est
1430 5602 1443 5639 :
1496 5584 1592 5639 sed
1652 5586 1908 5654 templum

1998 4582 2141 4637 soles
2176 4583 2521 4654 conjunctum
2560 4583 2695 4646 Deo,
2733 4585 2848 4639 sive
2873 4583 3188 4653 adoptatum
3215 4583 3477 4647 vocitare,
3504 4580 3587 4635 di-

1997 4678 2277 4733 vinitatem
2321 4693 2537 4750 quoque
2581 4687 2816 4748 gestare,
2863 4688 2950 4743 et,
2996 4679 3178 4734 nescio
3222 4692 3330 4748 quo
3375 4676 3589 4733 insolito

1998 4771 2164 4825 verbo
2205 4786 2357 4836 usus,
2399 4771 2732 4827 divinitatem
2776 4771 2967 4827 liniare
3002 4773 3159 4827 dicis.
3199 4771 3427 4827 Liniare.
3444 4769 3587 4824 enim

1998 4862 2159 4933 vulgo
2196 4863 2394 4918 dicitur
2436 4864 2504 4918 de
2548 4864 2830 4935 pingendis
2874 4864 2957 4919 vel
2996 4862 3302 4935 sculpendis
3344 4862 3588 4933 imagini-

2000 4953 2122 5018 bus,
2158 4954 2242 5008 vel
2287 4953 2549 5025 cujusque
2593 4955 2775 5025 operis
2816 4955 3005 5025 ﬁguris
3049 4956 3432 5026 ettprimendis.
3482 4954 3590 5009 Sed

2002 5042 2108 5097 hoc
2150 5042 2278 5113 quid
2320 5042 2388 5097 ad
2418 5041 2536 5097 Filii
2576 5043 2671 5098 Dei
2701 5044 3035 5099 divinitatem
3075 5045 3157 5098 vel
3198 5044 3589 5099 humanitatem

2002 5133 2305 5203 pertineat,
2336 5148 2445 5189 non
2474 5133 2732 5203 intelligo.
2765 5134 2919 5203 Quod
2956 5150 3102 5199 vero,
3135 5144 3198 5190 ut
3221 5134 3588 5206 praediximus,

2005 5230 2219 5293 gestare
2260 5238 2383 5277 eum
2422 5224 2760 5280 divinitatem
2798 5226 2954 5291 dicis,
3003 5226 3128 5281 audi
3173 5226 3302 5296 quid
3345 5239 3445 5295 pro
3488 5223 3591 5277 hoc

2008 5312 2277 5368 mercedis
2308 5315 2546 5384 accipias
2587 5330 2619 5369 a
2665 5317 2870 5372 sanctis
2915 5326 2972 5371 et
3009 5317 3289 5372 catholicis
3328 5316 3461 5371 viris
3498 5315 3590 5384 qui

2004 5415 2191 5459 contra
2222 5407 2363 5461 hanc
2388 5407 2636 5463 hmresim
2669 5416 2815 5463 tuam
2842 5409 3009 5464 multa
3031 5412 3313 5480 disputare
3338 5408 3592 5465 solebant

2005 5496 2087 5565 (S.
2119 5497 2329 5567 Cyrill.,
2363 5499 2636 5555 Anathan.
2665 5500 2739 5573 τ).
2774 5520 2792 5551 t
2829 5501 2886 5555 Si
2914 5503 3055 5572 quis,
3085 5502 3356 5572 inquiunt,
3387 5515 3591 5570 praesu-

2006 5589 2104 5642 mit
2128 5589 2308 5643 dicere
2337 5588 2608 5646 Deiforum
2637 5592 2907 5647 hominem
2936 5594 3235 5658 Christum,
3273 5599 3330 5647 et
3360 5606 3468 5646 non
3497 5604 3566 5658 po

392 5710 420 5739 ι
456 5699 634 5780 νει-1η
676 5707 800 5755 sunt
833 5698 1163 5759 Theodoreti
1206 5702 1259 5757 in
1302 5701 1715 5771 reprehensione
1744 5700 1900 5770 primi
1935 5697 2383 5756 Anathematismi
2414 5702 2554 5773 apud
2582 5702 2857 5773 Cyrillum.
