4136 6564
533 333 642 395 Ἃῦ

1389 328 1449 384 Β.
1490 329 1551 382 F.
1589 327 1818 386 ΑιΒιΝι
1857 327 1988 384 SEU
2027 324 2304 382 ALCUINI
2356 323 2644 382 OPERUM
2679 324 2862 381 PARS
2895 325 2982 382 ΙΙΙ.

3681 321 3796 378 illi

535 451 646 508 tius
670 447 842 504 Deum
865 460 992 500 vere
1033 459 1173 508 esse,
1217 443 1358 498 sicut
1401 441 1597 498 Filium
1637 443 1857 497 unicum
1897 449 2112 505 natura,
2143 449 2184 498 Α
2218 439 2303 494 illa
2331 453 2451 507 qua:
2474 440 2785 496 novissimis
2813 441 3147 512 temporibus
3171 456 3238 496 cx
3263 441 3482 513 Virgine
3506 441 3642 496 facta
3666 455 3797 496 eon—

534 536 830 596 secundum
867 534 1012 606 quod
1053 531 1251 587 factum
1295 539 1380 586 est
1404 531 1640 586 Verbum
1681 545 1832 596 caro,
1874 537 1931 584 et
1971 544 2121 584 com-

536 626 833 686 municavit
877 623 1124 696 proxime
1163 621 1316 676 nobis
1361 621 1622 692 sanguine
1666 627 1725 675 et
1760 635 1948 681 carne.
1991 633 2122 672 ana-

537 719 719 774 thema
744 717 833 770 sit.
869 733 889 767 ι
927 712 1053 768 llam
1080 713 1224 768 enim
1264 719 1349 766 est
1384 712 1475 766 hic
1523 711 1577 765 in
1620 710 1872 782 praesenti
1913 724 2122 766 merces

539 806 740 863 laboris
765 806 861 861 tui.
894 803 1081 873 Qualis
1105 810 1285 858 autem
1329 800 1511 856 futura
1555 801 1626 857 sit
1668 800 1736 855 ab
1774 799 1964 856 eodem
2006 801 2122 869 ipso

537 911 698 968 quem
725 897 780 950 in
803 902 1013 951 tantum
1040 892 1327 948 humiliare
1354 892 1562 955 niteris,
1592 899 1653 945 ut
1671 905 1888 946 omnem
1911 889 1961 943 ei
1983 890 2124 943 veri-

439 1045 448 1053 ,
540 994 706 1042 tatem
730 985 973 1042 filietatis
998 991 1057 1038 et
1084 989 1408 1055 potestatem
1446 980 1672 1036 Deitatis
1699 981 1940 1036 adimere
1963 993 2126 1032 eone-

541 1077 644 1143 ris,
675 1085 732 1130 tu
763 1075 878 1146 ipse
903 1074 1158 1146 probabis
1185 1071 1402 1144 quando
1428 1080 1554 1125 ante
1582 1068 1817 1124 tribunal
1842 1069 1960 1139 ejus
1978 1065 2126 1136 judi-

539 1167 744 1224 candus
786 1164 1012 1226 astabis.
1054 1162 1398 1232 Subjunguut
1439 1173 1652 1231 quoque
1690 1157 1897 1230 praefati
1939 1157 2128 1212 Patres

539 1258 608 1314 de
632 1257 824 1312 eadem
849 1270 911 1311 re
932 1255 1175 1314 dicentes
1201 1272 1212 1306 :
1250 1271 1270 1308 ι
1300 1251 1418 1306 Non
1445 1251 1585 1308 sicut
1613 1250 1667 1306 in
1689 1249 1844 1305 nobis
1863 1249 2128 1305 inhabitat

537 1348 705 1415 Deus,
733 1347 814 1404 sic
836 1354 895 1403 et
928 1344 986 1402 in
1013 1344 1251 1401 Christo.
1281 1343 1425 1400 Deus
1444 1343 1589 1400 enim
1617 1351 1738 1398 erat
1764 1342 1879 1413 ipse
1905 1350 2128 1397 natura-

536 1439 665 1498 liter
711 1453 981 1512 apparens
1026 1436 1322 1494 seeundum
1362 1451 1461 1492 nos
1486 1449 1731 1506 unusque
1769 1442 1826 1490 et
1864 1433 2012 1490 solus
2037 1433 2127 1490 Fi-

536 1530 664 1593 lius.
693 1540 750 1586 et
770 1529 982 1603 quando
1008 1527 1180 1584 factus
1201 1537 1285 1584 est
1306 1544 1458 1583 caro.
1484 1527 1584 1596 Qui
1614 1528 1774 1600 igitur
1797 1534 2129 1598 pnesumunt

539 1621 722 1677 direre
750 1617 1024 1674 Deiforum
1054 1620 1325 1674 hominem
1366 1631 1489 1672 eum
1517 1633 1661 1685 esse,
1705 1624 1762 1672 et
1805 1632 1908 1671 non
1950 1618 2130 1688 potius

538 1713 946 1771 lnlmmanatum
993 1710 1194 1774 Deum,
1243 1709 1552 1766 necessario
1601 1707 1960 1764 succumbunt
1997 1722 2128 1762 ana-

537 1800 787 1858 themati.
822 1818 843 1852 ι

613 1889 699 1949 Ill.
739 1889 907 1949 lilior
942 1903 1074 1946 vero
1113 1903 1285 1961 quare
1323 1886 1666 1944 introducere
1692 1902 1891 1974 novum
1919 1902 2127 1943 nuncu-

537 1982 773 2053 pationis
818 1983 872 2038 in
917 1981 1135 2040 Christo
1177 1998 1373 2039 nomen
1415 1998 1524 2038 non
1573 1983 1801 2048 timeas,
1850 1999 1976 2039 eum
2022 1982 2128 2037 hoc

541 2073 716 2145 ipsum
759 2083 1132 2130 antecessores
1173 2077 1250 2131 tui
1293 2075 1533 2131 haeretici
1563 2083 1884 2146 usurpantes
1917 2074 1987 2130 ab
2025 2075 2127 2130 Ec-

539 2165 720 2227 clesia
746 2165 978 2221 fuissent
996 2167 1374 2223 communione
1401 2168 1578 2223 divisi.
1607 2167 1696 2223 Ait
1722 2183 1952 2236 namque
1982 2169 2124 2223 idem

541 2255 732 2310 beatus
755 2255 989 2327 Cyrillus
1013 2275 1025 2311 :
1059 2276 1078 2309 ς
1111 2255 1410 2313 Caveamus
1431 2272 1560 2330 ergo
1583 2258 1648 2314 de
1669 2258 1887 2313 Christo
1908 2258 2123 2314 dicere:

537 2355 763 2415 propter
801 2357 1168 2405 assumentem
1215 2364 1448 2404 veneror
1491 2358 1858 2420 assumptum,
1905 2358 1963 2404 ει
2002 2363 2128 2419 pro-

539 2447 664 2513 pter-
691 2438 1013 2495 invisibilem
1039 2441 1208 2496 adem
1244 2441 1530 2496 visibilem.
1565 2461 1584 2494 ι
1628 2440 1970 2496 llorrendum
2000 2455 2128 2496 vero

539 2545 705 2601 super
731 2532 834 2588 hoc
857 2533 1023 2588 etiam
1063 2532 1194 2589 illud
1222 2534 1456 2606 adjicitis
1483 2553 1496 2588 :
1530 2553 1549 2584 ι
1583 2533 1683 2602 Qui
1711 2543 1994 2605 susceptus
2019 2543 2126 2599 est,

538 2635 667 2676 eum
713 2634 780 2676 eo
821 2623 912 2692 qui
959 2625 1228 2694 suscepit,
1277 2617 1722 2696 connuncupatur
1765 2626 1928 2682 Deus.
1967 2647 1987 2680 ι
2022 2626 2128 2695 Qui

539 2710 687 2766 enim
718 2711 834 2767 ι]ωο
861 2712 1011 2779 dicit,
1057 2713 1248 2769 dividit
1290 2714 1390 2788 [in]
1437 2715 1572 2771 duos
1593 2715 1841 2771 Christos
1866 2732 1994 2772 eum
2032 2717 2127 2788 qui

539 2816 684 2862 unus
705 2809 818 2867 est,
847 2804 1118 2861 hominem
1151 2821 1393 2861 seorsum
1424 2808 1478 2861 in
1507 2816 1715 2877 partem
1733 2849 1746 2872 ,
1773 2817 1829 2864 et
1854 2808 2024 2864 Deum
2053 2811 2130 2865 si-

539 2889 743 2946 militer
779 2892 830 2946 in
862 2902 1067 2964 partem
1103 2897 1469 2962 constituens;
1510 2897 1793 2953 evidenter
1817 2899 1962 2954 enim
1991 2899 2130 2955 divi-

538 2981 620 3036 dit
657 2984 938 3040 unitatem.
976 2985 1092 3041 Non
1127 3002 1256 3056 ergo
1284 2988 1424 3042 alter
1452 3003 1575 3043 cum
1604 2989 1779 3042 altero
1805 2990 2128 3046 coadoratur

541 3083 639 3146 aut
664 3089 1107 3148 connuncupatur
1131 3081 1304 3146 Deus;
1336 3082 1430 3138 sed
1459 3098 1598 3139 unus
1625 3083 1942 3156 intelligitur
1965 3083 2126 3140 Chri-

541 3179 661 3224 stus
688 3168 844 3227 Iesus
872 3172 1042 3230 Filius
1067 3175 1163 3231 Dei
1193 3176 1520 3247 unigenitus,
1551 3193 1657 3232 una
1701 3149 1963 3234 servitute
2004 3195 2128 3234 cum
2155 3149 2204 3214 ο

540 3264 760 3333 propria
788 3281 952 3322 car-ne
980 3269 1318 3325 venerandus
1350 3289 1364 3324 :
1398 3273 1487 3326 ubi
1531 3273 1674 3327 enim
1702 3283 1787 3328 est
1821 3275 1962 3328 nuda
1995 3291 2127 3330 nun-

539 3353 777 3429 cupatio,
804 3355 876 3416 ibi
905 3357 1087 3417 solidae
1108 3359 1354 3417 veritatis
1377 3360 1662 3433 denegatio
1680 3371 1782 3417 est.
1809 3362 1914 3418 Sed
1945 3379 2130 3419 revera

543 3448 883 3505 incarnatum
919 3451 1152 3507 dicimus
1182 3453 1518 3523 unigenitum
1559 3452 1754 3508 Filium
1785 3454 1882 3509 Dei
1923 3464 2134 3512 secreto

537 3540 710 3615 859
740 3541 833 3596 illo
859 3544 1118 3614 mysterio
1141 3543 1286 3614 quod
1324 3544 1436 3613 ipse
1476 3544 1625 3600 solus
1662 3546 1832 3599 novit.
1876 3545 2130 3601 Nostrum

543 3647 780 3702 namque
801 3639 885 3687 est
925 3633 1170 3697 credere,
1211 3634 1354 3688 illius
1396 3649 1577 3689 nosse.
1619 3634 1774 3702 Quod
1812 3645 1870 3692 tu
1911 3638 2134 3694 omnino

541 3723 741 3778 oblitus
781 3724 996 3780 conaris
1041 3724 1173 3780 illud
1217 3725 1427 3782 ratione
1469 3726 1796 3800 investigare
1839 3732 1984 3802 quod
2031 3731 2134 3789 fide

541 3815 792 3869 venerari
823 3815 1102 3872 debuisses
1132 3834 1143 3869 :
1180 3817 1400 3873 credere
1438 3816 1586 3872 enim
1627 3826 1779 3874 tuum
1807 3831 1956 3877 esset
1990 3823 2133 3894 quod

542 3907 687 3962 Deus
729 3906 825 3962 Dei
869 3908 1125 3974 Verbum,
1169 3915 1342 3964 totum
1380 3909 1680 3980 suscipiens
1715 3911 1858 3981 quod
1900 3914 2136 3969 hominis

543 4009 629 4057 est
648 4042 666 4068 ,
696 4017 855 4058 verus
882 4002 1044 4058 homo
1081 4003 1258 4060 factus
1285 4004 1387 4069 sit,
1418 4011 1474 4059 et
1500 4011 1774 4074 assumpta
1802 4005 2130 4069 humanitas,

544 4101 718 4147 totum
745 4093 1016 4165 accipiens
1039 4096 1184 4166 quod
1207 4095 1305 4152 Dei
1331 4103 1444 4162 est,
1480 4093 1626 4151 aliud
1655 4111 1815 4167 quam
1841 4095 1987 4153 Deus
2013 4113 2136 4154 esse

545 4197 656 4235 non
681 4183 873 4251 possit.

617 4267 707 4327 lV.
745 4270 874 4328 Mihi
920 4287 1138 4344 quoque
1164 4274 1356 4346 objieis
1384 4289 1492 4330 non
1523 4284 1670 4332 recte
1709 4275 2038 4333 intellexisse
2065 4278 2135 4334 de

548 4377 656 4432 qua
703 4370 897 4418 natura
943 4363 1136 4420 beatus
1179 4365 1475 4437 Gregorius
1515 4367 1764 4434 dixisset,
1807 4384 1932 4423 eum
1962 4371 2130 4424 ait“:

556 4471 574 4503 α
603 4450 762 4506 Aliud
790 4461 876 4509 est
905 4453 1152 4510 homines
1180 4464 1337 4510 natos
1365 4459 1596 4528 gratiam
1637 4457 1942 4528 adoptionis
1983 4460 2134 4515 acci-

548 4557 697 4612 pere,
731 4543 876 4598 aliud
905 4560 1073 4600 unum
1101 4546 1446 4617 singulariter
1470 4561 1569 4617 per
1611 4547 1908 4603 divinitatis
1943 4559 2135 4619 poten-

550 4634 679 4689 tiam
707 4635 877 4691 Deum
905 4651 970 4691 ex
1004 4637 1122 4708 ipso
1159 4645 1419 4707 conceptu
1449 4639 1748 4708 prodiisse:
1782 4659 1799 4691 ι
1833 4637 1902 4694 Et
1929 4639 2134 4711 gratias

549 4725 666 4794 agis
691 4726 834 4794 quod
865 4735 921 4781 tu
945 4727 1195 4783 eamdem
1238 4729 1562 4783 sententiam
1604 4729 1799 4785 melius
1831 4730 2132 4787 intellexis-

548 4830 661 4882 89$,
683 4833 912 4887 eamque
933 4819 1000 4873 de
1019 4817 1321 4884 divinitate,
1343 4836 1448 4875 non
1475 4821 1544 4877 de
1571 4821 1908 4877 humanitate
1933 4823 2132 4878 dictam

548 4923 669 4964 esse
701 4909 958 4966 afﬁrmas.
988 4909 1095 4966 Sed
1121 4912 1245 4982 quis
1268 4913 1342 4967 sit
1362 4913 1456 4984 qui
1490 4927 1588 4984 per
1615 4916 1912 4984 potentiam
1939 4914 2134 4970 divini-

547 5002 676 5056 tatis
697 5002 838 5058 Deus
860 5012 1152 5074 conceptus
1176 5005 1266 5070 sit,
1291 5020 1541 5077 agnosce.
1558 5004 1694 5060 Nam
1714 5007 1782 5061 de
1801 5007 1980 5062 divina
2002 5005 2126 5063 Filii

546 5088 647 5146 Dei
675 5090 955 5148 divinitate
1000 5093 1107 5148 dici
1153 5094 1424 5164 quomodo
1460 5102 1658 5166 potest,
1689 5096 1831 5166 quod
1865 5105 2130 5166 conceptu

549 5180 876 5249 prodiisset?
904 5182 1046 5238 Deus
1073 5183 1217 5241 enim
1241 5184 1436 5240 Filium
1477 5202 1633 5242 suum
1677 5189 2008 5254 unigenitum
2038 5205 2131 5260 geu-

549 5271 697 5338 nuit;
740 5290 847 5330 non
895 5293 961 5330 ex
1018 5276 1244 5334 alterius
1289 5286 1551 5350 conceptu
1601 5281 1920 5351 cujuslibet;
1969 5289 2129 5351 atque

549 5364 798 5419 eumdem
829 5365 992 5438 Virgo
1024 5383 1182 5423 saera
1203 5370 1268 5425 de
1300 5367 1504 5441 Spiritu
1541 5382 1731 5427 sancto
1763 5374 2029 5444 concepit.
2062 5374 2130 5428 de

547 5469 654 5526 qua
683 5457 795 5526 ipse
820 5456 990 5513 Filius
1019 5459 1110 5515 Dei
1131 5500 1146 5522 ,
1175 5461 1328 5529 quasi
1357 5477 1588 5531 sponsus
1616 5463 1683 5517 de
1714 5463 1974 5524 thalamo,
2007 5479 2132 5532 pro-

548 5545 730 5601 cessit.
761 5546 866 5604 Aut
891 5563 1012 5617 quae
1055 5557 1245 5606 natura
1271 5565 1368 5621 per
1398 5553 1693 5621 potentiam
1731 5551 1825 5606 Dei
1869 5553 2009 5606 facta
2045 5561 2130 5607 est

549 5638 693 5709 quod
731 5637 849 5694 est?
876 5637 957 5696 An
998 5639 1086 5695 illa
1131 5655 1225 5713 per
1255 5657 1413 5711 quam
1441 5644 1620 5699 omnia
1663 5643 1804 5697 facta
1848 5652 1990 5707 sunt,
2037 5653 2130 5698 aut

2160 4513 2209 4572 D

2221 531 2449 600 cipitur?
2469 530 2846 601 Expositorem
2870 539 2925 587 te
2949 531 3249 588 alienorum
3271 533 3537 589 dictorum
3555 531 3798 604 jactitas,

2220 635 2342 677 eum
2382 623 2471 676 vix
2512 638 2753 692 unquam
2801 631 2894 679 tua
2937 632 3085 679 recte
3131 621 3379 694 proferre
3425 622 3684 696 potueris.
3713 621 3800 677 Me

2221 727 2434 782 quoque
2459 714 2661 784 arguis,
2691 714 2784 784 qui
2813 714 2905 769 ubi
2935 724 3087 770 recte
3113 716 3418 787 arguendos
3443 731 3586 780 sum,
3613 729 3794 770 emen-

2221 807 2342 861 dari
2384 821 2492 861 non
2541 805 2766 877 refugio,
2810 805 2904 860 sed
2951 806 3131 876 potius
3180 806 3431 861 desidero
3472 813 3531 860 ct
3573 804 3798 859 multum

2221 909 2349 967 opto
2374 913 2388 949 :
2416 896 2510 952 sed
2532 905 2658 952 sunt
2684 895 2927 968 plerique
2951 897 3066 968 qui,
3091 897 3219 952 dum
3247 895 3382 952 alios
3404 895 3802 967 reprehendere

2224 990 2466 1060 cupiunt,
2496 990 2717 1046 omnino
2746 989 2918 1060 magis
2946 1005 3100 1044 suam
3137 988 3464 1059 imperitiam
3486 986 3800 1052 ostendunt.

2223 1095 2346 1151 quae
2383 1078 2522 1134 forte
2550 1078 2764 1134 occulta
2793 1077 2984 1134 fuisset
3026 1078 3071 1134 si
3119 1079 3438 1140 tacuissent,
3481 1077 3624 1131 sicut
3667 1075 3776 1131 seri

2223 1177 2375 1240 ptum
2404 1176 2527 1224 est:
2560 1167 2792 1233 Stultus,
2836 1166 2881 1221 si
2930 1169 3176 1233 tacuerit,
3223 1167 3430 1238 sapiens
3479 1163 3806 1238 reputabitur

2225 1258 2409 1332 (Prov.
2434 1275 2547 1314 xvii
2565 1299 2582 1324 ,
2605 1257 2721 1329 28).
2749 1256 2984 1313 Grandis
3010 1266 3097 1312 est
3128 1255 3272 1312 enim
3313 1256 3540 1310 stultitia
3567 1253 3707 1310 velle
3750 1261 3807 1309 te

2224 1351 2470 1422 proferre
2497 1350 2866 1408 testimonium
2893 1349 3035 1420 quod
3063 1365 3162 1421 per
3184 1349 3366 1404 omnia
3393 1356 3584 1404 eontra
3610 1352 3807 1401 temet-

2227 1442 2403 1514 ipsum
2440 1456 2562 1498 esse
2598 1439 2942 1497 manifestum
2984 1449 3088 1496 est.
3116 1438 3314 1494 Tribus
3353 1451 3590 1508 namque
3629 1435 3809 1494 modis

2226 1533 2533 1589 testimonia
2562 1533 2617 1587 in
2663 1533 2771 1587 tuis
2794 1531 3010 1601 scriptis
3047 1531 3393 1585 inveniuntur
3418 1528 3647 1600 prolata,
3671 1542 3812 1598 quo-

2226 1640 2348 1680 rum
2374 1625 2618 1694 quaedam
2649 1637 2750 1678 nec
2787 1622 2882 1678 tibi
2917 1636 3132 1687 nocere,
3176 1635 3277 1676 nec
3319 1619 3502 1675 favere
3534 1618 3810 1684 videntur,

2229 1729 2330 1770 nec
2370 1713 2592 1769 omnino
2618 1713 2688 1768 ad
2731 1723 2848 1768 rem
2895 1710 3180 1782 praesentis
3221 1707 3604 1780 disputationis
3642 1708 3812 1780 perti-

2159 1794 2202 1856 B
2227 1812 2385 1870 nent;
2409 1803 2554 1874 quod
2573 1803 2896 1860 certissimae
2918 1802 3232 1874 ignorantiae
3254 1799 3514 1856 indicium
3536 1809 3640 1856 est.
3658 1799 3814 1869 Qum-

2227 1895 2352 1952 dam
2396 1909 2529 1950 vero
2569 1895 2647 1948 sic
2687 1907 2720 1948 ι
2768 1901 2826 1949 te
2869 1901 3169 1965 ponuntur,
3207 1900 3272 1947 ut
3312 1899 3492 1947 tamen
3531 1892 3813 1948 nobiseum

2225 1993 2411 2056 agant,
2435 1993 2492 2041 et
2523 1985 2621 2040 tibi
2664 1999 2965 2056 repugnare
3009 1992 3197 2056 aperta
3225 1984 3454 2039 veritate
3478 1983 3810 2055 probantur;

2223 2077 2387 2148 quod,
2418 2086 2478 2132 ut
2502 2077 2872 2149 praediximus,
2901 2075 3143 2132 stultitia:
3167 2091 3275 2132 non
3309 2075 3550 2131 minima:
3585 2089 3675 2131 res
3701 2083 3811 2139 est,

2226 2179 2278 2224 te
2321 2184 2474 2223 arma
2517 2167 2830 2223 adversario
2857 2166 3186 2222 ministrare.
3226 2165 3482 2233 Quadam
3527 2173 3708 2221 autem
3737 2167 3814 2221 ita

2223 2262 2521 2334 protulisti,
2544 2269 2606 2316 ut
2627 2270 2830 2327 tamen,
2850 2260 2958 2315 nisi
2981 2275 3386 2331 corrumperes,
3409 2267 3463 2315 te
3485 2260 3634 2316 nullo
3652 2261 3816 2317 modo

2225 2352 2487 2422 adjuvare
2534 2353 2877 2418 viderentur;
2907 2352 3052 2422 quod
3099 2351 3320 2406 omnino
3367 2349 3646 2407 malevola:
3683 2365 3814 2407 con.

2225 2443 2469 2498 scientiae
2495 2442 2688 2497 vitium
2714 2457 2835 2498 esse
2865 2441 3239 2511 dignoscitur:
3271 2442 3326 2496 in
3355 2456 3582 2512 quorum
3611 2441 3812 2512 primo,

2228 2543 2288 2588 ut
2328 2532 2586 2600 diximus,
2620 2542 2671 2588 te
2708 2534 3080 2605 ignorantem,
3119 2533 3172 2588 in
3214 2532 3387 2588 altero
3429 2532 3724 2598 indoctum,
3754 2534 3812 2588 in

2230 2624 2393 2679 tertio
2440 2638 2572 2680 vero
2617 2623 2940 2680 maievolum
2987 2623 3289 2680 ostendisti.
3337 2623 3642 2680 Mirandum
3683 2639 3816 2696 ergo

2225 2725 2333 2780 est,
2359 2715 2442 2772 vel
2473 2716 2646 2786 magis
2673 2716 2985 2780 dolendum,
3015 2731 3113 2770 cur
3138 2715 3341 2771 audeas
3373 2725 3683 2771 sanctorum
3710 2714 3816 2770 Pa-

2229 2815 2372 2862 trum
2403 2806 2733 2864 lucidissima
2764 2808 3075 2863 testimonia
3103 2822 3475 2879 corrumpere,
3526 2808 3816 2864 immutare

2227 2909 2284 2956 et
2311 2901 2364 2954 in
2392 2899 2554 2954 alium
2590 2900 2886 2955 transferre
2915 2914 3134 2956 sensum
3160 2914 3324 2969 quam
3354 2900 3430 2955 illi
3463 2900 3554 2970 qui
3582 2899 3818 2971 scripse-

2231 2998 2376 3055 runt,
2420 2998 2738 3061 posuerunt,
2765 2991 2906 3046 sicut
2931 2990 3092 3060 paulo
3118 2998 3243 3045 ante
3267 2999 3320 3046 te
3349 2990 3542 3047 fecisse
3566 2992 3809 3061 probavi-

2233 3099 2374 3148 mus,
2402 3092 2458 3139 et
2492 3081 2547 3136 in
2579 3083 2764 3139 multis
2807 3090 3025 3138 tuarum
3065 3082 3371 3138 litterarum
3407 3082 3542 3138 locis
3584 3082 3820 3141 inveniri

2232 3183 2430 3248 potest.

2306 3267 2368 3322 V.
2409 3265 2486 3321 De
2515 3273 2706 3321 sancto
2731 3278 2967 3334 namque
2993 3263 3294 3321 Athanasio
3322 3263 3692 3321 testimonium
3719 3277 3821 3336 po-

2231 3359 2389 3414 suisti
2433 3359 2577 3429 quod
2606 3366 2755 3412 tuam
2797 3368 3003 3413 sectam
3040 3357 3279 3414 maxime
3305 3358 3577 3413 destruit:
3604 3365 3662 3413 et
3687 3357 3818 3414 dum

2233 3451 2372 3508 forte
2411 3451 2742 3521 intelligeres
2776 3451 3023 3522 qumdam
3051 3450 3108 3505 in
3153 3447 3270 3518 eius
3299 3449 3626 3504 testimoniis
3655 3448 3822 3504 verba

2233 3545 2341 3600 tuis
2368 3544 2615 3600 sensibus
2642 3543 2916 3599 contraria
2947 3556 3088 3606 esse,
3127 3541 3360 3598 omisisti
3404 3540 3460 3595 in
3486 3540 3668 3595 medio
3695 3555 3821 3609 qua:

2225 3622 2332 3700 ait,
2360 3651 2427 3689 ne
2455 3643 2646 3689 contra
2677 3641 2731 3688 te
2779 3633 2954 3703 ipsum
3002 3632 3187 3687 dicere
3217 3630 3503 3686 videreris.
3549 3628 3824 3685 Ponamus

2234 3729 2417 3799 itaque
2467 3727 2682 3799 plenam
2737 3726 2880 3781 illius
2940 3725 3297 3791 sententiam,
3369 3731 3432 3778 ut
3497 3729 3824 3792 agnoscatur

2233 3828 2432 3890 quanta
2465 3818 2669 3874 malitia
2714 3816 2984 3874 abstulisti
3014 3817 3158 3889 quod
3192 3815 3504 3870 firmissime
3538 3823 3728 3870 contra
3767 3821 3824 3870 te

2233 3925 2354 3966 esse
2375 3909 2609 3980 positum
2627 3908 2943 3980 intelligitur
2963 3905 3042 3978 (S.
3061 3905 3287 3972 Atham,
3307 3906 3458 3976 epist.
3479 3904 3550 3959 ad
3571 3903 3823 3976 Epictet.,

2234 4017 2292 4056 n.
2317 4000 2394 4060 3}.
2429 4017 2448 4050 ι
2477 3997 2755 4065 Quomodo
2781 4006 2996 4061 autem,
3023 3995 3229 4066 inquit,
3274 3995 3553 4066 ambigere
3595 3993 3819 4058 audent,

2235 4091 2329 4162 qui
2363 4091 2614 4145 dicuntur
2658 4088 2984 4151 Christiani,
3026 4088 3092 4153 si,
3125 4087 3216 4156 qui
3241 4102 3311 4142 ex
3359 4085 3527 4141 Maria
3554 4087 3824 4158 processit
3903 4125 3908 4128 ‹

2235 4179 2401 4245 Deus,
2451 4180 2620 4235 Filius
2648 4179 2865 4250 quidem
2906 4186 3099 4233 natura
3141 4184 3198 4234 et
3237 4177 3542 4232 substantia
3585 4176 3677 4230 Dei
3711 4185 3820 4239 est.

2235 4271 2530 4327 secundum
2576 4287 2795 4326 carnem
2838 4278 3018 4324 autem
3046 4284 3111 4325 ex
3157 4269 3365 4323 semine
3396 4267 3563 4322 David
3592 4276 3708 4332 est,
3749 4282 3820 4323 ex

2234 4376 2400 4418 carne
2427 4371 2608 4416 autem
2653 4368 2852 4416 sancta:
2889 4359 3102 4416 Mariae?
3132 4379 3150 4412 ι
3181 4358 3296 4414 Hoc
3322 4368 3502 4414 autem
3540 4358 3684 4428 quod
3727 4373 3816 4413 se-

2235 4452 2421 4525 quitur
2470 4451 2684 4506 tacuisti
2710 4492 2724 4514 ,
2776 4452 2919 4521 quod
2979 4459 3083 4505 tum
3139 4449 3448 4504 firmissime
3495 4448 3822 4504 contradicit

2233 4555 2414 4601 sectae.
2451 4563 2468 4594 ι
2496 4544 2634 4611 Quid
2662 4550 2842 4598 autem
2873 4552 3052 4613 putas,
3074 4541 3178 4606 ais,
3210 4541 3484 4597 temerarii
3516 4538 3645 4596 facti
3670 4551 3818 4606 sunt,

2231 4642 2290 4689 ut
2314 4628 2558 4690 dicerent
2589 4633 2884 4697 Christum,
2916 4633 3007 4704 qui
3033 4647 3198 4688 carne
3223 4646 3417 4703 passus
3444 4641 3531 4686 est
3551 4641 3609 4687 et
3635 4631 3818 4688 cruci-

2230 4726 2392 4793 fixus,
2421 4742 2526 4782 non
2555 4741 2674 4781 esse
2699 4725 2988 4780 Dominum
3010 4722 3346 4779 Salvatorem
3373 4731 3429 4778 et
3450 4721 3619 4777 Deum
3647 4729 3704 4776 et
3731 4721 3825 4778 Fi-

2229 4818 2359 4874 lium
2382 4817 2592 4874 Patris?
2615 4817 2716 4872 Aut
2736 4813 3004 4888 quomodo
3019 4814 3294 4870 Christum
3316 4813 3502 4868 volunt
3522 4813 3817 4878 nominari,

2229 4911 2324 4981 qui
2363 4911 2547 4968 dicunt
2575 4910 2627 4964 in
2655 4907 2929 4963 hominem
2961 4905 3233 4980 [sanctum
3253 4948 3267 4971 ,
3299 4905 3523 4977 perinde
3557 4914 3723 4976 atque
3762 4905 3817 4960 in

2233 5017 2398 5056 unum
2428 5001 2811 5071 prophetarum
2847 4998 3064 5054 venisse
3101 4997 3357 5062 Verbum,
3377 5012 3489 5051 nec
3516 4995 3690 5067 ipsmn
3719 4997 3820 5051 ho-

2235 5092 2459 5165 minem]
2492 5093 2711 5156 factum,
2744 5099 3048 5148 sumentem
3077 5105 3144 5144 ex
3175 5089 3338 5144 Maria
3369 5105 3594 5159 corpus;
3627 5090 3719 5144 sed
3743 5090 3822 5144 al~

2234 5192 2409 5239 terqu
2436 5198 2556 5239 esse
2583 5181 2881 5246 Christum,
2903 5189 2959 5237 et
2991 5182 3219 5236 alterum
3265 5182 3358 5237 Dei
3396 5182 3649 5244 Verbum,
3675 5182 3821 5250 quod

2235 5283 2360 5330 ante
2391 5273 2635 5338 Mariam,
2663 5282 2720 5329 et
2739 5281 2863 5329 ante
2892 5273 3087 5328 smcula
3114 5272 3283 5331 Filius
3309 5273 3576 5327 existebat
3607 5271 3822 5328 Patris?

2235 5366 2343 5421 Aut
2383 5366 2652 5438 quomodo
2697 5381 2818 5422 esse
2854 5365 3147 5422 Christiani
3193 5374 3451 5436 possunt,
3496 5367 3588 5444 qui
3631 5365 3824 5422 dicunt

2233 5459 2394 5514 alium
2422 5475 2542 5515 esse
2571 5459 2781 5523 Filium,
2812 5458 2974 5514 alimn
3017 5457 3108 5513 Dei
3151 5457 3318 5531 350
3341 5458 3615 5514 Verbum?
3638 5480 3658 5511 ι
3692 5457 3821 5516 limo

2233 5553 2470 5614 tacuisti,
2508 5561 2563 5606 et
2591 5551 2870 5623 sequentia
2902 5551 3136 5621 ejusdem
3168 5554 3447 5605 sententiae
3478 5553 3816 5628 assumpsisti

2231 5643 2326 5699 tibi
2357 5648 2407 5698 in
2442 5643 2723 5706 auxilium,
2751 5658 2870 5713 qua:
2895 5651 2948 5698 et
2975 5643 3090 5714 ipsa
3121 5643 3292 5697 valide
3322 5642 3416 5697 tibi
3449 5657 3568 5699 esse
3601 5656 3818 5700 contra-

624 5768 647 5799 ι
683 5753 739 5811 S.
768 5754 928 5826 Greg.
951 5756 1043 5814 lib.
1064 5774 1193 5817 xviri
1220 5757 1426 5826 .ilorai.,
1451 5774 1566 5832 cap.
1595 5758 1682 5826 52,
1710 5758 1931 5815 citatum
1955 5758 2021 5814 ab
2044 5757 2268 5813 Aleuino
2293 5756 2347 5812 in
2374 5757 2529 5829 epist.
2559 5755 2623 5810 ad
2649 5754 2906 5822 Felicem,
2935 5771 2986 5810 n.
3020 5755 3097 5820 10,
3130 5771 3289 5826 supra
3317 5753 3418 5811 col.
3450 5755 3567 5812 124.
