4136 6636
221 510 337 575 9.17

939 517 1353 574 δυωιΑΤιιῖΑ.
1394 548 1462 558 —-
1501 518 1660 572 ADV.
1700 515 1832 571 FEL

1934 514 1998 569 ΖΜ
2037 514 2218 570 LIBRI
2260 515 2366 570 VII.
2406 547 2475 556 —-—
2514 516 2642 572 [ΑΒ.
2690 518 2802 572 Ἠῐ.

3399 525 3506 582 218

224 632 315 689 ria
362 629 749 702 intelliguntur.
806 630 967 686 Ponis
1012 631 1256 701 ejusdem
1311 632 1487 687 Patris
1533 630 1814 686 Athanasii
1842 634 1893 691 Α
1920 629 1973 682 in
2020 629 2311 700 Evangelio
2338 630 2541 684 dictum
2580 641 2695 694 est,
2735 648 2842 701 quo
2870 641 2925 687 tu
2959 634 3264 691 testimonio
3308 640 3507 709 sepius

225 726 400 781 verba
442 725 670 779 dicentis
717 722 910 795 (ιὸἱά.)
941 743 955 779 :
988 742 1009 775 ι
1037 723 1155 782 Non
1181 740 1282 795 per
1324 725 1667 794 adoptionem
1704 724 1821 777 hate

228 812 378 871 facta
408 821 557 879 sunt,
585 813 761 879 absit;
788 813 932 869 sicut
957 814 1177 884 quidam
1208 814 1681 875 existimaverunt;
1725 811 1822 867 sed

230 909 378 964 sicut
400 915 484 963 est
519 907 740 973 veritas,
773 908 993 963 homine
1022 907 1164 964 facto
1194 906 1498 973 Salvatore,
1535 908 1701 961 totius
1728 905 1823 959 hu-

230 1000 381 1057 mani
410 999 626 1071 generis
653 1000 801 1055 salus
830 999 971 1055 facta
996 1010 1098 1056 est.
1130 1000 1189 1056 Si
1218 1002 1363 1056 enim
1391 1000 1679 1071 adeptione
1702 1005 1824 1053 erat

232 1089 291 1146 in
339 1103 570 1160 corpore
620 1090 858 1145 Verbum
909 1089 1204 1146 secundum
1252 1090 1399 1156 illos,
1450 1090 1592 1160 quod
1639 1096 1824 1143 autem

231 1181 529 1252 adoptione
555 1182 775 1248 dicitur,
804 1182 1090 1252 phantasia
1118 1190 1236 1247 est,
1280 1182 1551 1252 reperitur
1579 1188 1633 1235 et
1658 1187 1820 1250 puta-

232 1273 347 1329 tivc
365 1273 533 1331 salus.
555 1294 576 1328 ι
603 1274 837 1329 Videsne
861 1290 1023 1345 quam
1052 1272 1348 1330 fortissimo
1371 1274 1541 1328 ariete
1572 1270 1823 1327 falsitatis

234 1375 347 1422 tua:
373 1382 589 1422 murum
621 1367 722 1422 iste
753 1367 1169 1437 probatissimus
1197 1365 1475 1421 catholicae
1515 1363 1637 1419 ﬁdei
1666 1362 1824 1419 miles

232 1456 505 1515 destruit?
523 1458 615 1514 Ait
637 1459 857 1529 itaque:
886 1477 907 1511 ι
938 1458 1077 1526 Quid
1104 1466 1307 1523 autem,
1333 1457 1527 1529 putas?
1548 1454 1825 1511 temerarii

235 1545 373 1607 facti
420 1557 577 1615 sunt,
608 1560 670 1605 ut
704 1550 950 1606 dicerent
973 1549 1272 1615 Christum,
1301 1550 1392 1621 qui
1440 1563 1605 1604 carne
1632 1563 1825 1619 passus

234 1648 326 1697 est
352 1648 407 1695 et
430 1639 743 1707 cruciﬁxus,
774 1656 882 1695 non
910 1655 1034 1696 esse
1079 1641 1365 1697 Dominum
1407 1639 1745 1694 Salvatarem
1771 1646 1828 1693 et

235 1729 409 1788 Deum
437 1741 493 1788 et
517 1731 717 1789 Filium
745 1733 939 1789 Patris.
966 1753 984 1786 ι
1017 1733 1156 1789 Ecce
1199 1736 1482 1804 perspicue
1508 1731 1827 1787 temerarios

231 1834 334 1877 eos
354 1838 476 1879 esse
502 1831 715 1896 reputat
736 1824 829 1894 qui
856 1831 1055 1894 negant
1080 1824 1365 1879 Dominum
1388 1830 1444 1878 et
1464 1820 1826 1886 Salvatorem,

233 1917 292 1965 et
321 1912 514 1980 Deum,
540 1922 595 1969 et
620 1911 819 1970 Filium
846 1912 1027 1971 Patris
1050 1929 1169 1971 esse
1214 1913 1361 1968 illum
1399 1913 1491 1984 qui
1534 1910 1828 1968 crucifixus

1922 724 2128 777 uteris:
2156 720 2225 775 Et
2268 723 2491 777 vidimus
2519 723 2742 795 gloriam
2769 725 2903 795 ejus,
2934 727 3155 796 gloriam
3196 733 3347 800 quasi
3372 731 3505 789 Uni.

1922 814 2080 881 geniti
2105 830 2139 867 α
2171 813 2357 879 Patre,
2386 814 2598 884 plenum
2642 817 2827 885 gratia:
2864 827 2912 871 et
2965 821 3194 874 veritatis
3242 822 3424 891 (Joan.
3452 838 3507 891 ι,

1924 904 2013 975 li)
2040 922 2051 956 :
2077 912 2134 957 et
2157 903 2316 970 dicis,
2357 923 2375 956 ι
2403 905 2632 975 gratiam
2666 908 2734 960 ad
2779 907 3170 963 humanitatem
3214 913 3503 980 pertinere,

1924 994 2206 1048 veritatem
2249 1009 2380 1048 vero
2404 995 2472 1048 ad
2501 983 2859 1050 divinitatem.
2883 1016 2900 1048 ι
2946 997 3149 1052 Tamen
3176 1000 3319 1054 idem
3344 1015 3510 1055 evan-

1921 1086 2111 1157 gelista
2133 1102 2323 1153 unum,
2346 1087 2680 1159 unigenitum
2707 1104 2832 1143 eum
2860 1092 3176 1156 nominavit,
3207 1092 3262 1146 in
3291 1109 3399 1161 quo
3423 1102 3510 1147 est

1922 1176 2219 1235 secundum
2259 1176 2665 1248 intelligentiam
2712 1187 2861 1234 tuam
2902 1181 3077 1250 gratia
3114 1192 3172 1237 et
3197 1184 3419 1246 veritas,
3451 1182 3506 1240 id

1921 1279 2027 1335 est,
2058 1269 2287 1325 duarum
2315 1277 2653 1334 naturarum,
2678 1276 2739 1323 ut
2762 1285 2862 1325 nos
2902 1271 3225 1325 conﬁtemur
3246 1281 3300 1326 et
3337 1272 3512 1328 credi-

1923 1378 2069 1427 mus,
2115 1359 2376 1416 mirabilis
2419 1359 2679 1415 adunatio
2720 1362 2774 1416 in
2811 1378 2973 1417 unam
3014 1378 3302 1434 personam
3357 1373 3415 1420 et
3452 1364 3512 1421 in

1924 1473 2086 1513 unam
2110 1456 2235 1511 Filii
2262 1454 2358 1509 Dei
2386 1454 2751 1510 dilectionem.

1996 1546 2106 1601 Vll.
2136 1545 2377 1599 Alteram
2408 1560 2626 1615 quoque
2664 1544 3029 1616 evangelicam
3058 1547 3382 1602 sententiam
3416 1563 3517 1618 po-

1923 1637 2081 1693 suisti
2106 1652 2229 1693 cum
2250 1636 2587 1707 expositione
2608 1637 2751 1691 beati
2779 1637 3064 1708 Augustini
3094 1638 3279 1694 dicens
3306 1639 3510 1709 (Tract.

1925 1746 1993 1786 cx
2017 1731 2071 1784 in
2102 1727 2292 1794 10am,
2318 1745 2373 1783 n.
2400 1728 2456 1799 5)
2484 1747 2496 1782 :
2531 1747 2550 1779 ι
2576 1726 2644 1782 Et
2673 1728 2925 1792 dilexisti.
2954 1732 3145 1801 inquit,
3170 1748 3277 1795 eos,
3301 1735 3436 1787 sicut
3463 1744 3513 1789 et

1925 1836 2007 1874 me
2035 1818 2284 1874 dilexisti.
2315 1818 2374 1873 In
2401 1818 2537 1875 Filio
2579 1820 2778 1890 quippe
2820 1837 2921 1875 nos
2965 1820 3125 1877 Pater
3152 1823 3358 1893 diligit,
3387 1825 3514 1893 quia

1929 1911 1986 1966 in
2028 1911 2145 1980 ipso
2179 1926 2278 1966 nos
2320 1908 2484 1980 elegit
2522 1922 2649 1967 ante
2695 1913 3135 1968 constitutionem
3181 1917 3386 1971 mundi.
3410 1917 3513 1984 Qui

229 2011 351 2067 est;
384 2020 486 2060 nec
512 2005 632 2061 illos
652 2003 990 2062 Christianos
1010 2006 1245 2062 mstimat
1264 2005 1355 2075 qui
1385 2006 1512 2061 huic
1543 2004 1665 2061 ﬁdei
1694 2019 1827 2060 con-
1857 1989 1901 2049 Β
1927 2002 2074 2056 enim
2098 2001 2275 2072 diligit
2310 2001 2681 2073 Unigenitum,
2719 2002 2963 2073 profecto
2989 2005 3163 2077 diligit
3188 2015 3242 2060 et
3272 2010 3516 2066 membra

232 2094 541 2151 tradicunt:
564 2103 622 2151 et
639 2095 925 2152 verissime
943 2094 1175 2152 aﬁlrmat
1193 2096 1374 2154 omnia
1394 2111 1515 2167 qua:
1536 2096 1591 2151 in
1612 2093 1831 2153 Christo

231 2194 390 2257 gesta
418 2194 574 2253 sunt,
605 2187 724 2243 sine
758 2188 1047 2257 adoptione
1090 2187 1234 2244 facta
1275 2204 1415 2253 esse,
1446 2189 1540 2259 qui
1582 2188 1829 2259 adoptio-

232 2291 363 2334 nem
398 2276 531 2333 dicit
556 2278 901 2348 phantasiam
939 2293 1059 2334 esse
1095 2288 1152 2333 et
1184 2294 1290 2334 non
1322 2279 1632 2335 veritatem.
1656 2277 1830 2347 Quam

232 2383 372 2425 vero
408 2369 634 2440 impium
684 2377 770 2424 est
813 2368 972 2425 alicui
1023 2370 1117 2440 qui
1151 2384 1210 2424 se
1238 2368 1603 2426 Christianum
1650 2370 1829 2424 nomi-

231 2465 358 2525 nat,
386 2460 609 2515 credere
648 2473 749 2529 per
786 2459 1128 2531 phantasiam
1158 2457 1435 2517 Christum
1476 2476 1597 2518 esse
1634 2460 1831 2517 Filium

230 2551 374 2610 Dei?
413 2551 470 2607 In
496 2552 701 2608 Christi
732 2553 915 2622 itaque
943 2555 1280 2611 humanitate
1322 2557 1425 2612 iste
1450 2557 1833 2612 veracissimus

234 2644 435 2699 doctor
463 2642 586 2700 ﬁdei
614 2644 898 2699 catho'icaa
927 2646 1042 2701 hare
1068 2645 1208 2702 facta
1235 2662 1358 2704 esse
1401 2648 1560 2713 dixit,
1592 2650 1717 2718 quia
1750 2649 1834 2703 ni-

235 2735 318 2792 hil
348 2736 401 2790 in
431 2745 633 2791 :eterna
664 2738 1011 2807 generatione
1048 2739 1208 2795 Verbi
1240 2740 1335 2796 Dei
1365 2741 1566 2797 factum
1596 2758 1716 2798 esse
1751 2742 1834 2799 fas

235 2835 328 2883 est
373 2828 552 2884 dicere
579 2828 664 2882 vel
711 2830 956 2896 credere,
984 2831 1077 2901 qui
1120 2834 1342 2888 omnino
1381 2833 1712 2889 aitemaliter
1741 2850 1829 2905 ge-

235 2920 392 2975 nitus
430 2928 514 2976 est
554 2936 622 2975 ex
651 2919 832 2987 Patre,
874 2938 979 2978 non
1022 2923 1394 2994 temporaliter
1423 2923 1618 2981 factus.
1664 2926 1833 2993 Quale

235 3025 417 3079 usque
459 3011 826 3067 testimonium
864 3020 1052 3069 contra
1081 3022 1134 3070 te
1164 3015 1337 3085 ipsum
1363 3017 1615 3071 veracius
1644 3024 1697 3071 ct
1727 3016 1834 3072 for-

236 3104 354 3161 tius
383 3102 626 3160 invenire
655 3104 901 3175 potuisti,
929 3121 1090 3174 quam
1122 3108 1266 3177 quod
1312 3108 1416 3163 iste
1455 3109 1835 3166 sanctissimus

232 3202 299 3252 et
324 3193 704 3251 veracissimus
722 3195 1104 3253 ecclesiastica:
1126 3197 1248 3254 ﬁdei
1277 3201 1469 3256 doctor
1496 3202 1717 3266 astruit,
1740 3203 1832 3273 qui

232 3288 428 3343 omnia
466 3303 587 3359 qua:
630 3292 684 3344 in
717 3288 919 3346 Christi
966 3292 1342 3361 conceptione,
1374 3293 1678 3359 nativitate,
1708 3311 1832 3366 pas-

233 3381 402 3437 sione
442 3386 498 3435 et
524 3380 921 3436 resurrectione
962 3396 1059 3452 per
1101 3382 1384 3438 veritatem
1414 3383 1746 3451 ﬁrmissime,
1774 3394 1831 3442 et

183 3487 190 3492 '
232 3484 354 3528 non
398 3483 498 3538 per
524 3468 897 3538 adoptionem,
931 3471 1058 3541 quia
1106 3472 1450 3542 adoptionem
1488 3473 1833 3544 phantasiam

237 3561 400 3623 dicit,
431 3559 570 3615 facta
597 3559 859 3616 aﬁirmet?

316 3652 406 3707 Vl.
446 3651 609 3708 Ponis
649 3670 866 3726 quoque
893 3656 1057 3711 verba
1096 3657 1270 3713 sancti
1316 3656 1603 3730 Augustini
1642 3659 1709 3714 de
1738 3658 1836 3716 bo-

235 3743 394 3800 milia
436 3743 489 3797 in
527 3741 814 3811 Joannem,
856 3745 946 3802 tibi
990 3745 1067 3801 ait
1112 3746 1315 3817 (Tract.
1348 3764 1438 3804 siv
1464 3749 1519 3802 in
1558 3749 1744 3813 Joan.,
1776 3767 1832 3803 η.

236 3834 338 3905 ﬂ)
364 3851 377 3887 :
414 3852 431 3885 ι
462 3834 625 3889 Pater
654 3835 828 3907 diligit
856 3835 1074 3903 Filium,
1100 3836 1241 3911 [sed]
1264 3841 1537 3910 quomodo
1559 3839 1719 3895 Pater
1748 3840 1838 3897 Fi-

236 3923 402 3987 lium,
426 3939 531 3977 non
568 3926 840 3994 quomodo
866 3925 1117 3984 dominus
1140 3944 1388 3993 servum;
1419 3931 1688 4000 quomodo
1718 3931 1837 3985 uni-

234 4029 397 4079 cum,
416 4029 520 4069 non
537 4016 808 4085 quomodo
822 4018 1129 4088 adoptivum
1153 4017 1239 4091 [8.
1256 4018 1392 4091 Aug.
1405 4062 1419 4085 ,
1437 4020 1795 4095 adeptatum).
1810 4040 1829 4074 ι

236 4104 354 4161 Sed
384 4106 469 4159 his
495 4108 676 4162 verbis
704 4109 878 4162 sancti
908 4110 1192 4181 Augustini
1230 4112 1307 4165 tui
1335 4127 1530 4167 sensus
1554 4113 1711 4167 verba
1744 4113 1837 4165 ad-

237 4197 428 4253 didisti
454 4198 679 4273 dicens:
714 4217 735 4250 ‹
762 4198 830 4253 Et
871 4199 989 4262 hoc,
1021 4201 1067 4256 si
1094 4202 1159 4256 de
1186 4209 1416 4271 utraque
1458 4211 1652 4257 natura
1682 4204 1836 4259 simi-

233 4287 372 4345 liter
398 4288 601 4345 dictum
630 4288 796 4345 fuisse
825 4299 996 4360 putet,
1020 4293 1213 4349 doceat
1239 4295 1409 4365 prius,
1435 4296 1480 4351 si
1508 4296 1673 4360 valet,
1705 4313 1838 4366 quo-

233 4379 405 4437 modo
428 4379 593 4435 Filius
617 4381 709 4435 Dei
740 4383 792 4437 in
816 4380 988 4437 forma
1015 4385 1156 4438 servi
1183 4399 1373 4440 servus
1393 4384 1570 4441 Patris
1595 4402 1698 4441 non
1726 4387 1797 4441 sit
1820 4405 1833 4440 :

236 4471 389 4527 sicut
434 4471 488 4525 in
539 4470 819 4539 divinitate
867 4488 974 4527 non
1022 4489 1234 4539 servus,
1280 4474 1377 4531 sed
1422 4474 1612 4539 Filius,
1663 4492 1839 4547 neque

238 4562 531 4633 adeptivus
574 4558 738 4633 ﬁlius,
769 4564 863 4617 sed
907 4565 1157 4634 proprius
1198 4566 1468 4621 veraciter
1503 4566 1746 4621 creditur
1782 4575 1839 4620 et

237 4653 626 4726 praedicatur.»
654 4651 763 4710 Dios
790 4664 993 4719 autem,
1019 4656 1112 4710 Dei
1142 4655 1319 4713 Patris
1340 4658 1681 4713 sanctissima
1708 4672 1838 4713 voce

242 4744 449 4808 edocti,
474 4743 703 4805 dicimus
732 4744 785 4801 in
812 4753 1040 4815 utraque
1071 4756 1264 4804 natura
1295 4766 1421 4805 vere
1444 4767 1609 4805 unttm
1642 4751 1839 4806 Filium

245 4836 345 4895 Dei
375 4850 496 4891 esse
523 4832 707 4891 Iesum
736 4836 1032 4903 Christum,
1062 4840 1418 4912 eamdemque
1448 4841 1558 4897 Deo
1588 4842 1736 4896 Patri
1762 4852 1842 4897 to-

244 4933 364 4977 tum
397 4924 683 4989 dilectum,
712 4942 839 4993 non,
870 4936 930 4981 ut
959 4936 1015 4982 tu
1062 4929 1222 4995 reris,
1250 4944 1315 4985 ex
1343 4940 1499 5000 parte
1533 4940 1591 4984 ut
1623 4930 1838 4997 Filium,

240 5031 311 5073 es
346 5025 503 5086 parte
529 5031 659 5070 vero
701 5025 759 5072 ut
786 5033 1025 5084 servum,
1060 5019 1203 5089 quod
1232 5022 1453 5074 omnino
1489 5021 1839 5075 ridiculosum

242 5112 331 5161 est
362 5103 468 5159 dici
493 5119 507 5159 :
536 5104 631 5160 sed
661 5111 830 5160 totum
873 5106 1101 5161 dicimus
1130 5108 1283 5178 quasi
1319 5110 1597 5179 proprium
1636 5118 1693 5164 et
1722 5111 1842 5164 uni-

242 5209 371 5251 cum
407 5193 557 5265 diligi
589 5211 621 5249 a
647 5193 807 5249 Patre
836 5193 1053 5250 Filium.
1089 5194 1264 5267 Super
1302 5214 1495 5268 quem,
1544 5214 1694 5270 rogo,
1738 5214 1839 5254 vox

246 5284 391 5339 facta
421 5293 505 5340 est
532 5284 585 5338 in
630 5285 898 5354 baptismo
926 5286 1008 5339 vel
1052 5284 1107 5339 in
1138 5297 1323 5345 monte
1368 5296 1557 5343 sancto
1588 5306 1600 5341 :
1631 5286 1735 5342 llic
1765 5299 1840 5343 est

247 5366 427 5421 Filius
470 5384 615 5422 meus
662 5367 884 5424 dilectus
915 5366 1130 5438 (Matth.
1157 5386 1247 5433 Ill,
1280 5371 1373 5439 I7;
1402 5380 1451 5426 et
1480 5387 1623 5436 xvn,
1656 5372 1747 5440 5)?
1771 5390 1840 5428 an

245 5472 416 5529 super
452 5457 788 5513 divinitatem
833 5466 1064 5522 tantum,
1092 5466 1149 5513 et
1177 5477 1283 5516 non
1328 5476 1491 5532 super
1537 5462 1842 5517 humanita-

245 5550 400 5607 tem?
422 5550 568 5621 quod
608 5550 830 5621 impium
866 5560 951 5607 est
980 5552 1234 5616 credere;
1264 5560 1319 5608 et
1356 5562 1840 5623 prwsumptuosum

245 5650 333 5700 est
364 5643 566 5708 dicere,
600 5641 817 5702 Patrem
848 5660 955 5699 non
1002 5643 1226 5715 diligere
1267 5642 1461 5698 Filium
1507 5644 1560 5699 in
1592 5657 1841 5718 suscepta

250 5738 605 5793 humanitatis
631 5746 842 5799 natura,
871 5738 962 5808 qui
1008 5738 1087 5793 sic
1134 5739 1317 5793 imitus
1360 5755 1480 5794 esse
1516 5750 1731 5796 constat
1773 5758 1838 5797 ex

250 5826 465 5881 duabus
500 5829 836 5887 substantiis.
870 5836 929 5883 ut
956 5829 1025 5882 sit
1071 5845 1209 5883 unus
1237 5829 1565 5900 unigenitus,
1598 5846 1701 5886 non
1735 5832 1841 5887 duo

251 5917 379 5985 ﬁlii,
425 5935 562 5975 unus
605 5920 909 5991 unigenitus
951 5928 1006 5975 ct
1035 5919 1170 5976 alter
1208 5920 1506 5995 adoptivus.
1541 5920 1665 5979 Idco
1695 5922 1838 5979 enim

1856 3339 1904 3403 C

1926 2094 2066 2165 ejus,
2092 2109 2215 2164 qua:
2234 2094 2514 2164 adoptavit
2538 2094 2593 2149 in
2614 2110 2740 2150 eum
2779 2106 2835 2151 et
2863 2113 2962 2168 per
2983 2112 3128 2154 eum.
3152 2118 3169 2151 ι
3204 2099 3272 2155 Ει
3300 2102 3516 2159 tacuisti

1929 2186 2208 2257 sequentia
2231 2184 2473 2254 ejusdem
2500 2189 2874 2256 expositionis,
2900 2190 2991 2245 tibi
3021 2191 3098 2245 ait
3122 2192 3263 2247 idem
3292 2194 3513 2251 doctor:

1936 2295 1955 2328 ι
1984 2276 2095 2331 Nec
2136 2277 2257 2332 ideo
2286 2291 2446 2346 pares
2482 2292 2669 2332 sumus
2712 2279 2991 2349 unigenito
3019 2279 3179 2346 Filio,
3220 2298 3317 2352 per
3355 2300 3516 2354 quem

1930 2368 2101 2424 creati
2127 2375 2181 2423 et
2225 2368 2457 2422 recreati
2488 2384 2706 2431 sumus,
2750 2369 2877 2438 quia
2909 2371 3109 2426 dictum
3136 2382 3248 2435 est,
3287 2373 3517 2430 dilexisti

1930 2474 2040 2524 eos,
2065 2458 2198 2512 sicut
2227 2466 2275 2511 et
2303 2474 2384 2512 me
2414 2458 2645 2513 dilexisti
2666 2478 2683 2510 ι
2718 2460 2901 2531 (Joan.
2931 2476 3066 2525 xvii,
3096 2462 3210 2530 25).
3241 2464 3521 2535 (Uuigeni-

1930 2559 2045 2605 tum
2073 2550 2227 2614 dicit,
2258 2566 2357 2619 per
2377 2564 2538 2621 quem
2566 2551 2729 2622 851
2755 2553 2924 2607 creati
2953 2570 3139 2609 sumus
3163 2562 3217 2608 et
3242 2560 3472 2612 recreati
3500 2572 3516 2611 :

1932 2658 2098 2697 unum
2143 2641 2509 2712 unigenitum,
2543 2659 2649 2696 non
2686 2643 2821 2698 duos
2870 2645 3175 2715 unigenitos
3218 2657 3519 2702 creatorem

1931 2741 1988 2787 et
2032 2742 2415 2789 recreatorem.
2448 2733 2503 2789 Si
2542 2742 2626 2789 est
2669 2736 2997 2807 unigenitus,
3040 2754 3147 2793 non
3183 2749 3360 2808 potest
3400 2756 3522 2797 esse

1932 2825 2260 2895 adoptivus),
2297 2843 2315 2875 ι
2344 2825 2489 2896 quod
2525 2826 2659 2880 nihil
2686 2826 2831 2881 aliud
2865 2836 2948 2883 est
2976 2828 3178 2895 dicere,
3221 2847 3385 2902 quam
3429 2833 3521 2887 di-

1931 2916 2104 2973 lexisti
2132 2934 2238 2981 eos,
2265 2918 2515 2988 quoniam
2539 2931 2587 2972 et
2620 2935 2701 2972 me
2737 2918 2992 2985 dilexisti,
3031 2938 3138 2977 non
3168 2923 3315 2978 enim
3343 2938 3518 2979 mem-

1932 3008 2031 3063 bra
2066 3024 2173 3064 non
2208 3008 2460 3077 diligeret
2495 3008 2586 3077 qui
2635 3009 2812 3079 diligit
2840 3010 3055 3066 Filium.
3081 3012 3188 3068 Aut
3226 3015 3329 3070 alia
3356 3032 3521 3074 causa

1932 3107 2046 3162 est,
2076 3098 2330 3168 diligendi
2374 3099 2616 3153 membra
2662 3099 2798 3167 ejus,
2840 3102 2945 3157 nisi
2985 3103 3112 3172 quia
3143 3104 3319 3174 diligit
3360 3110 3523 3164 eum?

1936 3185 2046 3243 Sed
2077 3187 2249 3256 diligit
2276 3186 2473 3241 Filium
2501 3190 2800 3243 secundum
2828 3190 3189 3259 divinitatem,
3215 3194 3341 3262 quia
3370 3194 3521 3251 illum

1936 3279 2198 3349 :equalem
2228 3279 2332 3333 sibi
2361 3280 2575 3346 genuit;
2606 3280 2783 3351 diligit
2804 3296 2929 3335 eum
2951 3282 3117 3338 etiam
3146 3288 3441 3341 secundum
3469 3287 3523 3343 id

1932 3370 2076 3439 quod
2104 3371 2267 3426 homo
2285 3379 2390 3436 est,
2418 3370 2545 3439 quia
2570 3370 2744 3442 ipsum
2772 3374 3105 3443 unigenitum
3135 3376 3370 3432 Verbum
3395 3394 3526 3434 caro

1933 3457 2135 3515 factum
2174 3470 2286 3525 est,
2327 3470 2382 3515 et
2427 3469 2648 3531 propter
2691 3462 2930 3519 Verbum
2971 3475 3053 3520 est
3081 3467 3130 3521 ei
3167 3467 3331 3522 chara
3364 3470 3524 3526 Verbi

1933 3564 2081 3604 caro.
2104 3548 2210 3605 Nos
2232 3560 2414 3606 autem
2432 3549 2608 3623 diligit
2627 3554 2882 3622 quoniam
2905 3571 3092 3612 sumus
3112 3558 3229 3629 ejus
3251 3562 3520 3616 membra:

1934 3643 2267 3712 propterhoc
2288 3658 2387 3698 nos
2405 3643 2590 3699 dilexit
2607 3656 2897 3715 antequam
2913 3664 3172 3704 essemus.
3189 3651 3527 3723 Quapropter

1936 3734 2495 3804 incomprehensibilis
2535 3745 2621 3791 est
2644 3737 2865 3794 dilectio
2890 3756 2995 3809 qua
3023 3740 3195 3813 diligit
3239 3741 3404 3807 Deus,
3431 3759 3527 3799 ne-

1937 3841 2044 3894 que
2073 3826 2368 3881 mutabilis.
2390 3847 2409 3878 ι
2455 3826 2672 3897 Aliquid
2700 3844 2828 3884 vero
2854 3831 3182 3900 singularius
3223 3832 3530 3905 intelligen—

1936 3914 2065 3970 dum
2092 3926 2177 3972 est
2216 3917 2270 3972 in
2300 3917 2588 3975 dilectione
2617 3917 2737 3974 Filii
2765 3922 2874 3987 sui,
2912 3938 3077 3992 quam
3119 3925 3294 3979 nostri
3334 3941 3530 3986 sensus

1936 4016 2231 4077 paupertas
2262 4007 2561 4079 intelligere
2602 4011 2792 4079 possit.
2837 4010 2989 4067 Unde
3015 4023 3071 4068 et
3102 4014 3243 4069 idem
3270 4016 3528 4086 pnufatus

1938 4098 2131 4153 doctor
2176 4098 2233 4153 in
2262 4097 2368 4152 alio
2394 4098 2514 4156 loco
2550 4100 2793 4170 ejusdem
2822 4102 3021 4173 operis,
3062 4106 3352 4173 quamdam
3397 4123 3527 4177 pro-

1938 4189 2223 4258 prietatem
2253 4188 2557 4245 dilectionis
2597 4190 2651 4245 in
2681 4190 2877 4247 Filium
2908 4192 3034 4259 Dei,
3062 4200 3358 4252 secundum
3383 4198 3528 4267 quod

1940 4281 2102 4337 homo
2148 4280 2322 4337 factus
2364 4291 2477 4349 cst,
2508 4298 2629 4339 esse
2668 4285 2990 4355 designavit.
3021 4287 3111 4342 Ait
3154 4290 3336 4359 itaque
3384 4291 3525 4347 idem

1940 4370 2122 4444 (Aug.,
2150 4371 2324 4427 Tract.
2351 4388 2457 4427 xxv
2479 4375 2534 4428 in
2553 4374 2741 4440 Joan.,
2764 4393 2818 4431 η.
2845 4377 2933 4448 ll)
2960 4397 2971 4432 :
3003 4398 3022 4429 ι
3053 4378 3207 4434 Ilum:
3234 4384 3370 4435 enim
3388 4381 3527 4439 Deus

1946 4463 2107 4518 Pater
2135 4466 2356 4536 signavit
2386 4466 2569 4537 (Joau.
2594 4485 2644 4523 vi
2662 4508 2678 4533 ,
2708 4468 2824 4541 27).
2852 4469 3078 4542 Signare
3106 4473 3237 4542 quid
3281 4484 3360 4527 cst
3379 4516 3395 4539 ,
3425 4476 3529 4531 nisi

1938 4555 2217 4626 proprium
2243 4555 2445 4625 aliquid
2471 4559 2710 4627 ponere?
2739 4559 2845 4614 hoc
2873 4569 2955 4615 est
2981 4562 3127 4616 enim
3162 4563 3399 4633 signare,
3427 4564 3529 4619 im-

1940 4659 2143 4714 ponere
2176 4645 2398 4715 aliquid,
2430 4662 2538 4717 quo
2579 4664 2686 4703 non
2717 4648 3080 4705 confundatur
3123 4669 3245 4706 eum
3291 4656 3525 4711 cieteris.

1947 4734 2175 4806 Signare
2200 4746 2301 4801 est,
2332 4739 2545 4809 signum
2571 4740 2621 4795 ei
2649 4738 2766 4812 μ’..
2795 4740 3003 4811 signum
3034 4744 3132 4817 rei]
3157 4762 3378 4815 ponere.
3404 4750 3530 4805 Cui-

1945 4841 2158 4896 cunque
2188 4827 2267 4883 rei
2296 4829 2451 4898 ponis
2479 4830 2709 4899 signum,
2739 4832 2859 4888 ideo
2894 4835 3049 4903 ponis
3070 4837 3280 4905 signum
3312 4856 3378 4894 ne
3401 4855 3532 4896 con.

1944 4918 2065 4975 fusa
2107 4936 2232 4975 cum
2271 4922 2393 4977 aliis
2431 4938 2461 4977 a
2493 4930 2544 4978 te
2573 4941 2680 4980 non
2709 4928 2881 4996 possit
2918 4931 3156 4999 agnosci.
3196 4930 3360 4987 Pater
3399 4948 3533 5005 ergo

1944 5019 2177 5090 signavit
2201 5034 2343 5082 eum,
2374 5021 2654 5090 proprium
2677 5023 2750 5078 illi
2776 5024 3029 5093 quiddam
3053 5027 3217 5091 dedit,
3232 5043 3299 5082 ne
3319 5030 3534 5089 ueteris

1943 5119 2288 5177 comparetur
2320 5110 2650 5167 hominibus.
2695 5112 2820 5169 Ideo
2863 5130 2992 5185 ergo
3037 5117 3111 5173 illi
3157 5119 3360 5173 dictum
3402 5130 3526 5177 est:

1948 5193 2108 5251 Unxit
2136 5205 2185 5251 te
2212 5196 2378 5261 Deus,
2407 5197 2548 5253 Deus
2576 5208 2698 5258 tuus
2729 5201 2842 5256 oleo
2872 5203 3238 5260 exsultationis
3269 5224 3381 5277 prie
3405 5226 3529 5279 par-

1941 5286 2183 5357 ticipibus
2210 5287 2315 5343 tuis
2359 5286 2533 5358 (Psal.
2558 5304 2703 5356 xuv,
2727 5290 2805 5358 8).
2835 5291 2979 5363 Ergo
3019 5294 3236 5367 signare
3262 5298 3407 5367 quid,
3446 5307 3531 5353 est

1944 5385 2228 5446 exceptum
2264 5378 2495 5441 habere,
2532 5379 2635 5434 hoc
2677 5390 2797 5444 est,
2842 5397 2953 5451 prae
2995 5384 3349 5456 participibus
3400 5389 3526 5443 tuis.

1944 5468 2130 5539 Itaque
2160 5469 2346 5534 nolite,
2380 5471 2577 5540 inquit,
2607 5487 2694 5528 me
2727 5482 3094 5541 contemnere,
3120 5480 3243 5547 quia
3268 5480 3409 5534 ﬁlius
3434 5483 3531 5536 lzo-

1947 5559 2109 5615 minis
2134 5573 2275 5621 sum,
2319 5568 2375 5614 et
2410 5562 2635 5628 quzcrite
2676 5578 2707 5617 a
2750 5577 2837 5618 me
2870 5564 3072 5630 cibum,
3101 5582 3207 5620 non
3235 5569 3326 5638 qui
3364 5570 3529 5638 perit,

1944 5650 2039 5704 sed
2064 5650 2156 5720 qui
2186 5660 2467 5719 permanet
2500 5652 2553 5707 in
2576 5654 2743 5709 vitam
2771 5662 3049 5712 aeternam.
3074 5677 3092 5712 ι
3127 5658 3291 5716 Ponis
3317 5676 3533 5733 quoque

1942 5741 2264 5794 sententiain
2304 5740 2370 5796 de
2417 5741 2568 5799 libris
2608 5743 2752 5799 beati
2794 5744 3089 5812 Ambrosii,
3126 5766 3262 5820 quos
3304 5753 3371 5805 de
3398 5750 3532 5808 Fide

1943 5830 2249 5886 Christiana
2278 5834 2581 5903 composuit
2607 5833 2839 5904 (Ambn,
2872 5835 2937 5890 de
2961 5834 3175 5891 Incarn.
3202 5839 3375 5903 Dolon,
3402 5854 3528 5911 cap.

1942 5921 1996 5987 6,
2022 5939 2076 5978 ιι.
2106 5921 2214 5995 5η).
2250 5943 2267 5973 ι
2296 5922 2613 5997 Enicrgunt,
2660 5925 2855 5998 inquit,
2884 5926 3000 5991 alii,
3040 5929 3129 5998 qui
3157 5944 3373 5987 carnem
3419 5929 3525 5985 Do-
