4136 6574
532 330 637 387 919

1397 333 1459 388 Β.
1498 334 1559 388 F.
1601 331 1825 389 ALBI'NI
1865 330 1995 387 SEU
2037 329 2314 386 ALCUINI
2354 329 2641 387 OPERUM
2680 328 2857 387 PARS
2898 330 2983 384 ιιι.

3706 327 3819 382 220

530 446 659 501 mini
684 445 888 513 dicant,
910 456 963 503 et
988 447 1325 503 divinitatem
1343 448 1502 503 unius
1523 457 1747 503 natum.
1765 447 1893 513 Qua:
1913 454 2117 501 tantum
2146 453 2195 507 Α
2222 444 2307 499 vel
2346 460 2413 499 ex
2441 445 2708 500 catholica
2746 452 3057 499 sanctorum
3102 442 3324 497 Patrum
3373 443 3822 513 interpretatione

530 537 874 608 sacrilegium
906 536 1115 592 inferna
1144 539 1501 593 vomuerunt?
1529 557 1547 590 ι
1579 537 1693 592 lloc
1721 536 1925 599 nescio,
1956 549 2125 604 quare

532 625 737 683 dixisti.
780 625 913 693 Quis
945 626 1244 683 catholicus
1272 644 1435 682 unam
1467 634 1715 682 naturam
1745 625 2043 681 divinitatis
2070 633 2127 677 et

532 718 715 773 carnis
740 729 861 772 esse
890 718 1100 773 credit?
1129 718 1236 774 Sed
1264 732 1433 788 quare
1474 717 1690 771 tacuisti
1730 715 1971 786 ejusdem
2002 730 2126 769 sen-

532 810 716 864 tentia:
763 810 1008 876 initium,
1057 811 1146 864 ubi
1191 810 1333 865 idem
1372 809 1563 864 doctor
1591 808 1670 863 ait
1711 807 1877 878 (idem
1922 805 2121 875 ibid.);

538 915 558 949 ι
588 898 664 954 De
711 898 857 952 nullo
900 899 1286 970 prophetarum
1329 899 1536 954 dictum
1579 906 1694 963 est,
1734 898 1861 968 quia
1890 896 2125 952 Verbum

531 1006 661 1046 caro
687 989 887 1046 factum
922 999 1042 1044 est:
1073 990 1251 1045 nullus
1295 991 1685 1061 prophetarum
1727 987 1954 1068 abstulit
2002 1003 2127 1057 pec-

533 1091 655 1139 cata
685 1083 888 1137 mundi.
918 1083 994 1138 De
1022 1082 1170 1137 nullo
1195 1083 1301 1136 alio
1331 1083 1533 1137 dictum
1563 1091 1683 1137 est:
1721 1079 1821 1134 Hic
1847 1090 1922 1134 est
1953 1078 2128 1132 Filius

533 1192 681 1229 meus
707 1174 946 1236 dilectus,
987 1176 1044 1227 in
1080 1192 1182 1245 quo
1214 1175 1342 1228 mihi
1390 1176 1516 1230 bene
1563 1172 1855 1245 complucui
1907 1170 2125 1245 (Matth.

534 1288 620 1336 ιιι,
651 1271 761 1342 l7).
793 1271 869 1326 De
901 1270 1046 1325 nullo
1076 1271 1460 1340 prophetarum
1491 1271 1720 1342 legimus
1756 1269 1899 1341 quod
1926 1268 1997 1324 sit
2026 1269 2131 1322 Do-

535 1362 717 1417 minus
762 1362 1082 1432 majestalis,
1114 1363 1259 1432 quod
1301 1365 1367 1416 de
1395 1361 1613 1418 Christo
1645 1362 1934 1433 Apostolus
1959 1359 2127 1424 dixit,

536 1471 697 1525 quem
723 1455 890 1510 Judaei
923 1455 1327 1510 crueiliXerunt.
1355 1475 1373 1503 ι
1407 1455 1559 1511 Unde
1588 1464 1643 1510 et
1672 1456 1815 1510 idem
1855 1454 2047 1508 doctor
2076 1452 2129 1507 in

536 1546 727 1601 eodem
769 1562 932 1616 opere
970 1546 1037 1601 de
1070 1546 1332 1601 divisione
1374 1544 1492 1617 [Ρη
1518 1544 1748 1617 visione]
1796 1545 1935 1599 inter
1968 1543 2130 1599 Chri-

541 1645 707 1703 stum,
737 1636 992 1708 Moysem,
1016 1646 1072 1691 et
1100 1637 1291 1702 Eliam,
1321 1638 1410 1706 qui
1442 1637 1492 1689 in
1522 1644 1705 1691 monte
1727 1651 1852 1689 cum
1881 1650 1948 1689 eo
1973 1646 2134 1703 appa-

541 1736 786 1794 ruerunt,
817 1728 978 1783 verba
1006 1744 1213 1799 ponens
1244 1729 1317 1783 ita
1348 1728 1422 1782 ait
1451 1728 1682 1797 (Ambr.,
1722 1727 1817 1781 lib.
1845 1744 1860 1781 l
1887 1726 1951 1781 de
1974 1725 2129 1790 Fide,

2223 537 2545 605 composuit,
2570 546 2631 590 ut
2657 536 2913 601 diximus,
2944 534 3250 591 nullatenus
3270 535 3373 589 iste
3396 549 3587 590 sensus
3612 534 3822 588 iuveni-

2226 636 2333 680 tur.
2356 628 2501 683 Dicis
2520 628 2738 698 utique:
2768 645 2787 678 ι
2809 639 2875 682 ex
2901 626 3307 697 trangressione
3330 626 3396 679 de
3422 639 3587 679 carne
3611 620 3821 696 peccati

2224 717 2520 782 sordidum,
2549 733 2710 788 quam
2758 717 2983 771 induere
3028 717 3279 787 dignatus
3325 724 3426 772 est.
3453 737 3469 768 ›
3505 713 3664 771 Iesus
3691 729 3822 770 vero

2223 818 2462 864 aeternus
2500 810 2753 866 sacerdos
2799 810 3095 865 secundum
3138 810 3383 865 ordinem
3430 808 3819 866 Melchisedech

2226 918 2334 957 non
2378 902 2568 958 habuit
2601 918 2823 959 carnem
2863 903 3243 972 peccatricem,
3274 902 3401 973 quia
3450 902 3596 956 nulla
3644 911 3821 958 trans-

2226 994 2434 1062 gressio
2481 994 2535 1048 in
2577 1009 2743 1048 carne
2792 994 2936 1048 illius
2983 993 3115 1060 fuit,
3162 994 3256 1049 sed
3302 993 3600 1048 similitudo
3641 994 3826 1050 carnis

2228 1084 2473 1154 peccati:
2504 1100 2605 1139 nec
2646 1083 2753 1138 ulla
2781 1085 3041 1139 adustura
3087 1086 3293 1157 peccati
3325 1086 3379 1141 in
3409 1096 3639 1156 corpore
3678 1086 3824 1141 illius

2226 1166 2507 1245 apparuit,
2539 1176 2634 1232 sed
2662 1184 2724 1230 ut
2761 1175 2883 1230 lana
2928 1177 3052 1243 illa,
3097 1186 3154 1232 et
3183 1177 3380 1232 munda
3427 1176 3631 1249 absque
3675 1178 3822 1231 omni

2228 1268 2467 1323 tinctura
2513 1268 2753 1338 peccati,
2795 1276 2851 1323 et
2894 1284 3107 1341 gemma
3157 1269 3522 1334 lucidissima,
3568 1269 3825 1338 omnique

2229 1357 2431 1413 mundo
2458 1360 2750 1428 pretiosior
2786 1360 3191 1416 sanctissimum
3235 1376 3431 1431 corpus
3457 1360 3658 1417 Christi
3704 1361 3825 1416 abs-

2228 1465 2337 1521 que
2379 1451 2527 1506 omni
2558 1452 2717 1507 sorde
2743 1453 3166 1524 trangression'is
3194 1453 3527 1523 perlucidum
3575 1452 3823 1508 fulserat.

2232 1540 2403 1611 Hujus
2428 1558 2559 1597 vero
2588 1544 2810 1599 visionis
2836 1545 3246 1615 intelligentiam
3273 1546 3325 1599 in
3355 1553 3589 1600 tractatu
3615 1542 3829 1616 praefati

2233 1632 2413 1703 operis
2440 1634 2580 1689 idem
2609 1635 2797 1690 doctor
2819 1636 3049 1691 eximius
3088 1636 3375 1707 dupliciter
3405 1636 3715 1707 explanavit
3740 1636 3824 1710 (S.

2238 1728 2459 1782 Hieron.
2487 1729 2542 1781 in
2571 1746 2687 1799 cap.
2718 1743 2780 1783 ιιι
2824 1728 3034 1799 Zach.).
3064 1727 3225 1783 quta
3273 1729 3592 1785 Hebraicam
3622 1730 3832 1800 opinio-

540 1835 662 1890 cap.
690 1821 777 1886 l3,
802 1836 855 1873 n.
881 1819 970 1890 8i)
999 1839 1011 1873 :
1049 1839 1066 1870 ι
1097 1820 1289 1875 Petrus
1318 1821 1370 1874 in
1402 1827 1584 1873 monte
1614 1818 1850 1888 Moysem
1878 1825 1933 1871 et
1957 1817 2130 1872 Eliam
2165 1810 2209 1869 Β
2236 1836 2361 1875 nem
2388 1821 2455 1875 de
2477 1819 2604 1875 Iesu
2635 1820 2746 1875 tilio
2771 1818 3038 1877 Iosedech
3085 1824 3367 1878 sacerdote
3411 1837 3608 1893 magno
3634 1823 3708 1877 ita
3747 1822 3832 1877 in-

539 1912 673 1966 vidit
709 1928 831 1967 cum
858 1911 995 1966 Filio
1025 1910 1157 1967 Dei:
1190 1927 1291 1964 nec
1318 1910 1525 1965 erravit
1558 1911 1614 1963 in
1657 1918 1870 1972 natura,
1902 1923 2003 1964 nec
2042 1920 2131 1962 er-

538 2001 683 2058 ravit
729 2002 783 2057 in
830 2003 1019 2071 gloria.
1071 2001 1311 2072 Denique
1356 2002 1484 2072 quid
1519 2000 1701 2056 facere
1746 2000 1991 2065 deberet,
2023 2017 2130 2055 non

537 2092 681 2158 illos,
713 2094 805 2149 sed
831 2092 1106 2147 Christum
1137 2092 1514 2162 interrogavit.
1547 2091 1683 2147 Nam
1706 2093 1809 2146 etsi
1838 2092 2013 2145 tribus
2040 2107 2135 2161 pa-

538 2186 696 2240 rabat
724 2185 1086 2257 _obsequium,
1135 2184 1294 2238 unius
1340 2193 1524 2239 tamen
1563 2184 1913 2253 exspectabat
1960 2183 2120 2251 impe-

540 2278 678 2332 rium
706 2293 720 2330 :
745 2277 837 2332 sed
868 2278 1121 2346 quoniam
1149 2278 1229 2331 vel
1260 2276 1733 2333 tabernaculorum
1760 2292 1988 2345 numero
2014 2276 2136 2347 [nu-

539 2367 774 2441 merum]
823 2367 1174 2423 deferendum
1224 2369 1397 2423 tribus
1442 2368 1765 2439 simpliciter
1810 2368 2133 2432 aestimavit,

540 2462 858 2516 emendatur
901 2460 997 2515 Dei
1048 2459 1225 2514 Patris
1254 2461 1581 2515 auctoritate
1609 2460 1879 2515 dicentis:
1914 2458 2016 2514 llic
2060 2470 2137 2514 est

541 2551 718 2607 Filius
749 2570 894 2608 meus
934 2552 1176 2617 dilectus,
1218 2553 1389 2622 ipsum
1420 2552 1603 2607 audite
1628 2552 1847 2624 (Matth.
1872 2568 2015 2618 xvu,
2046 2553 2133 2624 5);

540 2642 597 2698 id
623 2652 707 2699 est
732 2659 748 2698 :
774 2644 903 2715 quid
933 2658 1226 2699 conservos
1256 2652 1378 2698 tuos
1403 2658 1528 2698 cum
1554 2643 1782 2699 Domino
1809 2652 1899 2699 tuo
1927 2646 2138 2700 socias?

543 2732 649 2788 Hic
672 2744 747 2788 est
798 2732 974 2789 Filius
1005 2750 1192 2789 meus:
1226 2749 1333 2789 non
1377 2733 1588 2804 Moyses
1623 2733 1785 2798 ﬁlius,
1815 2734 1910 2790 sed
1954 2734 2043 2790 hic
2077 2734 2140 2788 ti-

542 2825 687 2883 lius:
720 2826 893 2883 sensit
916 2827 1351 2881 emendationem
1378 2826 1654 2896 apostolus
1679 2844 1692 2880 :
1721 2826 1956 2896 procidit
1976 2827 2029 2880 in
2062 2826 2138 2880 fa-

541 2920 706 2986 ciem,
750 2927 1133 2974 consternatus
1176 2918 1359 2974 Patris
1402 2933 1534 2973 vocc
1575 2927 1632 2974 et
1676 2917 1799 2974 Filii
1846 2919 2134 2974 claritate:

544 3009 642 3066 sed
668 3010 912 3066 elevatus
935 3026 963 3064 a
996 3010 1153 3075 Filio,
1196 3009 1289 3079 qui
1324 3010 1567 3081 jacentes
1593 3010 1804 3082 erigere
1833 3013 2133 3076 consuevit,

543 3117 711 3158 unum
730 3103 884 3169 vidit,
908 3103 1078 3159 solum
1102 3102 1237 3156 vidit
1259 3102 1353 3157 Dei
1376 3103 1591 3157 Filium.
1611 3103 1975 3159 Recesserunt
1990 3105 2136 3160 enim

2232 1910 2402 1983 telligi
2426 1910 2625 1967 debere
2648 1913 2899 1976 asseruit,
2929 1920 2991 1968 ut
3019 1916 3236 1969 sordida
3262 1914 3585 1971 vestimenta
3613 1915 3833 1971 habuis-

2233 2013 2316 2057 set
2360 2003 2502 2057 idem
2540 2005 2794 2059 sacerdos
2843 2004 2936 2058 Dei
2987 2013 3209 2075 prapter
3248 2003 3634 2076 alienigenam,
3669 2019 3834 2075 quam

2234 2092 2387 2147 duxit
2433 2109 2684 2159 uxorem,
2718 2094 2799 2149 vel
2846 2104 3072 2165 propter
3121 2105 3343 2166 peccata
3388 2096 3604 2167 populi,
3635 2092 3717 2151 vel
3764 2095 3835 2152 ob

2235 2184 2546 2254 squalorem
2571 2186 2927 2255 captivitatis,
2956 2188 3099 2243 unde
3129 2202 3301 2255 nuper
3329 2195 3519 2243 erutus
3545 2196 3649 2253 est,
3677 2185 3835 2258 quasi

2236 2274 2400 2329 torris
2448 2276 2852 2331 semiustulatus
2891 2285 3096 2348 :atque
3135 2278 3256 2333 ideo
3300 2277 3558 2334 Satanam
3608 2287 3753 2335 stare
3799 2291 3834 2336 a

2236 2366 2446 2423 dextris
2467 2366 2604 2437 ejus,
2633 2370 2758 2439 quia
2789 2382 2972 2426 veram
3002 2372 3400 2427 accusationem
3425 2373 3621 2427 habuit
3642 2382 3831 2428 contra

2237 2473 2383 2514 eum.
2416 2459 2549 2513 Nam
2582 2459 2829 2515 diabolus
2872 2478 3145 2532 nunquam
3180 2477 3209 2517 a
3245 2465 3451 2519 dextris
3486 2464 3658 2519 nostri
3705 2464 3833 2521 Iesu

2238 2550 2423 2604 stetit:
2455 2549 2580 2619 quia
2627 2557 2903 2621 nunquam
2950 2564 3134 2607 veram
3182 2555 3585 2610 accusationem
3629 2556 3837 2610 invenit

2240 2640 2294 2694 in
2328 2640 2417 2694 illo
2444 2660 2455 2694 :
2488 2642 2582 2696 sed
2612 2642 2665 2695 in
2694 2643 2841 2697 onini
2890 2645 3189 2699 tentatione
3234 2646 3430 2709 victus,
3462 2646 3617 2716 quasi
3668 2646 3831 2718 fugax

2241 2731 2400 2796 latro,
2423 2742 2477 2786 et
2504 2732 2726 2787 timidus
2747 2734 2977 2789 bellator
2999 2735 3221 2789 recessit
3245 2736 3314 2788 ab
3334 2752 3419 2792 eo.
3448 2736 3545 2792 Vel
3567 2739 3838 2806 quomodo

2240 2825 2489 2879 convenit
2515 2824 2582 2879 de
2614 2825 2723 2879 Deo
2748 2822 2896 2890 Iesu,
2923 2835 2981 2880 ut
3009 2826 3153 2879 dicat
3176 2828 3224 2880 ei
3257 2826 3480 2895 angelus
3506 2845 3519 2880 :
3554 2826 3689 2881 Ecce
3717 2828 3836 2882 aba—

2240 2913 2338 2968 tuli
2366 2932 2396 2967 a
2422 2924 2471 2967 te
2495 2915 2825 2985 iniquitatem
2856 2926 3022 2979 tuam,
3051 2916 3142 2985 qui
3175 2916 3378 2969 nullam
3409 2916 3597 2971 habuit
3641 2917 3839 2988 iniqui-

2241 3007 2444 3063 tatem?
2472 3006 2582 3062 Nee
2612 3007 2753 3062 ullus
2799 3008 3023 3078 angelus
3069 3007 3263 3062 fortior
3303 3009 3393 3062 illo
3436 3007 3569 3074 fuit,
3612 3019 3674 3064 ut
3714 3024 3839 3065 eum

2244 3099 2503 3154 mundare
2549 3114 2579 3154 a
2625 3110 2852 3171 peccato
2898 3102 3219 3155 debuisset:
3267 3102 3395 3156 dum
3446 3101 3604 3158 Iesus
3654 3111 3842 3159 noster

544 3194 765 3257 servuli,
790 3203 851 3248 ut
875 3194 1020 3249 solus
1048 3195 1326 3262 Dominus,
1351 3194 1444 3265 qui
1470 3193 1619 3249 solus
1644 3194 2030 3265 designabatur
2054 3194 2140 3250 Fi-
2168 3184 2213 3247 C
2245 3192 2423 3263 magni
2455 3192 2667 3247 consilii
2696 3192 2921 3265 angelus
2960 3194 3156 3247 missus
3188 3194 3257 3248 sit
3286 3209 3314 3246 a
3346 3203 3569 3263 paterna
3599 3196 3726 3250 sede
3756 3204 3841 3249 ιο-

542 3284 671 3353 lius,
699 3288 994 3343 videretur.
1020 3308 1037 3340 ι

615 3380 750 3437 Vlll.
781 3380 947 3453 Igitur
972 3381 1100 3435 dum
1124 3379 1360 3451 plurima
1389 3390 1704 3437 sanctorum
1731 3380 1955 3436 Patrum
1985 3383 2139 3438 testi-

544 3473 727 3530 monia
756 3474 1142 3543 percurrendo,
1183 3474 1438 3542 producis
1467 3474 1520 3528 in
1567 3474 1825 3539 medium,
1858 3474 1914 3527 in
1943 3475 2139 3544 quibus

546 3566 680 3623 nihil
720 3569 827 3622 tuis
869 3568 1113 3637 partibus
1158 3565 1338 3620 favere
1382 3568 1650 3622 veraciter
1696 3566 1996 3629 invenitur,
2044 3569 2139 3623 sed

547 3659 804 3712 nonnulla
851 3659 1014 3713 etiam
1048 3659 1228 3729 palam
1260 3659 1355 3713 tibi
1384 3660 1656 3715 contraria
1683 3674 1825 3723 esse,
1855 3669 1913 3714 ut
1945 3662 2141 3729 proba-

547 3748 724 3802 vimus
768 3748 1227 3811 manifestissime,
1255 3764 1376 3817 quae
1402 3750 1708 3806 certissime
1735 3752 2018 3806 veritatem
2045 3768 2141 3808 ca-

548 3840 761 3897 tholicae
802 3841 923 3897 lidei
954 3842 1223 3897 allirmare
1266 3843 1651 3914 intelliguntur,
1698 3854 1919 3915 repente
1947 3860 2140 3915 perve-

547 3930 677 3985 nisti
702 3932 767 3986 ad
794 3932 1112 3987 Zachariam
1138 3934 1481 4003 prophetam,
1509 3936 1596 3990 cui
1621 3933 1780 3990 Iesus
1805 3936 2060 3990 sacerdos
2089 3938 2141 3989 in

546 4024 782 4079 sordidis
822 4026 1159 4081 vestimentis
1196 4036 1447 4082 ostensus
1487 4038 1571 4083 est
1612 4030 1681 4083 ab
1714 4030 1906 4100 angelo
1954 4028 2139 4100 (Zach.

550 4117 655 4186 ιιι).
698 4117 868 4185 Quam
910 4120 1173 4175 visionem
1199 4119 1282 4175 vel
1327 4122 1668 4191 prephetiam
1697 4124 1914 4178 beatum
1947 4124 2142 4178 Hiero—

550 4224 769 4279 nymum
797 4209 954 4265 aliter
971 4225 1246 4280 exponere
1272 4213 1492 4276 asseris,
1517 4213 1674 4267 aliter
1698 4229 1796 4268 nos
1822 4215 1876 4268 in
1907 4222 2143 4269 tractatu

549 4299 666 4369 ejus
692 4301 745 4355 in
774 4301 1022 4357 eumdem
1066 4304 1386 4373 pmphetam
1428 4304 1691 4373 scriptum
1724 4303 1967 4375 legimus.
2000 4305 2145 4359 Dicis

550 4391 696 4448 enim
725 4392 973 4448 eumdem
1004 4408 1174 4447 sacrae
1202 4392 1444 4448 historiae
1472 4394 1821 4464 interpretem
1848 4394 1962 4450 hac
1991 4410 2147 4463 repo-

550 4498 682 4539 nere
708 4484 870 4538 verba
896 4501 907 4536 :
940 4482 1006 4536 Et
1033 4483 1189 4537 Iesus
1216 4493 1329 4538 erat
1368 4483 1498 4538 indu
1521 4502 1583 4537 us
1628 4485 1941 4538 vestimentis
1972 4485 2147 4539 sordi-

2238 3285 2347 3339 tius
2374 3287 2559 3340 mundi
2593 3301 2827 3355 purgare
2851 3295 3095 3356 peccata.
3125 3286 3281 3341 Ponit
3311 3303 3546 3357 quoque,
3574 3303 3681 3343 non
3712 3304 3845 3344 con-

2240 3376 2527 3443 ﬁrmando,
2559 3378 2652 3433 sed
2678 3378 3012 3433 ostendendo
3040 3379 3179 3433 idem
3213 3377 3469 3449 przet'atns
3496 3379 3686 3434 doctor
3714 3395 3845 3450 quo-

2242 3468 2487 3523 rumdam
2518 3469 2822 3538 opiniones,
2848 3469 3119 3538 quomodo
3148 3470 3262 3523 htec
3285 3471 3350 3524 de
3374 3470 3593 3525 Christo
3619 3469 3844 3543 intelligi

2240 3559 2405 3612 velint
2432 3576 2445 3612 :
2473 3567 2529 3612 et
2554 3558 2621 3613 de
2664 3565 2810 3613 torre
2839 3569 2996 3613 eruto
3032 3560 3178 3623 dicit,
3214 3561 3356 3630 quod
3384 3558 3544 3616 Iesus
3572 3563 3625 3616 in
3666 3561 3846 3633 Baby-

2241 3648 2385 3702 lonia
2426 3649 2549 3719 igne
2592 3659 2971 3719 consumptum
3020 3648 3130 3723 [Ex
3164 3666 3321 3705 sensu
3368 3651 3428 3707 S.
3465 3651 3709 3718 "ieram,
3735 3669 3844 3708 non

2243 3739 2537 3811 Babylonio
2561 3740 2684 3810 igne
2710 3739 3144 3813 consumptum],
3175 3741 3227 3796 id
3255 3750 3357 3807 est,
3385 3752 3733 3812 peccatorum
3762 3746 3846 3799 ni-

2243 3834 2463 3904 gredine
2493 3846 2600 3887 non
2629 3832 2957 3897 ustulatum,
2986 3846 3086 3888 nec
3115 3832 3331 3889 ﬂamma
3365 3833 3523 3903 hujus
3549 3837 3729 3891 saeculi
3765 3846 3848 3891 at-

2245 3933 2470 3987 tactum,
2500 3925 2553 3979 id
2577 3935 2679 3989 est,
2713 3926 2853 3980 nulla
2889 3926 3102 3982 llamma
3133 3929 3390 3984 vitiorum
3421 3930 3503 3986 vel
3547 3932 3737 3987 saltem
3765 3942 3848 3988 at-

2246 4026 2468 4078 tactum,
2506 4019 2600 4072 sed
2645 4020 2714 4072 ab
2744 4020 2892 4073 omni
2943 4030 3292 4090 peccatorum
3322 4024 3483 4077 sorde
3527 4023 3844 4094 immunem,

2246 4109 2386 4163 sicut
2410 4125 2601 4162 aurum
2627 4110 2749 4179 igne
2776 4112 3064 4180 probatum
3093 4114 3490 4182 splendescere.
3519 4114 3626 4171 Sed
3653 4119 3845 4174 melius

2247 4198 2406 4267 hujus
2438 4202 2733 4270 prophetia:
2762 4204 3030 4258 sententia
3070 4205 3136 4259 de
3166 4204 3383 4260 Christo
3426 4207 3575 4262 aiunt
3620 4208 3848 4280 intelligi

2248 4306 2426 4360 posse,
2466 4291 2555 4345 ubi
2599 4292 2802 4347 dictum
2834 4303 2919 4348 est
2962 4312 2973 4347 :
3010 4295 3148 4348 Audi
3187 4294 3317 4349 Iesu
3362 4297 3609 4352 sacerdos
3640 4316 3844 4370 magne,

2247 4394 2304 4437 tu
2333 4397 2378 4437 et
2410 4386 2564 4438 amici
2598 4387 2708 4450 tui,
2744 4388 2837 4457 qui
2866 4389 3103 4444 habitant
3131 4406 3311 4444 coram
3339 4401 3410 4456 te,
3440 4395 3565 4463 quia
3597 4395 3696 4448 viri
3719 4412 3845 4465 por-

2248 4478 2512 4531 tendentes
2541 4490 2697 4533 sunt:
2726 4480 2859 4535 Ecce
2878 4483 3016 4536 enim
3036 4500 3129 4554 ego
3156 4484 3415 4539 adducam
3441 4504 3647 4542 servum
3675 4507 3847 4543 meum

552 4574 659 4641 dis,
700 4574 885 4644 utique
922 4590 986 4629 ex
1026 4575 1460 4645 transgressione
1485 4575 1552 4629 de
1580 4591 1746 4631 carne
1784 4578 1991 4646 peccati
2031 4593 2147 4632 sor-
2181 4555 2227 4614 ί)
2254 4569 2546 4634 Orientem,
2574 4571 2699 4640 quia
2726 4589 2842 4627 ecce
2889 4573 3044 4645 lapis,
3088 4591 3239 4646 quem
3289 4577 3411 4631 dedi
3459 4595 3637 4633 coram
3683 4578 3845 4645 Iesu,

556 4666 738 4731 didus,
782 4680 943 4735 quam
987 4665 1212 4719 induere
1241 4666 1493 4733 dignatus
1520 4673 1641 4721 est:
1674 4666 1815 4722 unde
1851 4676 1909 4721 et
1952 4669 2146 4737 pannis

555 4757 829 4815 involutus
851 4765 907 4811 et
934 4762 1198 4812 scissuras
1225 4755 1390 4826 852
1427 4756 1645 4810 humani
1673 4757 1909 4825 generis,
1938 4756 2065 4812 dum
2094 4758 2145 4811 in

556 4866 612 4905 se
641 4848 729 4904 illa
760 4850 1017 4920 suscepit,
1050 4848 1332 4919 inspicitur
1358 4865 1370 4900 :
1397 4847 1568 4919 donec
1594 4847 1742 4901 radio
1767 4848 1964 4911 crucis,
1994 4848 2148 4901 inno-

556 4940 749 4994 eentiae
776 4942 955 4995 tunica
986 4949 1279 4996 tereretur.
1317 4938 1524 5002 Nonne,
1558 4939 1750 5007 inquit,
1776 4939 1866 4993 hic
1894 4939 2013 4994 titio
2056 4955 2148 4993 ex-

559 5042 765 5087 tractus
797 5033 865 5086 ab
912 5033 1032 5102 igne
1060 5032 1179 5086 est?
1219 5032 1360 5086 Titio
1397 5038 1672 5084 extractus
1710 5028 1778 5083 ab
1824 5030 1946 5100 igne
1985 5030 2147 5084 semi-

560 5124 851 5188 uslulatus,
873 5138 980 5178 non
1003 5121 1414 5191 percombustus
1438 5136 1559 5175 esse
1590 5120 1913 5175 osteulitur.
1939 5120 2148 5191 Corpus

560 5216 706 5271 enim
734 5216 864 5271 illud
894 5214 1111 5269 humani
1154 5212 1387 5285 generis,
1413 5212 1557 5280 quod
1599 5225 1665 5264 ex
1695 5210 2147 5280 promplastorum

563 5306 994 5378 transgressione
1020 5310 1077 5357 et
1109 5302 1393 5357 criminum
1422 5301 1636 5356 ﬂamma
1662 5298 1842 5355 fuerat
1875 5300 2149 5365 adustum,

565 5399 667 5454 hoc
692 5398 865 5452 induit
892 5395 1168 5457 Dominus,
1193 5403 1249 5449 et
1269 5394 1424 5465 quasi
1453 5387 1694 5447 titionem
1719 5392 2148 5447 semiustulatum

565 5508 596 5546 a
624 5496 881 5563 gehennae
908 5490 1157 5547 incendio
1188 5487 1455 5543 liberavit.
1486 5486 1542 5541 ln
1573 5502 1680 5555 quo
1725 5500 1855 5540 vero
1885 5485 2038 5547 libro,
2068 5485 2153 5540 vel

568 5584 619 5637 in
650 5599 757 5653 quo
794 5596 957 5652 opere
987 5582 1101 5635 lucc
1137 5579 1360 5633 dixisset
1407 5578 1598 5631 beatus
1650 5576 2028 5646 Hieronymus,
2057 5591 2157 5631 nos

569 5692 674 5729 non
706 5675 1027 5730 invenimus.
1052 5673 1216 5743 Igitur
1245 5672 1295 5725 in
1328 5678 1560 5723 tractatu
1590 5666 1830 5736 ejusdem
1861 5669 2152 5738 prophetat,

569 5785 728 5840 quem
760 5757 847 5826 ille
874 5770 1063 5825 doctor
1087 5767 1337 5839 egregius
1378 5767 1459 5820 vel
1493 5782 1557 5821 ex
1600 5765 1861 5821 ilcbraica
1907 5767 2153 5831 veritate,

2253 4672 2443 4731 septem
2477 4661 2617 4714 oculi
2645 4672 2763 4715 sunt
2797 4662 2983 4734 (Zach.
3014 4681 3096 4730 ιιι,
3128 4668 3205 4736 8).
3237 4666 3362 4722 Iesu
3405 4678 3461 4723 et
3490 4670 3680 4726 amicis
3708 4670 3848 4740 ejus,

2254 4754 2343 4820 qui
2372 4764 2497 4806 sunt
2527 4753 2626 4806 viri
2654 4756 3055 4824 portendentes,
3086 4759 3136 4812 id
3165 4767 3266 4823 est,
3294 4764 3573 4831 prophetis
3594 4773 3649 4818 et
3670 4780 3851 4821 sacer—

2253 4847 2401 4899 dotio
2427 4844 2737 4901 Iudaeorum
2768 4850 3073 4917 promissus
3099 4860 3184 4905 est
3212 4852 3323 4917 ille,
3354 4855 3419 4909 de
3452 4872 3560 4925 quo
3589 4858 3847 4928 scriptum

2254 4947 2338 4993 est
2363 4956 2375 4991 :
2408 4937 2541 4993 Ecce
2570 4940 2650 4994 uir
2676 4940 2849 4995 oriens
2881 4958 3067 4997 nomen
3095 4945 3212 5014 ejus
3263 4945 3448 5017 (Zach.
3478 4965 3527 5012 v,
3558 4949 3666 5021 12).
3697 4952 3767 5006 Et
3794 4953 3848 5006 in

2257 5033 2544 5103 Evangelio
2568 5051 2581 5086 :
2611 5032 2677 5086 In
2703 5035 2890 5104 quibus
2913 5036 3133 5090 visitavit
3161 5056 3254 5093 nos
3280 5041 3453 5094 oriens
3475 5059 3539 5095 ea:
3562 5042 3669 5097 alto
3693 5042 3847 5115 (Luc.

2256 5138 2296 5185 ι,
2322 5122 2411 5193 '78)
2432 5142 2442 5175 :
2467 5131 2523 5176 et
2547 5122 2684 5193 lapis
2711 5122 3007 5195 angularis,
3035 5127 3127 5196 qui
3157 5128 3274 5182 sine
3304 5131 3553 5184 manibus
3576 5131 3643 5185 de
3669 5140 3853 5187 monte

2257 5212 2511 5279 prmcisus
2538 5214 2794 5267 contrivit
2819 5215 3069 5270 universa
3102 5218 3284 5273 mundi
3315 5235 3479 5291 regna
3503 5221 3716 5292 (Matth.
3734 5238 3851 5292 xxi,

2257 5305 2369 5375 Η).
2402 5306 2576 5375 Super
2614 5320 2772 5375 quem
2805 5307 3056 5376 lapidem,
3088 5319 3279 5379 septem
3311 5311 3449 5364 oculi
3476 5323 3620 5378 sunt,
3658 5314 3710 5368 id
3746 5323 3850 5380 est,

2258 5406 2463 5468 septem
2494 5400 2634 5454 dona
2676 5402 2851 5455 sancti
2883 5400 3141 5470 Spiritus,
3183 5420 3304 5473 qua:
3334 5405 3386 5457 in
3416 5404 3556 5459 Isaia
3600 5406 3848 5478 leguntur

2258 5488 2391 5560 (lsa.
2432 5505 2483 5543 ιιι
2503 5532 2516 5551 ,
2548 5490 2624 5561 1),
2651 5507 2812 5561 super
2842 5490 3027 5547 ﬂorem
3079 5496 3443 5564 requiescere,
3475 5500 3565 5569 qui
3605 5500 3673 5555 de
3700 5499 3851 5572 virga

2261 5581 2454 5635 radicis
2483 5579 2633 5637 Iesse
2662 5583 3003 5652 germinavit.
3038 5585 3115 5639 Ex
3151 5586 3303 5655 cujus
3336 5603 3565 5658 persona
3610 5591 3664 5645 in
3711 5590 3840 5647 Cano

2260 5676 2367 5729 tieo
2401 5676 2733 5730 canticorum
2766 5676 2965 5731 dictum
3006 5677 3239 5749 legitur:
3277 5678 3387 5751 Ego
3428 5683 3526 5750 ﬂos
3570 5684 3763 5753 campi,
3803 5693 3849 5735 et

2262 5766 2427 5819 tilium
2463 5767 2775 5820 courallium
2808 5766 2984 5839 (Cant.
3012 5786 3067 5834 ιι,
3107 5772 3176 5841 l).
3214 5772 3285 5826 De
3330 5786 3436 5842 quo
3478 5773 3643 5827 etiam
3679 5772 3847 5843 lapide
