  <div class='ocr_page' id='page_1' title='image "/cluster/home/n/w/nwhite01/storage/ocr_20150623/101/umn.31951002477394h/124.png"; bbox 0 0 4136 6574; ppageno 0'>
   <div class='ocr_carea' id='block_1_1' title="bbox 322 388 423 443">
    <p class='ocr_par' dir='ltr' id='par_1_1' title="bbox 322 388 423 443">
     <span class='ocr_line' id='line_1_1' title="bbox 322 388 423 443; baseline -0.02 0"><span class='ocrx_word' id='word_1_1' title='bbox 322 388 423 443; x_wconf 65' lang='grc' dir='ltr'>ω</span> 
     </span>
    </p>
   </div>
   <div class='ocr_carea' id='block_1_2' title="bbox 1045 378 1905 440">
    <p class='ocr_par' dir='ltr' id='par_1_2' title="bbox 1045 380 1905 439">
     <span class='ocr_line' id='line_1_2' title="bbox 1045 380 1905 439; baseline -0.003 -1"><span class='ocrx_word' id='word_1_2' title='bbox 1045 384 1465 439; x_wconf 65' lang='lat' dir='ltr'><strong>DOGMATICA.</strong></span> <span class='ocrx_word' id='word_1_3' title='bbox 1508 414 1578 423; x_wconf 85' lang='grc'><strong>--</strong></span> <span class='ocrx_word' id='word_1_4' title='bbox 1616 382 1777 438; x_wconf 80' lang='lat' dir='ltr'><strong>ADV.</strong></span> <span class='ocrx_word' id='word_1_5' title='bbox 1827 380 1905 436; x_wconf 71' lang='grc' dir='ltr'><strong>ΓΕ</strong></span> 
     </span>
    </p>
   </div>
   <div class='ocr_carea' id='block_1_3' title="bbox 2006 378 2920 440">
    <p class='ocr_par' dir='ltr' id='par_1_3' title="bbox 2006 378 2920 440">
     <span class='ocr_line' id='line_1_3' title="bbox 2006 378 2920 440; baseline 0.004 -4"><span class='ocrx_word' id='word_1_6' title='bbox 2006 378 2125 436; x_wconf 68' lang='lat' dir='ltr'><strong>3E.“</strong></span> <span class='ocrx_word' id='word_1_7' title='bbox 2167 380 2346 436; x_wconf 79' lang='lat' dir='ltr'><strong>LIBRI</strong></span> <span class='ocrx_word' id='word_1_8' title='bbox 2392 382 2498 439; x_wconf 63' lang='grc' dir='ltr'><strong>ΥΠ.</strong></span> <span class='ocrx_word' id='word_1_9' title='bbox 2539 414 2609 423; x_wconf 90' lang='lat'><strong>-—</strong></span> <span class='ocrx_word' id='word_1_10' title='bbox 2639 382 2769 440; x_wconf 78' lang='lat' dir='ltr'><strong>LIB.</strong></span> <span class='ocrx_word' id='word_1_11' title='bbox 2814 384 2920 440; x_wconf 64' lang='lat' dir='ltr'><strong>\‘ll.</strong></span> 
     </span>
    </p>
   </div>
   <div class='ocr_carea' id='block_1_4' title="bbox 3502 391 3610 448">
    <p class='ocr_par' dir='ltr' id='par_1_4' title="bbox 3502 391 3610 448">
     <span class='ocr_line' id='line_1_4' title="bbox 3502 391 3610 448; baseline 0.019 -2"><span class='ocrx_word' id='word_1_12' title='bbox 3502 391 3610 448; x_wconf 65' lang='lat'><strong>223</strong></span> 
     </span>
    </p>
   </div>
   <div class='ocr_carea' id='block_1_5' title="bbox 323 495 3608 572">
    <p class='ocr_par' dir='ltr' id='par_1_5' title="bbox 323 495 3608 572">
     <span class='ocr_line' id='line_1_5' title="bbox 323 495 3608 572; baseline 0.001 -16"><span class='ocrx_word' id='word_1_13' title='bbox 323 517 450 556; x_wconf 71' lang='lat' dir='ltr'><strong>mox</strong></span> <span class='ocrx_word' id='word_1_14' title='bbox 486 501 831 571; x_wconf 82' lang='lat' dir='ltr'><strong>subjungitur</strong></span> <span class='ocrx_word' id='word_1_15' title='bbox 856 518 870 554; x_wconf 89' lang='lat'><strong>:</strong></span> <span class='ocrx_word' id='word_1_16' title='bbox 900 499 1109 555; x_wconf 74' lang='lat' dir='ltr'><strong>thlabo</strong></span> <span class='ocrx_word' id='word_1_17' title='bbox 1135 502 1459 570; x_wconf 79' lang='lat' dir='ltr'><strong>sculptaram</strong></span> <span class='ocrx_word' id='word_1_18' title='bbox 1489 504 1622 572; x_wconf 82' lang='lat' dir='ltr'><strong>ejus,</strong></span> <span class='ocrx_word' id='word_1_19' title='bbox 1649 502 1777 555; x_wconf 84' lang='lat' dir='ltr'><strong>dicit</strong></span> <span class='ocrx_word' id='word_1_20' title='bbox 1814 499 1916 553; x_wconf 89' lang='lat' dir='ltr'><strong>Do—</strong></span> <span class='ocrx_word' id='word_1_21' title='bbox 1942 504 1992 560; x_wconf 78' lang='grc' dir='ltr'><strong>Α</strong></span> <span class='ocrx_word' id='word_1_22' title='bbox 2023 495 2185 550; x_wconf 86' lang='lat' dir='ltr'><strong>ritos?</strong></span> <span class='ocrx_word' id='word_1_23' title='bbox 2208 496 2360 563; x_wconf 83' lang='lat' dir='ltr'><strong>Quod</strong></span> <span class='ocrx_word' id='word_1_24' title='bbox 2387 506 2571 552; x_wconf 90' lang='lat' dir='ltr'><strong>autem</strong></span> <span class='ocrx_word' id='word_1_25' title='bbox 2596 499 2817 554; x_wconf 87' lang='lat' dir='ltr'><strong>omnino</strong></span> <span class='ocrx_word' id='word_1_26' title='bbox 2841 499 3136 554; x_wconf 88' lang='lat' dir='ltr'><strong>secundum</strong></span> <span class='ocrx_word' id='word_1_27' title='bbox 3163 502 3378 571; x_wconf 81' lang='lat' dir='ltr'><strong>regulas</strong></span> <span class='ocrx_word' id='word_1_28' title='bbox 3400 502 3608 560; x_wconf 66' lang='lat' dir='ltr'><strong>Latin-.2</strong></span> 
     </span>
    </p>
   </div>
   <div class='ocr_carea' id='block_1_6' title="bbox 320 591 1912 665">
    <p class='ocr_par' dir='ltr' id='par_1_6' title="bbox 320 591 1912 665">
     <span class='ocr_line' id='line_1_6' title="bbox 320 591 1912 665; baseline 0.002 -21"><span class='ocrx_word' id='word_1_29' title='bbox 320 594 496 646; x_wconf 78' lang='lat' dir='ltr'><strong>minus</strong></span> <span class='ocrx_word' id='word_1_30' title='bbox 523 596 869 656; x_wconf 72' lang='lat' dir='ltr'><strong>exercituum,</strong></span> <span class='ocrx_word' id='word_1_31' title='bbox 894 602 941 646; x_wconf 86' lang='lat' dir='ltr'><strong>et</strong></span> <span class='ocrx_word' id='word_1_32' title='bbox 970 593 1209 661; x_wconf 71' lang='lat' dir='ltr'><strong>auferam</strong></span> <span class='ocrx_word' id='word_1_33' title='bbox 1235 594 1563 665; x_wconf 75' lang='lat' dir='ltr'><strong>iniquitatem</strong></span> <span class='ocrx_word' id='word_1_34' title='bbox 1590 604 1742 647; x_wconf 78' lang='lat' dir='ltr'><strong>teme</strong></span> <span class='ocrx_word' id='word_1_35' title='bbox 1767 591 1912 647; x_wconf 82' lang='lat' dir='ltr'><strong>illius</strong></span> 
     </span>
    </p>
   </div>
   <div class='ocr_carea' id='block_1_7' title="bbox 318 682 1912 756">
    <p class='ocr_par' dir='ltr' id='par_1_7' title="bbox 318 682 1912 756">
     <span class='ocr_line' id='line_1_7' title="bbox 318 682 1912 756; baseline -0.001 -17"><span class='ocrx_word' id='word_1_36' title='bbox 318 685 379 741; x_wconf 84' lang='lat' dir='ltr'><strong>in</strong></span> <span class='ocrx_word' id='word_1_37' title='bbox 405 686 491 739; x_wconf 82' lang='lat' dir='ltr'><strong>die</strong></span> <span class='ocrx_word' id='word_1_38' title='bbox 518 703 624 740; x_wconf 87' lang='lat' dir='ltr'><strong>una</strong></span> <span class='ocrx_word' id='word_1_39' title='bbox 655 682 842 754; x_wconf 83' lang='lat' dir='ltr'><strong>(Zach.</strong></span> <span class='ocrx_word' id='word_1_40' title='bbox 874 700 959 751; x_wconf 84' lang='lat' dir='ltr'><strong>tu,</strong></span> <span class='ocrx_word' id='word_1_41' title='bbox 984 684 1061 756; x_wconf 92' lang='lat'><strong>9).</strong></span> <span class='ocrx_word' id='word_1_42' title='bbox 1097 705 1115 737; x_wconf 73' lang='grc' dir='ltr'>ι</span> <span class='ocrx_word' id='word_1_43' title='bbox 1143 685 1310 740; x_wconf 83' lang='lat' dir='ltr'><strong>Istum</strong></span> <span class='ocrx_word' id='word_1_44' title='bbox 1340 701 1469 740; x_wconf 89' lang='lat' dir='ltr'><strong>vero</strong></span> <span class='ocrx_word' id='word_1_45' title='bbox 1498 685 1728 756; x_wconf 87' lang='lat' dir='ltr'><strong>lapidem</strong></span> <span class='ocrx_word' id='word_1_46' title='bbox 1760 683 1912 756; x_wconf 89' lang='lat' dir='ltr'><strong>(Hie-</strong></span> 
     </span>
    </p>
   </div>
   <div class='ocr_carea' id='block_1_8' title="bbox 318 776 1914 851">
    <p class='ocr_par' dir='ltr' id='par_1_8' title="bbox 318 776 1914 851">
     <span class='ocr_line' id='line_1_8' title="bbox 318 776 1914 851; baseline -0.001 -20"><span class='ocrx_word' id='word_1_47' title='bbox 318 791 463 841; x_wconf 85' lang='lat' dir='ltr'><strong>ron.,</strong></span> <span class='ocrx_word' id='word_1_48' title='bbox 493 776 596 833; x_wconf 89' lang='lat' dir='ltr'><strong>loc.</strong></span> <span class='ocrx_word' id='word_1_49' title='bbox 621 776 762 851; x_wconf 89' lang='lat' dir='ltr'><strong>cit.),</strong></span> <span class='ocrx_word' id='word_1_50' title='bbox 788 778 881 849; x_wconf 90' lang='lat' dir='ltr'><strong>qui</strong></span> <span class='ocrx_word' id='word_1_51' title='bbox 906 778 1084 834; x_wconf 87' lang='lat' dir='ltr'><strong>dictus</strong></span> <span class='ocrx_word' id='word_1_52' title='bbox 1106 788 1189 834; x_wconf 88' lang='lat' dir='ltr'><strong>est</strong></span> <span class='ocrx_word' id='word_1_53' title='bbox 1214 792 1399 833; x_wconf 88' lang='lat' dir='ltr'><strong>coram</strong></span> <span class='ocrx_word' id='word_1_54' title='bbox 1427 778 1573 844; x_wconf 80' lang='lat' dir='ltr'><strong>Jesu,</strong></span> <span class='ocrx_word' id='word_1_55' title='bbox 1602 778 1769 833; x_wconf 81' lang='lat' dir='ltr'><strong>clavis</strong></span> <span class='ocrx_word' id='word_1_56' title='bbox 1788 792 1914 831; x_wconf 90' lang='lat' dir='ltr'><strong>cru-</strong></span> 
     </span>
    </p>
   </div>
   <div class='ocr_carea' id='block_1_9' title="bbox 315 863 1913 935">
    <p class='ocr_par' dir='ltr' id='par_1_9' title="bbox 315 863 1913 935">
     <span class='ocr_line' id='line_1_9' title="bbox 315 863 1913 935; baseline -0.003 -10"><span class='ocrx_word' id='word_1_57' title='bbox 315 863 423 933; x_wconf 85' lang='lat' dir='ltr'><strong>cis,</strong></span> <span class='ocrx_word' id='word_1_58' title='bbox 459 876 515 924; x_wconf 88' lang='lat' dir='ltr'><strong>et</strong></span> <span class='ocrx_word' id='word_1_59' title='bbox 561 868 751 923; x_wconf 84' lang='lat' dir='ltr'><strong>lancea</strong></span> <span class='ocrx_word' id='word_1_60' title='bbox 794 868 984 924; x_wconf 79' lang='lat' dir='ltr'><strong>militis</strong></span> <span class='ocrx_word' id='word_1_61' title='bbox 1027 867 1225 924; x_wconf 81' lang='lat' dir='ltr'><strong>faciam</strong></span> <span class='ocrx_word' id='word_1_62' title='bbox 1256 870 1550 935; x_wconf 89' lang='lat' dir='ltr'><strong>vulnerari,</strong></span> <span class='ocrx_word' id='word_1_63' title='bbox 1582 878 1637 924; x_wconf 86' lang='lat' dir='ltr'><strong>et</strong></span> <span class='ocrx_word' id='word_1_64' title='bbox 1681 871 1733 923; x_wconf 90' lang='lat' dir='ltr'><strong>in</strong></span> <span class='ocrx_word' id='word_1_65' title='bbox 1771 868 1913 923; x_wconf 91' lang='lat' dir='ltr'><strong>illius</strong></span> 
     </span>
    </p>
   </div>
   <div class='ocr_carea' id='block_1_10' title="bbox 315 959 1906 1032">
    <p class='ocr_par' dir='ltr' id='par_1_10' title="bbox 315 959 1906 1032">
     <span class='ocr_line' id='line_1_10' title="bbox 315 959 1906 1032; baseline 0.002 -20"><span class='ocrx_word' id='word_1_66' title='bbox 315 959 570 1029; x_wconf 85' lang='lat' dir='ltr'><strong>passione</strong></span> <span class='ocrx_word' id='word_1_67' title='bbox 589 959 833 1015; x_wconf 80' lang='lat' dir='ltr'><strong>auferam</strong></span> <span class='ocrx_word' id='word_1_68' title='bbox 862 961 1205 1032; x_wconf 79' lang='lat' dir='ltr'><strong>iniquitatem</strong></span> <span class='ocrx_word' id='word_1_69' title='bbox 1236 971 1393 1016; x_wconf 75' lang='lat' dir='ltr'><strong>terra:</strong></span> <span class='ocrx_word' id='word_1_70' title='bbox 1421 962 1563 1017; x_wconf 89' lang='lat' dir='ltr'><strong>illius</strong></span> <span class='ocrx_word' id='word_1_71' title='bbox 1589 964 1641 1015; x_wconf 91' lang='lat' dir='ltr'><strong>in</strong></span> <span class='ocrx_word' id='word_1_72' title='bbox 1668 963 1754 1017; x_wconf 89' lang='lat' dir='ltr'><strong>die</strong></span> <span class='ocrx_word' id='word_1_73' title='bbox 1781 976 1906 1023; x_wconf 89' lang='lat' dir='ltr'><strong>una,</strong></span> 
     </span>
    </p>
   </div>
   <div class='ocr_carea' id='block_1_11' title="bbox 318 1050 1909 1123">
    <p class='ocr_par' dir='ltr' id='par_1_11' title="bbox 318 1050 1909 1123">
     <span class='ocr_line' id='line_1_11' title="bbox 318 1050 1909 1123; baseline -0.001 -17"><span class='ocrx_word' id='word_1_74' title='bbox 318 1050 389 1106; x_wconf 90' lang='lat' dir='ltr'><strong>de</strong></span> <span class='ocrx_word' id='word_1_75' title='bbox 413 1066 519 1121; x_wconf 90' lang='lat' dir='ltr'><strong>qua</strong></span> <span class='ocrx_word' id='word_1_76' title='bbox 557 1052 820 1121; x_wconf 88' lang='lat' dir='ltr'><strong>scriptum</strong></span> <span class='ocrx_word' id='word_1_77' title='bbox 849 1060 970 1107; x_wconf 89' lang='lat' dir='ltr'><strong>est:</strong></span> <span class='ocrx_word' id='word_1_78' title='bbox 1001 1051 1132 1107; x_wconf 70' lang='lat' dir='ltr'><strong>Han:</strong></span> <span class='ocrx_word' id='word_1_79' title='bbox 1166 1061 1242 1107; x_wconf 77' lang='lat' dir='ltr'><strong>est</strong></span> <span class='ocrx_word' id='word_1_80' title='bbox 1271 1053 1404 1118; x_wconf 82' lang='lat' dir='ltr'><strong>dies,</strong></span> <span class='ocrx_word' id='word_1_81' title='bbox 1447 1069 1604 1123; x_wconf 86' lang='lat' dir='ltr'><strong>quam</strong></span> <span class='ocrx_word' id='word_1_82' title='bbox 1634 1052 1756 1122; x_wconf 76' lang='lat' dir='ltr'><strong>fecit</strong></span> <span class='ocrx_word' id='word_1_83' title='bbox 1800 1050 1909 1105; x_wconf 86' lang='lat' dir='ltr'><strong>Do-</strong></span> 
     </span>
    </p>
   </div>
   <div class='ocr_carea' id='block_1_12' title="bbox 314 1142 1908 1217">
    <p class='ocr_par' dir='ltr' id='par_1_12' title="bbox 314 1142 1908 1217">
     <span class='ocr_line' id='line_1_12' title="bbox 314 1142 1908 1217; baseline 0.001 -21"><span class='ocrx_word' id='word_1_84' title='bbox 314 1143 513 1208; x_wconf 77' lang='lat' dir='ltr'><strong>minus,</strong></span> <span class='ocrx_word' id='word_1_85' title='bbox 533 1142 854 1198; x_wconf 74' lang='lat' dir='ltr'><strong>exsultemus</strong></span> <span class='ocrx_word' id='word_1_86' title='bbox 876 1154 925 1198; x_wconf 86' lang='lat' dir='ltr'><strong>et</strong></span> <span class='ocrx_word' id='word_1_87' title='bbox 952 1143 1190 1199; x_wconf 74' lang='lat' dir='ltr'><strong>lwtemur</strong></span> <span class='ocrx_word' id='word_1_88' title='bbox 1210 1144 1263 1198; x_wconf 85' lang='lat' dir='ltr'><strong>in</strong></span> <span class='ocrx_word' id='word_1_89' title='bbox 1285 1162 1347 1199; x_wconf 90' lang='lat' dir='ltr'><strong>ea</strong></span> <span class='ocrx_word' id='word_1_90' title='bbox 1370 1166 1386 1197; x_wconf 78' lang='grc' dir='ltr'><strong><em>ι</em></strong></span> <span class='ocrx_word' id='word_1_91' title='bbox 1407 1142 1578 1217; x_wconf 81' lang='lat' dir='ltr'><strong>(Psal.</strong></span> <span class='ocrx_word' id='word_1_92' title='bbox 1600 1159 1769 1207; x_wconf 78' lang='lat' dir='ltr'><strong>cxvu,</strong></span> <span class='ocrx_word' id='word_1_93' title='bbox 1793 1143 1908 1215; x_wconf 73' lang='grc'><strong>24).</strong></span> 
     </span>
    </p>
   </div>
   <div class='ocr_carea' id='block_1_13' title="bbox 311 1230 1909 1308">
    <p class='ocr_par' dir='ltr' id='par_1_13' title="bbox 311 1230 1909 1308">
     <span class='ocr_line' id='line_1_13' title="bbox 311 1230 1909 1308; baseline 0.001 -21"><span class='ocrx_word' id='word_1_94' title='bbox 311 1230 524 1290; x_wconf 72' lang='lat' dir='ltr'><strong>Idcirco</strong></span> <span class='ocrx_word' id='word_1_95' title='bbox 548 1235 763 1304; x_wconf 82' lang='lat' dir='ltr'><strong>plenius</strong></span> <span class='ocrx_word' id='word_1_96' title='bbox 789 1233 950 1305; x_wconf 91' lang='lat' dir='ltr'><strong>hujus</strong></span> <span class='ocrx_word' id='word_1_97' title='bbox 972 1236 1270 1308; x_wconf 64' lang='lat' dir='ltr'><strong>prophetiae</strong></span> <span class='ocrx_word' id='word_1_98' title='bbox 1295 1250 1514 1291; x_wconf 89' lang='lat' dir='ltr'><strong>sensum</strong></span> <span class='ocrx_word' id='word_1_99' title='bbox 1537 1235 1909 1304; x_wconf 76' lang='lat' dir='ltr'><strong>exposuimus.</strong></span> 
     </span>
    </p>
   </div>
   <div class='ocr_carea' id='block_1_14' title="bbox 316 1323 1909 1396">
    <p class='ocr_par' dir='ltr' id='par_1_14' title="bbox 316 1323 1909 1396">
     <span class='ocr_line' id='line_1_14' title="bbox 316 1323 1909 1396; baseline 0 -18"><span class='ocrx_word' id='word_1_100' title='bbox 316 1331 379 1378; x_wconf 81' lang='lat' dir='ltr'><strong>at</strong></span> <span class='ocrx_word' id='word_1_101' title='bbox 404 1323 736 1394; x_wconf 81' lang='lat' dir='ltr'><strong>intelligatur</strong></span> <span class='ocrx_word' id='word_1_102' title='bbox 761 1340 924 1393; x_wconf 88' lang='lat' dir='ltr'><strong>quam</strong></span> <span class='ocrx_word' id='word_1_103' title='bbox 956 1324 1115 1396; x_wconf 87' lang='lat' dir='ltr'><strong>longe</strong></span> <span class='ocrx_word' id='word_1_104' title='bbox 1142 1325 1301 1379; x_wconf 84' lang='lat' dir='ltr'><strong>aliter</strong></span> <span class='ocrx_word' id='word_1_105' title='bbox 1329 1324 1523 1379; x_wconf 85' lang='lat' dir='ltr'><strong>beatus</strong></span> <span class='ocrx_word' id='word_1_106' title='bbox 1550 1324 1909 1395; x_wconf 80' lang='lat' dir='ltr'><strong>Hieronymus</strong></span> 
     </span>
    </p>
   </div>
   <div class='ocr_carea' id='block_1_15' title="bbox 313 1414 1909 1488">
    <p class='ocr_par' dir='ltr' id='par_1_15' title="bbox 313 1414 1909 1488">
     <span class='ocr_line' id='line_1_15' title="bbox 313 1414 1909 1488; baseline 0 -19"><span class='ocrx_word' id='word_1_107' title='bbox 313 1415 372 1469; x_wconf 85' lang='lat' dir='ltr'><strong>in</strong></span> <span class='ocrx_word' id='word_1_108' title='bbox 415 1424 651 1471; x_wconf 87' lang='lat' dir='ltr'><strong>tractatu</strong></span> <span class='ocrx_word' id='word_1_109' title='bbox 681 1415 841 1485; x_wconf 88' lang='lat' dir='ltr'><strong>hujus</strong></span> <span class='ocrx_word' id='word_1_110' title='bbox 887 1417 1213 1488; x_wconf 59' lang='lat' dir='ltr'><strong>prophetia,</strong></span> <span class='ocrx_word' id='word_1_111' title='bbox 1248 1414 1409 1486; x_wconf 90' lang='lat' dir='ltr'><strong>hujus</strong></span> <span class='ocrx_word' id='word_1_112' title='bbox 1437 1415 1660 1472; x_wconf 75' lang='lat' dir='ltr'><strong>visionis</strong></span> <span class='ocrx_word' id='word_1_113' title='bbox 1690 1430 1909 1471; x_wconf 86' lang='lat' dir='ltr'><strong>sensum</strong></span> 
     </span>
    </p>
   </div>
   <div class='ocr_carea' id='block_1_16' title="bbox 312 1508 1231 1580">
    <p class='ocr_par' dir='ltr' id='par_1_16' title="bbox 312 1508 1231 1580">
     <span class='ocr_line' id='line_1_16' title="bbox 312 1508 1231 1580; baseline 0.005 -20"><span class='ocrx_word' id='word_1_114' title='bbox 312 1508 399 1563; x_wconf 82' lang='lat' dir='ltr'><strong>vel</strong></span> <span class='ocrx_word' id='word_1_115' title='bbox 427 1509 839 1580; x_wconf 78' lang='lat' dir='ltr'><strong>intelligentiam</strong></span> <span class='ocrx_word' id='word_1_116' title='bbox 867 1510 1231 1580; x_wconf 81' lang='lat' dir='ltr'><strong>exposuisset.</strong></span> 
     </span>
    </p>
   </div>
   <div class='ocr_carea' id='block_1_17' title="bbox 383 1599 1909 1674">
    <p class='ocr_par' dir='ltr' id='par_1_17' title="bbox 383 1599 1909 1674">
     <span class='ocr_line' id='line_1_17' title="bbox 383 1599 1909 1674; baseline 0.001 -20"><span class='ocrx_word' id='word_1_117' title='bbox 383 1599 476 1655; x_wconf 80' lang='lat' dir='ltr'><strong>IX.</strong></span> <span class='ocrx_word' id='word_1_118' title='bbox 510 1601 673 1658; x_wconf 85' lang='lat' dir='ltr'><strong>Ponis</strong></span> <span class='ocrx_word' id='word_1_119' title='bbox 705 1617 919 1674; x_wconf 84' lang='lat' dir='ltr'><strong>quoque</strong></span> <span class='ocrx_word' id='word_1_120' title='bbox 965 1617 1244 1658; x_wconf 86' lang='lat' dir='ltr'><strong>sermones</strong></span> <span class='ocrx_word' id='word_1_121' title='bbox 1277 1602 1422 1657; x_wconf 84' lang='lat' dir='ltr'><strong>beati</strong></span> <span class='ocrx_word' id='word_1_122' title='bbox 1463 1600 1769 1666; x_wconf 82' lang='lat' dir='ltr'><strong>Ambrosii,</strong></span> <span class='ocrx_word' id='word_1_123' title='bbox 1812 1600 1909 1656; x_wconf 85' lang='lat' dir='ltr'><strong>sed</strong></span> 
     </span>
    </p>
   </div>
   <div class='ocr_carea' id='block_1_18' title="bbox 308 1688 1908 1765">
    <p class='ocr_par' dir='ltr' id='par_1_18' title="bbox 308 1688 1908 1765">
     <span class='ocr_line' id='line_1_18' title="bbox 308 1688 1908 1765; baseline 0.002 -20"><span class='ocrx_word' id='word_1_124' title='bbox 308 1694 638 1763; x_wconf 83' lang='lat' dir='ltr'><strong>perturbans</strong></span> <span class='ocrx_word' id='word_1_125' title='bbox 658 1694 818 1749; x_wconf 88' lang='lat' dir='ltr'><strong>unius</strong></span> <span class='ocrx_word' id='word_1_126' title='bbox 840 1695 1177 1765; x_wconf 87' lang='lat' dir='ltr'><strong>pronominis</strong></span> <span class='ocrx_word' id='word_1_127' title='bbox 1197 1692 1500 1762; x_wconf 88' lang='lat' dir='ltr'><strong>adjectione</strong></span> <span class='ocrx_word' id='word_1_128' title='bbox 1520 1707 1742 1748; x_wconf 90' lang='lat' dir='ltr'><strong>sensum</strong></span> <span class='ocrx_word' id='word_1_129' title='bbox 1762 1688 1908 1748; x_wconf 87' lang='lat' dir='ltr'><strong>illius</strong></span> 
     </span>
    </p>
   </div>
   <div class='ocr_carea' id='block_1_19' title="bbox 309 1782 1907 1857">
    <p class='ocr_par' dir='ltr' id='par_1_19' title="bbox 309 1782 1907 1857">
     <span class='ocr_line' id='line_1_19' title="bbox 309 1782 1907 1857; baseline -0.001 -16"><span class='ocrx_word' id='word_1_130' title='bbox 309 1788 615 1841; x_wconf 65' lang='lat' dir='ltr'><strong>sententiae.</strong></span> <span class='ocrx_word' id='word_1_131' title='bbox 642 1785 733 1840; x_wconf 85' lang='lat' dir='ltr'><strong>Ait</strong></span> <span class='ocrx_word' id='word_1_132' title='bbox 758 1787 905 1843; x_wconf 90' lang='lat' dir='ltr'><strong>enim</strong></span> <span class='ocrx_word' id='word_1_133' title='bbox 949 1787 1139 1844; x_wconf 90' lang='lat' dir='ltr'><strong>doctor</strong></span> <span class='ocrx_word' id='word_1_134' title='bbox 1167 1786 1256 1842; x_wconf 89' lang='lat' dir='ltr'><strong>ille</strong></span> <span class='ocrx_word' id='word_1_135' title='bbox 1301 1785 1551 1857; x_wconf 87' lang='lat' dir='ltr'><strong>egregius</strong></span> <span class='ocrx_word' id='word_1_136' title='bbox 1597 1782 1735 1857; x_wconf 88' lang='lat' dir='ltr'><strong>(Lib.</strong></span> <span class='ocrx_word' id='word_1_137' title='bbox 1762 1799 1812 1847; x_wconf 92' lang='lat' dir='ltr'><strong>v,</strong></span> <span class='ocrx_word' id='word_1_138' title='bbox 1842 1784 1907 1839; x_wconf 82' lang='lat' dir='ltr'><strong>de</strong></span> 
     </span>
    </p>
   </div>
   <div class='ocr_carea' id='block_1_20' title="bbox 2016 588 3609 665">
    <p class='ocr_par' dir='ltr' id='par_1_20' title="bbox 2016 588 3609 665">
     <span class='ocr_line' id='line_1_20' title="bbox 2016 588 3609 665; baseline 0.006 -22"><span class='ocrx_word' id='word_1_139' title='bbox 2016 588 2337 656; x_wconf 69' lang='lat' dir='ltr'><strong>eloquentia:</strong></span> <span class='ocrx_word' id='word_1_140' title='bbox 2368 598 2515 644; x_wconf 88' lang='lat' dir='ltr'><strong>stare</strong></span> <span class='ocrx_word' id='word_1_141' title='bbox 2544 606 2650 644; x_wconf 91' lang='lat' dir='ltr'><strong>non</strong></span> <span class='ocrx_word' id='word_1_142' title='bbox 2680 601 2855 661; x_wconf 81' lang='lat' dir='ltr'><strong>potest</strong></span> <span class='ocrx_word' id='word_1_143' title='bbox 2882 610 2894 644; x_wconf 90' lang='lat'><strong>:</strong></span> <span class='ocrx_word' id='word_1_144' title='bbox 2928 593 2973 646; x_wconf 89' lang='lat' dir='ltr'><strong>si</strong></span> <span class='ocrx_word' id='word_1_145' title='bbox 3016 594 3084 646; x_wconf 88' lang='lat' dir='ltr'><strong>ad</strong></span> <span class='ocrx_word' id='word_1_146' title='bbox 3115 608 3296 649; x_wconf 89' lang='lat' dir='ltr'><strong>mares</strong></span> <span class='ocrx_word' id='word_1_147' title='bbox 3338 598 3609 665; x_wconf 83' lang='lat' dir='ltr'><strong>pertinere</strong></span> 
     </span>
    </p>
   </div>
   <div class='ocr_carea' id='block_1_21' title="bbox 2015 679 3609 752">
    <p class='ocr_par' dir='ltr' id='par_1_21' title="bbox 2015 679 3609 752">
     <span class='ocr_line' id='line_1_21' title="bbox 2015 679 3609 752; baseline 0.008 -21"><span class='ocrx_word' id='word_1_148' title='bbox 2015 679 2263 743; x_wconf 73' lang='lat' dir='ltr'><strong>voluisti,</strong></span> <span class='ocrx_word' id='word_1_149' title='bbox 2290 680 2528 736; x_wconf 74' lang='lat' dir='ltr'><strong>maribus</strong></span> <span class='ocrx_word' id='word_1_150' title='bbox 2555 682 2835 738; x_wconf 85' lang='lat' dir='ltr'><strong>debuisses</strong></span> <span class='ocrx_word' id='word_1_151' title='bbox 2880 685 3083 749; x_wconf 79' lang='lat' dir='ltr'><strong>dicere,</strong></span> <span class='ocrx_word' id='word_1_152' title='bbox 3125 700 3231 739; x_wconf 91' lang='lat' dir='ltr'><strong>non</strong></span> <span class='ocrx_word' id='word_1_153' title='bbox 3272 687 3474 752; x_wconf 77' lang='lat' dir='ltr'><strong>maris;</strong></span> <span class='ocrx_word' id='word_1_154' title='bbox 3512 691 3609 743; x_wconf 88' lang='lat' dir='ltr'><strong>sed</strong></span> 
     </span>
    </p>
   </div>
   <div class='ocr_carea' id='block_1_22' title="bbox 2013 769 3607 842">
    <p class='ocr_par' dir='ltr' id='par_1_22' title="bbox 2013 769 3607 842">
     <span class='ocr_line' id='line_1_22' title="bbox 2013 769 3607 842; baseline 0.006 -19"><span class='ocrx_word' id='word_1_155' title='bbox 2013 769 2306 839; x_wconf 81' lang='lat' dir='ltr'><strong>singularis</strong></span> <span class='ocrx_word' id='word_1_156' title='bbox 2349 779 2456 826; x_wconf 69' lang='lat' dir='ltr'><strong>tuae</strong></span> <span class='ocrx_word' id='word_1_157' title='bbox 2502 772 2711 842; x_wconf 69' lang='lat' dir='ltr'><strong>peritia:</strong></span> <span class='ocrx_word' id='word_1_158' title='bbox 2752 772 3062 842; x_wconf 87' lang='lat' dir='ltr'><strong>eloquentia</strong></span> <span class='ocrx_word' id='word_1_159' title='bbox 3107 775 3309 832; x_wconf 83' lang='lat' dir='ltr'><strong>talibus</strong></span> <span class='ocrx_word' id='word_1_160' title='bbox 3345 776 3481 833; x_wconf 86' lang='lat' dir='ltr'><strong>solet</strong></span> <span class='ocrx_word' id='word_1_161' title='bbox 3528 779 3607 832; x_wconf 87' lang='lat' dir='ltr'><strong>uti</strong></span> 
     </span>
    </p>
   </div>
   <div class='ocr_carea' id='block_1_23' title="bbox 2012 861 3603 934">
    <p class='ocr_par' dir='ltr' id='par_1_23' title="bbox 2012 861 3603 934">
     <span class='ocr_line' id='line_1_23' title="bbox 2012 861 3603 934; baseline 0.005 -21"><span class='ocrx_word' id='word_1_162' title='bbox 2012 861 2214 924; x_wconf 84' lang='lat' dir='ltr'><strong>verbis,</strong></span> <span class='ocrx_word' id='word_1_163' title='bbox 2242 876 2363 930; x_wconf 74' lang='lat' dir='ltr'><strong>qua:</strong></span> <span class='ocrx_word' id='word_1_164' title='bbox 2405 875 2508 916; x_wconf 90' lang='lat' dir='ltr'><strong>nec</strong></span> <span class='ocrx_word' id='word_1_165' title='bbox 2555 862 2758 933; x_wconf 86' lang='lat' dir='ltr'><strong>regulis</strong></span> <span class='ocrx_word' id='word_1_166' title='bbox 2801 870 2950 918; x_wconf 87' lang='lat' dir='ltr'><strong>recte</strong></span> <span class='ocrx_word' id='word_1_167' title='bbox 2987 864 3238 934; x_wconf 86' lang='lat' dir='ltr'><strong>loquendi</strong></span> <span class='ocrx_word' id='word_1_168' title='bbox 3284 864 3393 920; x_wconf 90' lang='lat' dir='ltr'><strong>ullo</strong></span> <span class='ocrx_word' id='word_1_169' title='bbox 3441 869 3603 921; x_wconf 91' lang='lat' dir='ltr'><strong>modo</strong></span> 
     </span>
    </p>
   </div>
   <div class='ocr_carea' id='block_1_24' title="bbox 2012 953 3604 1027">
    <p class='ocr_par' dir='ltr' id='par_1_24' title="bbox 2012 953 3604 1027">
     <span class='ocr_line' id='line_1_24' title="bbox 2012 953 3604 1027; baseline 0.005 -22"><span class='ocrx_word' id='word_1_170' title='bbox 2012 953 2361 1018; x_wconf 85' lang='lat' dir='ltr'><strong>conveniunt,</strong></span> <span class='ocrx_word' id='word_1_171' title='bbox 2407 968 2506 1007; x_wconf 90' lang='lat' dir='ltr'><strong>nec</strong></span> <span class='ocrx_word' id='word_1_172' title='bbox 2552 968 2715 1009; x_wconf 90' lang='lat' dir='ltr'><strong>sensu</strong></span> <span class='ocrx_word' id='word_1_173' title='bbox 2744 954 3023 1009; x_wconf 74' lang='lat' dir='ltr'><strong>catholica:</strong></span> <span class='ocrx_word' id='word_1_174' title='bbox 3068 955 3193 1011; x_wconf 89' lang='lat' dir='ltr'><strong>ﬁdei</strong></span> <span class='ocrx_word' id='word_1_175' title='bbox 3225 958 3604 1027; x_wconf 85' lang='lat' dir='ltr'><strong>astipulantur.</strong></span> 
     </span>
    </p>
   </div>
   <div class='ocr_carea' id='block_1_25' title="bbox 2013 1040 3607 1116">
    <p class='ocr_par' dir='ltr' id='par_1_25' title="bbox 2013 1040 3607 1116">
     <span class='ocr_line' id='line_1_25' title="bbox 2013 1040 3607 1116; baseline 0.006 -22"><span class='ocrx_word' id='word_1_176' title='bbox 2013 1040 2264 1095; x_wconf 86' lang='lat' dir='ltr'><strong>Timuisti</strong></span> <span class='ocrx_word' id='word_1_177' title='bbox 2298 1041 2664 1109; x_wconf 11' lang='lat' dir='ltr'><strong>fortetdicere,</strong></span> <span class='ocrx_word' id='word_1_178' title='bbox 2692 1044 2884 1115; x_wconf 82' lang='lat' dir='ltr'><strong>absque</strong></span> <span class='ocrx_word' id='word_1_179' title='bbox 2907 1042 3031 1100; x_wconf 76' lang='lat' dir='ltr'><strong>ullis</strong></span> <span class='ocrx_word' id='word_1_180' title='bbox 3056 1046 3469 1116; x_wconf 69' lang='lat' dir='ltr'><strong>pra&#39;cedentibus</strong></span> <span class='ocrx_word' id='word_1_181' title='bbox 3500 1066 3607 1103; x_wconf 77' lang='lat' dir='ltr'><strong>nte-</strong></span> 
     </span>
    </p>
   </div>
   <div class='ocr_carea' id='block_1_26' title="bbox 2011 1130 3605 1204">
    <p class='ocr_par' dir='ltr' id='par_1_26' title="bbox 2011 1130 3605 1204">
     <span class='ocr_line' id='line_1_26' title="bbox 2011 1130 3605 1204; baseline 0.008 -22"><span class='ocrx_word' id='word_1_182' title='bbox 2011 1130 2128 1185; x_wconf 81' lang='lat' dir='ltr'><strong>ritis</strong></span> <span class='ocrx_word' id='word_1_183' title='bbox 2148 1146 2166 1183; x_wconf 87' lang='lat'><em>:</em></span> <span class='ocrx_word' id='word_1_184' title='bbox 2193 1132 2321 1203; x_wconf 86' lang='lat' dir='ltr'><strong>quia</strong></span> <span class='ocrx_word' id='word_1_185' title='bbox 2353 1148 2475 1187; x_wconf 82' lang='lat' dir='ltr'><strong>mox</strong></span> <span class='ocrx_word' id='word_1_186' title='bbox 2505 1134 2559 1188; x_wconf 91' lang='lat' dir='ltr'><strong>in</strong></span> <span class='ocrx_word' id='word_1_187' title='bbox 2590 1136 2943 1204; x_wconf 85' lang='lat' dir='ltr'><strong>sequentibus</strong></span> <span class='ocrx_word' id='word_1_188' title='bbox 2981 1136 3302 1192; x_wconf 89' lang='lat' dir='ltr'><strong>eruditionis</strong></span> <span class='ocrx_word' id='word_1_189' title='bbox 3344 1148 3450 1193; x_wconf 78' lang='lat' dir='ltr'><strong>tuae</strong></span> <span class='ocrx_word' id='word_1_190' title='bbox 3479 1155 3605 1194; x_wconf 81' lang='lat' dir='ltr'><strong>sen-</strong></span> 
     </span>
    </p>
   </div>
   <div class='ocr_carea' id='block_1_27' title="bbox 2010 1224 3607 1305">
    <p class='ocr_par' dir='ltr' id='par_1_27' title="bbox 2010 1224 3607 1305">
     <span class='ocr_line' id='line_1_27' title="bbox 2010 1224 3607 1305; baseline 0.006 -28"><span class='ocrx_word' id='word_1_191' title='bbox 2010 1224 2162 1278; x_wconf 79' lang='lat' dir='ltr'><strong>sibus</strong></span> <span class='ocrx_word' id='word_1_192' title='bbox 2204 1224 2497 1289; x_wconf 85' lang='lat' dir='ltr'><strong>invenitur.</strong></span> <span class='ocrx_word' id='word_1_193' title='bbox 2530 1236 2581 1281; x_wconf 85' lang='lat' dir='ltr'><strong>te</strong></span> <span class='ocrx_word' id='word_1_194' title='bbox 2628 1226 2831 1305; x_wconf 79' lang='lat' dir='ltr'><strong>dixisse</strong></span> <span class='ocrx_word' id='word_1_195' title='bbox 2862 1246 2876 1281; x_wconf 93' lang='lat'><strong>:</strong></span> <span class='ocrx_word' id='word_1_196' title='bbox 2915 1246 2935 1279; x_wconf 76' lang='grc' dir='ltr'>ι</span> <span class='ocrx_word' id='word_1_197' title='bbox 2960 1226 3091 1294; x_wconf 73' lang='lat' dir='ltr'><strong>Qua:</strong></span> <span class='ocrx_word' id='word_1_198' title='bbox 3139 1229 3251 1295; x_wconf 90' lang='lat' dir='ltr'><strong>ille,</strong></span> <span class='ocrx_word' id='word_1_199' title='bbox 3306 1231 3505 1300; x_wconf 88' lang='lat' dir='ltr'><strong>inquis,</strong></span> <span class='ocrx_word' id='word_1_200' title='bbox 3540 1233 3607 1287; x_wconf 75' lang='lat' dir='ltr'><strong>de</strong></span> 
     </span>
    </p>
   </div>
   <div class='ocr_carea' id='block_1_28' title="bbox 2010 1315 3605 1391">
    <p class='ocr_par' dir='ltr' id='par_1_28' title="bbox 2010 1315 3605 1391">
     <span class='ocr_line' id='line_1_28' title="bbox 2010 1315 3605 1391; baseline 0.006 -22"><span class='ocrx_word' id='word_1_201' title='bbox 2010 1315 2351 1371; x_wconf 86' lang='lat' dir='ltr'><strong>humanitate</strong></span> <span class='ocrx_word' id='word_1_202' title='bbox 2388 1316 2507 1371; x_wconf 88' lang='lat' dir='ltr'><strong>Filii</strong></span> <span class='ocrx_word' id='word_1_203' title='bbox 2551 1317 2669 1381; x_wconf 88' lang='lat' dir='ltr'><strong>Dei,</strong></span> <span class='ocrx_word' id='word_1_204' title='bbox 2697 1319 2751 1373; x_wconf 87' lang='lat' dir='ltr'><strong>in</strong></span> <span class='ocrx_word' id='word_1_205' title='bbox 2794 1334 2899 1389; x_wconf 88' lang='lat' dir='ltr'><strong>qua</strong></span> <span class='ocrx_word' id='word_1_206' title='bbox 2930 1328 3091 1375; x_wconf 89' lang='lat' dir='ltr'><strong>natus</strong></span> <span class='ocrx_word' id='word_1_207' title='bbox 3134 1322 3314 1386; x_wconf 92' lang='lat' dir='ltr'><strong>homo,</strong></span> <span class='ocrx_word' id='word_1_208' title='bbox 3351 1336 3447 1391; x_wconf 88' lang='lat' dir='ltr'><strong>per</strong></span> <span class='ocrx_word' id='word_1_209' title='bbox 3477 1324 3605 1378; x_wconf 88' lang='lat' dir='ltr'><strong>ado-</strong></span> 
     </span>
    </p>
   </div>
   <div class='ocr_carea' id='block_1_29' title="bbox 2009 1409 3604 1485">
    <p class='ocr_par' dir='ltr' id='par_1_29' title="bbox 2009 1409 3604 1485">
     <span class='ocr_line' id='line_1_29' title="bbox 2009 1409 3604 1485; baseline 0.005 -23"><span class='ocrx_word' id='word_1_210' title='bbox 2009 1409 2210 1479; x_wconf 83' lang='lat' dir='ltr'><strong>ptionis</strong></span> <span class='ocrx_word' id='word_1_211' title='bbox 2251 1410 2480 1480; x_wconf 78' lang='lat' dir='ltr'><strong>gratiam</strong></span> <span class='ocrx_word' id='word_1_212' title='bbox 2526 1410 2727 1465; x_wconf 90' lang='lat' dir='ltr'><strong>meruit</strong></span> <span class='ocrx_word' id='word_1_213' title='bbox 2766 1425 2887 1466; x_wconf 88' lang='lat' dir='ltr'><strong>esse</strong></span> <span class='ocrx_word' id='word_1_214' title='bbox 2924 1412 3069 1485; x_wconf 88' lang='lat' dir='ltr'><strong>quod</strong></span> <span class='ocrx_word' id='word_1_215' title='bbox 3109 1421 3220 1476; x_wconf 85' lang='lat' dir='ltr'><strong>est,</strong></span> <span class='ocrx_word' id='word_1_216' title='bbox 3255 1422 3310 1467; x_wconf 87' lang='lat' dir='ltr'><strong>et</strong></span> <span class='ocrx_word' id='word_1_217' title='bbox 3355 1415 3604 1483; x_wconf 88' lang='lat' dir='ltr'><strong>accipere</strong></span> 
     </span>
    </p>
   </div>
   <div class='ocr_carea' id='block_1_30' title="bbox 1988 1503 3601 1573">
    <p class='ocr_par' dir='ltr' id='par_1_30' title="bbox 1988 1503 3601 1573">
     <span class='ocr_line' id='line_1_30' title="bbox 1988 1503 3601 1573; baseline 0.004 -17"><span class='ocrx_word' id='word_1_218' title='bbox 1988 1504 2157 1573; x_wconf 86' lang='lat' dir='ltr'><strong>quod</strong></span> <span class='ocrx_word' id='word_1_219' title='bbox 2185 1503 2383 1557; x_wconf 80' lang='lat' dir='ltr'><strong>habet:</strong></span> <span class='ocrx_word' id='word_1_220' title='bbox 2416 1523 2434 1555; x_wconf 76' lang='grc' dir='ltr'><strong><em>ι</em></strong></span> <span class='ocrx_word' id='word_1_221' title='bbox 2473 1512 2528 1556; x_wconf 87' lang='lat' dir='ltr'><strong>tu</strong></span> <span class='ocrx_word' id='word_1_222' title='bbox 2557 1503 2695 1559; x_wconf 79' lang='lat' dir='ltr'><strong>dicis</strong></span> <span class='ocrx_word' id='word_1_223' title='bbox 2733 1520 2857 1560; x_wconf 91' lang='lat' dir='ltr'><strong>cum</strong></span> <span class='ocrx_word' id='word_1_224' title='bbox 2892 1508 3330 1562; x_wconf 83' lang='lat' dir='ltr'><strong>antecessoribus</strong></span> <span class='ocrx_word' id='word_1_225' title='bbox 3359 1508 3467 1562; x_wconf 89' lang='lat' dir='ltr'><strong>tuis</strong></span> <span class='ocrx_word' id='word_1_226' title='bbox 3493 1507 3601 1563; x_wconf 89' lang='lat' dir='ltr'><strong>Pe-</strong></span> 
     </span>
    </p>
   </div>
   <div class='ocr_carea' id='block_1_31' title="bbox 2010 1592 3631 1669">
    <p class='ocr_par' dir='ltr' id='par_1_31' title="bbox 2010 1592 3631 1669">
     <span class='ocr_line' id='line_1_31' title="bbox 2010 1592 3631 1669; baseline 0.005 -22"><span class='ocrx_word' id='word_1_227' title='bbox 2010 1593 2151 1664; x_wconf 83' lang='lat' dir='ltr'><strong>lagio</strong></span> <span class='ocrx_word' id='word_1_228' title='bbox 2177 1601 2233 1648; x_wconf 89' lang='lat' dir='ltr'><strong>et</strong></span> <span class='ocrx_word' id='word_1_229' title='bbox 2274 1592 2526 1649; x_wconf 85' lang='lat' dir='ltr'><strong>Nestorio</strong></span> <span class='ocrx_word' id='word_1_230' title='bbox 2554 1592 2830 1651; x_wconf 86' lang='lat' dir='ltr'><strong>Christum</strong></span> <span class='ocrx_word' id='word_1_231' title='bbox 2877 1598 3161 1661; x_wconf 88' lang='lat' dir='ltr'><strong>meruisse,</strong></span> <span class='ocrx_word' id='word_1_232' title='bbox 3194 1608 3254 1652; x_wconf 93' lang='lat' dir='ltr'><strong>ut</strong></span> <span class='ocrx_word' id='word_1_233' title='bbox 3288 1608 3433 1654; x_wconf 89' lang='lat' dir='ltr'><strong>esset</strong></span> <span class='ocrx_word' id='word_1_234' title='bbox 3461 1600 3631 1669; x_wconf 78' lang='lat' dir='ltr'><strong>quod-</strong></span> 
     </span>
    </p>
   </div>
   <div class='ocr_carea' id='block_1_32' title="bbox 2010 1685 3608 1757">
    <p class='ocr_par' dir='ltr' id='par_1_32' title="bbox 2010 1685 3608 1757">
     <span class='ocr_line' id='line_1_32' title="bbox 2010 1685 3608 1757; baseline 0.005 -18"><span class='ocrx_word' id='word_1_235' title='bbox 2010 1693 2126 1748; x_wconf 85' lang='lat' dir='ltr'><strong>est;</strong></span> <span class='ocrx_word' id='word_1_236' title='bbox 2154 1699 2277 1739; x_wconf 91' lang='lat' dir='ltr'><strong>cum</strong></span> <span class='ocrx_word' id='word_1_237' title='bbox 2308 1693 2529 1740; x_wconf 87' lang='lat' dir='ltr'><strong>sanctus</strong></span> <span class='ocrx_word' id='word_1_238' title='bbox 2558 1685 2893 1757; x_wconf 83' lang='lat' dir='ltr'><strong>Augustinus</strong></span> <span class='ocrx_word' id='word_1_239' title='bbox 2918 1698 2974 1743; x_wconf 88' lang='lat' dir='ltr'><strong>et</strong></span> <span class='ocrx_word' id='word_1_240' title='bbox 3003 1703 3194 1745; x_wconf 89' lang='lat' dir='ltr'><strong>omnes</strong></span> <span class='ocrx_word' id='word_1_241' title='bbox 3224 1690 3480 1746; x_wconf 88' lang='lat' dir='ltr'><strong>catholici</strong></span> <span class='ocrx_word' id='word_1_242' title='bbox 3510 1692 3608 1747; x_wconf 88' lang='lat' dir='ltr'><strong>do-</strong></span> 
     </span>
    </p>
   </div>
   <div class='ocr_carea' id='block_1_33' title="bbox 2008 1778 3662 1857">
    <p class='ocr_par' dir='ltr' id='par_1_33' title="bbox 2008 1778 3662 1857">
     <span class='ocr_line' id='line_1_33' title="bbox 2008 1778 3662 1857; baseline 0.007 -25"><span class='ocrx_word' id='word_1_243' title='bbox 2008 1786 2187 1833; x_wconf 88' lang='lat' dir='ltr'><strong>ctores</strong></span> <span class='ocrx_word' id='word_1_244' title='bbox 2215 1778 2377 1835; x_wconf 87' lang='lat' dir='ltr'><strong>nullis</strong></span> <span class='ocrx_word' id='word_1_245' title='bbox 2416 1782 2848 1851; x_wconf 69' lang='lat' dir='ltr'><strong>prmcedentibus</strong></span> <span class='ocrx_word' id='word_1_246' title='bbox 2892 1785 3102 1840; x_wconf 72' lang='lat' dir='ltr'><strong>meritis</strong></span> <span class='ocrx_word' id='word_1_247' title='bbox 3131 1786 3183 1840; x_wconf 90' lang='lat' dir='ltr'><strong>in</strong></span> <span class='ocrx_word' id='word_1_248' title='bbox 3216 1786 3330 1857; x_wconf 85' lang='lat' dir='ltr'><strong>ipso</strong></span> <span class='ocrx_word' id='word_1_249' title='bbox 3359 1788 3608 1844; x_wconf 85' lang='lat' dir='ltr'><strong>humani-</strong></span> <span class='ocrx_word' id='word_1_250' title='bbox 3660 1834 3662 1837; x_wconf 91' lang='lat'><strong>.</strong></span> 
     </span>
    </p>
   </div>
   <div class='ocr_carea' id='block_1_34' title="bbox 310 1867 3603 1950">
    <p class='ocr_par' dir='ltr' id='par_1_34' title="bbox 310 1867 3603 1950">
     <span class='ocr_line' id='line_1_34' title="bbox 310 1867 3603 1950; baseline 0.002 -21"><span class='ocrx_word' id='word_1_251' title='bbox 310 1872 470 1939; x_wconf 83' lang='lat' dir='ltr'><strong>Fide,</strong></span> <span class='ocrx_word' id='word_1_252' title='bbox 491 1876 717 1949; x_wconf 66' lang='lat' dir='ltr'><strong>n.107):</strong></span> <span class='ocrx_word' id='word_1_253' title='bbox 741 1897 757 1928; x_wconf 81' lang='grc' dir='ltr'>ι</span> <span class='ocrx_word' id='word_1_254' title='bbox 781 1876 978 1933; x_wconf 90' lang='lat' dir='ltr'><strong>Contra</strong></span> <span class='ocrx_word' id='word_1_255' title='bbox 997 1888 1177 1932; x_wconf 88' lang='lat' dir='ltr'><strong>autem</strong></span> <span class='ocrx_word' id='word_1_256' title='bbox 1198 1886 1383 1932; x_wconf 88' lang='lat' dir='ltr'><strong>sancto</strong></span> <span class='ocrx_word' id='word_1_257' title='bbox 1399 1874 1721 1946; x_wconf 66' lang='lat' dir='ltr'><strong>patriarchae</strong></span> <span class='ocrx_word' id='word_1_258' title='bbox 1737 1872 1904 1929; x_wconf 87' lang='lat' dir='ltr'><strong>David</strong></span> <span class='ocrx_word' id='word_1_259' title='bbox 1938 1867 1982 1926; x_wconf 86' lang='grc' dir='ltr'><strong>Β</strong></span> <span class='ocrx_word' id='word_1_260' title='bbox 2013 1870 2140 1923; x_wconf 81' lang='lat' dir='ltr'><strong>tatis</strong></span> <span class='ocrx_word' id='word_1_261' title='bbox 2167 1868 2369 1925; x_wconf 84' lang='lat' dir='ltr'><strong>Christi</strong></span> <span class='ocrx_word' id='word_1_262' title='bbox 2400 1871 2623 1927; x_wconf 84' lang='lat' dir='ltr'><strong>exordio</strong></span> <span class='ocrx_word' id='word_1_263' title='bbox 2652 1873 2903 1928; x_wconf 89' lang='lat' dir='ltr'><strong>eumdem</strong></span> <span class='ocrx_word' id='word_1_264' title='bbox 2929 1873 3101 1929; x_wconf 88' lang='lat' dir='ltr'><strong>Deum</strong></span> <span class='ocrx_word' id='word_1_265' title='bbox 3128 1891 3247 1931; x_wconf 88' lang='lat' dir='ltr'><strong>esse</strong></span> <span class='ocrx_word' id='word_1_266' title='bbox 3282 1887 3603 1950; x_wconf 88' lang='lat' dir='ltr'><strong>conceptum</strong></span> 
     </span>
    </p>
   </div>
   <div class='ocr_carea' id='block_1_35' title="bbox 311 1965 1905 2040">
    <p class='ocr_par' dir='ltr' id='par_1_35' title="bbox 311 1965 1905 2040">
     <span class='ocr_line' id='line_1_35' title="bbox 311 1965 1905 2040; baseline -0.001 -18"><span class='ocrx_word' id='word_1_267' title='bbox 311 1970 612 2023; x_wconf 80' lang='lat' dir='ltr'><strong>secundum</strong></span> <span class='ocrx_word' id='word_1_268' title='bbox 659 1968 887 2040; x_wconf 88' lang='lat' dir='ltr'><strong>gloriam</strong></span> <span class='ocrx_word' id='word_1_269' title='bbox 932 1985 1085 2024; x_wconf 89' lang='lat' dir='ltr'><strong>suam</strong></span> <span class='ocrx_word' id='word_1_270' title='bbox 1140 1968 1401 2023; x_wconf 86' lang='lat' dir='ltr'><strong>Dominus</strong></span> <span class='ocrx_word' id='word_1_271' title='bbox 1441 1976 1560 2032; x_wconf 87' lang='lat' dir='ltr'><strong>est;</strong></span> <span class='ocrx_word' id='word_1_272' title='bbox 1609 1965 1905 2022; x_wconf 88' lang='lat' dir='ltr'><strong>secundum</strong></span> 
     </span>
    </p>
   </div>
   <div class='ocr_carea' id='block_1_36' title="bbox 306 2055 1906 2129">
    <p class='ocr_par' dir='ltr' id='par_1_36' title="bbox 306 2055 1906 2129">
     <span class='ocr_line' id='line_1_36' title="bbox 306 2055 1906 2129; baseline -0.002 -16"><span class='ocrx_word' id='word_1_273' title='bbox 306 2056 476 2128; x_wconf 80' lang='lat'><strong>853</strong></span> <span class='ocrx_word' id='word_1_274' title='bbox 506 2058 807 2129; x_wconf 75' lang='lat' dir='ltr'><strong>corporalis</strong></span> <span class='ocrx_word' id='word_1_275' title='bbox 837 2059 1196 2114; x_wconf 86' lang='lat' dir='ltr'><strong>successionis</strong></span> <span class='ocrx_word' id='word_1_276' title='bbox 1236 2059 1433 2114; x_wconf 89' lang='lat' dir='ltr'><strong>seriem</strong></span> <span class='ocrx_word' id='word_1_277' title='bbox 1458 2055 1629 2112; x_wconf 88' lang='lat' dir='ltr'><strong>Filius</strong></span> <span class='ocrx_word' id='word_1_278' title='bbox 1665 2065 1771 2123; x_wconf 90' lang='lat' dir='ltr'><strong>est,</strong></span> <span class='ocrx_word' id='word_1_279' title='bbox 1797 2072 1906 2111; x_wconf 87' lang='lat' dir='ltr'><strong>non</strong></span> 
     </span>
    </p>
   </div>
   <div class='ocr_carea' id='block_1_37' title="bbox 306 2147 1907 2221">
    <p class='ocr_par' dir='ltr' id='par_1_37' title="bbox 306 2147 1907 2221">
     <span class='ocr_line' id='line_1_37' title="bbox 306 2147 1907 2221; baseline 0.001 -20"><span class='ocrx_word' id='word_1_280' title='bbox 306 2147 571 2203; x_wconf 86' lang='lat' dir='ltr'><strong>deﬁciens</strong></span> <span class='ocrx_word' id='word_1_281' title='bbox 595 2164 626 2203; x_wconf 91' lang='lat' dir='ltr'><strong>a</strong></span> <span class='ocrx_word' id='word_1_282' title='bbox 669 2164 746 2215; x_wconf 89' lang='lat' dir='ltr'><strong>se,</strong></span> <span class='ocrx_word' id='word_1_283' title='bbox 775 2150 870 2205; x_wconf 89' lang='lat' dir='ltr'><strong>sed</strong></span> <span class='ocrx_word' id='word_1_284' title='bbox 916 2158 1118 2206; x_wconf 76' lang='lat' dir='ltr'><strong>nostra:</strong></span> <span class='ocrx_word' id='word_1_285' title='bbox 1144 2150 1235 2221; x_wconf 85' lang='lat' dir='ltr'><strong>jus</strong></span> <span class='ocrx_word' id='word_1_286' title='bbox 1262 2150 1364 2205; x_wconf 90' lang='lat' dir='ltr'><strong>sibi</strong></span> <span class='ocrx_word' id='word_1_287' title='bbox 1393 2148 1698 2221; x_wconf 88' lang='lat' dir='ltr'><strong>adoptionis</strong></span> <span class='ocrx_word' id='word_1_288' title='bbox 1723 2150 1907 2220; x_wconf 83' lang='lat' dir='ltr'><strong>acqui-</strong></span> 
     </span>
    </p>
   </div>
   <div class='ocr_carea' id='block_1_38' title="bbox 309 2239 1908 2306">
    <p class='ocr_par' dir='ltr' id='par_1_38' title="bbox 309 2239 1908 2306">
     <span class='ocr_line' id='line_1_38' title="bbox 309 2239 1908 2306; baseline 0.002 -15"><span class='ocrx_word' id='word_1_289' title='bbox 309 2252 492 2293; x_wconf 66' lang='lat' dir='ltr'><strong>rens.»</strong></span> <span class='ocrx_word' id='word_1_290' title='bbox 521 2239 601 2294; x_wconf 89' lang='lat' dir='ltr'><strong>Tu</strong></span> <span class='ocrx_word' id='word_1_291' title='bbox 624 2255 755 2295; x_wconf 88' lang='lat' dir='ltr'><strong>vero</strong></span> <span class='ocrx_word' id='word_1_292' title='bbox 783 2240 1077 2295; x_wconf 88' lang='lat' dir='ltr'><strong>immutasti</strong></span> <span class='ocrx_word' id='word_1_293' title='bbox 1107 2255 1407 2305; x_wconf 86' lang='lat' dir='ltr'><strong>sermones,</strong></span> <span class='ocrx_word' id='word_1_294' title='bbox 1434 2239 1527 2295; x_wconf 90' lang='lat' dir='ltr'><strong>ubi</strong></span> <span class='ocrx_word' id='word_1_295' title='bbox 1557 2240 1647 2296; x_wconf 91' lang='lat' dir='ltr'><strong>ille</strong></span> <span class='ocrx_word' id='word_1_296' title='bbox 1669 2240 1763 2306; x_wconf 87' lang='lat' dir='ltr'><strong>ait,</strong></span> <span class='ocrx_word' id='word_1_297' title='bbox 1788 2256 1908 2294; x_wconf 82' lang='lat' dir='ltr'><strong>suc-</strong></span> 
     </span>
    </p>
   </div>
   <div class='ocr_carea' id='block_1_39' title="bbox 307 2328 1906 2400">
    <p class='ocr_par' dir='ltr' id='par_1_39' title="bbox 307 2328 1906 2400">
     <span class='ocr_line' id='line_1_39' title="bbox 307 2328 1906 2400; baseline 0.003 -20"><span class='ocrx_word' id='word_1_298' title='bbox 307 2328 584 2395; x_wconf 81' lang='lat' dir='ltr'><strong>cessionis,</strong></span> <span class='ocrx_word' id='word_1_299' title='bbox 613 2338 668 2384; x_wconf 90' lang='lat' dir='ltr'><strong>tu</strong></span> <span class='ocrx_word' id='word_1_300' title='bbox 698 2330 947 2400; x_wconf 85' lang='lat' dir='ltr'><strong>posuisti,</strong></span> <span class='ocrx_word' id='word_1_301' title='bbox 974 2330 1347 2400; x_wconf 82' lang='lat' dir='ltr'><strong>susceptionis;</strong></span> <span class='ocrx_word' id='word_1_302' title='bbox 1372 2340 1429 2385; x_wconf 90' lang='lat' dir='ltr'><strong>et</strong></span> <span class='ocrx_word' id='word_1_303' title='bbox 1453 2331 1545 2385; x_wconf 90' lang='lat' dir='ltr'><strong>ubi</strong></span> <span class='ocrx_word' id='word_1_304' title='bbox 1572 2331 1684 2385; x_wconf 86' lang='lat' dir='ltr'><strong>ait:</strong></span> <span class='ocrx_word' id='word_1_305' title='bbox 1713 2341 1906 2385; x_wconf 62' lang='lat' dir='ltr'><strong>nostra</strong></span> 
     </span>
    </p>
   </div>
   <div class='ocr_carea' id='block_1_40' title="bbox 306 2420 1902 2494">
    <p class='ocr_par' dir='ltr' id='par_1_40' title="bbox 306 2420 1902 2494">
     <span class='ocr_line' id='line_1_40' title="bbox 306 2420 1902 2494; baseline 0.001 -19"><span class='ocrx_word' id='word_1_306' title='bbox 306 2420 396 2488; x_wconf 78' lang='lat' dir='ltr'><strong>ius</strong></span> <span class='ocrx_word' id='word_1_307' title='bbox 423 2422 525 2476; x_wconf 79' lang='lat' dir='ltr'><strong>sibi</strong></span> <span class='ocrx_word' id='word_1_308' title='bbox 548 2422 845 2493; x_wconf 75' lang='lat' dir='ltr'><strong>adoptionis</strong></span> <span class='ocrx_word' id='word_1_309' title='bbox 868 2425 1174 2494; x_wconf 85' lang='lat' dir='ltr'><strong>acquirens;</strong></span> <span class='ocrx_word' id='word_1_310' title='bbox 1203 2423 1345 2493; x_wconf 90' lang='lat' dir='ltr'><strong>quod</strong></span> <span class='ocrx_word' id='word_1_311' title='bbox 1371 2423 1519 2477; x_wconf 90' lang='lat' dir='ltr'><strong>omni</strong></span> <span class='ocrx_word' id='word_1_312' title='bbox 1548 2439 1709 2479; x_wconf 90' lang='lat' dir='ltr'><strong>sensu</strong></span> <span class='ocrx_word' id='word_1_313' title='bbox 1733 2431 1902 2487; x_wconf 87' lang='lat' dir='ltr'><strong>caret,</strong></span> 
     </span>
    </p>
   </div>
   <div class='ocr_carea' id='block_1_41' title="bbox 306 2511 1900 2585">
    <p class='ocr_par' dir='ltr' id='par_1_41' title="bbox 306 2511 1900 2585">
     <span class='ocr_line' id='line_1_41' title="bbox 306 2511 1900 2585; baseline 0 -18"><span class='ocrx_word' id='word_1_314' title='bbox 306 2511 455 2567; x_wconf 86' lang='lat' dir='ltr'><strong>hanc</strong></span> <span class='ocrx_word' id='word_1_315' title='bbox 487 2513 732 2569; x_wconf 86' lang='lat' dir='ltr'><strong>eamdem</strong></span> <span class='ocrx_word' id='word_1_316' title='bbox 763 2513 1089 2569; x_wconf 87' lang='lat' dir='ltr'><strong>sententiam</strong></span> <span class='ocrx_word' id='word_1_317' title='bbox 1119 2513 1202 2569; x_wconf 89' lang='lat' dir='ltr'><strong>bis</strong></span> <span class='ocrx_word' id='word_1_318' title='bbox 1234 2513 1463 2585; x_wconf 89' lang='lat' dir='ltr'><strong>posuisti</strong></span> <span class='ocrx_word' id='word_1_319' title='bbox 1492 2514 1547 2568; x_wconf 90' lang='lat' dir='ltr'><strong>in</strong></span> <span class='ocrx_word' id='word_1_320' title='bbox 1573 2513 1753 2568; x_wconf 89' lang='lat' dir='ltr'><strong>libello</strong></span> <span class='ocrx_word' id='word_1_321' title='bbox 1780 2522 1900 2580; x_wconf 88' lang='lat' dir='ltr'><strong>tuo;</strong></span> 
     </span>
    </p>
   </div>
   <div class='ocr_carea' id='block_1_42' title="bbox 304 2602 1905 2675">
    <p class='ocr_par' dir='ltr' id='par_1_42' title="bbox 304 2602 1905 2675">
     <span class='ocr_line' id='line_1_42' title="bbox 304 2602 1905 2675; baseline 0.001 -18"><span class='ocrx_word' id='word_1_322' title='bbox 304 2603 572 2673; x_wconf 84' lang='lat' dir='ltr'><strong>gaudens,</strong></span> <span class='ocrx_word' id='word_1_323' title='bbox 605 2612 665 2659; x_wconf 92' lang='lat' dir='ltr'><strong>ut</strong></span> <span class='ocrx_word' id='word_1_324' title='bbox 705 2619 850 2670; x_wconf 87' lang='lat' dir='ltr'><strong>reor,</strong></span> <span class='ocrx_word' id='word_1_325' title='bbox 881 2604 937 2659; x_wconf 88' lang='lat' dir='ltr'><strong>in</strong></span> <span class='ocrx_word' id='word_1_326' title='bbox 979 2604 1282 2675; x_wconf 87' lang='lat' dir='ltr'><strong>adoptionis</strong></span> <span class='ocrx_word' id='word_1_327' title='bbox 1313 2602 1574 2661; x_wconf 88' lang='lat' dir='ltr'><strong>nomine:</strong></span> <span class='ocrx_word' id='word_1_328' title='bbox 1607 2604 1752 2674; x_wconf 86' lang='lat' dir='ltr'><strong>quod</strong></span> <span class='ocrx_word' id='word_1_329' title='bbox 1788 2620 1905 2660; x_wconf 84' lang='lat' dir='ltr'><strong>om-</strong></span> 
     </span>
    </p>
   </div>
   <div class='ocr_carea' id='block_1_43' title="bbox 306 2695 1904 2769">
    <p class='ocr_par' dir='ltr' id='par_1_43' title="bbox 306 2695 1904 2769">
     <span class='ocr_line' id='line_1_43' title="bbox 306 2695 1904 2769; baseline -0.003 -17"><span class='ocrx_word' id='word_1_330' title='bbox 306 2699 441 2754; x_wconf 87' lang='lat' dir='ltr'><strong>nino</strong></span> <span class='ocrx_word' id='word_1_331' title='bbox 478 2698 545 2756; x_wconf 88' lang='lat' dir='ltr'><strong>de</strong></span> <span class='ocrx_word' id='word_1_332' title='bbox 573 2699 730 2756; x_wconf 90' lang='lat' dir='ltr'><strong>nobis</strong></span> <span class='ocrx_word' id='word_1_333' title='bbox 757 2699 812 2755; x_wconf 89' lang='lat' dir='ltr'><strong>in</strong></span> <span class='ocrx_word' id='word_1_334' title='bbox 842 2700 945 2755; x_wconf 92' lang='lat' dir='ltr'><strong>hoc</strong></span> <span class='ocrx_word' id='word_1_335' title='bbox 967 2697 1088 2754; x_wconf 86' lang='lat' dir='ltr'><strong>loco</strong></span> <span class='ocrx_word' id='word_1_336' title='bbox 1115 2698 1351 2769; x_wconf 89' lang='lat' dir='ltr'><strong>positum</strong></span> <span class='ocrx_word' id='word_1_337' title='bbox 1379 2705 1482 2763; x_wconf 85' lang='lat' dir='ltr'><strong>est,</strong></span> <span class='ocrx_word' id='word_1_338' title='bbox 1513 2712 1622 2751; x_wconf 89' lang='lat' dir='ltr'><strong>non</strong></span> <span class='ocrx_word' id='word_1_339' title='bbox 1652 2696 1719 2752; x_wconf 90' lang='lat' dir='ltr'><strong>de</strong></span> <span class='ocrx_word' id='word_1_340' title='bbox 1743 2695 1904 2751; x_wconf 87' lang='lat' dir='ltr'><strong>Chri-</strong></span> 
     </span>
    </p>
   </div>
   <div class='ocr_carea' id='block_1_44' title="bbox 305 2788 1906 2862">
    <p class='ocr_par' dir='ltr' id='par_1_44' title="bbox 305 2788 1906 2862">
     <span class='ocr_line' id='line_1_44' title="bbox 305 2788 1906 2862; baseline 0 -17"><span class='ocrx_word' id='word_1_341' title='bbox 305 2799 419 2855; x_wconf 82' lang='lat' dir='ltr'><strong>sto,</strong></span> <span class='ocrx_word' id='word_1_342' title='bbox 444 2790 536 2860; x_wconf 92' lang='lat' dir='ltr'><strong>qni</strong></span> <span class='ocrx_word' id='word_1_343' title='bbox 564 2799 765 2847; x_wconf 77' lang='lat' dir='ltr'><strong>nostrze</strong></span> <span class='ocrx_word' id='word_1_344' title='bbox 789 2788 1095 2861; x_wconf 83' lang='lat' dir='ltr'><strong>adoptionis</strong></span> <span class='ocrx_word' id='word_1_345' title='bbox 1116 2789 1229 2860; x_wconf 89' lang='lat' dir='ltr'><strong>jus,</strong></span> <span class='ocrx_word' id='word_1_346' title='bbox 1257 2791 1311 2847; x_wconf 90' lang='lat' dir='ltr'><strong>id</strong></span> <span class='ocrx_word' id='word_1_347' title='bbox 1336 2800 1439 2857; x_wconf 90' lang='lat' dir='ltr'><strong>est,</strong></span> <span class='ocrx_word' id='word_1_348' title='bbox 1470 2798 1793 2862; x_wconf 87' lang='lat' dir='ltr'><strong>potestatem</strong></span> <span class='ocrx_word' id='word_1_349' title='bbox 1816 2805 1906 2845; x_wconf 91' lang='lat' dir='ltr'><strong>ac-</strong></span> 
     </span>
    </p>
   </div>
   <div class='ocr_carea' id='block_1_45' title="bbox 304 2881 1902 2953">
    <p class='ocr_par' dir='ltr' id='par_1_45' title="bbox 304 2881 1902 2953">
     <span class='ocr_line' id='line_1_45' title="bbox 304 2881 1902 2953; baseline 0.001 -16"><span class='ocrx_word' id='word_1_350' title='bbox 304 2883 529 2953; x_wconf 84' lang='lat' dir='ltr'><strong>quirere</strong></span> <span class='ocrx_word' id='word_1_351' title='bbox 569 2883 785 2940; x_wconf 88' lang='lat' dir='ltr'><strong>dicitur.</strong></span> <span class='ocrx_word' id='word_1_352' title='bbox 835 2881 903 2938; x_wconf 84' lang='lat' dir='ltr'><strong>Et</strong></span> <span class='ocrx_word' id='word_1_353' title='bbox 945 2882 1130 2939; x_wconf 88' lang='lat' dir='ltr'><strong>nescio</strong></span> <span class='ocrx_word' id='word_1_354' title='bbox 1179 2891 1364 2938; x_wconf 87' lang='lat' dir='ltr'><strong>utrum</strong></span> <span class='ocrx_word' id='word_1_355' title='bbox 1404 2884 1550 2939; x_wconf 87' lang='lat' dir='ltr'><strong>mala</strong></span> <span class='ocrx_word' id='word_1_356' title='bbox 1598 2882 1902 2946; x_wconf 81' lang='lat' dir='ltr'><strong>voluntate,</strong></span> 
     </span>
    </p>
   </div>
   <div class='ocr_carea' id='block_1_46' title="bbox 306 2972 1904 3042">
    <p class='ocr_par' dir='ltr' id='par_1_46' title="bbox 306 2972 1904 3042">
     <span class='ocr_line' id='line_1_46' title="bbox 306 2972 1904 3042; baseline 0.001 -15"><span class='ocrx_word' id='word_1_357' title='bbox 306 2987 464 3027; x_wconf 87' lang='lat' dir='ltr'><strong>more</strong></span> <span class='ocrx_word' id='word_1_358' title='bbox 520 2972 626 3042; x_wconf 28' lang='lat' dir='ltr'><strong>tibi.</strong></span> <span class='ocrx_word' id='word_1_359' title='bbox 657 2982 938 3039; x_wconf 88' lang='lat' dir='ltr'><strong>consueto,</strong></span> <span class='ocrx_word' id='word_1_360' title='bbox 984 2972 1283 3028; x_wconf 90' lang='lat' dir='ltr'><strong>immutasti</strong></span> <span class='ocrx_word' id='word_1_361' title='bbox 1315 2988 1596 3030; x_wconf 86' lang='lat' dir='ltr'><strong>sermones</strong></span> <span class='ocrx_word' id='word_1_362' title='bbox 1624 2973 1787 3039; x_wconf 89' lang='lat' dir='ltr'><strong>illius,</strong></span> <span class='ocrx_word' id='word_1_363' title='bbox 1818 2974 1904 3030; x_wconf 88' lang='lat' dir='ltr'><strong>vel</strong></span> 
     </span>
    </p>
   </div>
   <div class='ocr_carea' id='block_1_47' title="bbox 304 3064 1902 3135">
    <p class='ocr_par' dir='ltr' id='par_1_47' title="bbox 304 3064 1902 3135">
     <span class='ocr_line' id='line_1_47' title="bbox 304 3064 1902 3135; baseline 0 -14"><span class='ocrx_word' id='word_1_364' title='bbox 304 3066 477 3121; x_wconf 89' lang='lat' dir='ltr'><strong>etiam</strong></span> <span class='ocrx_word' id='word_1_365' title='bbox 518 3064 809 3135; x_wconf 85' lang='lat' dir='ltr'><strong>imperitia.</strong></span> <span class='ocrx_word' id='word_1_366' title='bbox 842 3065 901 3120; x_wconf 90' lang='lat' dir='ltr'><strong>Si</strong></span> <span class='ocrx_word' id='word_1_367' title='bbox 933 3064 1076 3120; x_wconf 86' lang='lat' dir='ltr'><strong>mala</strong></span> <span class='ocrx_word' id='word_1_368' title='bbox 1120 3065 1399 3121; x_wconf 85' lang='lat' dir='ltr'><strong>voluntate</strong></span> <span class='ocrx_word' id='word_1_369' title='bbox 1438 3075 1752 3121; x_wconf 90' lang='lat' dir='ltr'><strong>sanctorum</strong></span> <span class='ocrx_word' id='word_1_370' title='bbox 1795 3065 1902 3121; x_wconf 87' lang='lat' dir='ltr'><strong>Pa-</strong></span> 
     </span>
    </p>
   </div>
   <div class='ocr_carea' id='block_1_48' title="bbox 2005 1963 3605 2035">
    <p class='ocr_par' dir='ltr' id='par_1_48' title="bbox 2005 1963 3605 2035">
     <span class='ocr_line' id='line_1_48' title="bbox 2005 1963 3605 2035; baseline 0.008 -20"><span class='ocrx_word' id='word_1_371' title='bbox 2005 1968 2060 2015; x_wconf 88' lang='lat' dir='ltr'><strong>et</strong></span> <span class='ocrx_word' id='word_1_372' title='bbox 2103 1971 2289 2016; x_wconf 86' lang='lat' dir='ltr'><strong>natum</strong></span> <span class='ocrx_word' id='word_1_373' title='bbox 2323 1970 2614 2018; x_wconf 87' lang='lat' dir='ltr'><strong>testantur.</strong></span> <span class='ocrx_word' id='word_1_374' title='bbox 2648 1963 2716 2018; x_wconf 87' lang='lat' dir='ltr'><strong>Et</strong></span> <span class='ocrx_word' id='word_1_375' title='bbox 2743 1967 3015 2035; x_wconf 89' lang='lat' dir='ltr'><strong>quomodo</strong></span> <span class='ocrx_word' id='word_1_376' title='bbox 3064 1975 3119 2022; x_wconf 92' lang='lat' dir='ltr'><strong>tu</strong></span> <span class='ocrx_word' id='word_1_377' title='bbox 3172 1971 3415 2025; x_wconf 89' lang='lat' dir='ltr'><strong>diversos</strong></span> <span class='ocrx_word' id='word_1_378' title='bbox 3463 1971 3605 2029; x_wconf 90' lang='lat' dir='ltr'><strong>ﬁlios</strong></span> 
     </span>
    </p>
   </div>
   <div class='ocr_carea' id='block_1_49' title="bbox 2004 2052 3602 2125">
    <p class='ocr_par' dir='ltr' id='par_1_49' title="bbox 2004 2052 3602 2125">
     <span class='ocr_line' id='line_1_49' title="bbox 2004 2052 3602 2125; baseline 0.009 -20"><span class='ocrx_word' id='word_1_379' title='bbox 2004 2066 2125 2106; x_wconf 83' lang='lat' dir='ltr'><strong>esse</strong></span> <span class='ocrx_word' id='word_1_380' title='bbox 2166 2053 2220 2107; x_wconf 88' lang='lat' dir='ltr'><strong>in</strong></span> <span class='ocrx_word' id='word_1_381' title='bbox 2269 2052 2486 2109; x_wconf 86' lang='lat' dir='ltr'><strong>Christo</strong></span> <span class='ocrx_word' id='word_1_382' title='bbox 2515 2064 2736 2124; x_wconf 89' lang='lat' dir='ltr'><strong>propter</strong></span> <span class='ocrx_word' id='word_1_383' title='bbox 2764 2056 2901 2111; x_wconf 86' lang='lat' dir='ltr'><strong>duas</strong></span> <span class='ocrx_word' id='word_1_384' title='bbox 2940 2067 3162 2114; x_wconf 86' lang='lat' dir='ltr'><strong>naturas</strong></span> <span class='ocrx_word' id='word_1_385' title='bbox 3204 2062 3434 2125; x_wconf 87' lang='lat' dir='ltr'><strong>asseris,</strong></span> <span class='ocrx_word' id='word_1_386' title='bbox 3473 2065 3602 2118; x_wconf 88' lang='lat' dir='ltr'><strong>dum</strong></span> 
     </span>
    </p>
   </div>
   <div class='ocr_carea' id='block_1_50' title="bbox 2005 2144 3600 2222">
    <p class='ocr_par' dir='ltr' id='par_1_50' title="bbox 2005 2144 3600 2222">
     <span class='ocr_line' id='line_1_50' title="bbox 2005 2144 3600 2222; baseline 0.006 -24"><span class='ocrx_word' id='word_1_387' title='bbox 2005 2144 2108 2199; x_wconf 85' lang='lat' dir='ltr'><strong>iste</strong></span> <span class='ocrx_word' id='word_1_388' title='bbox 2155 2146 2530 2200; x_wconf 80' lang='lat' dir='ltr'><strong>sanctissimus</strong></span> <span class='ocrx_word' id='word_1_389' title='bbox 2570 2144 2761 2201; x_wconf 88' lang='lat' dir='ltr'><strong>doctor</strong></span> <span class='ocrx_word' id='word_1_390' title='bbox 2805 2148 2860 2201; x_wconf 91' lang='lat' dir='ltr'><strong>in</strong></span> <span class='ocrx_word' id='word_1_391' title='bbox 2909 2148 3013 2204; x_wconf 91' lang='lat' dir='ltr'><strong>hoc</strong></span> <span class='ocrx_word' id='word_1_392' title='bbox 3059 2146 3393 2217; x_wconf 70' lang='lat' dir='ltr'><strong>testimonio,</strong></span> <span class='ocrx_word' id='word_1_393' title='bbox 3440 2169 3600 2222; x_wconf 89' lang='lat' dir='ltr'><strong>quem</strong></span> 
     </span>
    </p>
   </div>
   <div class='ocr_carea' id='block_1_51' title="bbox 2007 2235 3600 2309">
    <p class='ocr_par' dir='ltr' id='par_1_51' title="bbox 2007 2235 3600 2309">
     <span class='ocr_line' id='line_1_51' title="bbox 2007 2235 3600 2309; baseline 0.006 -19"><span class='ocrx_word' id='word_1_394' title='bbox 2007 2235 2195 2308; x_wconf 88' lang='lat' dir='ltr'><strong>[quod]</strong></span> <span class='ocrx_word' id='word_1_395' title='bbox 2234 2246 2289 2291; x_wconf 91' lang='lat' dir='ltr'><strong>tu</strong></span> <span class='ocrx_word' id='word_1_396' title='bbox 2334 2238 2449 2308; x_wconf 89' lang='lat' dir='ltr'><strong>ipse</strong></span> <span class='ocrx_word' id='word_1_397' title='bbox 2494 2238 2744 2309; x_wconf 90' lang='lat' dir='ltr'><strong>posuisti,</strong></span> <span class='ocrx_word' id='word_1_398' title='bbox 2770 2240 3021 2295; x_wconf 89' lang='lat' dir='ltr'><strong>eumdem</strong></span> <span class='ocrx_word' id='word_1_399' title='bbox 3063 2242 3194 2297; x_wconf 75' lang='lat' dir='ltr'><strong>dicit</strong></span> <span class='ocrx_word' id='word_1_400' title='bbox 3234 2258 3353 2298; x_wconf 88' lang='lat' dir='ltr'><strong>esse</strong></span> <span class='ocrx_word' id='word_1_401' title='bbox 3381 2244 3475 2299; x_wconf 87' lang='lat' dir='ltr'><strong>Dei</strong></span> <span class='ocrx_word' id='word_1_402' title='bbox 3509 2246 3600 2300; x_wconf 79' lang='lat' dir='ltr'><strong>Fi-</strong></span> 
     </span>
    </p>
   </div>
   <div class='ocr_carea' id='block_1_52' title="bbox 2004 2329 3598 2406">
    <p class='ocr_par' dir='ltr' id='par_1_52' title="bbox 2004 2329 3598 2406">
     <span class='ocr_line' id='line_1_52' title="bbox 2004 2329 3598 2406; baseline 0.007 -24"><span class='ocrx_word' id='word_1_403' title='bbox 2004 2329 2156 2393; x_wconf 86' lang='lat' dir='ltr'><strong>lium,</strong></span> <span class='ocrx_word' id='word_1_404' title='bbox 2180 2346 2341 2399; x_wconf 90' lang='lat' dir='ltr'><strong>quem</strong></span> <span class='ocrx_word' id='word_1_405' title='bbox 2367 2330 2536 2385; x_wconf 78' lang='lat' dir='ltr'><strong>tilium</strong></span> <span class='ocrx_word' id='word_1_406' title='bbox 2572 2332 2839 2396; x_wconf 91' lang='lat' dir='ltr'><strong>hominis;</strong></span> <span class='ocrx_word' id='word_1_407' title='bbox 2875 2343 2931 2387; x_wconf 90' lang='lat' dir='ltr'><strong>et</strong></span> <span class='ocrx_word' id='word_1_408' title='bbox 2956 2332 3125 2387; x_wconf 89' lang='lat' dir='ltr'><strong>ﬁlium</strong></span> <span class='ocrx_word' id='word_1_409' title='bbox 3156 2336 3411 2403; x_wconf 84' lang='lat' dir='ltr'><strong>hominis,</strong></span> <span class='ocrx_word' id='word_1_410' title='bbox 3438 2354 3598 2406; x_wconf 84' lang='lat' dir='ltr'><strong>quem</strong></span> 
     </span>
    </p>
   </div>
   <div class='ocr_carea' id='block_1_53' title="bbox 2005 2420 3601 2499">
    <p class='ocr_par' dir='ltr' id='par_1_53' title="bbox 2005 2420 3601 2499">
     <span class='ocr_line' id='line_1_53' title="bbox 2005 2420 3601 2499; baseline 0.008 -25"><span class='ocrx_word' id='word_1_411' title='bbox 2005 2420 2200 2475; x_wconf 90' lang='lat' dir='ltr'><strong>Filium</strong></span> <span class='ocrx_word' id='word_1_412' title='bbox 2231 2422 2361 2477; x_wconf 90' lang='lat' dir='ltr'><strong>Dei?</strong></span> <span class='ocrx_word' id='word_1_413' title='bbox 2401 2422 2458 2477; x_wconf 89' lang='lat' dir='ltr'><strong>Si</strong></span> <span class='ocrx_word' id='word_1_414' title='bbox 2501 2423 2643 2477; x_wconf 90' lang='lat' dir='ltr'><strong>idem</strong></span> <span class='ocrx_word' id='word_1_415' title='bbox 2685 2430 2769 2478; x_wconf 89' lang='lat' dir='ltr'><strong>est</strong></span> <span class='ocrx_word' id='word_1_416' title='bbox 2816 2424 2958 2479; x_wconf 89' lang='lat' dir='ltr'><strong>ﬁlius</strong></span> <span class='ocrx_word' id='word_1_417' title='bbox 3005 2424 3257 2490; x_wconf 85' lang='lat' dir='ltr'><strong>hominis,</strong></span> <span class='ocrx_word' id='word_1_418' title='bbox 3293 2429 3382 2499; x_wconf 90' lang='lat' dir='ltr'><strong>qui</strong></span> <span class='ocrx_word' id='word_1_419' title='bbox 3430 2429 3601 2486; x_wconf 87' lang='lat' dir='ltr'><strong>Filius</strong></span> 
     </span>
    </p>
   </div>
   <div class='ocr_carea' id='block_1_54' title="bbox 2005 2514 3594 2585">
    <p class='ocr_par' dir='ltr' id='par_1_54' title="bbox 2005 2514 3594 2585">
     <span class='ocr_line' id='line_1_54' title="bbox 2005 2514 3594 2585; baseline 0.005 -17"><span class='ocrx_word' id='word_1_420' title='bbox 2005 2514 2122 2578; x_wconf 88' lang='lat' dir='ltr'><strong>Dei,</strong></span> <span class='ocrx_word' id='word_1_421' title='bbox 2150 2531 2255 2569; x_wconf 88' lang='lat' dir='ltr'><strong>una</strong></span> <span class='ocrx_word' id='word_1_422' title='bbox 2278 2523 2358 2570; x_wconf 86' lang='lat' dir='ltr'><strong>est</strong></span> <span class='ocrx_word' id='word_1_423' title='bbox 2388 2530 2611 2585; x_wconf 91' lang='lat' dir='ltr'><strong>prorsus</strong></span> <span class='ocrx_word' id='word_1_424' title='bbox 2634 2515 2861 2583; x_wconf 86' lang='lat' dir='ltr'><strong>veritas,</strong></span> <span class='ocrx_word' id='word_1_425' title='bbox 2885 2524 2941 2572; x_wconf 90' lang='lat' dir='ltr'><strong>et</strong></span> <span class='ocrx_word' id='word_1_426' title='bbox 2970 2534 3135 2572; x_wconf 93' lang='lat' dir='ltr'><strong>unum</strong></span> <span class='ocrx_word' id='word_1_427' title='bbox 3164 2535 3359 2576; x_wconf 90' lang='lat' dir='ltr'><strong>nomen</strong></span> <span class='ocrx_word' id='word_1_428' title='bbox 3391 2520 3512 2577; x_wconf 88' lang='lat' dir='ltr'><strong>Filii</strong></span> <span class='ocrx_word' id='word_1_429' title='bbox 3543 2524 3594 2576; x_wconf 86' lang='lat' dir='ltr'><strong>in</strong></span> 
     </span>
    </p>
   </div>
   <div class='ocr_carea' id='block_1_55' title="bbox 2004 2603 3599 2678">
    <p class='ocr_par' dir='ltr' id='par_1_55' title="bbox 2004 2603 3599 2678">
     <span class='ocr_line' id='line_1_55' title="bbox 2004 2603 3599 2678; baseline 0.006 -19"><span class='ocrx_word' id='word_1_430' title='bbox 2004 2603 2221 2661; x_wconf 90' lang='lat' dir='ltr'><strong>Christo</strong></span> <span class='ocrx_word' id='word_1_431' title='bbox 2253 2623 2266 2660; x_wconf 88' lang='lat'><strong>:</strong></span> <span class='ocrx_word' id='word_1_432' title='bbox 2301 2606 2423 2675; x_wconf 89' lang='lat' dir='ltr'><strong>quia</strong></span> <span class='ocrx_word' id='word_1_433' title='bbox 2454 2607 2635 2662; x_wconf 90' lang='lat' dir='ltr'><strong>unitas</strong></span> <span class='ocrx_word' id='word_1_434' title='bbox 2677 2622 2924 2678; x_wconf 66' lang='lat' dir='ltr'><strong>personae</strong></span> <span class='ocrx_word' id='word_1_435' title='bbox 2963 2610 3279 2666; x_wconf 89' lang='lat' dir='ltr'><strong>dualitatem</strong></span> <span class='ocrx_word' id='word_1_436' title='bbox 3325 2612 3599 2669; x_wconf 89' lang='lat' dir='ltr'><strong>ﬁliationis</strong></span> 
     </span>
    </p>
   </div>
   <div class='ocr_carea' id='block_1_56' title="bbox 2004 2697 3599 2771">
    <p class='ocr_par' dir='ltr' id='par_1_56' title="bbox 2004 2697 3599 2771">
     <span class='ocr_line' id='line_1_56' title="bbox 2004 2697 3599 2771; baseline 0.005 -19"><span class='ocrx_word' id='word_1_437' title='bbox 2004 2699 2212 2769; x_wconf 82' lang='lat' dir='ltr'><strong>respuit</strong></span> <span class='ocrx_word' id='word_1_438' title='bbox 2253 2699 2309 2753; x_wconf 91' lang='lat' dir='ltr'><strong>in</strong></span> <span class='ocrx_word' id='word_1_439' title='bbox 2337 2697 2576 2766; x_wconf 82' lang='lat' dir='ltr'><strong>Christo,</strong></span> <span class='ocrx_word' id='word_1_440' title='bbox 2603 2713 2707 2755; x_wconf 90' lang='lat' dir='ltr'><strong>nec</strong></span> <span class='ocrx_word' id='word_1_441' title='bbox 2747 2700 2967 2771; x_wconf 85' lang='lat' dir='ltr'><strong>adoptio</strong></span> <span class='ocrx_word' id='word_1_442' title='bbox 3010 2701 3188 2757; x_wconf 89' lang='lat' dir='ltr'><strong>locum</strong></span> <span class='ocrx_word' id='word_1_443' title='bbox 3231 2703 3466 2771; x_wconf 87' lang='lat' dir='ltr'><strong>invenit,</strong></span> <span class='ocrx_word' id='word_1_444' title='bbox 3507 2707 3599 2760; x_wconf 89' lang='lat' dir='ltr'><strong>ubi</strong></span> 
     </span>
    </p>
   </div>
   <div class='ocr_carea' id='block_1_57' title="bbox 2004 2788 3627 2859">
    <p class='ocr_par' dir='ltr' id='par_1_57' title="bbox 2004 2788 3627 2859">
     <span class='ocr_line' id='line_1_57' title="bbox 2004 2788 3627 2859; baseline 0.005 -18"><span class='ocrx_word' id='word_1_445' title='bbox 2004 2788 2307 2857; x_wconf 87' lang='lat' dir='ltr'><strong>proprietas</strong></span> <span class='ocrx_word' id='word_1_446' title='bbox 2342 2789 2652 2859; x_wconf 65' lang='lat' dir='ltr'><strong>prmcessit;</strong></span> <span class='ocrx_word' id='word_1_447' title='bbox 2687 2805 2791 2845; x_wconf 91' lang='lat' dir='ltr'><strong>nec</strong></span> <span class='ocrx_word' id='word_1_448' title='bbox 2816 2789 3073 2845; x_wconf 86' lang='lat' dir='ltr'><strong>divinitas</strong></span> <span class='ocrx_word' id='word_1_449' title='bbox 3101 2791 3354 2847; x_wconf 87' lang='lat' dir='ltr'><strong>humanis</strong></span> <span class='ocrx_word' id='word_1_450' title='bbox 3382 2801 3627 2849; x_wconf 75' lang='lat' dir='ltr'><strong>tenetur.</strong></span> 
     </span>
    </p>
   </div>
   <div class='ocr_carea' id='block_1_58' title="bbox 2003 2876 3601 2951">
    <p class='ocr_par' dir='ltr' id='par_1_58' title="bbox 2003 2876 3601 2951">
     <span class='ocr_line' id='line_1_58' title="bbox 2003 2876 3601 2951; baseline 0.006 -19"><span class='ocrx_word' id='word_1_451' title='bbox 2003 2876 2496 2947; x_wconf 53' lang='lat' dir='ltr'><strong>praejudiciismum</strong></span> <span class='ocrx_word' id='word_1_452' title='bbox 2539 2879 2721 2934; x_wconf 88' lang='lat' dir='ltr'><strong>omnia</strong></span> <span class='ocrx_word' id='word_1_453' title='bbox 2763 2880 3059 2935; x_wconf 88' lang='lat' dir='ltr'><strong>secundum</strong></span> <span class='ocrx_word' id='word_1_454' title='bbox 3091 2884 3367 2951; x_wconf 84' lang='lat' dir='ltr'><strong>propriam</strong></span> <span class='ocrx_word' id='word_1_455' title='bbox 3410 2885 3601 2940; x_wconf 80' lang='lat' dir='ltr'><strong>volun-</strong></span> 
     </span>
    </p>
   </div>
   <div class='ocr_carea' id='block_1_59' title="bbox 2006 2968 3596 3041">
    <p class='ocr_par' dir='ltr' id='par_1_59' title="bbox 2006 2968 3596 3041">
     <span class='ocr_line' id='line_1_59' title="bbox 2006 2968 3596 3041; baseline 0.004 -18"><span class='ocrx_word' id='word_1_456' title='bbox 2006 2968 2133 3024; x_wconf 87' lang='lat' dir='ltr'><strong>tatis</strong></span> <span class='ocrx_word' id='word_1_457' title='bbox 2151 2969 2447 3037; x_wconf 88' lang='lat' dir='ltr'><strong>potentiam</strong></span> <span class='ocrx_word' id='word_1_458' title='bbox 2466 2976 2743 3040; x_wconf 82' lang='lat' dir='ltr'><strong>operatur,</strong></span> <span class='ocrx_word' id='word_1_459' title='bbox 2761 2984 2882 3039; x_wconf 69' lang='lat' dir='ltr'><strong>quae</strong></span> <span class='ocrx_word' id='word_1_460' title='bbox 2904 2971 3016 3024; x_wconf 82' lang='lat' dir='ltr'><strong>vult</strong></span> <span class='ocrx_word' id='word_1_461' title='bbox 3038 2970 3092 3025; x_wconf 89' lang='lat' dir='ltr'><strong>in</strong></span> <span class='ocrx_word' id='word_1_462' title='bbox 3117 2972 3255 3026; x_wconf 69' lang='lat' dir='ltr'><strong>creto</strong></span> <span class='ocrx_word' id='word_1_463' title='bbox 3274 2981 3330 3028; x_wconf 88' lang='lat' dir='ltr'><strong>et</strong></span> <span class='ocrx_word' id='word_1_464' title='bbox 3349 2974 3401 3028; x_wconf 91' lang='lat' dir='ltr'><strong>in</strong></span> <span class='ocrx_word' id='word_1_465' title='bbox 3429 2983 3596 3041; x_wconf 87' lang='lat' dir='ltr'><strong>terra,</strong></span> 
     </span>
    </p>
   </div>
   <div class='ocr_carea' id='block_1_60' title="bbox 2003 3058 3601 3137">
    <p class='ocr_par' dir='ltr' id='par_1_60' title="bbox 2003 3058 3601 3137">
     <span class='ocr_line' id='line_1_60' title="bbox 2003 3058 3601 3137; baseline 0.006 -26"><span class='ocrx_word' id='word_1_466' title='bbox 2003 3059 2097 3128; x_wconf 89' lang='lat' dir='ltr'><strong>qui</strong></span> <span class='ocrx_word' id='word_1_467' title='bbox 2124 3058 2198 3112; x_wconf 90' lang='lat' dir='ltr'><strong>ait</strong></span> <span class='ocrx_word' id='word_1_468' title='bbox 2221 3072 2237 3111; x_wconf 87' lang='lat'><strong>:</strong></span> <span class='ocrx_word' id='word_1_469' title='bbox 2265 3058 2427 3112; x_wconf 88' lang='lat' dir='ltr'><strong>Pater</strong></span> <span class='ocrx_word' id='word_1_470' title='bbox 2450 3075 2595 3114; x_wconf 79' lang='lat' dir='ltr'><strong>meus</strong></span> <span class='ocrx_word' id='word_1_471' title='bbox 2624 3075 2786 3130; x_wconf 75' lang='lat' dir='ltr'><strong>usque</strong></span> <span class='ocrx_word' id='word_1_472' title='bbox 2810 3058 2966 3113; x_wconf 83' lang='lat' dir='ltr'><strong>modo</strong></span> <span class='ocrx_word' id='word_1_473' title='bbox 2995 3071 3262 3131; x_wconf 84' lang='lat' dir='ltr'><strong>operatur,</strong></span> <span class='ocrx_word' id='word_1_474' title='bbox 3286 3072 3335 3117; x_wconf 90' lang='lat' dir='ltr'><strong>et</strong></span> <span class='ocrx_word' id='word_1_475' title='bbox 3359 3080 3452 3135; x_wconf 84' lang='lat' dir='ltr'><strong>ego</strong></span> <span class='ocrx_word' id='word_1_476' title='bbox 3483 3081 3601 3137; x_wconf 81' lang='lat' dir='ltr'><strong>ope-</strong></span> 
     </span>
    </p>
   </div>
   <div class='ocr_carea' id='block_1_61' title="bbox 305 3149 2497 3239">
    <p class='ocr_par' dir='ltr' id='par_1_61' title="bbox 305 3149 2497 3239">
     <span class='ocr_line' id='line_1_61' title="bbox 305 3149 2497 3239; baseline 0.003 -28"><span class='ocrx_word' id='word_1_477' title='bbox 305 3165 455 3211; x_wconf 89' lang='lat' dir='ltr'><strong>trum</strong></span> <span class='ocrx_word' id='word_1_478' title='bbox 496 3156 816 3227; x_wconf 84' lang='lat' dir='ltr'><strong>purissimos</strong></span> <span class='ocrx_word' id='word_1_479' title='bbox 856 3171 1048 3213; x_wconf 84' lang='lat' dir='ltr'><strong>sensus</strong></span> <span class='ocrx_word' id='word_1_480' title='bbox 1092 3157 1382 3212; x_wconf 87' lang='lat' dir='ltr'><strong>immutare</strong></span> <span class='ocrx_word' id='word_1_481' title='bbox 1425 3165 1623 3220; x_wconf 86' lang='lat' dir='ltr'><strong>tentas,</strong></span> <span class='ocrx_word' id='word_1_482' title='bbox 1667 3174 1765 3212; x_wconf 88' lang='lat' dir='ltr'><strong>cur</strong></span> <span class='ocrx_word' id='word_1_483' title='bbox 1792 3175 1899 3214; x_wconf 93' lang='lat' dir='ltr'><strong>non</strong></span> <span class='ocrx_word' id='word_1_484' title='bbox 1932 3218 1975 3239; x_wconf 56' lang='grc' dir='ltr'>η</span> <span class='ocrx_word' id='word_1_485' title='bbox 2008 3168 2097 3205; x_wconf 76' lang='grc' dir='ltr'><strong>τον</strong></span> <span class='ocrx_word' id='word_1_486' title='bbox 2127 3149 2312 3223; x_wconf 66' lang='grc' dir='ltr'><strong>(λοαηο</strong></span> <span class='ocrx_word' id='word_1_487' title='bbox 2341 3166 2395 3217; x_wconf 62' lang='grc' dir='ltr'><strong>ν,</strong></span> <span class='ocrx_word' id='word_1_488' title='bbox 2424 3151 2497 3222; x_wconf 70' lang='grc'><strong>1)-</strong></span> 
     </span>
    </p>
   </div>
   <div class='ocr_carea' id='block_1_62' title="bbox 304 3218 3599 3319">
    <p class='ocr_par' dir='ltr' id='par_1_62' title="bbox 304 3218 3599 3319">
     <span class='ocr_line' id='line_1_62' title="bbox 304 3218 3599 3319; baseline 0.002 -18"><span class='ocrx_word' id='word_1_489' title='bbox 304 3247 470 3301; x_wconf 83' lang='lat' dir='ltr'><strong>times</strong></span> <span class='ocrx_word' id='word_1_490' title='bbox 494 3218 830 3316; x_wconf 58' lang='lat' dir='ltr'><strong>Scripturam</strong></span> <span class='ocrx_word' id='word_1_491' title='bbox 852 3246 1157 3303; x_wconf 90' lang='lat' dir='ltr'><strong>dicentem:</strong></span> <span class='ocrx_word' id='word_1_492' title='bbox 1183 3245 1257 3303; x_wconf 78' lang='lat' dir='ltr'><strong>Os</strong></span> <span class='ocrx_word' id='word_1_493' title='bbox 1280 3247 1419 3319; x_wconf 85' lang='lat' dir='ltr'><strong>quod</strong></span> <span class='ocrx_word' id='word_1_494' title='bbox 1441 3218 1687 3303; x_wconf 83' lang='lat' dir='ltr'><strong>mentitur</strong></span> <span class='ocrx_word' id='word_1_495' title='bbox 1711 3250 1901 3303; x_wconf 82' lang='lat' dir='ltr'><strong>occidit</strong></span> <span class='ocrx_word' id='word_1_496' title='bbox 1929 3218 1976 3282; x_wconf 59' lang='grc' dir='ltr'><strong>(ί</strong></span> <span class='ocrx_word' id='word_1_497' title='bbox 2076 3218 2145 3296; x_wconf 56' lang='grc' dir='ltr'><strong>Χί</strong></span> <span class='ocrx_word' id='word_1_498' title='bbox 2199 3241 2337 3308; x_wconf 86' lang='lat' dir='ltr'><strong>Quid</strong></span> <span class='ocrx_word' id='word_1_499' title='bbox 2361 3218 2493 3298; x_wconf 82' lang='lat' dir='ltr'><strong>vero</strong></span> <span class='ocrx_word' id='word_1_500' title='bbox 2542 3243 2951 3314; x_wconf 61' lang='lat' dir='ltr'><strong>presumptiosa</strong></span> <span class='ocrx_word' id='word_1_501' title='bbox 2998 3254 3179 3300; x_wconf 87' lang='lat' dir='ltr'><strong>mente</strong></span> <span class='ocrx_word' id='word_1_502' title='bbox 3220 3255 3277 3301; x_wconf 87' lang='lat' dir='ltr'><strong>et</strong></span> <span class='ocrx_word' id='word_1_503' title='bbox 3325 3249 3489 3304; x_wconf 90' lang='lat' dir='ltr'><strong>stulta</strong></span> <span class='ocrx_word' id='word_1_504' title='bbox 3520 3259 3599 3307; x_wconf 79' lang='lat' dir='ltr'><strong>te-</strong></span> 
     </span>
    </p>
   </div>
   <div class='ocr_carea' id='block_1_63' title="bbox 303 3335 1905 3409">
    <p class='ocr_par' dir='ltr' id='par_1_63' title="bbox 303 3335 1905 3409">
     <span class='ocr_line' id='line_1_63' title="bbox 303 3335 1905 3409; baseline 0.002 -18"><span class='ocrx_word' id='word_1_505' title='bbox 303 3338 544 3391; x_wconf 82' lang='lat' dir='ltr'><strong>animum</strong></span> <span class='ocrx_word' id='word_1_506' title='bbox 588 3336 744 3409; x_wconf 82' lang='lat' dir='ltr'><strong>(Sap.</strong></span> <span class='ocrx_word' id='word_1_507' title='bbox 778 3354 812 3398; x_wconf 81' lang='grc' dir='ltr'><strong>ι.</strong></span> <span class='ocrx_word' id='word_1_508' title='bbox 847 3335 971 3406; x_wconf 81' lang='lat' dir='ltr'><strong>tl)?</strong></span> <span class='ocrx_word' id='word_1_509' title='bbox 1001 3335 1062 3393; x_wconf 89' lang='lat' dir='ltr'><strong>Si</strong></span> <span class='ocrx_word' id='word_1_510' title='bbox 1102 3352 1232 3393; x_wconf 91' lang='lat' dir='ltr'><strong>vero</strong></span> <span class='ocrx_word' id='word_1_511' title='bbox 1268 3338 1556 3407; x_wconf 89' lang='lat' dir='ltr'><strong>imperitia,</strong></span> <span class='ocrx_word' id='word_1_512' title='bbox 1601 3338 1772 3395; x_wconf 88' lang='lat' dir='ltr'><strong>miror</strong></span> <span class='ocrx_word' id='word_1_513' title='bbox 1806 3355 1905 3395; x_wconf 87' lang='lat' dir='ltr'><strong>cur</strong></span> 
     </span>
    </p>
   </div>
   <div class='ocr_carea' id='block_1_64' title="bbox 305 3428 1904 3500">
    <p class='ocr_par' dir='ltr' id='par_1_64' title="bbox 305 3428 1904 3500">
     <span class='ocr_line' id='line_1_64' title="bbox 305 3428 1904 3500; baseline 0.004 -20"><span class='ocrx_word' id='word_1_514' title='bbox 305 3442 418 3480; x_wconf 89' lang='lat' dir='ltr'><strong>non</strong></span> <span class='ocrx_word' id='word_1_515' title='bbox 454 3428 746 3483; x_wconf 84' lang='lat' dir='ltr'><strong>erubescas</strong></span> <span class='ocrx_word' id='word_1_516' title='bbox 771 3428 1137 3499; x_wconf 87' lang='lat' dir='ltr'><strong>insipientiam</strong></span> <span class='ocrx_word' id='word_1_517' title='bbox 1167 3436 1344 3493; x_wconf 87' lang='lat' dir='ltr'><strong>tuam;</strong></span> <span class='ocrx_word' id='word_1_518' title='bbox 1377 3429 1505 3499; x_wconf 90' lang='lat' dir='ltr'><strong>quia</strong></span> <span class='ocrx_word' id='word_1_519' title='bbox 1533 3428 1661 3483; x_wconf 91' lang='lat' dir='ltr'><strong>dum</strong></span> <span class='ocrx_word' id='word_1_520' title='bbox 1691 3430 1904 3500; x_wconf 84' lang='lat' dir='ltr'><strong>sapiens</strong></span> 
     </span>
    </p>
   </div>
   <div class='ocr_carea' id='block_1_65' title="bbox 304 3521 1902 3597">
    <p class='ocr_par' dir='ltr' id='par_1_65' title="bbox 304 3521 1902 3597">
     <span class='ocr_line' id='line_1_65' title="bbox 304 3521 1902 3597; baseline 0.002 -21"><span class='ocrx_word' id='word_1_521' title='bbox 304 3522 389 3597; x_wconf 86' lang='lat' dir='ltr'><strong>vis</strong></span> <span class='ocrx_word' id='word_1_522' title='bbox 424 3522 624 3588; x_wconf 81' lang='lat' dir='ltr'><strong>videri,</strong></span> <span class='ocrx_word' id='word_1_523' title='bbox 669 3522 867 3579; x_wconf 88' lang='lat' dir='ltr'><strong>stultus</strong></span> <span class='ocrx_word' id='word_1_524' title='bbox 897 3538 1155 3593; x_wconf 84' lang='lat' dir='ltr'><strong>appares;</strong></span> <span class='ocrx_word' id='word_1_525' title='bbox 1189 3538 1315 3578; x_wconf 89' lang='lat' dir='ltr'><strong>nam</strong></span> <span class='ocrx_word' id='word_1_526' title='bbox 1351 3522 1508 3593; x_wconf 77' lang='lat' dir='ltr'><strong>juxta</strong></span> <span class='ocrx_word' id='word_1_527' title='bbox 1555 3521 1902 3579; x_wconf 87' lang='lat' dir='ltr'><strong>Salomonem</strong></span> 
     </span>
    </p>
   </div>
   <div class='ocr_carea' id='block_1_66' title="bbox 304 3614 1904 3687">
    <p class='ocr_par' dir='ltr' id='par_1_66' title="bbox 304 3614 1904 3687">
     <span class='ocr_line' id='line_1_66' title="bbox 304 3614 1904 3687; baseline -0.001 -14"><span class='ocrx_word' id='word_1_528' title='bbox 304 3618 525 3687; x_wconf 84' lang='lat' dir='ltr'><strong>sapiens</strong></span> <span class='ocrx_word' id='word_1_529' title='bbox 547 3617 818 3686; x_wconf 87' lang='lat' dir='ltr'><strong>potuisses</strong></span> <span class='ocrx_word' id='word_1_530' title='bbox 847 3617 1049 3686; x_wconf 86' lang='lat' dir='ltr'><strong>putari,</strong></span> <span class='ocrx_word' id='word_1_531' title='bbox 1082 3616 1125 3671; x_wconf 90' lang='lat' dir='ltr'><strong>si</strong></span> <span class='ocrx_word' id='word_1_532' title='bbox 1158 3616 1438 3670; x_wconf 85' lang='lat' dir='ltr'><strong>tacuisses.</strong></span> <span class='ocrx_word' id='word_1_533' title='bbox 1465 3614 1712 3671; x_wconf 83' lang='lat' dir='ltr'><strong>Assumis</strong></span> <span class='ocrx_word' id='word_1_534' title='bbox 1738 3618 1904 3671; x_wconf 91' lang='lat' dir='ltr'><strong>etiam</strong></span> 
     </span>
    </p>
   </div>
   <div class='ocr_carea' id='block_1_67' title="bbox 304 3708 1902 3780">
    <p class='ocr_par' dir='ltr' id='par_1_67' title="bbox 304 3708 1902 3780">
     <span class='ocr_line' id='line_1_67' title="bbox 304 3708 1902 3780; baseline 0 -16"><span class='ocrx_word' id='word_1_535' title='bbox 304 3718 363 3764; x_wconf 90' lang='lat' dir='ltr'><strong>et</strong></span> <span class='ocrx_word' id='word_1_536' title='bbox 387 3708 687 3765; x_wconf 86' lang='lat' dir='ltr'><strong>beatissimi</strong></span> <span class='ocrx_word' id='word_1_537' title='bbox 718 3709 915 3765; x_wconf 87' lang='lat' dir='ltr'><strong>Leonis</strong></span> <span class='ocrx_word' id='word_1_538' title='bbox 942 3724 1094 3780; x_wconf 69' lang='lat' dir='ltr'><strong>papae</strong></span> <span class='ocrx_word' id='word_1_539' title='bbox 1128 3708 1497 3763; x_wconf 87' lang='lat' dir='ltr'><strong>testimonium</strong></span> <span class='ocrx_word' id='word_1_540' title='bbox 1523 3716 1630 3764; x_wconf 80' lang='lat' dir='ltr'><strong>tua:</strong></span> <span class='ocrx_word' id='word_1_541' title='bbox 1654 3717 1817 3765; x_wconf 78' lang='lat' dir='ltr'><strong>sectae</strong></span> <span class='ocrx_word' id='word_1_542' title='bbox 1849 3710 1902 3764; x_wconf 91' lang='lat' dir='ltr'><strong>in</strong></span> 
     </span>
    </p>
   </div>
   <div class='ocr_carea' id='block_1_68' title="bbox 306 3796 1904 3874">
    <p class='ocr_par' dir='ltr' id='par_1_68' title="bbox 306 3796 1904 3874">
     <span class='ocr_line' id='line_1_68' title="bbox 306 3796 1904 3874; baseline -0.001 -15"><span class='ocrx_word' id='word_1_543' title='bbox 306 3801 660 3873; x_wconf 70' lang='lat' dir='ltr'><strong>adiutorium,</strong></span> <span class='ocrx_word' id='word_1_544' title='bbox 693 3802 836 3874; x_wconf 91' lang='lat' dir='ltr'><strong>quod</strong></span> <span class='ocrx_word' id='word_1_545' title='bbox 866 3804 1149 3874; x_wconf 88' lang='lat' dir='ltr'><strong>perspicue</strong></span> <span class='ocrx_word' id='word_1_546' title='bbox 1178 3796 1287 3859; x_wconf 86' lang='lat' dir='ltr'><strong>tuis</strong></span> <span class='ocrx_word' id='word_1_547' title='bbox 1312 3802 1559 3859; x_wconf 84' lang='lat' dir='ltr'><strong>sensibus</strong></span> <span class='ocrx_word' id='word_1_548' title='bbox 1585 3803 1741 3859; x_wconf 89' lang='lat' dir='ltr'><strong>valde</strong></span> <span class='ocrx_word' id='word_1_549' title='bbox 1771 3819 1904 3858; x_wconf 85' lang='lat' dir='ltr'><strong>con-</strong></span> 
     </span>
    </p>
   </div>
   <div class='ocr_carea' id='block_1_69' title="bbox 310 3894 1906 3967">
    <p class='ocr_par' dir='ltr' id='par_1_69' title="bbox 310 3894 1906 3967">
     <span class='ocr_line' id='line_1_69' title="bbox 310 3894 1906 3967; baseline -0.001 -15"><span class='ocrx_word' id='word_1_550' title='bbox 310 3895 535 3952; x_wconf 85' lang='lat' dir='ltr'><strong>trarium</strong></span> <span class='ocrx_word' id='word_1_551' title='bbox 561 3909 681 3951; x_wconf 88' lang='lat' dir='ltr'><strong>esse</strong></span> <span class='ocrx_word' id='word_1_552' title='bbox 709 3895 1067 3967; x_wconf 86' lang='lat' dir='ltr'><strong>dignoscitur,</strong></span> <span class='ocrx_word' id='word_1_553' title='bbox 1098 3895 1186 3949; x_wconf 92' lang='lat' dir='ltr'><strong>ubi</strong></span> <span class='ocrx_word' id='word_1_554' title='bbox 1225 3895 1304 3949; x_wconf 86' lang='lat' dir='ltr'><strong>ait</strong></span> <span class='ocrx_word' id='word_1_555' title='bbox 1330 3913 1341 3948; x_wconf 89' lang='lat'>:</span> <span class='ocrx_word' id='word_1_556' title='bbox 1377 3915 1395 3946; x_wconf 76' lang='grc' dir='ltr'>σ</span> <span class='ocrx_word' id='word_1_557' title='bbox 1426 3894 1528 3963; x_wconf 84' lang='lat' dir='ltr'><strong>Qui</strong></span> <span class='ocrx_word' id='word_1_558' title='bbox 1557 3896 1701 3952; x_wconf 89' lang='lat' dir='ltr'><strong>enim</strong></span> <span class='ocrx_word' id='word_1_559' title='bbox 1743 3910 1906 3951; x_wconf 89' lang='lat' dir='ltr'><strong>verus</strong></span> 
     </span>
    </p>
   </div>
   <div class='ocr_carea' id='block_1_70' title="bbox 305 3985 1907 4051">
    <p class='ocr_par' dir='ltr' id='par_1_70' title="bbox 305 3985 1907 4051">
     <span class='ocr_line' id='line_1_70' title="bbox 305 3985 1907 4051; baseline 0.001 -10"><span class='ocrx_word' id='word_1_560' title='bbox 305 3995 393 4041; x_wconf 87' lang='lat' dir='ltr'><strong>est</strong></span> <span class='ocrx_word' id='word_1_561' title='bbox 420 3985 585 4051; x_wconf 89' lang='lat' dir='ltr'><strong>Deus,</strong></span> <span class='ocrx_word' id='word_1_562' title='bbox 611 4001 774 4041; x_wconf 88' lang='lat' dir='ltr'><strong>verus</strong></span> <span class='ocrx_word' id='word_1_563' title='bbox 809 3995 893 4042; x_wconf 89' lang='lat' dir='ltr'><strong>est</strong></span> <span class='ocrx_word' id='word_1_564' title='bbox 922 3988 1103 4051; x_wconf 92' lang='lat' dir='ltr'><strong>homo,</strong></span> <span class='ocrx_word' id='word_1_565' title='bbox 1128 3995 1182 4041; x_wconf 89' lang='lat' dir='ltr'><strong>et</strong></span> <span class='ocrx_word' id='word_1_566' title='bbox 1208 3986 1413 4042; x_wconf 89' lang='lat' dir='ltr'><strong>nullum</strong></span> <span class='ocrx_word' id='word_1_567' title='bbox 1440 3998 1524 4043; x_wconf 88' lang='lat' dir='ltr'><strong>est</strong></span> <span class='ocrx_word' id='word_1_568' title='bbox 1561 3988 1617 4042; x_wconf 90' lang='lat' dir='ltr'><strong>in</strong></span> <span class='ocrx_word' id='word_1_569' title='bbox 1646 3988 1748 4044; x_wconf 90' lang='lat' dir='ltr'><strong>hac</strong></span> <span class='ocrx_word' id='word_1_570' title='bbox 1783 3988 1907 4043; x_wconf 86' lang='lat' dir='ltr'><strong>uni-</strong></span> 
     </span>
    </p>
   </div>
   <div class='ocr_carea' id='block_1_71' title="bbox 308 4078 1905 4145">
    <p class='ocr_par' dir='ltr' id='par_1_71' title="bbox 308 4078 1905 4145">
     <span class='ocr_line' id='line_1_71' title="bbox 308 4078 1905 4145; baseline 0.001 -12"><span class='ocrx_word' id='word_1_571' title='bbox 308 4088 424 4134; x_wconf 85' lang='lat' dir='ltr'><strong>tate</strong></span> <span class='ocrx_word' id='word_1_572' title='bbox 453 4078 816 4142; x_wconf 86' lang='lat' dir='ltr'><strong>mendacium,</strong></span> <span class='ocrx_word' id='word_1_573' title='bbox 848 4078 976 4133; x_wconf 91' lang='lat' dir='ltr'><strong>dum</strong></span> <span class='ocrx_word' id='word_1_574' title='bbox 1004 4078 1056 4133; x_wconf 91' lang='lat' dir='ltr'><strong>in</strong></span> <span class='ocrx_word' id='word_1_575' title='bbox 1088 4079 1317 4134; x_wconf 86' lang='lat' dir='ltr'><strong>invicem</strong></span> <span class='ocrx_word' id='word_1_576' title='bbox 1359 4090 1505 4145; x_wconf 89' lang='lat' dir='ltr'><strong>sunt,</strong></span> <span class='ocrx_word' id='word_1_577' title='bbox 1540 4089 1595 4136; x_wconf 91' lang='lat' dir='ltr'><strong>et</strong></span> <span class='ocrx_word' id='word_1_578' title='bbox 1626 4081 1905 4136; x_wconf 85' lang='lat' dir='ltr'><strong>humilitas</strong></span> 
     </span>
    </p>
   </div>
   <div class='ocr_carea' id='block_1_72' title="bbox 307 4172 1903 4243">
    <p class='ocr_par' dir='ltr' id='par_1_72' title="bbox 307 4172 1903 4243">
     <span class='ocr_line' id='line_1_72' title="bbox 307 4172 1903 4243; baseline 0.002 -16"><span class='ocrx_word' id='word_1_579' title='bbox 307 4172 566 4237; x_wconf 88' lang='lat' dir='ltr'><strong>hominis.</strong></span> <span class='ocrx_word' id='word_1_580' title='bbox 594 4179 651 4227; x_wconf 90' lang='lat' dir='ltr'><strong>et</strong></span> <span class='ocrx_word' id='word_1_581' title='bbox 688 4172 919 4227; x_wconf 89' lang='lat' dir='ltr'><strong>altitudo</strong></span> <span class='ocrx_word' id='word_1_582' title='bbox 945 4172 1190 4227; x_wconf 88' lang='lat' dir='ltr'><strong>Deitatis.</strong></span> <span class='ocrx_word' id='word_1_583' title='bbox 1217 4193 1235 4224; x_wconf 73' lang='grc' dir='ltr'><strong><em>ι</em></strong></span> <span class='ocrx_word' id='word_1_584' title='bbox 1268 4172 1310 4227; x_wconf 87' lang='grc' dir='ltr'>Τ</span> <span class='ocrx_word' id='word_1_585' title='bbox 1316 4190 1347 4227; x_wconf 91' lang='lat' dir='ltr'><strong>u</strong></span> <span class='ocrx_word' id='word_1_586' title='bbox 1390 4174 1573 4243; x_wconf 87' lang='lat' dir='ltr'><strong>itaque</strong></span> <span class='ocrx_word' id='word_1_587' title='bbox 1603 4176 1743 4229; x_wconf 90' lang='lat' dir='ltr'><strong>hanc</strong></span> <span class='ocrx_word' id='word_1_588' title='bbox 1778 4176 1903 4230; x_wconf 93' lang='lat' dir='ltr'><strong>uni-</strong></span> 
     </span>
    </p>
   </div>
   <div class='ocr_carea' id='block_1_73' title="bbox 308 4262 1903 4335">
    <p class='ocr_par' dir='ltr' id='par_1_73' title="bbox 308 4262 1903 4335">
     <span class='ocr_line' id='line_1_73' title="bbox 308 4262 1903 4335; baseline 0.003 -19"><span class='ocrx_word' id='word_1_589' title='bbox 308 4271 478 4318; x_wconf 86' lang='lat' dir='ltr'><strong>tatem</strong></span> <span class='ocrx_word' id='word_1_590' title='bbox 510 4264 706 4321; x_wconf 77' lang='lat' dir='ltr'><strong>dividis</strong></span> <span class='ocrx_word' id='word_1_591' title='bbox 729 4265 784 4317; x_wconf 92' lang='lat' dir='ltr'><strong>in</strong></span> <span class='ocrx_word' id='word_1_592' title='bbox 817 4264 952 4319; x_wconf 88' lang='lat' dir='ltr'><strong>duos</strong></span> <span class='ocrx_word' id='word_1_593' title='bbox 984 4262 1139 4329; x_wconf 91' lang='lat' dir='ltr'><strong>ﬁlios,</strong></span> <span class='ocrx_word' id='word_1_594' title='bbox 1169 4280 1334 4319; x_wconf 90' lang='lat' dir='ltr'><strong>unum</strong></span> <span class='ocrx_word' id='word_1_595' title='bbox 1362 4282 1413 4335; x_wconf 82' lang='lat' dir='ltr'><strong>pl</strong></span> <span class='ocrx_word' id='word_1_596' title='bbox 1428 4267 1656 4334; x_wconf 84' lang='lat' dir='ltr'><strong>oprium,</strong></span> <span class='ocrx_word' id='word_1_597' title='bbox 1687 4275 1743 4321; x_wconf 89' lang='lat' dir='ltr'><strong>et</strong></span> <span class='ocrx_word' id='word_1_598' title='bbox 1770 4266 1903 4321; x_wconf 86' lang='lat' dir='ltr'><strong>alte-</strong></span> 
     </span>
    </p>
   </div>
   <div class='ocr_carea' id='block_1_74' title="bbox 310 4354 1907 4426">
    <p class='ocr_par' dir='ltr' id='par_1_74' title="bbox 310 4354 1907 4426">
     <span class='ocr_line' id='line_1_74' title="bbox 310 4354 1907 4426; baseline 0.001 -17"><span class='ocrx_word' id='word_1_599' title='bbox 310 4370 433 4409; x_wconf 91' lang='lat' dir='ltr'><strong>rum</strong></span> <span class='ocrx_word' id='word_1_600' title='bbox 461 4356 792 4426; x_wconf 89' lang='lat' dir='ltr'><strong>adoptivum.</strong></span> <span class='ocrx_word' id='word_1_601' title='bbox 833 4354 967 4409; x_wconf 86' lang='lat' dir='ltr'><strong>Nam</strong></span> <span class='ocrx_word' id='word_1_602' title='bbox 997 4356 1223 4411; x_wconf 86' lang='lat' dir='ltr'><strong>altitudo</strong></span> <span class='ocrx_word' id='word_1_603' title='bbox 1251 4356 1547 4411; x_wconf 69' lang='lat' dir='ltr'><strong>divinitatis</strong></span> <span class='ocrx_word' id='word_1_604' title='bbox 1584 4358 1649 4411; x_wconf 90' lang='lat' dir='ltr'><strong>ad</strong></span> <span class='ocrx_word' id='word_1_605' title='bbox 1689 4356 1907 4413; x_wconf 85' lang='lat' dir='ltr'><strong>humili-</strong></span> 
     </span>
    </p>
   </div>
   <div class='ocr_carea' id='block_1_75' title="bbox 310 4447 1904 4512">
    <p class='ocr_par' dir='ltr' id='par_1_75' title="bbox 310 4447 1904 4512">
     <span class='ocr_line' id='line_1_75' title="bbox 310 4447 1904 4512; baseline 0.002 -11"><span class='ocrx_word' id='word_1_606' title='bbox 310 4458 481 4502; x_wconf 80' lang='lat' dir='ltr'><strong>tatem</strong></span> <span class='ocrx_word' id='word_1_607' title='bbox 510 4447 791 4503; x_wconf 85' lang='lat' dir='ltr'><strong>descendit</strong></span> <span class='ocrx_word' id='word_1_608' title='bbox 829 4448 1203 4512; x_wconf 83' lang='lat' dir='ltr'><strong>humanitatis,</strong></span> <span class='ocrx_word' id='word_1_609' title='bbox 1240 4456 1298 4503; x_wconf 89' lang='lat' dir='ltr'><strong>et</strong></span> <span class='ocrx_word' id='word_1_610' title='bbox 1333 4447 1609 4503; x_wconf 85' lang='lat' dir='ltr'><strong>humilitas</strong></span> <span class='ocrx_word' id='word_1_611' title='bbox 1654 4448 1904 4504; x_wconf 88' lang='lat' dir='ltr'><strong>humani-</strong></span> 
     </span>
    </p>
   </div>
   <div class='ocr_carea' id='block_1_76' title="bbox 311 4538 1950 4636">
    <p class='ocr_par' dir='ltr' id='par_1_76' title="bbox 311 4538 1950 4636">
     <span class='ocr_line' id='line_1_76' title="bbox 311 4538 1950 4636; baseline 0 -43"><span class='ocrx_word' id='word_1_612' title='bbox 311 4538 441 4595; x_wconf 90' lang='lat' dir='ltr'><strong>tatis</strong></span> <span class='ocrx_word' id='word_1_613' title='bbox 479 4539 547 4593; x_wconf 88' lang='lat' dir='ltr'><strong>ad</strong></span> <span class='ocrx_word' id='word_1_614' title='bbox 581 4538 921 4593; x_wconf 88' lang='lat' dir='ltr'><strong>altitudinem</strong></span> <span class='ocrx_word' id='word_1_615' title='bbox 953 4539 1195 4594; x_wconf 90' lang='lat' dir='ltr'><strong>ascendit</strong></span> <span class='ocrx_word' id='word_1_616' title='bbox 1232 4539 1553 4605; x_wconf 85' lang='lat' dir='ltr'><strong>divinitatis,</strong></span> <span class='ocrx_word' id='word_1_617' title='bbox 1596 4555 1702 4593; x_wconf 89' lang='lat' dir='ltr'><strong>non</strong></span> <span class='ocrx_word' id='word_1_618' title='bbox 1731 4540 1901 4594; x_wconf 82' lang='lat' dir='ltr'><strong>versi—</strong></span> <span class='ocrx_word' id='word_1_619' title='bbox 1930 4579 1950 4636; x_wconf 65' lang='grc'><strong>1</strong></span> 
     </span>
    </p>
   </div>
   <div class='ocr_carea' id='block_1_77' title="bbox 312 4631 1900 4704">
    <p class='ocr_par' dir='ltr' id='par_1_77' title="bbox 312 4631 1900 4704">
     <span class='ocr_line' id='line_1_77' title="bbox 312 4631 1900 4704; baseline -0.003 -14"><span class='ocrx_word' id='word_1_620' title='bbox 312 4634 521 4690; x_wconf 73' lang='lat' dir='ltr'><strong>biliute</strong></span> <span class='ocrx_word' id='word_1_621' title='bbox 552 4642 781 4696; x_wconf 63' lang='lat' dir='ltr'><strong>naturas,</strong></span> <span class='ocrx_word' id='word_1_622' title='bbox 814 4633 909 4688; x_wconf 87' lang='lat' dir='ltr'><strong>sed</strong></span> <span class='ocrx_word' id='word_1_623' title='bbox 949 4631 1261 4704; x_wconf 86' lang='lat' dir='ltr'><strong>dignatione</strong></span> <span class='ocrx_word' id='word_1_624' title='bbox 1299 4633 1541 4689; x_wconf 89' lang='lat' dir='ltr'><strong>honoris.</strong></span> <span class='ocrx_word' id='word_1_625' title='bbox 1572 4632 1703 4687; x_wconf 87' lang='lat' dir='ltr'><strong>Item</strong></span> <span class='ocrx_word' id='word_1_626' title='bbox 1746 4635 1900 4703; x_wconf 82' lang='lat' dir='ltr'><strong>ponis</strong></span> 
     </span>
    </p>
   </div>
   <div class='ocr_carea' id='block_1_78' title="bbox 310 4722 1901 4793">
    <p class='ocr_par' dir='ltr' id='par_1_78' title="bbox 310 4722 1901 4793">
     <span class='ocr_line' id='line_1_78' title="bbox 310 4722 1901 4793; baseline -0.001 -12"><span class='ocrx_word' id='word_1_627' title='bbox 310 4724 684 4783; x_wconf 83' lang='lat' dir='ltr'><strong>testimonium</strong></span> <span class='ocrx_word' id='word_1_628' title='bbox 711 4724 778 4779; x_wconf 90' lang='lat' dir='ltr'><strong>de</strong></span> <span class='ocrx_word' id='word_1_629' title='bbox 807 4724 945 4778; x_wconf 85' lang='lat' dir='ltr'><strong>libro</strong></span> <span class='ocrx_word' id='word_1_630' title='bbox 973 4723 1114 4778; x_wconf 88' lang='lat' dir='ltr'><strong>beati</strong></span> <span class='ocrx_word' id='word_1_631' title='bbox 1159 4722 1467 4792; x_wconf 84' lang='lat' dir='ltr'><strong>Augustini,</strong></span> <span class='ocrx_word' id='word_1_632' title='bbox 1508 4736 1671 4793; x_wconf 86' lang='lat' dir='ltr'><strong>quem</strong></span> <span class='ocrx_word' id='word_1_633' title='bbox 1700 4724 1901 4779; x_wconf 80' lang='lat' dir='ltr'><strong>Enehi~</strong></span> 
     </span>
    </p>
   </div>
   <div class='ocr_carea' id='block_1_79' title="bbox 309 4817 1900 4888">
    <p class='ocr_par' dir='ltr' id='par_1_79' title="bbox 309 4817 1900 4888">
     <span class='ocr_line' id='line_1_79' title="bbox 309 4817 1900 4888; baseline -0.002 -13"><span class='ocrx_word' id='word_1_634' title='bbox 309 4820 489 4876; x_wconf 89' lang='lat' dir='ltr'><strong>ridion</strong></span> <span class='ocrx_word' id='word_1_635' title='bbox 535 4818 649 4888; x_wconf 86' lang='lat' dir='ltr'><strong>ipse</strong></span> <span class='ocrx_word' id='word_1_636' title='bbox 676 4817 1009 4871; x_wconf 86' lang='lat' dir='ltr'><strong>nominavit:</strong></span> <span class='ocrx_word' id='word_1_637' title='bbox 1040 4818 1108 4871; x_wconf 90' lang='lat' dir='ltr'><strong>de</strong></span> <span class='ocrx_word' id='word_1_638' title='bbox 1151 4832 1260 4886; x_wconf 90' lang='lat' dir='ltr'><strong>quo</strong></span> <span class='ocrx_word' id='word_1_639' title='bbox 1298 4817 1465 4871; x_wconf 87' lang='lat' dir='ltr'><strong>etiam</strong></span> <span class='ocrx_word' id='word_1_640' title='bbox 1508 4817 1649 4871; x_wconf 90' lang='lat' dir='ltr'><strong>libro</strong></span> <span class='ocrx_word' id='word_1_641' title='bbox 1674 4817 1801 4871; x_wconf 92' lang='lat' dir='ltr'><strong>olim</strong></span> <span class='ocrx_word' id='word_1_642' title='bbox 1846 4818 1900 4872; x_wconf 92' lang='lat' dir='ltr'><strong>in</strong></span> 
     </span>
    </p>
   </div>
   <div class='ocr_carea' id='block_1_80' title="bbox 308 4910 1899 4984">
    <p class='ocr_par' dir='ltr' id='par_1_80' title="bbox 308 4910 1899 4984">
     <span class='ocr_line' id='line_1_80' title="bbox 308 4910 1899 4984; baseline -0.002 -16"><span class='ocrx_word' id='word_1_643' title='bbox 308 4914 546 4984; x_wconf 88' lang='lat' dir='ltr'><strong>quadam</strong></span> <span class='ocrx_word' id='word_1_644' title='bbox 597 4912 824 4982; x_wconf 87' lang='lat' dir='ltr'><strong>epistola</strong></span> <span class='ocrx_word' id='word_1_645' title='bbox 880 4920 970 4964; x_wconf 90' lang='lat' dir='ltr'><strong>tua</strong></span> <span class='ocrx_word' id='word_1_646' title='bbox 1022 4910 1248 4963; x_wconf 88' lang='lat' dir='ltr'><strong>multum</strong></span> <span class='ocrx_word' id='word_1_647' title='bbox 1310 4925 1565 4980; x_wconf 72' lang='lat' dir='ltr'><strong>perverse</strong></span> <span class='ocrx_word' id='word_1_648' title='bbox 1617 4911 1899 4967; x_wconf 86' lang='lat' dir='ltr'><strong>maculasti</strong></span> 
     </span>
    </p>
   </div>
   <div class='ocr_carea' id='block_1_81' title="bbox 309 5001 1900 5075">
    <p class='ocr_par' dir='ltr' id='par_1_81' title="bbox 309 5001 1900 5075">
     <span class='ocr_line' id='line_1_81' title="bbox 309 5001 1900 5075; baseline -0.002 -15"><span class='ocrx_word' id='word_1_649' title='bbox 309 5005 553 5075; x_wconf 86' lang='lat' dir='ltr'><strong>ejusdem</strong></span> <span class='ocrx_word' id='word_1_650' title='bbox 577 5004 749 5058; x_wconf 86' lang='lat' dir='ltr'><strong>sancti</strong></span> <span class='ocrx_word' id='word_1_651' title='bbox 780 5001 958 5055; x_wconf 79' lang='lat' dir='ltr'><strong>Putris</strong></span> <span class='ocrx_word' id='word_1_652' title='bbox 981 5003 1166 5065; x_wconf 72' lang='lat' dir='ltr'><strong>verba,</strong></span> <span class='ocrx_word' id='word_1_653' title='bbox 1196 5003 1489 5056; x_wconf 77' lang='lat' dir='ltr'><strong>imminens</strong></span> <span class='ocrx_word' id='word_1_654' title='bbox 1514 5018 1580 5057; x_wconf 91' lang='lat' dir='ltr'><strong>ea</strong></span> <span class='ocrx_word' id='word_1_655' title='bbox 1604 5020 1723 5072; x_wconf 70' lang='lat' dir='ltr'><strong>quze</strong></span> <span class='ocrx_word' id='word_1_656' title='bbox 1760 5020 1900 5060; x_wconf 87' lang='lat' dir='ltr'><strong>nun-</strong></span> 
     </span>
    </p>
   </div>
   <div class='ocr_carea' id='block_1_82' title="bbox 313 5092 1901 5164">
    <p class='ocr_par' dir='ltr' id='par_1_82' title="bbox 313 5092 1901 5164">
     <span class='ocr_line' id='line_1_82' title="bbox 313 5092 1901 5164; baseline -0.002 -15"><span class='ocrx_word' id='word_1_657' title='bbox 313 5110 476 5163; x_wconf 77' lang='lat' dir='ltr'><strong>quam</strong></span> <span class='ocrx_word' id='word_1_658' title='bbox 504 5094 593 5149; x_wconf 89' lang='lat' dir='ltr'><strong>ille</strong></span> <span class='ocrx_word' id='word_1_659' title='bbox 634 5092 789 5148; x_wconf 81' lang='lat' dir='ltr'><strong>dixit.</strong></span> <span class='ocrx_word' id='word_1_660' title='bbox 827 5093 919 5147; x_wconf 82' lang='lat' dir='ltr'><strong>Sic</strong></span> <span class='ocrx_word' id='word_1_661' title='bbox 944 5100 999 5147; x_wconf 90' lang='lat' dir='ltr'><strong>et</strong></span> <span class='ocrx_word' id='word_1_662' title='bbox 1030 5092 1084 5146; x_wconf 89' lang='lat' dir='ltr'><strong>in</strong></span> <span class='ocrx_word' id='word_1_663' title='bbox 1126 5093 1228 5147; x_wconf 89' lang='lat' dir='ltr'><strong>isto</strong></span> <span class='ocrx_word' id='word_1_664' title='bbox 1260 5092 1570 5147; x_wconf 88' lang='lat' dir='ltr'><strong>testimonio</strong></span> <span class='ocrx_word' id='word_1_665' title='bbox 1597 5092 1753 5159; x_wconf 87' lang='lat' dir='ltr'><strong>dicis,</strong></span> <span class='ocrx_word' id='word_1_666' title='bbox 1780 5109 1901 5164; x_wconf 83' lang='lat' dir='ltr'><strong>quae</strong></span> 
     </span>
    </p>
   </div>
   <div class='ocr_carea' id='block_1_83' title="bbox 314 5182 1901 5251">
    <p class='ocr_par' dir='ltr' id='par_1_83' title="bbox 314 5182 1901 5251">
     <span class='ocr_line' id='line_1_83' title="bbox 314 5182 1901 5251; baseline -0.001 -12"><span class='ocrx_word' id='word_1_667' title='bbox 314 5187 402 5239; x_wconf 88' lang='lat' dir='ltr'><strong>ille</strong></span> <span class='ocrx_word' id='word_1_668' title='bbox 429 5185 735 5239; x_wconf 87' lang='lat' dir='ltr'><strong>nullatenus</strong></span> <span class='ocrx_word' id='word_1_669' title='bbox 774 5183 931 5245; x_wconf 76' lang='lat' dir='ltr'><strong>dixit,</strong></span> <span class='ocrx_word' id='word_1_670' title='bbox 963 5198 1061 5239; x_wconf 89' lang='lat' dir='ltr'><strong>nec</strong></span> <span class='ocrx_word' id='word_1_671' title='bbox 1090 5182 1269 5251; x_wconf 84' lang='lat' dir='ltr'><strong>aliquo</strong></span> <span class='ocrx_word' id='word_1_672' title='bbox 1309 5183 1557 5238; x_wconf 86' lang='lat' dir='ltr'><strong>rationali</strong></span> <span class='ocrx_word' id='word_1_673' title='bbox 1585 5199 1745 5239; x_wconf 85' lang='lat' dir='ltr'><strong>sensu</strong></span> <span class='ocrx_word' id='word_1_674' title='bbox 1773 5202 1901 5240; x_wconf 84' lang='lat' dir='ltr'><strong>con-</strong></span> 
     </span>
    </p>
   </div>
   <div class='ocr_carea' id='block_1_84' title="bbox 314 5272 1901 5345">
    <p class='ocr_par' dir='ltr' id='par_1_84' title="bbox 314 5272 1901 5345">
     <span class='ocr_line' id='line_1_84' title="bbox 314 5272 1901 5345; baseline 0.001 -16"><span class='ocrx_word' id='word_1_675' title='bbox 314 5275 557 5333; x_wconf 84' lang='lat' dir='ltr'><strong>veniunt.</strong></span> <span class='ocrx_word' id='word_1_676' title='bbox 591 5274 691 5330; x_wconf 85' lang='lat' dir='ltr'><strong>Ubi</strong></span> <span class='ocrx_word' id='word_1_677' title='bbox 729 5275 872 5327; x_wconf 90' lang='lat' dir='ltr'><strong>enim</strong></span> <span class='ocrx_word' id='word_1_678' title='bbox 917 5273 1006 5327; x_wconf 89' lang='lat' dir='ltr'><strong>ille</strong></span> <span class='ocrx_word' id='word_1_679' title='bbox 1051 5273 1128 5327; x_wconf 89' lang='lat' dir='ltr'><strong>ait</strong></span> <span class='ocrx_word' id='word_1_680' title='bbox 1172 5272 1324 5342; x_wconf 84' lang='lat' dir='ltr'><strong>(Cap.</strong></span> <span class='ocrx_word' id='word_1_681' title='bbox 1349 5273 1478 5345; x_wconf 70' lang='lat'><strong>40).</strong></span> <span class='ocrx_word' id='word_1_682' title='bbox 1514 5292 1534 5325; x_wconf 84' lang='grc'><strong>‹</strong></span> <span class='ocrx_word' id='word_1_683' title='bbox 1562 5272 1696 5339; x_wconf 84' lang='lat' dir='ltr'><strong>Quia</strong></span> <span class='ocrx_word' id='word_1_684' title='bbox 1738 5275 1901 5331; x_wconf 92' lang='lat' dir='ltr'><strong>homo</strong></span> 
     </span>
    </p>
   </div>
   <div class='ocr_carea' id='block_1_85' title="bbox 314 5360 1901 5436">
    <p class='ocr_par' dir='ltr' id='par_1_85' title="bbox 314 5360 1901 5436">
     <span class='ocr_line' id='line_1_85' title="bbox 314 5360 1901 5436; baseline -0.002 -13"><span class='ocrx_word' id='word_1_685' title='bbox 314 5366 406 5423; x_wconf 90' lang='lat' dir='ltr'><strong>ille</strong></span> <span class='ocrx_word' id='word_1_686' title='bbox 436 5364 595 5421; x_wconf 89' lang='lat' dir='ltr'><strong>nullis</strong></span> <span class='ocrx_word' id='word_1_687' title='bbox 623 5360 1046 5436; x_wconf 74' lang='lat' dir='ltr'><strong>praecedentibus</strong></span> <span class='ocrx_word' id='word_1_688' title='bbox 1082 5364 1287 5417; x_wconf 82' lang='lat' dir='ltr'><strong>meritis</strong></span> <span class='ocrx_word' id='word_1_689' title='bbox 1321 5364 1374 5419; x_wconf 89' lang='lat' dir='ltr'><strong>in</strong></span> <span class='ocrx_word' id='word_1_690' title='bbox 1403 5363 1520 5435; x_wconf 89' lang='lat' dir='ltr'><strong>ipso</strong></span> <span class='ocrx_word' id='word_1_691' title='bbox 1542 5365 1767 5420; x_wconf 79' lang='lat' dir='ltr'><strong>exordio</strong></span> <span class='ocrx_word' id='word_1_692' title='bbox 1806 5381 1901 5420; x_wconf 89' lang='lat' dir='ltr'><strong>na-</strong></span> 
     </span>
    </p>
   </div>
   <div class='ocr_carea' id='block_1_86' title="bbox 318 5454 1898 5525">
    <p class='ocr_par' dir='ltr' id='par_1_86' title="bbox 318 5454 1898 5525">
     <span class='ocr_line' id='line_1_86' title="bbox 318 5454 1898 5525; baseline -0.001 -12"><span class='ocrx_word' id='word_1_693' title='bbox 318 5467 453 5513; x_wconf 61' lang='lat' dir='ltr'><strong>tura</strong></span> <span class='ocrx_word' id='word_1_694' title='bbox 486 5472 615 5521; x_wconf 63' lang='lat' dir='ltr'><strong>suat,</strong></span> <span class='ocrx_word' id='word_1_695' title='bbox 640 5470 747 5525; x_wconf 88' lang='lat' dir='ltr'><strong>quo</strong></span> <span class='ocrx_word' id='word_1_696' title='bbox 772 5469 891 5510; x_wconf 87' lang='lat' dir='ltr'><strong>esse</strong></span> <span class='ocrx_word' id='word_1_697' title='bbox 919 5457 1099 5525; x_wconf 71' lang='lat' dir='ltr'><strong>cmpit,</strong></span> <span class='ocrx_word' id='word_1_698' title='bbox 1128 5455 1237 5508; x_wconf 90' lang='lat' dir='ltr'><strong>Deo</strong></span> <span class='ocrx_word' id='word_1_699' title='bbox 1264 5454 1442 5509; x_wconf 74' lang='lat' dir='ltr'><strong>Verbo</strong></span> <span class='ocrx_word' id='word_1_700' title='bbox 1468 5455 1812 5525; x_wconf 86' lang='lat' dir='ltr'><strong>copularetur</strong></span> <span class='ocrx_word' id='word_1_701' title='bbox 1847 5458 1898 5511; x_wconf 91' lang='lat' dir='ltr'><strong>in</strong></span> 
     </span>
    </p>
   </div>
   <div class='ocr_carea' id='block_1_87' title="bbox 317 5541 1901 5614">
    <p class='ocr_par' dir='ltr' id='par_1_87' title="bbox 317 5541 1901 5614">
     <span class='ocr_line' id='line_1_87' title="bbox 317 5541 1901 5614; baseline -0.004 -10"><span class='ocrx_word' id='word_1_702' title='bbox 317 5558 528 5604; x_wconf 85' lang='lat' dir='ltr'><strong>tantam</strong></span> <span class='ocrx_word' id='word_1_703' title='bbox 553 5560 793 5614; x_wconf 81' lang='lat' dir='ltr'><strong>personae</strong></span> <span class='ocrx_word' id='word_1_704' title='bbox 817 5545 1101 5606; x_wconf 85' lang='lat' dir='ltr'><strong>unitatem,</strong></span> <span class='ocrx_word' id='word_1_705' title='bbox 1126 5551 1185 5596; x_wconf 90' lang='lat' dir='ltr'><strong>ut</strong></span> <span class='ocrx_word' id='word_1_706' title='bbox 1213 5541 1355 5598; x_wconf 86' lang='lat' dir='ltr'><strong>idem</strong></span> <span class='ocrx_word' id='word_1_707' title='bbox 1384 5543 1495 5613; x_wconf 91' lang='lat' dir='ltr'><strong>ipse</strong></span> <span class='ocrx_word' id='word_1_708' title='bbox 1517 5554 1662 5597; x_wconf 85' lang='lat' dir='ltr'><strong>esset</strong></span> <span class='ocrx_word' id='word_1_709' title='bbox 1692 5544 1782 5598; x_wconf 89' lang='lat' dir='ltr'><strong>Dei</strong></span> <span class='ocrx_word' id='word_1_710' title='bbox 1816 5545 1901 5599; x_wconf 85' lang='lat' dir='ltr'><strong>Fi-</strong></span> 
     </span>
    </p>
   </div>
   <div class='ocr_carea' id='block_1_88' title="bbox 319 5635 1902 5709">
    <p class='ocr_par' dir='ltr' id='par_1_88' title="bbox 319 5635 1902 5709">
     <span class='ocr_line' id='line_1_88' title="bbox 319 5635 1902 5709; baseline -0.001 -15"><span class='ocrx_word' id='word_1_711' title='bbox 319 5641 444 5703; x_wconf 90' lang='lat' dir='ltr'><strong>lius,</strong></span> <span class='ocrx_word' id='word_1_712' title='bbox 475 5637 567 5709; x_wconf 90' lang='lat' dir='ltr'><strong>qui</strong></span> <span class='ocrx_word' id='word_1_713' title='bbox 599 5636 743 5693; x_wconf 87' lang='lat' dir='ltr'><strong>ﬁlius</strong></span> <span class='ocrx_word' id='word_1_714' title='bbox 778 5636 1027 5700; x_wconf 86' lang='lat' dir='ltr'><strong>hominis,</strong></span> <span class='ocrx_word' id='word_1_715' title='bbox 1054 5646 1109 5690; x_wconf 90' lang='lat' dir='ltr'><strong>et</strong></span> <span class='ocrx_word' id='word_1_716' title='bbox 1138 5635 1277 5689; x_wconf 84' lang='lat' dir='ltr'><strong>ﬁlius</strong></span> <span class='ocrx_word' id='word_1_717' title='bbox 1321 5635 1570 5697; x_wconf 89' lang='lat' dir='ltr'><strong>hominis,</strong></span> <span class='ocrx_word' id='word_1_718' title='bbox 1604 5636 1694 5706; x_wconf 90' lang='lat' dir='ltr'><strong>qui</strong></span> <span class='ocrx_word' id='word_1_719' title='bbox 1733 5637 1902 5693; x_wconf 80' lang='lat' dir='ltr'><strong>Filius</strong></span> 
     </span>
    </p>
   </div>
   <div class='ocr_carea' id='block_1_89' title="bbox 322 5725 1897 5796">
    <p class='ocr_par' dir='ltr' id='par_1_89' title="bbox 322 5725 1897 5796">
     <span class='ocr_line' id='line_1_89' title="bbox 322 5725 1897 5796; baseline -0.001 -11"><span class='ocrx_word' id='word_1_720' title='bbox 322 5730 482 5785; x_wconf 62' lang='lat' dir='ltr'><strong>Dei.»</strong></span> <span class='ocrx_word' id='word_1_721' title='bbox 535 5727 615 5783; x_wconf 84' lang='lat' dir='ltr'><strong>Tu</strong></span> <span class='ocrx_word' id='word_1_722' title='bbox 662 5727 833 5784; x_wconf 86' lang='lat' dir='ltr'><strong>dicis:</strong></span> <span class='ocrx_word' id='word_1_723' title='bbox 871 5726 1007 5791; x_wconf 83' lang='lat' dir='ltr'><strong>Quia</strong></span> <span class='ocrx_word' id='word_1_724' title='bbox 1052 5725 1209 5779; x_wconf 83' lang='lat' dir='ltr'><strong>nullis</strong></span> <span class='ocrx_word' id='word_1_725' title='bbox 1256 5728 1665 5796; x_wconf 65' lang='lat' dir='ltr'><strong>pra’cedentibns</strong></span> <span class='ocrx_word' id='word_1_726' title='bbox 1715 5732 1897 5783; x_wconf 81' lang='lat' dir='ltr'><strong>maris.</strong></span> 
     </span>
    </p>
   </div>
   <div class='ocr_carea' id='block_1_90' title="bbox 326 5817 1900 5891">
    <p class='ocr_par' dir='ltr' id='par_1_90' title="bbox 326 5817 1900 5891">
     <span class='ocr_line' id='line_1_90' title="bbox 326 5817 1900 5891; baseline 0 -16"><span class='ocrx_word' id='word_1_727' title='bbox 326 5820 467 5891; x_wconf 80' lang='lat' dir='ltr'><strong>Quid</strong></span> <span class='ocrx_word' id='word_1_728' title='bbox 498 5829 673 5875; x_wconf 83' lang='lat' dir='ltr'><strong>autem</strong></span> <span class='ocrx_word' id='word_1_729' title='bbox 699 5819 779 5874; x_wconf 80' lang='lat' dir='ltr'><strong>vis</strong></span> <span class='ocrx_word' id='word_1_730' title='bbox 805 5817 1106 5889; x_wconf 77' lang='lat' dir='ltr'><strong>signiﬁcare</strong></span> <span class='ocrx_word' id='word_1_731' title='bbox 1132 5830 1227 5886; x_wconf 84' lang='lat' dir='ltr'><strong>per</strong></span> <span class='ocrx_word' id='word_1_732' title='bbox 1256 5831 1456 5882; x_wconf 85' lang='lat' dir='ltr'><strong>mares,</strong></span> <span class='ocrx_word' id='word_1_733' title='bbox 1486 5817 1588 5872; x_wconf 84' lang='lat' dir='ltr'><strong>nisi</strong></span> <span class='ocrx_word' id='word_1_734' title='bbox 1620 5817 1756 5874; x_wconf 77' lang='lat' dir='ltr'><strong>forte</strong></span> <span class='ocrx_word' id='word_1_735' title='bbox 1788 5835 1900 5875; x_wconf 82' lang='lat' dir='ltr'><strong>ma-</strong></span> 
     </span>
    </p>
   </div>
   <div class='ocr_carea' id='block_1_91' title="bbox 2004 3334 3600 3402">
    <p class='ocr_par' dir='ltr' id='par_1_91' title="bbox 2004 3334 3600 3402">
     <span class='ocr_line' id='line_1_91' title="bbox 2004 3334 3600 3402; baseline 0.007 -14"><span class='ocrx_word' id='word_1_736' title='bbox 2004 3335 2256 3390; x_wconf 80' lang='lat' dir='ltr'><strong>meritate</strong></span> <span class='ocrx_word' id='word_1_737' title='bbox 2287 3334 2478 3389; x_wconf 89' lang='lat' dir='ltr'><strong>altiora</strong></span> <span class='ocrx_word' id='word_1_738' title='bbox 2505 3343 2556 3390; x_wconf 90' lang='lat' dir='ltr'><strong>te</strong></span> <span class='ocrx_word' id='word_1_739' title='bbox 2582 3335 2769 3390; x_wconf 88' lang='lat' dir='ltr'><strong>rimari</strong></span> <span class='ocrx_word' id='word_1_740' title='bbox 2796 3350 2901 3391; x_wconf 85' lang='lat' dir='ltr'><strong>non</strong></span> <span class='ocrx_word' id='word_1_741' title='bbox 2934 3338 3158 3402; x_wconf 87' lang='lat' dir='ltr'><strong>metuis,</strong></span> <span class='ocrx_word' id='word_1_742' title='bbox 3204 3348 3258 3394; x_wconf 90' lang='lat' dir='ltr'><strong>et</strong></span> <span class='ocrx_word' id='word_1_743' title='bbox 3283 3347 3333 3394; x_wconf 89' lang='lat' dir='ltr'><strong>te</strong></span> <span class='ocrx_word' id='word_1_744' title='bbox 3362 3342 3600 3399; x_wconf 86' lang='lat' dir='ltr'><strong>medium</strong></span> 
     </span>
    </p>
   </div>
   <div class='ocr_carea' id='block_1_92' title="bbox 2005 3427 3602 3492">
    <p class='ocr_par' dir='ltr' id='par_1_92' title="bbox 2005 3427 3602 3492">
     <span class='ocr_line' id='line_1_92' title="bbox 2005 3427 3602 3492; baseline 0.004 -10"><span class='ocrx_word' id='word_1_745' title='bbox 2005 3429 2150 3482; x_wconf 86' lang='lat' dir='ltr'><strong>inter</strong></span> <span class='ocrx_word' id='word_1_746' title='bbox 2172 3427 2512 3483; x_wconf 89' lang='lat' dir='ltr'><strong>divinitatem</strong></span> <span class='ocrx_word' id='word_1_747' title='bbox 2561 3436 2615 3482; x_wconf 88' lang='lat' dir='ltr'><strong>et</strong></span> <span class='ocrx_word' id='word_1_748' title='bbox 2672 3428 3064 3483; x_wconf 88' lang='lat' dir='ltr'><strong>hmnanitatcm</strong></span> <span class='ocrx_word' id='word_1_749' title='bbox 3096 3430 3359 3492; x_wconf 81' lang='lat' dir='ltr'><strong>DeiFilii</strong></span> <span class='ocrx_word' id='word_1_750' title='bbox 3396 3434 3602 3489; x_wconf 61' lang='lat' dir='ltr'><strong>immita-</strong></span> 
     </span>
    </p>
   </div>
   <div class='ocr_carea' id='block_1_93' title="bbox 2006 3519 3604 3589">
    <p class='ocr_par' dir='ltr' id='par_1_93' title="bbox 2006 3519 3604 3589">
     <span class='ocr_line' id='line_1_93' title="bbox 2006 3519 3604 3589; baseline 0.004 -16"><span class='ocrx_word' id='word_1_751' title='bbox 2006 3528 2121 3573; x_wconf 88' lang='lat' dir='ltr'><strong>tere</strong></span> <span class='ocrx_word' id='word_1_752' title='bbox 2146 3526 2343 3584; x_wconf 89' lang='lat' dir='ltr'><strong>tentas,</strong></span> <span class='ocrx_word' id='word_1_753' title='bbox 2375 3519 2719 3589; x_wconf 90' lang='lat' dir='ltr'><strong>humanaque</strong></span> <span class='ocrx_word' id='word_1_754' title='bbox 2762 3519 3177 3575; x_wconf 83' lang='lat' dir='ltr'><strong>ratiocinatione</strong></span> <span class='ocrx_word' id='word_1_755' title='bbox 3221 3522 3416 3578; x_wconf 82' lang='lat' dir='ltr'><strong>divinae</strong></span> <span class='ocrx_word' id='word_1_756' title='bbox 3450 3526 3604 3580; x_wconf 61' lang='lat' dir='ltr'><strong>boni-</strong></span> 
     </span>
    </p>
   </div>
   <div class='ocr_carea' id='block_1_94' title="bbox 2009 3608 3601 3673">
    <p class='ocr_par' dir='ltr' id='par_1_94' title="bbox 2009 3608 3601 3673">
     <span class='ocr_line' id='line_1_94' title="bbox 2009 3608 3601 3673; baseline 0.006 -10"><span class='ocrx_word' id='word_1_757' title='bbox 2009 3610 2133 3664; x_wconf 86' lang='lat' dir='ltr'><strong>tatis</strong></span> <span class='ocrx_word' id='word_1_758' title='bbox 2176 3608 2446 3666; x_wconf 73' lang='lat' dir='ltr'><strong>ineffabile</strong></span> <span class='ocrx_word' id='word_1_759' title='bbox 2477 3620 2880 3666; x_wconf 86' lang='lat' dir='ltr'><strong>sacramentum</strong></span> <span class='ocrx_word' id='word_1_760' title='bbox 2926 3612 3159 3666; x_wconf 88' lang='lat' dir='ltr'><strong>scrutari</strong></span> <span class='ocrx_word' id='word_1_761' title='bbox 3203 3614 3428 3669; x_wconf 87' lang='lat' dir='ltr'><strong>niteris?</strong></span> <span class='ocrx_word' id='word_1_762' title='bbox 3488 3615 3601 3673; x_wconf 82' lang='lat' dir='ltr'><strong>Nec</strong></span> 
     </span>
    </p>
   </div>
   <div class='ocr_carea' id='block_1_95' title="bbox 2008 3703 3602 3781">
    <p class='ocr_par' dir='ltr' id='par_1_95' title="bbox 2008 3703 3602 3781">
     <span class='ocr_line' id='line_1_95' title="bbox 2008 3703 3602 3781; baseline 0.007 -25"><span class='ocrx_word' id='word_1_763' title='bbox 2008 3710 2112 3758; x_wconf 75' lang='lat' dir='ltr'><strong>tua:</strong></span> <span class='ocrx_word' id='word_1_764' title='bbox 2152 3704 2435 3759; x_wconf 79' lang='lat' dir='ltr'><strong>sententiae</strong></span> <span class='ocrx_word' id='word_1_765' title='bbox 2470 3703 2690 3759; x_wconf 89' lang='lat' dir='ltr'><strong>modum</strong></span> <span class='ocrx_word' id='word_1_766' title='bbox 2737 3705 3015 3773; x_wconf 87' lang='lat' dir='ltr'><strong>imponere</strong></span> <span class='ocrx_word' id='word_1_767' title='bbox 3059 3707 3245 3773; x_wconf 89' lang='lat' dir='ltr'><strong>nosti,</strong></span> <span class='ocrx_word' id='word_1_768' title='bbox 3281 3709 3375 3781; x_wconf 88' lang='lat' dir='ltr'><strong>qui</strong></span> <span class='ocrx_word' id='word_1_769' title='bbox 3422 3719 3602 3766; x_wconf 88' lang='lat' dir='ltr'><strong>necte</strong></span> 
     </span>
    </p>
   </div>
   <div class='ocr_carea' id='block_1_96' title="bbox 2007 3797 3601 3872">
    <p class='ocr_par' dir='ltr' id='par_1_96' title="bbox 2007 3797 3601 3872">
     <span class='ocr_line' id='line_1_96' title="bbox 2007 3797 3601 3872; baseline 0.009 -23"><span class='ocrx_word' id='word_1_770' title='bbox 2007 3797 2184 3867; x_wconf 91' lang='lat' dir='ltr'><strong>ipsum</strong></span> <span class='ocrx_word' id='word_1_771' title='bbox 2227 3797 2539 3855; x_wconf 85' lang='lat' dir='ltr'><strong>discernere</strong></span> <span class='ocrx_word' id='word_1_772' title='bbox 2584 3802 2791 3870; x_wconf 89' lang='lat' dir='ltr'><strong>poteris</strong></span> <span class='ocrx_word' id='word_1_773' title='bbox 2814 3840 2831 3866; x_wconf 95' lang='lat'><strong>,</strong></span> <span class='ocrx_word' id='word_1_774' title='bbox 2880 3801 2965 3856; x_wconf 85' lang='lat' dir='ltr'><strong>vel</strong></span> <span class='ocrx_word' id='word_1_775' title='bbox 2992 3806 3261 3872; x_wconf 87' lang='lat' dir='ltr'><strong>quomodo</strong></span> <span class='ocrx_word' id='word_1_776' title='bbox 3299 3807 3479 3863; x_wconf 85' lang='lat' dir='ltr'><strong>anima</strong></span> <span class='ocrx_word' id='word_1_777' title='bbox 3508 3818 3601 3863; x_wconf 88' lang='lat' dir='ltr'><strong>tua</strong></span> 
     </span>
    </p>
   </div>
   <div class='ocr_carea' id='block_1_97' title="bbox 2005 3890 3602 3969">
    <p class='ocr_par' dir='ltr' id='par_1_97' title="bbox 2005 3890 3602 3969">
     <span class='ocr_line' id='line_1_97' title="bbox 2005 3890 3602 3969; baseline 0.009 -28"><span class='ocrx_word' id='word_1_778' title='bbox 2005 3890 2316 3945; x_wconf 88' lang='lat' dir='ltr'><strong>tenerrimis</strong></span> <span class='ocrx_word' id='word_1_779' title='bbox 2362 3891 2418 3945; x_wconf 89' lang='lat' dir='ltr'><strong>in</strong></span> <span class='ocrx_word' id='word_1_780' title='bbox 2461 3897 2707 3947; x_wconf 88' lang='lat' dir='ltr'><strong>materno</strong></span> <span class='ocrx_word' id='word_1_781' title='bbox 2738 3900 2893 3948; x_wconf 89' lang='lat' dir='ltr'><strong>utero</strong></span> <span class='ocrx_word' id='word_1_782' title='bbox 2923 3902 3027 3948; x_wconf 78' lang='lat' dir='ltr'><strong>tua:</strong></span> <span class='ocrx_word' id='word_1_783' title='bbox 3058 3897 3448 3967; x_wconf 86' lang='lat' dir='ltr'><strong>coagulationis</strong></span> <span class='ocrx_word' id='word_1_784' title='bbox 3489 3902 3602 3969; x_wconf 66' lang='lat' dir='ltr'><strong>pri«</strong></span> 
     </span>
    </p>
   </div>
   <div class='ocr_carea' id='block_1_98' title="bbox 2005 3980 3598 4057">
    <p class='ocr_par' dir='ltr' id='par_1_98' title="bbox 2005 3980 3598 4057">
     <span class='ocr_line' id='line_1_98' title="bbox 2005 3980 3598 4057; baseline 0.01 -25"><span class='ocrx_word' id='word_1_785' title='bbox 2005 3980 2230 4035; x_wconf 85' lang='lat' dir='ltr'><strong>mordiis</strong></span> <span class='ocrx_word' id='word_1_786' title='bbox 2271 3982 2675 4048; x_wconf 89' lang='lat' dir='ltr'><strong>immitteretur,</strong></span> <span class='ocrx_word' id='word_1_787' title='bbox 2716 3985 3021 4054; x_wconf 86' lang='lat' dir='ltr'><strong>exprimere</strong></span> <span class='ocrx_word' id='word_1_788' title='bbox 3074 3988 3295 4057; x_wconf 87' lang='lat' dir='ltr'><strong>sullicis.</strong></span> <span class='ocrx_word' id='word_1_789' title='bbox 3362 3988 3495 4047; x_wconf 86' lang='lat' dir='ltr'><strong>Siue</strong></span> <span class='ocrx_word' id='word_1_790' title='bbox 3540 4001 3598 4048; x_wconf 84' lang='lat' dir='ltr'><strong>te</strong></span> 
     </span>
    </p>
   </div>
   <div class='ocr_carea' id='block_1_99' title="bbox 2003 4074 3601 4154">
    <p class='ocr_par' dir='ltr' id='par_1_99' title="bbox 2003 4074 3601 4154">
     <span class='ocr_line' id='line_1_99' title="bbox 2003 4074 3601 4154; baseline 0.006 -24"><span class='ocrx_word' id='word_1_791' title='bbox 2003 4075 2149 4131; x_wconf 88' lang='lat' dir='ltr'><strong>enim</strong></span> <span class='ocrx_word' id='word_1_792' title='bbox 2180 4075 2273 4129; x_wconf 90' lang='lat' dir='ltr'><strong>Dei</strong></span> <span class='ocrx_word' id='word_1_793' title='bbox 2297 4074 2467 4131; x_wconf 87' lang='lat' dir='ltr'><strong>Filius</strong></span> <span class='ocrx_word' id='word_1_794' title='bbox 2508 4074 2638 4133; x_wconf 83' lang='lat' dir='ltr'><strong>fecit</strong></span> <span class='ocrx_word' id='word_1_795' title='bbox 2659 4118 2675 4142; x_wconf 94' lang='lat'><strong>,</strong></span> <span class='ocrx_word' id='word_1_796' title='bbox 2720 4078 2864 4148; x_wconf 89' lang='lat' dir='ltr'><strong>quod</strong></span> <span class='ocrx_word' id='word_1_797' title='bbox 2893 4079 3098 4134; x_wconf 81' lang='lat' dir='ltr'><strong>voluit:</strong></span> <span class='ocrx_word' id='word_1_798' title='bbox 3137 4082 3345 4137; x_wconf 88' lang='lat' dir='ltr'><strong>sciebat</strong></span> <span class='ocrx_word' id='word_1_799' title='bbox 3365 4098 3601 4154; x_wconf 85' lang='lat' dir='ltr'><strong>namque</strong></span> 
     </span>
    </p>
   </div>
   <div class='ocr_carea' id='block_1_100' title="bbox 2008 4170 3600 4247">
    <p class='ocr_par' dir='ltr' id='par_1_100' title="bbox 2008 4170 3600 4247">
     <span class='ocr_line' id='line_1_100' title="bbox 2008 4170 3600 4247; baseline 0.006 -23"><span class='ocrx_word' id='word_1_800' title='bbox 2008 4170 2101 4224; x_wconf 89' lang='lat' dir='ltr'><strong>Dei</strong></span> <span class='ocrx_word' id='word_1_801' title='bbox 2136 4170 2399 4237; x_wconf 85' lang='lat' dir='ltr'><strong>sapientia</strong></span> <span class='ocrx_word' id='word_1_802' title='bbox 2428 4170 2546 4225; x_wconf 89' lang='lat' dir='ltr'><strong>sine</strong></span> <span class='ocrx_word' id='word_1_803' title='bbox 2576 4171 2657 4226; x_wconf 88' lang='lat' dir='ltr'><strong>sui</strong></span> <span class='ocrx_word' id='word_1_804' title='bbox 2693 4170 3068 4227; x_wconf 89' lang='lat' dir='ltr'><strong>imminutione</strong></span> <span class='ocrx_word' id='word_1_805' title='bbox 3110 4173 3278 4247; x_wconf 66' lang='grc'><strong>854</strong></span> <span class='ocrx_word' id='word_1_806' title='bbox 3318 4190 3377 4231; x_wconf 89' lang='lat' dir='ltr'><strong>se</strong></span> <span class='ocrx_word' id='word_1_807' title='bbox 3414 4175 3600 4233; x_wconf 80' lang='lat' dir='ltr'><strong>infun-</strong></span> 
     </span>
    </p>
   </div>
   <div class='ocr_carea' id='block_1_101' title="bbox 2005 4260 3599 4327">
    <p class='ocr_par' dir='ltr' id='par_1_101' title="bbox 2005 4260 3599 4327">
     <span class='ocr_line' id='line_1_101' title="bbox 2005 4260 3599 4327; baseline 0.006 -13"><span class='ocrx_word' id='word_1_808' title='bbox 2005 4260 2132 4315; x_wconf 89' lang='lat' dir='ltr'><strong>dere</strong></span> <span class='ocrx_word' id='word_1_809' title='bbox 2180 4261 2430 4313; x_wconf 69' lang='lat' dir='ltr'><strong>humante</strong></span> <span class='ocrx_word' id='word_1_810' title='bbox 2473 4271 2720 4327; x_wconf 71' lang='lat' dir='ltr'><strong>natum,</strong></span> <span class='ocrx_word' id='word_1_811' title='bbox 2760 4270 2814 4315; x_wconf 92' lang='lat' dir='ltr'><strong>et</strong></span> <span class='ocrx_word' id='word_1_812' title='bbox 2855 4263 3108 4317; x_wconf 70' lang='lat' dir='ltr'><strong>ineffabili</strong></span> <span class='ocrx_word' id='word_1_813' title='bbox 3142 4266 3349 4321; x_wconf 88' lang='lat' dir='ltr'><strong>unitate</strong></span> <span class='ocrx_word' id='word_1_814' title='bbox 3376 4266 3494 4322; x_wconf 87' lang='lat' dir='ltr'><strong>ﬁeri</strong></span> <span class='ocrx_word' id='word_1_815' title='bbox 3529 4285 3599 4325; x_wconf 81' lang='lat' dir='ltr'><strong>ex</strong></span> 
     </span>
    </p>
   </div>
   <div class='ocr_carea' id='block_1_102' title="bbox 2006 4352 3599 4427">
    <p class='ocr_par' dir='ltr' id='par_1_102' title="bbox 2006 4352 3599 4427">
     <span class='ocr_line' id='line_1_102' title="bbox 2006 4352 3599 4427; baseline 0.007 -21"><span class='ocrx_word' id='word_1_816' title='bbox 2006 4361 2246 4422; x_wconf 87' lang='lat' dir='ltr'><strong>tempore</strong></span> <span class='ocrx_word' id='word_1_817' title='bbox 2287 4352 2429 4406; x_wconf 89' lang='lat' dir='ltr'><strong>ﬁlius</strong></span> <span class='ocrx_word' id='word_1_818' title='bbox 2455 4352 2722 4418; x_wconf 83' lang='lat' dir='ltr'><strong>hominis,</strong></span> <span class='ocrx_word' id='word_1_819' title='bbox 2765 4354 2857 4423; x_wconf 88' lang='lat' dir='ltr'><strong>qui</strong></span> <span class='ocrx_word' id='word_1_820' title='bbox 2889 4370 3105 4427; x_wconf 88' lang='lat' dir='ltr'><strong>semper</strong></span> <span class='ocrx_word' id='word_1_821' title='bbox 3130 4357 3228 4413; x_wconf 80' lang='lat' dir='ltr'><strong>fuit</strong></span> <span class='ocrx_word' id='word_1_822' title='bbox 3255 4367 3382 4415; x_wconf 86' lang='lat' dir='ltr'><strong>ante</strong></span> <span class='ocrx_word' id='word_1_823' title='bbox 3416 4362 3599 4419; x_wconf 85' lang='lat' dir='ltr'><strong>omnia</strong></span> 
     </span>
    </p>
   </div>
   <div class='ocr_carea' id='block_1_103' title="bbox 2004 4444 3595 4524">
    <p class='ocr_par' dir='ltr' id='par_1_103' title="bbox 2004 4444 3595 4524">
     <span class='ocr_line' id='line_1_103' title="bbox 2004 4444 3595 4524; baseline 0.006 -24"><span class='ocrx_word' id='word_1_824' title='bbox 2004 4454 2245 4514; x_wconf 88' lang='lat' dir='ltr'><strong>tempora</strong></span> <span class='ocrx_word' id='word_1_825' title='bbox 2291 4444 2459 4499; x_wconf 88' lang='lat' dir='ltr'><strong>Filius</strong></span> <span class='ocrx_word' id='word_1_826' title='bbox 2490 4444 2622 4510; x_wconf 88' lang='lat' dir='ltr'><strong>Dei,</strong></span> <span class='ocrx_word' id='word_1_827' title='bbox 2670 4461 2767 4515; x_wconf 91' lang='lat' dir='ltr'><strong>per</strong></span> <span class='ocrx_word' id='word_1_828' title='bbox 2810 4462 2971 4516; x_wconf 90' lang='lat' dir='ltr'><strong>quem</strong></span> <span class='ocrx_word' id='word_1_829' title='bbox 3013 4448 3152 4503; x_wconf 78' lang='lat' dir='ltr'><strong>facta</strong></span> <span class='ocrx_word' id='word_1_830' title='bbox 3184 4462 3305 4506; x_wconf 87' lang='lat' dir='ltr'><strong>sunt</strong></span> <span class='ocrx_word' id='word_1_831' title='bbox 3332 4462 3595 4524; x_wconf 81' lang='lat' dir='ltr'><strong>tempora.</strong></span> 
     </span>
    </p>
   </div>
   <div class='ocr_carea' id='block_1_104' title="bbox 2006 4536 3596 4617">
    <p class='ocr_par' dir='ltr' id='par_1_104' title="bbox 2006 4536 3596 4617">
     <span class='ocr_line' id='line_1_104' title="bbox 2006 4536 3596 4617; baseline 0.008 -27"><span class='ocrx_word' id='word_1_832' title='bbox 2006 4536 2110 4592; x_wconf 88' lang='lat' dir='ltr'><strong>Sed</strong></span> <span class='ocrx_word' id='word_1_833' title='bbox 2132 4546 2201 4617; x_wconf 40' lang='lat' dir='ltr'><strong>‘tu</strong></span> <span class='ocrx_word' id='word_1_834' title='bbox 2229 4537 2434 4592; x_wconf 88' lang='lat' dir='ltr'><strong>carnali</strong></span> <span class='ocrx_word' id='word_1_835' title='bbox 2462 4538 2785 4607; x_wconf 86' lang='lat' dir='ltr'><strong>cogitatione</strong></span> <span class='ocrx_word' id='word_1_836' title='bbox 2809 4538 3001 4609; x_wconf 90' lang='lat' dir='ltr'><strong>plenus</strong></span> <span class='ocrx_word' id='word_1_837' title='bbox 3029 4544 3320 4611; x_wconf 87' lang='lat' dir='ltr'><strong>potentiam</strong></span> <span class='ocrx_word' id='word_1_838' title='bbox 3351 4545 3446 4601; x_wconf 89' lang='lat' dir='ltr'><strong>Dei</strong></span> <span class='ocrx_word' id='word_1_839' title='bbox 3468 4562 3596 4617; x_wconf 83' lang='lat' dir='ltr'><strong>pro-</strong></span> 
     </span>
    </p>
   </div>
   <div class='ocr_carea' id='block_1_105' title="bbox 2005 4628 3597 4700">
    <p class='ocr_par' dir='ltr' id='par_1_105' title="bbox 2005 4628 3597 4700">
     <span class='ocr_line' id='line_1_105' title="bbox 2005 4628 3597 4700; baseline 0.009 -20"><span class='ocrx_word' id='word_1_840' title='bbox 2005 4628 2181 4697; x_wconf 88' lang='lat' dir='ltr'><strong>prium</strong></span> <span class='ocrx_word' id='word_1_841' title='bbox 2212 4644 2371 4697; x_wconf 89' lang='lat' dir='ltr'><strong>posse</strong></span> <span class='ocrx_word' id='word_1_842' title='bbox 2412 4628 2615 4683; x_wconf 89' lang='lat' dir='ltr'><strong>habere</strong></span> <span class='ocrx_word' id='word_1_843' title='bbox 2650 4628 2849 4685; x_wconf 85' lang='lat' dir='ltr'><strong>Filium</strong></span> <span class='ocrx_word' id='word_1_844' title='bbox 2880 4647 2986 4686; x_wconf 89' lang='lat' dir='ltr'><strong>non</strong></span> <span class='ocrx_word' id='word_1_845' title='bbox 3011 4642 3191 4700; x_wconf 84' lang='lat' dir='ltr'><strong>putas,</strong></span> <span class='ocrx_word' id='word_1_846' title='bbox 3237 4637 3341 4692; x_wconf 72' lang='lat' dir='ltr'><strong>nisi</strong></span> <span class='ocrx_word' id='word_1_847' title='bbox 3368 4637 3473 4693; x_wconf 82' lang='lat' dir='ltr'><strong>tale</strong></span> <span class='ocrx_word' id='word_1_848' title='bbox 3499 4639 3597 4695; x_wconf 70' lang='grc' dir='ltr'><strong>ιιΙί-</strong></span> 
     </span>
    </p>
   </div>
   <div class='ocr_carea' id='block_1_106' title="bbox 2004 4718 3591 4799">
    <p class='ocr_par' dir='ltr' id='par_1_106' title="bbox 2004 4718 3591 4799">
     <span class='ocr_line' id='line_1_106' title="bbox 2004 4718 3591 4799; baseline 0.01 -28"><span class='ocrx_word' id='word_1_849' title='bbox 2004 4718 2135 4787; x_wconf 87' lang='lat' dir='ltr'><strong>quid</strong></span> <span class='ocrx_word' id='word_1_850' title='bbox 2190 4720 2459 4788; x_wconf 87' lang='lat' dir='ltr'><strong>patiatur,</strong></span> <span class='ocrx_word' id='word_1_851' title='bbox 2530 4719 2708 4788; x_wconf 85' lang='lat' dir='ltr'><strong>qualia</strong></span> <span class='ocrx_word' id='word_1_852' title='bbox 2774 4720 3079 4777; x_wconf 82' lang='lat' dir='ltr'><strong>substantia</strong></span> <span class='ocrx_word' id='word_1_853' title='bbox 3131 4727 3335 4795; x_wconf 83' lang='lat' dir='ltr'><strong>patitur</strong></span> <span class='ocrx_word' id='word_1_854' title='bbox 3385 4732 3591 4799; x_wconf 85' lang='lat' dir='ltr'><strong>carnis,</strong></span> 
     </span>
    </p>
   </div>
   <div class='ocr_carea' id='block_1_107' title="bbox 2005 4810 3596 4891">
    <p class='ocr_par' dir='ltr' id='par_1_107' title="bbox 2005 4810 3596 4891">
     <span class='ocr_line' id='line_1_107' title="bbox 2005 4810 3596 4891; baseline 0.008 -27"><span class='ocrx_word' id='word_1_855' title='bbox 2005 4810 2223 4880; x_wconf 88' lang='lat' dir='ltr'><strong>quando</strong></span> <span class='ocrx_word' id='word_1_856' title='bbox 2269 4811 2439 4880; x_wconf 82' lang='lat' dir='ltr'><strong>gignit</strong></span> <span class='ocrx_word' id='word_1_857' title='bbox 2481 4826 2721 4867; x_wconf 87' lang='lat' dir='ltr'><strong>carnem.</strong></span> <span class='ocrx_word' id='word_1_858' title='bbox 2782 4813 2894 4869; x_wconf 88' lang='lat' dir='ltr'><strong>lloc</strong></span> <span class='ocrx_word' id='word_1_859' title='bbox 2921 4814 3066 4870; x_wconf 74' lang='lat' dir='ltr'><strong>etiim</strong></span> <span class='ocrx_word' id='word_1_860' title='bbox 3105 4817 3423 4887; x_wconf 70' lang='lat' dir='ltr'><strong>insipientia-</strong></span> <span class='ocrx_word' id='word_1_861' title='bbox 3461 4838 3596 4891; x_wconf 90' lang='lat' dir='ltr'><strong>quo-</strong></span> 
     </span>
    </p>
   </div>
   <div class='ocr_carea' id='block_1_108' title="bbox 2006 4902 3597 4970">
    <p class='ocr_par' dir='ltr' id='par_1_108' title="bbox 2006 4902 3597 4970">
     <span class='ocr_line' id='line_1_108' title="bbox 2006 4902 3597 4970; baseline 0.009 -15"><span class='ocrx_word' id='word_1_862' title='bbox 2006 4902 2254 4955; x_wconf 86' lang='lat' dir='ltr'><strong>rumdam</strong></span> <span class='ocrx_word' id='word_1_863' title='bbox 2284 4902 2599 4956; x_wconf 52' lang='lat' dir='ltr'><strong>incrediiile</strong></span> <span class='ocrx_word' id='word_1_864' title='bbox 2642 4902 2874 4969; x_wconf 80' lang='lat' dir='ltr'><strong>videtur,</strong></span> <span class='ocrx_word' id='word_1_865' title='bbox 2921 4905 3049 4959; x_wconf 89' lang='lat' dir='ltr'><strong>dum</strong></span> <span class='ocrx_word' id='word_1_866' title='bbox 3092 4909 3274 4964; x_wconf 85' lang='lat' dir='ltr'><strong>omnia</strong></span> <span class='ocrx_word' id='word_1_867' title='bbox 3317 4922 3465 4967; x_wconf 84' lang='lat' dir='ltr'><strong>recte</strong></span> <span class='ocrx_word' id='word_1_868' title='bbox 3506 4930 3597 4970; x_wconf 81' lang='lat' dir='ltr'><strong>sa-</strong></span> 
     </span>
    </p>
   </div>
   <div class='ocr_carea' id='block_1_109' title="bbox 2004 4978 3597 5067">
    <p class='ocr_par' dir='ltr' id='par_1_109' title="bbox 2004 4978 3597 5067">
     <span class='ocr_line' id='line_1_109' title="bbox 2004 4978 3597 5067; baseline 0.011 -21"><span class='ocrx_word' id='word_1_869' title='bbox 2004 4993 2277 5063; x_wconf 88' lang='lat' dir='ltr'><strong>pientibus</strong></span> <span class='ocrx_word' id='word_1_870' title='bbox 2300 4993 2408 5046; x_wconf 88' lang='lat' dir='ltr'><strong>Deo</strong></span> <span class='ocrx_word' id='word_1_871' title='bbox 2420 4993 2699 5062; x_wconf 84' lang='lat' dir='ltr'><strong>possibilia</strong></span> <span class='ocrx_word' id='word_1_872' title='bbox 2724 5008 2843 5049; x_wconf 89' lang='lat' dir='ltr'><strong>esse</strong></span> <span class='ocrx_word' id='word_1_873' title='bbox 2863 4978 3176 5062; x_wconf 78' lang='lat' dir='ltr'><strong>creduntur,</strong></span> <span class='ocrx_word' id='word_1_874' title='bbox 3207 4998 3318 5067; x_wconf 87' lang='lat' dir='ltr'><strong>ipsa</strong></span> <span class='ocrx_word' id='word_1_875' title='bbox 3351 5002 3597 5063; x_wconf 80' lang='lat' dir='ltr'><strong>Veritato</strong></span> 
     </span>
    </p>
   </div>
   <div class='ocr_carea' id='block_1_110' title="bbox 1986 5070 3587 5160">
    <p class='ocr_par' dir='ltr' id='par_1_110' title="bbox 1986 5070 3587 5160">
     <span class='ocr_line' id='line_1_110' title="bbox 1986 5070 3587 5160; baseline 0.008 -22"><span class='ocrx_word' id='word_1_876' title='bbox 1986 5070 2246 5148; x_wconf 39' lang='lat' dir='ltr'><strong>‘dicente;</strong></span> <span class='ocrx_word' id='word_1_877' title='bbox 2295 5083 2397 5137; x_wconf 90' lang='lat' dir='ltr'><strong>hoc</strong></span> <span class='ocrx_word' id='word_1_878' title='bbox 2423 5091 2602 5137; x_wconf 88' lang='lat' dir='ltr'><strong>autem</strong></span> <span class='ocrx_word' id='word_1_879' title='bbox 2646 5084 2786 5153; x_wconf 88' lang='lat' dir='ltr'><strong>apud</strong></span> <span class='ocrx_word' id='word_1_880' title='bbox 2830 5085 3076 5141; x_wconf 82' lang='lat' dir='ltr'><strong>homines</strong></span> <span class='ocrx_word' id='word_1_881' title='bbox 3118 5088 3448 5160; x_wconf 89' lang='lat' dir='ltr'><strong>impossibile</strong></span> <span class='ocrx_word' id='word_1_882' title='bbox 3483 5105 3587 5159; x_wconf 85' lang='lat' dir='ltr'><strong>est,</strong></span> 
     </span>
    </p>
   </div>
   <div class='ocr_carea' id='block_1_111' title="bbox 2008 5173 3586 5253">
    <p class='ocr_par' dir='ltr' id='par_1_111' title="bbox 2008 5173 3586 5253">
     <span class='ocr_line' id='line_1_111' title="bbox 2008 5173 3586 5253; baseline 0.005 -23"><span class='ocrx_word' id='word_1_883' title='bbox 2008 5174 2148 5245; x_wconf 89' lang='lat' dir='ltr'><strong>apud</strong></span> <span class='ocrx_word' id='word_1_884' title='bbox 2198 5173 2367 5228; x_wconf 90' lang='lat' dir='ltr'><strong>Deum</strong></span> <span class='ocrx_word' id='word_1_885' title='bbox 2406 5183 2588 5229; x_wconf 87' lang='lat' dir='ltr'><strong>autem</strong></span> <span class='ocrx_word' id='word_1_886' title='bbox 2630 5176 2813 5230; x_wconf 88' lang='lat' dir='ltr'><strong>omnia</strong></span> <span class='ocrx_word' id='word_1_887' title='bbox 2858 5177 3133 5244; x_wconf 87' lang='lat' dir='ltr'><strong>possibilia</strong></span> <span class='ocrx_word' id='word_1_888' title='bbox 3193 5188 3319 5234; x_wconf 90' lang='lat' dir='ltr'><strong>sunt</strong></span> <span class='ocrx_word' id='word_1_889' title='bbox 3370 5182 3586 5253; x_wconf 76' lang='lat' dir='ltr'><strong>(Matth.</strong></span> 
     </span>
    </p>
   </div>
   <div class='ocr_carea' id='block_1_112' title="bbox 2008 5262 3625 5342">
    <p class='ocr_par' dir='ltr' id='par_1_112' title="bbox 2008 5262 3625 5342">
     <span class='ocr_line' id='line_1_112' title="bbox 2008 5262 3625 5342; baseline 0.008 -25"><span class='ocrx_word' id='word_1_890' title='bbox 2008 5280 2122 5328; x_wconf 72' lang='lat' dir='ltr'><strong>xix,</strong></span> <span class='ocrx_word' id='word_1_891' title='bbox 2150 5262 2260 5335; x_wconf 72' lang='lat'><strong>26).</strong></span> <span class='ocrx_word' id='word_1_892' title='bbox 2292 5263 2357 5317; x_wconf 78' lang='lat' dir='ltr'><strong>Et</strong></span> <span class='ocrx_word' id='word_1_893' title='bbox 2389 5264 2491 5318; x_wconf 90' lang='lat' dir='ltr'><strong>hoc</strong></span> <span class='ocrx_word' id='word_1_894' title='bbox 2515 5279 2647 5333; x_wconf 83' lang='lat' dir='ltr'><strong>ergo</strong></span> <span class='ocrx_word' id='word_1_895' title='bbox 2671 5265 2928 5340; x_wconf 83' lang='lat' dir='ltr'><strong>possibile</strong></span> <span class='ocrx_word' id='word_1_896' title='bbox 2955 5266 3063 5322; x_wconf 88' lang='lat' dir='ltr'><strong>Deo</strong></span> <span class='ocrx_word' id='word_1_897' title='bbox 3090 5282 3214 5323; x_wconf 85' lang='lat' dir='ltr'><strong>esse</strong></span> <span class='ocrx_word' id='word_1_898' title='bbox 3234 5270 3586 5342; x_wconf 86' lang='lat' dir='ltr'><strong>dignoscitur,</strong></span> <span class='ocrx_word' id='word_1_899' title='bbox 3620 5295 3625 5300; x_wconf 92' lang='grc'>·</span> 
     </span>
    </p>
   </div>
   <div class='ocr_carea' id='block_1_113' title="bbox 2008 5355 3590 5429">
    <p class='ocr_par' dir='ltr' id='par_1_113' title="bbox 2008 5355 3590 5429">
     <span class='ocr_line' id='line_1_113' title="bbox 2008 5355 3590 5429; baseline 0.006 -20"><span class='ocrx_word' id='word_1_900' title='bbox 2008 5363 2066 5409; x_wconf 93' lang='lat' dir='ltr'><strong>ut</strong></span> <span class='ocrx_word' id='word_1_901' title='bbox 2090 5355 2366 5425; x_wconf 88' lang='lat' dir='ltr'><strong>proprium</strong></span> <span class='ocrx_word' id='word_1_902' title='bbox 2385 5370 2451 5409; x_wconf 85' lang='lat' dir='ltr'><strong>ex</strong></span> <span class='ocrx_word' id='word_1_903' title='bbox 2477 5355 2696 5426; x_wconf 80' lang='lat' dir='ltr'><strong>Virgine</strong></span> <span class='ocrx_word' id='word_1_904' title='bbox 2717 5356 2910 5412; x_wconf 86' lang='lat' dir='ltr'><strong>Filium</strong></span> <span class='ocrx_word' id='word_1_905' title='bbox 2949 5359 3150 5416; x_wconf 86' lang='lat' dir='ltr'><strong>habere</strong></span> <span class='ocrx_word' id='word_1_906' title='bbox 3184 5365 3462 5429; x_wconf 83' lang='lat' dir='ltr'><strong>potuisset.</strong></span> <span class='ocrx_word' id='word_1_907' title='bbox 3488 5367 3590 5422; x_wconf 75' lang='lat' dir='ltr'><strong>Fe-</strong></span> 
     </span>
    </p>
   </div>
   <div class='ocr_carea' id='block_1_114' title="bbox 2007 5449 3589 5529">
    <p class='ocr_par' dir='ltr' id='par_1_114' title="bbox 2007 5449 3589 5529">
     <span class='ocr_line' id='line_1_114' title="bbox 2007 5449 3589 5529; baseline 0.007 -24"><span class='ocrx_word' id='word_1_908' title='bbox 2007 5450 2244 5505; x_wconf 89' lang='lat' dir='ltr'><strong>citenim</strong></span> <span class='ocrx_word' id='word_1_909' title='bbox 2274 5450 2415 5503; x_wconf 87' lang='lat' dir='ltr'><strong>idem</strong></span> <span class='ocrx_word' id='word_1_910' title='bbox 2458 5449 2627 5505; x_wconf 87' lang='lat' dir='ltr'><strong>Filius</strong></span> <span class='ocrx_word' id='word_1_911' title='bbox 2664 5450 2758 5505; x_wconf 87' lang='lat' dir='ltr'><strong>Dei</strong></span> <span class='ocrx_word' id='word_1_912' title='bbox 2792 5451 2893 5506; x_wconf 87' lang='lat' dir='ltr'><strong>sibi</strong></span> <span class='ocrx_word' id='word_1_913' title='bbox 2931 5462 3162 5524; x_wconf 85' lang='lat' dir='ltr'><strong>tempus,</strong></span> <span class='ocrx_word' id='word_1_914' title='bbox 3206 5458 3259 5512; x_wconf 90' lang='lat' dir='ltr'><strong>in</strong></span> <span class='ocrx_word' id='word_1_915' title='bbox 3298 5474 3407 5529; x_wconf 91' lang='lat' dir='ltr'><strong>quo</strong></span> <span class='ocrx_word' id='word_1_916' title='bbox 3430 5459 3589 5517; x_wconf 84' lang='lat' dir='ltr'><strong>ﬁeret</strong></span> 
     </span>
    </p>
   </div>
   <div class='ocr_carea' id='block_1_115' title="bbox 2010 5539 3676 5623">
    <p class='ocr_par' dir='ltr' id='par_1_115' title="bbox 2010 5539 3676 5623">
     <span class='ocr_line' id='line_1_115' title="bbox 2010 5539 3676 5623; baseline 0.007 -28"><span class='ocrx_word' id='word_1_917' title='bbox 2010 5542 2201 5604; x_wconf 88' lang='lat' dir='ltr'><strong>homo;</strong></span> <span class='ocrx_word' id='word_1_918' title='bbox 2231 5540 2523 5609; x_wconf 82' lang='lat' dir='ltr'><strong>assumpsit</strong></span> <span class='ocrx_word' id='word_1_919' title='bbox 2549 5539 2615 5595; x_wconf 85' lang='lat' dir='ltr'><strong>de</strong></span> <span class='ocrx_word' id='word_1_920' title='bbox 2637 5550 2833 5605; x_wconf 84' lang='lat' dir='ltr'><strong>matre,</strong></span> <span class='ocrx_word' id='word_1_921' title='bbox 2857 5543 2998 5598; x_wconf 89' lang='lat' dir='ltr'><strong>unde</strong></span> <span class='ocrx_word' id='word_1_922' title='bbox 3021 5546 3159 5601; x_wconf 85' lang='lat' dir='ltr'><strong>mori</strong></span> <span class='ocrx_word' id='word_1_923' title='bbox 3181 5548 3463 5616; x_wconf 83' lang='lat' dir='ltr'><strong>potuisset,</strong></span> <span class='ocrx_word' id='word_1_924' title='bbox 3494 5553 3587 5623; x_wconf 89' lang='lat' dir='ltr'><strong>qui</strong></span> <span class='ocrx_word' id='word_1_925' title='bbox 3673 5566 3676 5575; x_wconf 77' lang='lat'><em>‘</em></span> 
     </span>
    </p>
   </div>
   <div class='ocr_carea' id='block_1_116' title="bbox 2009 5636 3587 5716">
    <p class='ocr_par' dir='ltr' id='par_1_116' title="bbox 2009 5636 3587 5716">
     <span class='ocr_line' id='line_1_116' title="bbox 2009 5636 3587 5716; baseline 0.009 -28"><span class='ocrx_word' id='word_1_926' title='bbox 2009 5636 2330 5690; x_wconf 88' lang='lat' dir='ltr'><strong>immortalis</strong></span> <span class='ocrx_word' id='word_1_927' title='bbox 2377 5636 2581 5689; x_wconf 88' lang='lat' dir='ltr'><strong>mansit</strong></span> <span class='ocrx_word' id='word_1_928' title='bbox 2620 5637 2673 5690; x_wconf 91' lang='lat' dir='ltr'><strong>in</strong></span> <span class='ocrx_word' id='word_1_929' title='bbox 2712 5646 3011 5694; x_wconf 69' lang='lat' dir='ltr'><strong>aeternum:</strong></span> <span class='ocrx_word' id='word_1_930' title='bbox 3043 5658 3182 5697; x_wconf 91' lang='lat' dir='ltr'><strong>unus</strong></span> <span class='ocrx_word' id='word_1_931' title='bbox 3214 5654 3393 5700; x_wconf 87' lang='lat' dir='ltr'><strong>tamen</strong></span> <span class='ocrx_word' id='word_1_932' title='bbox 3425 5655 3587 5716; x_wconf 84' lang='lat' dir='ltr'><strong>atque</strong></span> 
     </span>
    </p>
   </div>
   <div class='ocr_carea' id='block_1_117' title="bbox 2010 5725 3584 5809">
    <p class='ocr_par' dir='ltr' id='par_1_117' title="bbox 2010 5725 3584 5809">
     <span class='ocr_line' id='line_1_117' title="bbox 2010 5725 3584 5809; baseline 0.009 -28"><span class='ocrx_word' id='word_1_933' title='bbox 2010 5728 2150 5781; x_wconf 80' lang='lat' dir='ltr'><strong>idem</strong></span> <span class='ocrx_word' id='word_1_934' title='bbox 2192 5725 2377 5797; x_wconf 63' lang='lat' dir='ltr'><strong>{Forte</strong></span> <span class='ocrx_word' id='word_1_935' title='bbox 2399 5729 2540 5783; x_wconf 78' lang='lat' dir='ltr'><strong>deest</strong></span> <span class='ocrx_word' id='word_1_936' title='bbox 2567 5746 2583 5782; x_wconf 90' lang='lat'><em>:</em></span> <span class='ocrx_word' id='word_1_937' title='bbox 2612 5732 2854 5785; x_wconf 70' lang='lat' dir='ltr'><strong>mortalis</strong></span> <span class='ocrx_word' id='word_1_938' title='bbox 2898 5731 2975 5805; x_wconf 79' lang='lat' dir='ltr'><strong>et]</strong></span> <span class='ocrx_word' id='word_1_939' title='bbox 3006 5734 3359 5795; x_wconf 86' lang='lat' dir='ltr'><strong>immortalis.</strong></span> <span class='ocrx_word' id='word_1_940' title='bbox 3389 5738 3584 5809; x_wconf 88' lang='lat' dir='ltr'><strong>impas-</strong></span> 
     </span>
    </p>
   </div>
   <div class='ocr_carea' id='block_1_118' title="bbox 2007 5817 3579 5897">
    <p class='ocr_par' dir='ltr' id='par_1_118' title="bbox 2007 5817 3579 5897">
     <span class='ocr_line' id='line_1_118' title="bbox 2007 5817 3579 5897; baseline 0.01 -24"><span class='ocrx_word' id='word_1_941' title='bbox 2007 5817 2178 5875; x_wconf 85' lang='lat' dir='ltr'><strong>sihilis</strong></span> <span class='ocrx_word' id='word_1_942' title='bbox 2200 5827 2253 5874; x_wconf 85' lang='lat' dir='ltr'><strong>et</strong></span> <span class='ocrx_word' id='word_1_943' title='bbox 2282 5820 2569 5889; x_wconf 81' lang='lat' dir='ltr'><strong>passibilis,</strong></span> <span class='ocrx_word' id='word_1_944' title='bbox 2599 5836 2705 5877; x_wconf 91' lang='lat' dir='ltr'><strong>non</strong></span> <span class='ocrx_word' id='word_1_945' title='bbox 2731 5822 2867 5877; x_wconf 81' lang='lat' dir='ltr'><strong>alter</strong></span> <span class='ocrx_word' id='word_1_946' title='bbox 2887 5833 2939 5878; x_wconf 88' lang='lat' dir='ltr'><strong>et</strong></span> <span class='ocrx_word' id='word_1_947' title='bbox 2968 5824 3103 5880; x_wconf 85' lang='lat' dir='ltr'><strong>alter</strong></span> <span class='ocrx_word' id='word_1_948' title='bbox 3129 5846 3139 5880; x_wconf 93' lang='lat'>:</span> <span class='ocrx_word' id='word_1_949' title='bbox 3174 5835 3222 5882; x_wconf 85' lang='lat' dir='ltr'><strong>ct</strong></span> <span class='ocrx_word' id='word_1_950' title='bbox 3246 5830 3335 5897; x_wconf 87' lang='lat' dir='ltr'><strong>qui</strong></span> <span class='ocrx_word' id='word_1_951' title='bbox 3364 5841 3442 5884; x_wconf 90' lang='lat' dir='ltr'><strong>est</strong></span> <span class='ocrx_word' id='word_1_952' title='bbox 3474 5833 3579 5889; x_wconf 71' lang='lat' dir='ltr'><strong>vita</strong></span> 
     </span>
    </p>
   </div>
  </div>
