4136 6584
518 376 624 433 29.3

1361 386 1422 440 Β.
1461 385 1521 440 F.
1563 385 1787 441 ALBINI
1828 385 1961 442 SEU
1997 384 2276 443 ALCUINI
2313 385 2599 442 OI‘ERL'M
2636 386 2816 442 PARS
2855 387 2939 443 lli.

3673 391 3779 450 εει

515 495 832 560 vivilicans,
878 505 1174 566 spontanca
1210 499 1498 562 voluntate,
1547 499 1672 555 dum
1699 499 1891 564 voluit,
1929 501 2097 555 mori-
2124 501 2169 556 Α
2199 499 2363 553 Deum
2405 515 2589 554 verum
2637 509 2695 556 et
2735 503 3008 558 hominem
3047 507 3492 575 comprobamus,
3536 513 3628 580 qui
3657 528 3776 566 cum

516 593 643 640 tur:
695 587 837 640 sicut
877 587 930 640 in
975 587 1114 640 libro
1143 587 1310 642 Exodi
1353 589 1610 643 Dominus
1650 589 1858 645 locutus
1894 601 1979 645 est
2007 607 2104 660 per

517 677 733 748 Moysen
761 694 775 730 :
810 677 874 732 Et
899 679 1132 732 videbitis
1159 681 1316 734 vitam
1355 691 1576 735 uestram
1617 683 1924 752 pendentem
1954 684 2008 737 in
2037 684 2103 737 li-

513 786 637 841 gno,
677 782 724 825 et
770 788 872 825 non
911 771 1131 825 credetis
1177 773 1295 826 vitae
1318 784 1500 827 vestrm
1544 773 1722 831 (Deut.
1757 791 1956 836 xxviii,
1986 775 2097 844 66).

516 863 686 918 Deum
721 872 900 919 autem
942 863 1214 918 Christum
1253 879 1374 918 esse
1396 865 1561 918 vitam
1593 865 1760 934 ipsius
1791 866 2102 920 testimonio

515 953 570 1006 in
595 952 885 1023 Evangelia
914 955 1162 1017 dicentis,
1206 955 1354 1010 disce
1378 973 1392 1008 :
1420 955 1535 1026 Ego
1567 971 1682 1008 sum
1705 955 1805 1015 ria,
1835 955 2026 1010 veritas
2051 965 2099 1009 et

514 1047 621 1100 rita
648 1045 828 1118 (Ioan.
861 1063 971 1110 xiv,
1001 1047 1078 1117 6).
1125 1047 1276 1102 Unde
1294 1057 1350 1102 et
1379 1048 1432 1102 in
1461 1046 1686 1102 Actibus
1719 1047 2102 1118 Apostolorum

514 1136 704 1190 beatus
727 1136 918 1190 Petrus
968 1137 1162 1206 p0pulo
1205 1139 1508 1207 put-dicens
1535 1139 1610 1192 ait
1644 1157 1657 1192 :
1701 1137 1804 1193 Vos
1824 1149 1999 1193 autem
2025 1140 2102 1194 oi-

513 1243 631 1279 rum
674 1227 993 1280 homicidam
1035 1228 1234 1297 petistis
1277 1227 1467 1282 dimitti
1489 1226 1663 1288 vobis,
1691 1239 1955 1282 auctorem
1983 1245 2100 1282 vero

514 1317 633 1369 citro
652 1319 943 1386 percntistis
982 1317 1120 1388 (Act.
1146 1334 1227 1376 ιιι.
1266 1318 1374 1385 l5).
1430 1318 1506 1372 De
1541 1333 1650 1386 quo
1686 1326 1740 1374 et
1780 1319 1972 1374 beatus
1997 1319 2100 1389 Cy-

512 1407 735 1474 prianus
760 1407 836 1459 ait
860 1425 871 1458 :
908 1427 926 1458 ι
949 1405 1230 1462 Iudicatur
1251 1405 1595 1475 judicaturus
1618 1417 1675 1462 et
1703 1408 1796 1462 Dei
1829 1424 2010 1464 sermo
2032 1410 2099 1466 ad

512 1498 788 1553 victimam
840 1507 1027 1554 tacens
1077 1501 1310 1556 ducitur.
1344 1521 1363 1552 ι
1405 1499 1699 1568 Gregorius
1736 1515 1951 1570 quoque
1997 1501 2102 1556 Na-

513 1589 843 1646 zianzenus:
880 1613 898 1640 ι
929 1592 1278 1661 lndiguimus.
1325 1594 1434 1656 ait,
1481 1594 1647 1648 Deum
1675 1597 2014 1648 incarnatum
2044 1604 2102 1650 et

516 1682 924 1748 mortiﬁcatum,
971 1695 1030 1740 ut
1056 1701 1157 1741 nos
1180 1687 1458 1752 vivamus;
1491 1703 1579 1741 res
1602 1686 1746 1741 enim
1778 1695 1932 1742 vetus
1957 1697 2094 1750 erat,

515 1780 576 1824 ut
600 1773 764 1828 homo
790 1786 1092 1829 moreretur
1121 1795 1134 1829 :
1164 1777 1305 1845 quo-.l
1334 1793 1401 1830 ne
1423 1792 1636 1845 semper
1667 1775 1893 1831 auderet
1917 1777 1970 1832 in
1996 1778 2097 1833 ho-

2201 589 2463 658 mqualem
2505 591 2996 662 impassihilitatem
3051 605 3108 650 et
3153 597 3615 655 immortalitatem
3657 618 3776 656 cum

2199 677 2362 734 Patre
2415 682 2726 750 possideat,
2772 695 2994 754 propter
3038 698 3277 741 nostram
3326 697 3506 743 tamen
3553 691 3776 747 salutem

2200 771 2512 839 passibilcm
2557 775 2791 843 suscepit
2831 775 3064 832 hominis
3108 786 3390 844 naturam,
3441 780 3781 851 impassihilis

2199 861 2499 917 divinitatis
2519 863 2856 933 majestatem
2887 883 2993 922 non
3021 870 3278 924 amittens
3310 889 3324 924 :
3357 887 3458 926 nec
3484 883 3542 927 ut
3567 890 3782 944 permu-

2200 960 2409 1006 taretur
2455 953 2509 1007 in
2555 955 2946 1011 humanitatem
2973 959 3260 1025 divinitas,
3302 961 3398 1017 sed
3429 972 3488 1016 ut
3514 964 3780 1020 divinitati

2198 1052 2510 1098 servaretur
2552 1043 2884 1100 humanitas.
2943 1047 3250 1105 Secundum
3295 1052 3460 1120 igitur
3503 1053 3664 1123 hujus
3688 1057 3781 1109 ho-

2197 1132 2360 1187 minis
2375 1133 2659 1188 veritatem
2687 1134 2782 1190 Dei
2811 1134 2982 1191 Filius
3006 1137 3072 1192 ad
3095 1140 3514 1210 redemptionem
3542 1151 3780 1198 nostram

2198 1230 2359 1277 natus
2380 1237 2447 1278 ex
2472 1224 2691 1294 Virgine
2727 1232 2813 1280 est
2839 1232 2895 1281 et
2933 1224 3138 1295 Spiritu
3174 1240 3365 1286 sancto
3394 1251 3406 1285 :
3439 1233 3518 1287 sic
3541 1235 3683 1288 enim
3714 1232 3781 1287 ad

2200 1311 2426 1366 Mariam
2456 1313 2511 1366 in
2539 1313 2831 1381 Evangelia
2857 1318 3079 1386 angelus
3105 1318 3345 1387 loquitur
3369 1341 3382 1373 :
3411 1321 3641 1392 Spiritus
3660 1339 3782 1377 saa-

2198 1411 2312 1455 ctus
2337 1404 2655 1470 superveniet
2698 1404 2754 1458 in
2793 1415 2876 1470 te,
2915 1417 2964 1460 et
2991 1409 3151 1463 virtus
3177 1408 3432 1465 ditissimi
3459 1413 3783 1467 obumbrabit

2197 1494 2292 1547 tibi
2313 1510 2332 1546 :
2355 1504 2402 1547 et
2421 1505 2694 1565 propterea
2710 1500 2850 1567 quod
2879 1500 3043 1571 855
3078 1512 3321 1556 nascetur
3344 1520 3409 1558 ea:
3437 1514 3486 1559 te
3523 1519 3782 1572 sanctum,

2198 1585 2468 1640 vocabitur
2497 1584 2673 1641 Filius
2699 1583 2800 1642 Dei
2828 1587 2979 1659 (Luc.
3013 1605 3052 1655 ι,
3077 1591 3190 1661 55).
3240 1591 3298 1648 Si
3324 1594 3446 1664 quis
3479 1610 3605 1649 vero
3641 1596 3784 1652 hanc

2199 1692 2343 1732 vera:
2375 1676 2497 1733 ﬁdei
2544 1679 2934 1748 professionem
2962 1693 3315 1749 contemnat,
3363 1687 3446 1741 vel
3494 1688 3672 1743 minus
3693 1704 3784 1744 ca-

2201 1765 2456 1822 tholicam
2487 1772 2718 1836 reputet,
2749 1770 2894 1842 legat
2917 1775 3091 1828 sancti
3118 1775 3400 1846 Augustini
3431 1778 3593 1833 verba
3616 1819 3631 1842 ,
3662 1792 3784 1850 qua

513 1863 660 1919 mine
682 1905 700 1930 ,
745 1878 834 1921 res
866 1882 1003 1922 nova
1047 1844 1194 1924 facta
1233 1877 1348 1931 est,
1390 1877 1450 1922 ut
1485 1844 1626 1921 Deus
1647 1876 1972 1935 moreretur,
2003 1867 2097 1924 sed
2133 1844 2174 1904 Β
2200 1857 2268 1912 de
2305 1859 2684 1929 εἰρίεηειίοηε
2728 1863 2982 1918 catholici
3024 1844 3262 1936 Symboli
3307 1869 3609 1938 composuit
3633 1844 3697 1934 ⁸,-
3728 1876 3786 1924 ει

511 1954 640 2026 quia
665 1970 832 2010 carne
859 1965 1105 2012 mortuus
1131 1965 1237 2022 est,
1275 1973 1382 2011 non
1414 1957 1713 2011 divinitate.
1745 1977 1762 2007 ι

584 2045 678 2103 XI.
715 2045 825 2102 Nec
869 2063 998 2104 vero
1033 2049 1301 2105 ullatenus
1345 2049 1726 2104 confundimus
1771 2058 1995 2106 naturas
2039 2051 2095 2106 in

511 2135 753 2201 Christo,
775 2135 997 2192 sicutiu
1025 2140 1225 2195 asseris
1267 2156 1366 2196 nos
1404 2139 1595 2195 fecisse
1619 2159 1632 2193 :
1661 2138 1756 2195 sed
1783 2141 1932 2196 salva
1958 2142 2095 2196 utri-

511 2241 681 2295 usque
715 2237 922 2283 naturae
947 2231 1277 2300 proprietate
1305 2272 1319 2296 ,
1356 2230 1550 2286 divinae
1578 2230 1784 2286 scilicet
1825 2241 1882 2287 et
1907 2233 2100 2288 huma-

509 2332 615 2382 nae,
644 2335 807 2374 unum
833 2323 1151 2376 conﬁtemur
1176 2321 1344 2376 Deum
1379 2323 1473 2376 Dei
1503 2320 1696 2376 Filium
1727 2320 1912 2377 Iesum
1939 2323 2096 2378 Chri-

510 2417 653 2464 stum
676 2410 958 2466 Dominum
982 2423 1225 2468 nostrum
1250 2415 1302 2468 in
1329 2413 1538 2469 duabus
1566 2414 1796 2478 naturis,
1830 2430 1938 2468 una
1968 2431 2098 2471 vero

509 2515 740 2570 persona
789 2510 841 2555 et
890 2519 996 2556 una
1041 2502 1162 2558 Filii
1210 2503 1492 2575 dignitate.
1551 2503 1703 2559 Sicut
1737 2506 1880 2560 enim
1917 2506 2097 2560 anima

510 2592 844 2661 compatitur
889 2595 1135 2662 corporis
1165 2594 1472 2660 doloribus,
1514 2595 1764 2665 quamvis
1784 2595 1965 2650 anima
1992 2595 2096 2649 im-

514 2681 764 2738 mortalis
791 2693 1126 2751 permaneat,
1167 2694 1344 2740 tamen
1367 2702 1565 2757 corpus
1591 2688 1711 2741 sine
1736 2687 1930 2742 animm
1951 2703 2099 2742 com-

510 2774 764 2842 passione
809 2791 915 2829 non
972 2776 1212 2844 patitur:
1259 2776 1383 2846 quia
1425 2777 1603 2831 anima
1645 2785 1702 2832 et
1733 2792 1931 2846 corpus
1958 2793 2098 2834 unus

510 2875 593 2919 est
625 2865 786 2921 homo
805 2905 821 2930 ,
865 2875 920 2920 ct
947 2882 1264 2922 communes
1289 2874 1416 2921 sunt
1437 2867 1631 2922 animai
1657 2877 1714 2921 et
1745 2868 1991 2938 corporis
2011 2867 2098 2924 vel

511 2954 744 3011 dolentis
785 2956 866 3011 vel
905 2957 1136 3012 laetantis
1161 2957 1416 3022 allectus;
1462 2957 1589 3027 quia
1635 2973 1777 3012 unus
1803 2957 1967 3014 homo
1987 2967 2094 3020 est,

509 3049 604 3118 qui
648 3050 806 3105 simul
856 3050 1003 3104 dolet
1040 3050 1127 3104 vel
1149 3050 1382 3121 gaudet:
1416 3050 1492 3106 ita
1522 3050 1614 3104 Dei
1653 3050 1822 3105 Filius
1851 3065 1943 3105 sua
1969 3065 2096 3120 pro-

511 3142 632 3213 pria
656 3158 820 3196 carne
846 3157 1040 3211 passus
1065 3151 1176 3205 est,
1224 3158 1329 3197 non
1364 3142 1502 3198 alter
1527 3143 1580 3196 in
1606 3158 1833 3213 corpore
1859 3144 2091 3213 passibi-

508 3231 596 3297 lis,
641 3242 697 3286 et
736 3233 873 3286 alter
918 3233 972 3286 in
1003 3232 1284 3288 divinitate
1315 3232 1699 3303 impassihilis,
1741 3234 1837 3288 sed
1866 3249 2010 3290 unus
2036 3233 2092 3288 in

511 3335 764 3394 utroque.
834 3323 946 3379 Nec
989 3323 1183 3378 iterum
1224 3322 1502 3378 Christum
1540 3323 1828 3379 dividimus
1873 3323 1928 3378 in
1960 3324 2098 3379 duos

509 3415 668 3475 lilios.
701 3413 784 3468 vel
812 3415 948 3469 duos
979 3412 1143 3478 deos,
1181 3414 1266 3469 vel
1292 3415 1429 3470 duas
1461 3430 1584 3469 cum
1615 3413 1868 3469 Nestorio
1909 3429 2098 3485 perso-

509 3520 631 3560 nas.
690 3503 792 3571 Qui
835 3505 963 3559 licet
997 3503 1134 3561 duas
1177 3504 1357 3574 palam
1399 3521 1506 3559 non
1555 3505 1781 3561 dixisset
1809 3519 2092 3575 personas,

509 3603 692 3649 tamen
707 3593 890 3648 omnia
913 3609 1034 3664 qua:
1053 3595 1264 3650 duabus
1292 3595 1467 3651 inesse
1483 3610 1704 3650 necesse
1723 3605 1805 3652 est
1823 3597 2092 3667 personis,

507 3683 563 3738 in
592 3699 691 3739 sua
727 3681 1062 3752 professione
1101 3683 1321 3739 fatetur.
1379 3685 1556 3740 Simili
1590 3686 1748 3742 modo
1776 3695 1829 3742 et
1854 3695 1943 3754 tu,
1968 3686 2096 3744 licet

509 3776 686 3840 fugias
711 3775 873 3831 verba
898 3777 1129 3831 duarum
1149 3792 1529 3846 personarum,
1561 3786 1738 3832 tamen
1772 3779 1954 3833 omnia
1975 3795 2095 3850 quas

511 3881 740 3923 necesse
755 3877 840 3923 est
866 3867 1077 3924 duabus
1101 3869 1280 3925 inesse
1303 3869 1548 3941 personis
1565 3909 1581 3934 ,
1609 3878 1661 3926 te
1689 3871 1743 3924 in
1767 3871 1875 3926 tuis
1900 3872 2095 3928 litteris

507 3954 811 4018 Invenimus
838 3955 1103 4027 profiteri.
1141 3956 1276 4025 Quis
1315 3957 1462 4012 enim
1502 3958 1730 4023 nesciat,
1760 3959 1902 4028 apud
1925 3976 2092 4015 unum

508 4045 726 4101 Patrem
767 4046 998 4102 alteram
1040 4063 1160 4104 esse
1203 4064 1492 4120 personam
1543 4051 1778 4121 adoptivi
1809 4048 1925 4114 lilii,
1959 4052 2095 4109 alte~

507 4154 624 4194 ram
646 4140 848 4211 proprii
878 4131 1035 4195 Filii?
1086 4141 1195 4196 Nec
1230 4142 1374 4197 enim
1419 4142 1559 4198 ullus
1598 4150 1772 4213 pater,
1801 4143 1958 4212 juxta
1986 4145 2090 4198 lm-

507 4245 683 4286 manze
707 4231 1114 4286 consuetudinis
1143 4233 1408 4288 rationem
1445 4242 1660 4302 poterat
1701 4234 1978 4304 proprium
2024 4235 2092 4289 li-

507 4317 639 4374 lium
667 4321 774 4376 sibi
798 4320 1077 4391 adoptare,
1097 4323 1253 4392 quasi
1274 4322 1543 4378 alienum:
1574 4333 1668 4379 aut
1690 4341 1849 4394 quem
1871 4327 2092 4398 adoptat

507 4410 612 4466 sibi
641 4411 696 4466 in
731 4411 900 4466 lilium
921 4453 937 4476 ,
985 4414 1185 4483 poterit
1231 4416 1336 4470 sibi
1385 4418 1662 4486 proprium
1691 4417 1898 4483 facere,
1927 4435 2087 4490 quem

2197 1947 2438 2004 inveniet
2464 1966 2552 2006 me
2577 1948 2722 2006 illius
2748 1953 3054 2010 certissime
3080 1957 3156 2009 uti
3185 1957 3456 2022 sensibus,
3479 1957 3784 2030 quiubique

2195 2041 2522 2110 purissimus
2550 2043 2604 2098 in
2634 2044 2898 2100 catholica
2927 2045 3033 2101 title
3084 2055 3142 2101 et
3181 2047 3563 2104 veracissimus
3597 2049 3786 2104 doctor

2195 2147 2318 2187 esse
2334 2133 2735 2203 comprobatur.
2763 2133 2958 2192 Tribus
2986 2139 3130 2193 enim
3168 2137 3362 2206 modis,
3406 2149 3466 2194 ut
3492 2140 3632 2196 idem
3653 2156 3784 2198 san-

2195 2231 2316 2278 ctus
2351 2222 2686 2295 Augustinus
2727 2227 2838 2290 ait,
2876 2227 3158 2299 Scriptura
3184 2246 3341 2286 sacra
3367 2231 3434 2288 de
3456 2231 3676 2288 Christo
3703 2233 3784 2288 Io—

2195 2315 2410 2384 quitur;
2440 2318 2667 2387 primus,
2695 2334 2820 2374 cum
2851 2322 3144 2377 secundum
3165 2339 3430 2379 summam
3460 2323 3604 2379 illam
3644 2325 3783 2380 divi-

2195 2407 2423 2462 nitatem
2466 2406 2613 2464 Patri
2658 2411 2922 2481 :equalem
2963 2421 3126 2482 atque
3160 2421 3489 2468 ceteternum
3533 2423 3660 2468 ante
3697 2429 3787 2470 as—

2195 2499 2559 2569 sumptionem
2587 2503 2771 2558 carnis
2797 2511 2974 2558 vocat.
3026 2504 3177 2559 Alter
3198 2507 3392 2576 modus
3415 2513 3518 2573 est,
3545 2521 3668 2562 etim
3691 2522 3785 2561 asc

2194 2599 2411 2659 sumpta
2454 2605 2620 2646 carne
2655 2591 2771 2660 jam
2817 2593 2959 2648 idem
2981 2593 3144 2660 Deus,
3193 2595 3286 2664 qui
3328 2597 3518 2662 homo;
3560 2607 3614 2651 et
3639 2596 3784 2656 idem

2195 2679 2382 2746 homo,
2410 2680 2504 2750 qui
2527 2680 2674 2737 Deus
2691 2722 2709 2747 ,
2738 2683 3031 2740 secundum
3054 2685 3343 2754 quamdam
3371 2703 3484 2743 suae
3513 2688 3787 2742 excellen-

2197 2769 2286 2825 tiae
2307 2769 2701 2826 humanitatem
2723 2769 2930 2843 [Forte,
2959 2773 3326 2846 dignitatem],
3352 2791 3460 2844 qua
3485 2790 3594 2830 non
3615 2785 3783 2831 caete-

2196 2863 2276 2916 ris
2303 2870 2618 2930 coaequatur
2643 2862 2973 2928 hominibus,
3001 2864 3095 2919 sed
3117 2874 3202 2919 est
3223 2864 3522 2930 mediator;
3545 2875 3600 2921 et
3623 2873 3786 2936 caput

2196 2952 2454 3009 Ecclesiae
2473 2961 2530 3008 et
2552 2953 2750 3024 legitur
2773 2961 2830 3008 et
2852 2954 3189 3026 intelligitur.
3229 2954 3448 3010 Tertius
3469 2957 3657 3011 modus
3675 2963 3784 3022 est,

2197 3057 2322 3098 cum
2360 3044 2756 3114 quodammodo
2790 3053 2938 3102 totus
2962 3045 3215 3102 Christus
3243 3047 3298 3103 in
3325 3047 3658 3118 plenitudine
3682 3047 3784 3104 Ec-

2199 3133 2397 3200 clesiae,
2429 3133 2483 3189 id
2509 3143 2597 3190 est
2617 3175 2635 3200 ,
2677 3144 2841 3206 caput
2861 3143 2918 3191 et
2952 3150 3150 3206 corpus
3181 3139 3473 3193 secundum
3497 3137 3785 3208 plenitudi-

2201 3242 2324 3282 nem
2353 3225 2581 3298 perfecti
2627 3226 2910 3297 cujusdam
2938 3229 3039 3284 viri
3066 3269 3083 3295 ,
3128 3228 3185 3284 in
3212 3245 3323 3300 quo
3348 3229 3466 3284 viro
3490 3229 3668 3285 ell'ecti
3695 3245 3778 3286 su-

2197 3333 2320 3374 mus
2347 3317 2613 3383 membra,
2644 3327 2701 3373 et
2724 3319 3071 3375 credentibus
3097 3319 3444 3390 pnedicatur,
3475 3329 3531 3376 et
3553 3321 3787 3391 pruden-

2199 3411 2344 3465 tibus
2367 3409 2714 3480 agnoscibilis
2739 3397 2985 3465 oll'ertur.
3045 3409 3123 3465 De
3156 3409 3395 3466 secundo
3423 3418 3602 3465 autem
3626 3411 3786 3466 modo

2199 3503 2252 3556 in
2280 3501 2534 3572 praesenti
2582 3501 2944 3572 disputatione
2983 3501 3221 3556 maxime
3258 3511 3506 3557 versatur
3537 3502 3785 3567 intentio,

2197 3594 2254 3650 in
2298 3608 2408 3664 quo
2443 3592 2615 3648 Deum
2662 3608 2853 3648 verum
2894 3599 2952 3648 et
2988 3607 3176 3647 verum
3223 3592 3496 3650 hominem
3533 3592 3784 3647 eumdem

2198 3683 2486 3739 Dominum
2531 3689 2779 3738 nostrum
2831 3680 3019 3738 Iesum
3065 3681 3340 3739 Christum
3387 3683 3601 3753 publica
3628 3697 3786 3748 voce,

2194 3774 2462 3831 catholica
2494 3788 2664 3844 pace,
2693 3773 2936 3829 omnium
2973 3784 3290 3831 sanctorum
3333 3775 3616 3830 doctorum
3654 3791 3785 3846 pro-

2194 3865 2496 3924 batissimis
2541 3864 2869 3920 testimoniis
2909 3863 3151 3920 roborati
3191 3864 3511 3937 proﬁtemur
3542 3885 3556 3920 :
3585 3882 3692 3921 non
3717 3880 3781 3922 ex

2192 3966 2346 4031 parte
2375 3957 2546 4012 Deum
2589 3971 2776 4013 verum
2800 3997 2817 4023 ,
2858 3972 2925 4012 ex
2951 3965 3108 4029 parte
3136 3957 3308 4013 Deum
3335 3967 3784 4028 nuncupativum,

2193 4049 2335 4104 sicut
2361 4055 2452 4100 tua
2479 4047 2618 4102 solet
2665 4046 2882 4102 indocta
2927 4047 3142 4102 novitas
3172 4047 3476 4112 allirmare,
3503 4047 3733 4103 dicendo
3762 4065 3780 4103 :

2190 4137 2334 4194 Deus
2363 4148 2438 4192 est
2471 4136 2710 4192 Christus
2754 4137 3039 4192 secundum
3083 4137 3409 4193 divinitatem
3428 4177 3444 4204 ,
3485 4147 3534 4192 et
3560 4136 3660 4194 Dei
3683 4135 3784 4194 Fi-

2191 4232 2295 4287 lius
2331 4247 2482 4286 uerus
2505 4242 2524 4282 :
2551 4229 2840 4284 secundum
2879 4229 3258 4285 humanitatem
3293 4238 3467 4284 autem
3519 4228 3661 4286 Deus
3699 4241 3779 4289 est

2190 4322 2571 4394 nuncupatione
2599 4331 2647 4375 et
2681 4320 2956 4392 adoptivus
2984 4319 3155 4375 Filius
3175 4336 3194 4374 :
3215 4320 3372 4391 quasi
3401 4335 3468 4376 ex
3505 4331 3661 4393 parte
3684 4321 3767 4377 di-

2189 4415 2431 4470 vinitatis
2467 4415 2537 4469 sit
2567 4414 2798 4478 veritas;
2831 4412 2886 4467 in
2923 4422 3076 4482 parte
3103 4427 3233 4468 vero
3263 4413 3620 4469 humanitatis
3641 4431 3779 4470 nun-

505 4505 806 4573 paternitas
848 4506 1069 4562 alterius
1111 4507 1215 4562 sibi
1243 4507 1373 4564 fecit
1399 4510 1664 4577 alienum;
1711 4513 1839 4581 quia
1873 4514 2090 4589 adoptio
2125 4543 2172 4600 ο
2195 4505 2538 4600 maturet
2575 4519 2682 4600 non
2729 4517 2864 4573 pura
2892 4502 3115 4600 veritas:
3142 4502 3310 4600 Διἰιιειξ
3335 4518 3485 4600 (ιι-ιιι).
3515 4505 3786 4600 quomodo

508 4610 577 4650 ex
605 4596 782 4651 alieno
822 4597 1063 4667 quolibet
1107 4599 1368 4665 ellicimr;
1413 4601 1663 4671 proprius
1705 4617 1834 4658 vero
1865 4603 2007 4660 illius
2038 4604 2093 4659 in
2125 4594 2161 4600 —
2198 4599 2390 4654 beatus
2436 4595 2768 4665 Augustinus
2822 4603 2929 4650 tua:
2971 4594 3251 4666 partitioni
3297 4596 3352 4650 in
3394 4596 3783 4666 disputatione.

510 4686 739 4741 veritate
763 4688 1115 4758 proprietatis
1156 4699 1455 4759 permanet.
1514 4692 1665 4748 Unus
1707 4703 1792 4750 est
1821 4695 1964 4751 Dens
1988 4695 2092 4753 Pa-

507 4786 614 4844 ter,
642 4788 698 4835 et
718 4796 883 4835 unum
912 4780 1076 4836 habet
1095 4780 1287 4837 Filium
1310 4783 1596 4839 Dominum
1629 4794 1874 4842 nostrum
1900 4785 2085 4844 Iesum

509 4865 803 4924 Christum.
843 4871 901 4925 ln
929 4877 1157 4942 utraque
1181 4881 1362 4928 autem
1396 4873 1697 4930 substantia
1718 4884 1776 4931 et
1793 4876 2090 4936 divinitatis

513 4969 566 5015 t-t
587 4961 940 5018 humanitatis
965 5002 982 5026 .
1013 4979 1153 5018 unus
1181 4975 1344 5034 atque
1380 4965 1524 5021 idem
1559 4974 1644 5022 est
1678 4965 1771 5022 Dei
1796 4967 1964 5024 Filius
1987 4969 2092 5024 Do-

511 5052 690 5108 minus
733 5061 920 5108 noster
959 5052 1124 5110 Iesus
1166 5055 1454 5122 Christus,
1501 5065 1560 5114 ut
1608 5057 1752 5114 Deus
1796 5074 1983 5127 verus;
2017 5060 2093 5116 ita

510 5145 674 5200 etiam
693 5144 856 5201 homo
877 5159 1058 5209 verus.
1081 5153 1373 5203 attestante
1392 5147 1649 5220 Apostolo
1667 5158 1830 5220 atque
1850 5150 2090 5206 dicente:

513 5232 600 5289 Es
615 5233 804 5305 quibus
848 5230 1090 5289 Christus
1131 5236 1416 5292 secundum
1455 5254 1696 5304 carnem,
1722 5239 1812 5308 qui
1836 5249 1912 5294 est
1938 5256 2096 5312 super

511 5323 689 5378 omnia
726 5321 869 5378 Deus
907 5322 1206 5379 benedictus
1247 5325 1310 5385 in
1353 5325 1549 5382 amula
1593 5325 1772 5399 (Rom.
1803 5344 1882 5393 ix,
1908 5326 1986 5398 5).
2027 5329 2097 5386 Et

515 5413 644 5468 alibi
673 5429 686 5466 :
719 5410 868 5466 Unus
894 5412 1032 5467 enim
1057 5412 1222 5478 Deus,
1251 5429 1386 5468 unus
1411 5425 1487 5470 est
1521 5415 1780 5472 mediator
1806 5415 1904 5471 Dei
1926 5427 1976 5472 et
1998 5419 2094 5474 ho-

512 5505 712 5559 minum
738 5504 893 5559 homo
915 5501 1156 5559 Christus
1176 5504 1331 5560 Iesus
1360 5505 1543 5576 (Ioan.
1570 5522 1632 5571 ιι,
1659 5507 1736 5578 5).
1767 5507 1943 5564 Unum
1964 5523 2094 5581 ergo

513 5606 681 5666 atque
705 5595 956 5651 eumdem
993 5595 1277 5651 Dominum
1308 5604 1552 5652 nostrum
1584 5595 1767 5654 Iesum
1793 5599 2092 5667 Christum,

513 5702 638 5745 cum
667 5699 734 5742 ex
759 5685 880 5742 aliis
901 5726 916 5752 ,
965 5694 1079 5742 tum
1127 5699 1191 5742 ex
1239 5686 1326 5743 his
1365 5689 1674 5757 apostolicis
1703 5691 2008 5762 sententiis,
2039 5698 2094 5748 et

585 5812 612 5840 ι
653 5797 711 5855 S.
743 5798 905 5871 Aug.,
941 5799 1006 5858 de
1035 5799 1164 5857 Fiic
1187 5810 1242 5857 ct
1269 5800 1543 5870 Symliolo.

2198 4701 2389 4748 contra
2435 4688 2783 4744 Maximinum
2824 4687 3142 4742 hmreticum
3189 4685 3397 4754 habita,
3437 4689 3782 4758 rerpondeat,

2200 4783 2278 4839 ait
2303 4783 2449 4840 enim
2497 4779 2636 4852 (Lib.
2663 4795 2728 4844 ιι,
2757 4793 2878 4849 cap.
2909 4777 2999 4844 l0,
3029 4793 3086 4834 ιι.
3115 4776 3171 4851 2)
3203 4792 3220 4832 :
3269 4796 3289 4830 ι
3321 4777 3493 4834 Porro
3533 4777 3786 4835 Christus

2200 4889 2307 4930 una
2331 4887 2562 4945 persona
2596 4878 2682 4927 est
2721 4869 2948 4941 geminae
2984 4869 3336 4935 substantias,
3379 4869 3504 4939 quia
3535 4878 3592 4925 et
3613 4868 3783 4935 Deus,

2199 4969 2364 5023 etiam
2386 4968 2549 5022 homo
2571 4974 2674 5020 est.
2713 4963 2824 5019 Nec
2857 4971 3038 5018 tamen
3067 4964 3209 5018 Deus
3241 4977 3370 5033 pars
3392 4959 3509 5032 ejus
3537 4977 3784 5034 personae

2193 5058 2302 5114 dici
2348 5065 2570 5128 potest:
2623 5054 2863 5126 alioquin
2915 5053 3086 5110 Filius
3125 5055 3221 5110 Dei
3262 5054 3445 5120 Deus,
3489 5061 3780 5126 antequam

2193 5149 2495 5218 susciperet
2533 5148 2760 5202 formam
2789 5146 2973 5211 servi,
3014 5159 3122 5200 non
3146 5151 3265 5199 erat
3293 5152 3441 5201 totus
3461 5185 3478 5210 ,
3505 5153 3561 5200 et
3583 5145 3778 5217 crevit,

2195 5255 2318 5295 cum
2340 5241 2502 5294 homo
2525 5237 2794 5294 divinitati
2832 5233 2952 5304 eius
2988 5236 3239 5299 accessit,
3281 5235 3425 5306 quod
3447 5237 3502 5290 in
3523 5251 3630 5290 una
3658 5249 3782 5306 per-

2195 5345 2330 5388 sona
2376 5330 2763 5386 absurdissime
2807 5327 3118 5385 diceretur:
3149 5330 3276 5399 quia
3324 5345 3450 5400 pars
3501 5330 3579 5385 rei
3618 5330 3779 5385 ullius

2195 5436 2317 5478 esse
2339 5436 2449 5476 non
2478 5428 2657 5490 potest
2685 5421 2845 5475 Deus.
2875 5439 2895 5473 ι

2268 5513 2382 5570 XII.
2421 5513 2728 5570 Concordat
2771 5528 2988 5586 quoque
3031 5513 3225 5569 beatus
3251 5512 3513 5586 Cyrillus,
3549 5510 3780 5582 cujuset

2197 5615 2256 5663 tu
2277 5605 2599 5663 testimoniis
2625 5605 2705 5662 uti
2729 5606 2928 5675 sapius
2949 5605 3110 5669 soles,
3140 5605 3267 5661 huic
3299 5605 3642 5662 sanctissimo
3669 5603 3772 5658 Pa-

2198 5698 2289 5763 tri,
2330 5696 2432 5753 sub
2478 5695 2838 5753 anathematis
2879 5694 3094 5752 vinculo
3140 5697 3513 5768 constringens
3538 5710 3650 5758 eos,
3681 5695 3782 5766 qui
