4136 6612
400 475 505 537 225

1100 472 1513 532 DOGMATICA.
1555 502 1625 516 —-
1661 468 1821 527 ADV.
1862 468 2163 526 FELICBM
2197 468 2377 526 LIBRI
2420 467 2526 526 ΠΙ.
2568 500 2636 512 --
2668 469 2795 527 ιλιι.
2836 472 2945 527 \‘ll.

3555 470 3663 525 226

400 590 616 662 qualem
660 586 870 662 [Forle,
908 587 1250 661 inaequalem]
1299 589 1697 645 venerationem
1722 587 1816 642 Dei
1845 585 1984 640 Filio
2012 591 2055 647 Α
2085 594 2139 640 et
2161 585 2478 655 applicatus,
2523 601 2630 641 non
2657 586 2799 658 quod
2828 602 2953 641 vere
2982 587 3052 640 sit
3082 585 3225 642 Deus
3246 585 3324 639 vel
3352 585 3518 640 Filius
3546 587 3660 647 Dei,

398 679 528 738 ἔξω
560 679 783 736 Christo
822 678 1002 736 facere
1043 683 1261 744 audent,
1297 696 1461 734 uuam
1487 679 1640 749 quasi
1678 694 1863 733 veram
1889 679 1985 733 Dei

399 770 598 833 Verbo,
630 771 857 826 alteram
886 786 1014 825 vero
1036 772 1188 840 quasi
1209 772 1311 825 sub
1332 772 1549 826 nomine
1571 770 1988 840 nuncupationis

397 860 605 915 homini
632 870 930 933 assumpto.
981 862 1072 915 Ait
1096 878 1225 931 ergo
1254 874 1279 902 ι
1308 880 1322 915 :
1371 880 1390 912 ι
1421 860 1480 915 Si
1507 861 1629 931 quis
1651 868 1985 929 assumptum

401 950 676 1006 hominem
707 953 991 1006 coadorari
1017 962 1270 1022 Oportere
1300 952 1409 1007 Deo
1438 952 1638 1017 Verbo,
1676 961 1732 1006 et
1772 952 1988 1024 conglu-

400 1040 605 1094 rilicari
633 1050 890 1110 tanquam
917 1042 1145 1096 alterum
1176 1044 1230 1096 in
1253 1043 1449 1109 altero,
1477 1051 1533 1097 et
1554 1058 1658 1098 non
1679 1044 1860 1113 potius
1880 1058 1986 1097 una

399 1131 715 1188 adoratioue
747 1134 980 1187 honorat
1009 1133 1355 1199 Emmanuel,
1388 1143 1443 1188 et
1466 1150 1628 1188 unam
1648 1135 1697 1187 ei
1727 1133 1989 1205 gloriﬁca-

400 1222 601 1276 tiouem
652 1223 913 1293 appellet,
974 1224 1269 1278 secundum
1315 1224 1459 1294 quod
1503 1240 1632 1279 caro
1678 1223 1851 1279 factus
1883 1230 1983 1288 est,

397 1316 691 1372 anathema
713 1317 805 1371 sit.
864 1315 1079 1386 Syllaba
1105 1318 1251 1372 enim
1282 1333 1341 1371 co
1365 1316 1739 1387 superadjecta
1768 1317 1870 1371 hoc
1898 1332 1987 1371 co-

396 1407 477 1476 git
502 1405 750 1476 intelligi,
783 1406 927 1476 quod
954 1407 1109 1475 quasi
1139 1407 1275 1461 alter
1314 1408 1367 1461 in
1393 1407 1588 1461 altero.
1622 1428 1640 1460 ν
1675 1408 1744 1462 Et
1762 1405 1899 1462 infra
1923 1409 1984 1463 δε

403 1509 427 1544 r
457 1491 515 1549 Si
556 1495 678 1564 quis
708 1495 874 1565 igitur
900 1497 1197 1552 ceadorare
1222 1496 1393 1559 dicit,
1442 1506 1503 1550 ut
1532 1497 1803 1551 hominem
1844 1512 1988 1551 seor-

396 1596 538 1649 sum,
572 1584 746 1640 altero
771 1595 972 1655 pneter
1004 1602 1127 1641 eum
1147 1587 1412 1641 existente
1435 1587 1544 1641 Deo
1576 1587 1772 1651 Verbo,
1801 1596 1855 1641 et
1883 1604 1986 1641 non

395 1679 692 1732 secundum
722 1694 906 1733 veram
938 1681 1199 1734 unitatem
1229 1680 1473 1735 adunans
1515 1697 1680 1734 unum
1714 1680 1989 1737 Christum

390 1779 452 1824 et
484 1770 674 1825 Filium
707 1771 1105 1841 Dominumque
1146 1787 1252 1828 una
1293 1775 1609 1830 adoratioue
1634 1776 1801 1846 856
1828 1775 1988 1846 glori-

396 1859 544 1924 licet,
568 1862 757 1917 virtuti
782 1864 1146 1919 anathematis
1164 1862 1313 1933 juste
1338 1865 1606 1920 subditur.
1637 1886 1655 1917 ι
1690 1866 1758 1921 Et
1780 1867 1907 1921 item
1925 1877 1981 1920 τε

2086 678 2180 733 sed
2207 685 2430 747 propter
2466 692 2591 731 cum
2617 716 2635 742 ,
2670 688 2730 734 ut
2753 679 2933 733 dicere
2969 678 3128 743 sales,
3171 693 3200 733 a
3226 693 3333 748 quo
3358 687 3666 749 assumptus

2084 776 2202 831 est;
2250 768 2483 823 alterum
2525 768 2643 823 sine
2682 770 2846 824 dubio
2868 770 3141 825 aestimans
3167 780 3547 830 assutneutcm,
3578 786 3667 825 as-

2085 864 2360 925 sumptum
2383 856 2633 911 altcrum.
2662 858 2799 924 Quia
2827 860 2870 913 si
2898 874 3180 914 assumens
3204 876 3364 914 verus
3389 869 3471 913 est
3497 858 3665 923 Deus,

2084 951 2140 997 et
2164 957 2475 1016 assumptus
2502 963 2608 1001 non
2634 962 2793 1003 verus
2821 948 2994 1013 Deus,
3044 965 3146 1006 nec
3167 965 3328 1005 verus
3354 950 3543 1013 Filius,
3567 968 3666 1005 ne-

2085 1034 2324 1089 cessario
2370 1035 2593 1108 intelligi
2639 1038 2833 1103 datur,
2867 1040 3010 1107 quod
3050 1041 3187 1095 duas
3217 1041 3268 1094 in
3310 1058 3476 1096 unum
3509 1042 3667 1098 Chri-

2085 1129 2229 1178 stum
2256 1132 2433 1180 tentas
2464 1127 2824 1192 introducere,
2867 1130 2961 1184 sed
2989 1130 3124 1185 falsa
3160 1132 3511 1201 professione,
3545 1148 3669 1203 per-

2086 1226 2249 1270 sonas
2281 1234 2293 1269 :
2329 1232 2454 1271 nam
2499 1218 2606 1273 duo
2639 1228 2764 1275 sunt
2803 1221 3024 1275 omnino
3052 1237 3214 1277 verus
3255 1231 3308 1277 et
3352 1240 3457 1277 non
3484 1240 3663 1278 verus.

2086 1305 2237 1374 Quod
2259 1307 2302 1361 si
2333 1308 2489 1363 beata
2514 1311 2675 1383 Virgo
2699 1327 2885 1367 verum
2914 1329 3018 1367 non
3045 1318 3227 1384 genuit
3256 1315 3443 1381 Deum,
3475 1316 3666 1371 Filium

2084 1395 2200 1459 Dei,
2235 1400 2504 1467 quomodo
2535 1401 2603 1455 ab
2622 1403 2873 1456 omnibus
2922 1411 3067 1457 recte
3094 1406 3438 1459 credentibus
3467 1408 3519 1460 iu
3547 1407 3667 1460 uni-

2085 1490 2279 1544 versali
2313 1491 2475 1546 totius
2504 1492 2653 1548 orbis
2680 1493 2919 1549 Ecclesia
2966 1495 3059 1549 Dei
3102 1496 3346 1551 Genitrix
3372 1506 3667 1552 veneratur

2084 1591 2140 1637 et
2166 1584 2445 1639 creditur?
2493 1587 2587 1639 Vi-l
2615 1587 2660 1639 si
2689 1601 2808 1641 eam
2834 1587 2927 1641 Dei
2969 1587 3295 1644 Genitrieem
3334 1604 3528 1659 negare
3558 1603 3666 1642 non

2087 1671 2271 1737 audes,
2303 1688 2370 1729 ne
2397 1682 2450 1728 te
2479 1675 2751 1743 publicum
2779 1677 2987 1731 hostem
3028 1678 3280 1733 Ecclesia:
3308 1679 3484 1748 palam
3512 1692 3666 1746 aper-

2087 1771 2247 1833 teque
2291 1762 2630 1821 demoustres
2656 1808 2669 1831 ,
2718 1770 3026 1824 necessario
3074 1772 3210 1826 duos
3240 1770 3384 1825 illam
3415 1772 3668 1842 genuisse

2086 1850 2236 1917 deos,
2262 1867 2431 1907 unum
2474 1869 2659 1910 verum
2695 1847 2880 1929 [Forte
2900 1858 3090 1929 sapph,
3120 1869 3177 1913 et
3204 1860 3435 1914 alterum
3460 1876 3668 1915 nuncu-

404 1970 425 2001 ε
452 1950 509 2005 δε
538 1952 683 2007 enim
715 1962 797 2009 εει
821 1962 877 2009 οι
906 1954 1047 2010 idem
1078 1956 1219 2010 Deus
1242 1956 1401 2010 simul
1436 1965 1491 2012 ει
1516 1958 1696 2020 homo.
1726 1959 1985 2012 adora"...
2014 1952 2057 2010 υ
2085 1942 2349 2015 pativum]
2373 1942 2529 1998 fateri
2554 1949 2782 2015 cogeris.
2821 1947 2928 2002 Aut
2953 1949 2996 2003 si
3028 1949 3129 2004 hoc
3148 1950 3242 2004 tibi
3271 1948 3411 2004 sicut
3437 1961 3493 2005 et
3512 1950 3669 2006 nobis

392 2040 573 2110 potius
600 2051 862 2113 tanquam
891 2059 1030 2098 unus
1054 2046 1366 2100 adoratione
1386 2063 1491 2101 una
1513 2087 1529 2111 ,
1566 2057 1622 2102 et
1648 2064 1755 2104 non
1783 2050 1984 2104 coado-

398 2141 568 2198 ratur,
602 2150 702 2189 nec
728 2134 1097 2204 coappellatur
1126 2138 1285 2200 Deus,
1311 2145 1371 2191 ut
1400 2154 1506 2193 non
1544 2140 1706 2194 homo
1726 2140 1987 2211 simplici-

394 2234 478 2280 ter
518 2229 855 2292 communis,
906 2238 960 2282 et
1010 2231 1304 2285 secundum
1347 2247 1446 2285 nos
1492 2232 1811 2287 Emmanuel
1867 2248 1986 2287 esse

393 2318 851 2380 credaturdivina
879 2320 1049 2389 gloria
1080 2322 1435 2391 participatus
1459 2338 1557 2394 per
1578 2324 1810 2391 gratiam
1837 2341 1851 2378 :
1890 2322 1985 2377 sed

391 2407 719 2463 confitemur
766 2410 938 2480 magis
968 2410 1136 2466 Deum
1165 2412 1221 2467 in
1262 2428 1427 2469 carne
1467 2424 1689 2485 propter
1730 2429 1832 2470 nos
1858 2428 1987 2469 vere

396 2500 675 2554 hominem
705 2498 925 2556 factum.
955 2518 1063 2558 nou
1095 2505 1323 2559 transitu
1354 2516 1563 2562 natura:
1607 2522 1706 2578 per
1733 2508 1987 2563 mutatio-

394 2605 519 2645 nem
546 2601 602 2646 et
629 2594 1059 2657 conversionem,
1083 2597 1177 2650 sed
1207 2599 1433 2652 unitatis
1459 2600 1937 2669 dispensationem.
1962 2621 1980 2654 ι

392 2678 453 2732 In
490 2679 719 2749 praefato
762 2697 978 2752 quoque
1025 2685 1163 2740 libro
1204 2696 1391 2742 contra
1419 2689 1765 2746 Maximinum
1792 2692 1988 2747 beatus

391 2771 729 2843 Augustinus
756 2776 1037 2830 verissime
1066 2786 1298 2833 testatur
1339 2778 1533 2834 Filium
1568 2782 1662 2836 Dei
1704 2782 1977 2837 hominem

391 2860 636 2919 factum:
674 2873 732 2920 et
763 2881 888 2921 vere
909 2867 1066 2936 juxta
1098 2871 1449 2939 apostolicam
1473 2888 1662 2928 vocem
1688 2874 1984 2929 exaltatum

396 2970 560 3027 supra
589 2971 752 3014 omne
781 2973 979 3015 nomen
1006 3000 1023 3027 ,
1075 2963 1218 3032 quod
1258 2965 1422 3021 estin
1457 2966 1598 3021 caelo
1636 2974 1730 3021 aut
1761 2968 1813 3023 in
1840 2976 1987 3025 terra

395 3043 622 3116 (Philip.
650 3062 713 3111 tt,
740 3047 818 3120 9).
866 3068 885 3099 σ
909 3048 1023 3105 Hoc
1045 3066 1195 3123 ergo,
1226 3053 1404 3123 inquit
1430 3054 1583 3125 (Cap.
1615 3056 1695 3128 2),
1720 3057 1797 3112 illi
1820 3057 1987 3112 dona-

392 3143 509 3190 tum
533 3145 621 3192 est
637 3148 698 3193 ut
723 3140 964 3207 homini,
1009 3146 1302 3200 secundum
1348 3162 1509 3217 quem
1542 3146 1720 3204 factus
1752 3158 1837 3205 est
1860 3150 1989 3207 obe-

392 3228 550 3284 dieus
592 3245 766 3302 usque
816 3232 885 3289 ad
910 3242 1137 3291 mortem
1165 3237 1345 3292 crucis
1370 3277 1385 3302 ,
1430 3237 1572 3307 quod
1602 3235 1717 3305 jam
1751 3240 1987 3296 habebat

2085 2036 2379 2095 absurdum
2438 2055 2557 2097 esse
2608 2043 2894 2107 videatur,
2951 2044 3121 2099 latere
3169 2045 3450 2100 nobiseum
3495 2044 3668 2101 Deum

2086 2131 2237 2185 illum
2279 2148 2465 2187 verum
2492 2136 2757 2190 veraciter
2780 2137 2883 2193 dici
2911 2146 2966 2191 et
2994 2151 3136 2199 esse,
3163 2153 3269 2190 non
3308 2138 3669 2207 nuncupative

2087 2225 2239 2296 ﬁngi,
2284 2236 2339 2281 et
2390 2231 2686 2299 nuncupari
2733 2231 3010 2300 quodnon
3053 2238 3154 2285 est.
3194 2230 3550 2299 lncongruum
3586 2238 3670 2284 est

2085 2319 2231 2372 enim
2266 2326 2321 2374 et
2354 2321 2505 2375 valde
2531 2321 2788 2392 ineptum,
2815 2322 2989 2377 Deum
3015 2322 3238 2394 aliquid,
3262 2324 3402 2391 quod
3436 2339 3542 2376 non
3574 2323 3664 2386 sit,

2086 2410 2214 2476 dici,
2244 2412 2388 2467 sicut
2414 2422 2469 2467 et
2497 2429 2698 2485 negare
2718 2415 2862 2486 quod
2889 2423 2996 2481 est,
3021 2415 3247 2487 impium
3274 2423 3329 2470 et
3348 2414 3668 2470 detestabile

2085 2515 2207 2556 esse
2232 2502 2586 2574 dignoscitur.

2156 2595 2294 2649 Xlll.
2334 2596 2464 2653 Post
2509 2598 2814 2653 testimonia
2871 2598 3035 2667 igitur
3076 2608 3384 2654 sanctorum
3420 2598 3666 2664 Patrum,

2086 2702 2206 2757 quae
2228 2686 2395 2742 multa
2425 2689 2672 2757 quidem,
2707 2697 2765 2742 et
2791 2689 3034 2757 quaedam
3061 2689 3222 2743 etiam
3253 2704 3378 2742 vere
3417 2690 3666 2760 posuisti,

2087 2779 2181 2834 sed
2210 2779 2536 2835 omnimodis
2582 2780 2865 2836 catholicis
2890 2822 2905 2845 ,
2953 2795 3057 2836 non
3108 2781 3375 2836 haereticis
3410 2780 3666 2846 faventia,

2085 2866 2344 2937 przesules
2389 2883 2606 2940 quoque
2641 2869 3019 2941 Hispaniarum
3065 2870 3302 2933 inducis,
3336 2886 3472 2939 quos
3495 2880 3552 2927 tu
3574 2886 3668 2924 or-

2087 2959 2353 3012 thodoxos
2396 2959 2570 3013 dicis:
2602 2959 2655 3014 in
2694 2960 2783 3015 his
2818 2976 2938 3031 quae
2967 2961 3191 3031 posuisti
3220 2962 3557 3017 orationibus
3586 2962 3669 3017 in-

2087 3047 2400 3102 dubitanter
2427 3049 2666 3105 haaretici
2692 3066 2811 3107 esse
2836 3052 3243 3122 dignoscantur.
3312 3052 3422 3106 Nisi
3452 3054 3589 3108 forte
3613 3059 3670 3107 et

2086 3152 2276 3193 eorum
2303 3138 2468 3203 dicta,
2498 3140 2642 3195 sicut
2665 3141 2794 3195 etin
2824 3142 3035 3195 caeteris
3064 3142 3299 3206 solebas,
3327 3143 3663 3212 dem-avaris,

2088 3227 2294 3283 scilicet
2317 3237 2377 3283 ut
2399 3232 2544 3299 quod
2570 3217 2648 3285 illi
2673 3231 2810 3288 bene
2837 3233 3108 3295 dixerunt,
3138 3242 3192 3286 tu
3215 3234 3267 3289 in
3298 3232 3665 3302 adiumentum

392 3318 512 3388 ipse
533 3317 723 3393 [idem]
756 3321 851 3377 Dei
876 3321 1064 3387 Filius,
1093 3325 1238 3380 Deus
1268 3325 1337 3382 de
1367 3326 1477 3382 Deo
1501 3336 1662 3382 natus
1681 3329 1925 3400 :equalis.
1957 3350 1976 3383 ι
2008 3307 2055 3367 c
2084 3319 2291 3374 erroris
2318 3321 2395 3377 ιυὶ
2424 3330 2652 3387 mulam.
2700 3331 2756 3378 ει
2809 3322 3038 3377 alterum
3082 3338 3180 3394 pro
3230 3324 3404 3400 allen
3452 3328 3667 3383 mittere

391 3408 453 3464 Si
477 3425 610 3480 ergo
642 3413 746 3467 hoc
784 3415 837 3469 ei
867 3414 1124 3471 donatum
1151 3426 1238 3472 est
1270 3419 1323 3471 in
1343 3419 1526 3472 carnis
1556 3420 1976 3491 dispenSatione,

391 3503 538 3572 quod
551 3504 664 3575 jam
695 3513 821 3561 ante
850 3506 1084 3562 habebat
1116 3509 1170 3563 in
1214 3510 1513 3565 divinitatis
1544 3522 1736 3566 natura
1759 3554 1776 3577 ,
1808 3522 1979 3569 restat

395 3606 456 3650 ut
477 3595 619 3652 idem
663 3596 777 3667 ipse
818 3613 979 3654 verus
1024 3598 1196 3655 FiLus
1224 3601 1316 3655 Dei
1343 3613 1502 3656 natus
1527 3618 1592 3657 ex
1622 3604 1829 3673 virgine
1858 3590 1981 3661 cre-

393 3686 558 3743 datur
597 3696 653 3743 et
691 3687 1029 3745 conﬁteatur.
1073 3691 1243 3755 Deum
1266 3707 1396 3764 ergo
1422 3693 1557 3748 dicis
1582 3708 1724 3758 esse,
1754 3695 1850 3749 sed
1872 3711 1979 3749 non

394 3794 584 3834 verum
625 3779 823 3837 Filium
847 3822 862 3847 ,
897 3780 964 3854 [ίι
994 3782 1087 3854 qui
1120 3798 1239 3838 esse
1266 3800 1371 3839 non
1398 3783 1621 3856 negas],
1648 3786 1745 3842 sed
1773 3785 1980 3857 adopti-

395 3883 545 3933 vum,
587 3875 642 3924 et
664 3884 770 3925 non
803 3887 1009 3926 verum.
1051 3871 1181 3939 Quae
1209 3882 1388 3927 autem
1420 3882 1503 3929 est
1539 3876 1642 3929 ista
1678 3889 1819 3930 nova
1845 3877 1981 3933 tilic-

367 3972 372 3977 '
397 3958 526 4013 tatis
550 3959 877 4015 introductiu
900 3962 954 4014 in
976 3960 1228 4017 Christo?
1261 3961 1428 4017 Deum
1453 3964 1600 4018 illum
1627 3966 1760 4020 dicis
1780 3981 1900 4021 esse
1926 3974 1982 4021 et

397 4065 505 4104 non
554 4065 742 4105 verum
781 4051 948 4121 :quis
993 4062 1078 4106 est
1108 4052 1232 4110 talis
1288 4056 1702 4125 nuncupationis
1748 4055 1979 4120 fructus,

397 4140 490 4196 ubi
518 4140 899 4197 detrimentum
918 4150 1004 4197 est
1028 4143 1309 4198 veritatis?
1342 4146 1409 4200 Et
1437 4147 1706 4215 quomodo
1737 4148 1790 4201 in
1824 4146 1982 4203 Chri-

398 4241 484 4287 sto
520 4242 605 4287 est
646 4234 826 4287 omnis
868 4235 1070 4289 veritas
1096 4276 1111 4301 ,
1157 4238 1203 4291 si
1234 4238 1336 4291 hoc
1360 4237 1554 4302 solum,
1581 4241 1724 4308 quod
1749 4242 1982 4297 maxime

399 4322 675 4379 fatendum
704 4332 817 4388 est,
844 4326 1139 4380 secundum
1182 4335 1419 4382 vestram
1461 4329 1766 4398 opinionem
1794 4346 1981 4386 verum

398 4432 506 4471 non
532 4430 653 4470 esse
678 4416 1007 4473 credendum
1040 4418 1159 4473 est?
1183 4416 1265 4472 Tu
1295 4430 1476 4474 autem
1501 4421 1862 4476 certissimam
1886 4438 1982 4477 ve-

402 4508 617 4562 ritatem
671 4506 747 4561 ita
785 4521 847 4562 es
880 4505 1122 4562 refutare
1170 4516 1399 4563 conatus
1424 4548 1441 4573 ,
1487 4517 1548 4563 ut
1575 4510 1784 4568 diceres
1816 4510 1982 4566 Deum

398 4599 520 4654 ideo
543 4612 663 4654 esse
689 4596 895 4652 dictum
921 4596 1223 4665 Christum,
1250 4598 1377 4670 quia
1414 4597 1527 4655 Deo
1549 4599 1869 4670 coniunctus
1900 4612 1982 4659 est

473 4786 498 4813 ·
539 4772 598 4828 S.
629 4769 817 4843 Cyrilli
867 4780 1048 4828 textus
1094 4774 1197 4828 hoc
1240 4773 1360 4829 loco
1406 4775 1693 4830 admodum
1725 4779 1981 4834 mendose

400 4842 774 4917 recensentur.
862 4842 970 4917 Eos
1014 4843 1276 4917 Alcuinus
1321 4846 1607 4915 descripsit
1667 4851 1863 4917 partim
1913 4867 1979 4905 ex

401 4915 768 4987 Explicatione
794 4928 875 4987 xit
892 4913 1175 4987 Capitum,
1211 4931 1331 4985 quae
1358 4913 1538 4970 exstat
1564 4913 1694 4970 tom'.
1726 4918 1789 4971 Vl
1814 4918 1977 4987 Oper.

400 4985 465 5071 Si
485 4983 677 5055 Cyrilli
700 4998 821 5071 pag.
856 4983 1332 5071 lfiiipartim‘ex
1375 4986 1615 5069 Epistula
1646 4983 1979 5071 apologetica

398 5054 670 5129 adversus
713 5054 1037 5129 Theodoreti
1087 5054 1549 5129 reprehensiones
1576 5074 1650 5112 xtt
1682 5054 1978 5129 VCapitutn.

399 5126 618 5182 Primus
656 5126 823 5197 igitur
862 5125 1015 5197 locus
1053 5134 1138 5180 est
1181 5126 1368 5196 Cyrilli
1393 5125 1894 5186 Anathentatismus
1922 5134 1976 5196 8,

399 5198 494 5268 qui
522 5198 597 5251 ita
624 5195 787 5253 sonat
816 5214 829 5250 :
880 5214 900 5246 σ
930 5195 1354 5268 Siquisdicere
1372 5200 1554 5261 audet,
1587 5198 1861 5254 hominem
1892 5195 1980 5255 as?-

400 5266 674 5341 sutnptu_m
702 5281 808 5321 una
848 5280 969 5341 cu_m
997 5267 1090 5321 Dei
1118 5266 1297 5323 Verbo
1323 5269 1657 5341 adorandum
1682 5278 1739 5323 et
1765 5272 1982 5341 conglo-

402 5335 757 5402 riilcaudum,
801 5344 856 5391 et
897 5335 1065 5391 Deum
1109 5346 1365 5407 tanquam
1405 5340 1633 5394 alterum
1662 5355 1788 5394 cum
1812 5335 1984 5397 altero

400 5407 894 5480 connominandnm
921 5423 1043 5463 esse
1074 5408 1255 5479 (hunc
1287 5412 1429 5464 enim
1454 5409 1783 5465 intellectum
1809 5415 1983 5480 parti—

400 5479 523 5535 cula
546 5495 688 5552 cum,
728 5476 938 5545 adjecta
974 5476 1234 5552 perpetuo
1259 5495 1325 5552 ac
1352 5480 1661 5552 necessario
1700 5476 1900 5552 affert),
1930 5489 1986 5536 et

404 5566 511 5605 non
557 5550 737 5621 potius
766 5563 887 5621 __uua
910 5620 913 5621 ν
938 5548 1251 5621 adoratione
1294 5550 1697 5605 Emmanuelem
1729 5548 1982 5618 honerat,

405 5618 689 5691 unamque
744 5618 815 5674 illi
868 5620 1312 5689 gloriﬁcationem
1376 5621 1663 5683 attribuit,
1716 5629 1983 5691 quatenus

407 5691 643 5747 Verbum
667 5689 866 5745 factum
896 5700 981 5747 est
1013 5704 1161 5754 caro,
1192 5694 1476 5747 anathema
1514 5691 1602 5744 sit.
1633 5710 1651 5743 ι

480 5765 505 5801 ιι
547 5762 647 5816 Hic
687 5761 825 5816 alter
866 5769 1042 5818 textus
1071 5768 1253 5815 exstat
1282 5762 1335 5816 in
1383 5760 1744 5817 declarations
1777 5762 1983 5818 praefati

406 5831 859 5888 Anathematismi
907 5834 962 5895 8,
1006 5832 1097 5954 qui
1151 5832 1223 5886 ibi
1274 5833 1345 5886 ita
1395 5831 1672 5887 redditur:
1712 5852 1729 5882 ε
1773 5831 1827 5887 Si
1859 5835 1984 5903 quis

408 5918 537 5954 emo
574 5903 723 5954 illam
765 5903 922 5954 simul
973 5903 1183 5954 morari
1232 5902 1363 5954 dicit
1405 5913 1658 5954 tannuatn
1709 5903 1980 5954 hominem

408 5918 537 5974 ergo
574 5903 723 5959 illam
765 5903 922 5957 simul
973 5902 1183 5957 adorari
1232 5902 1363 5957 dicit
1405 5913 1658 5971 tanquam
1709 5902 1980 5959 hominem

2084 3423 2248 3463 ausus
2286 3409 2381 3464 sis.
2418 3410 2684 3466 Asserunt
2727 3412 2869 3466 enim
2922 3411 3138 3483 quidam
3181 3427 3248 3467 ex
3289 3397 3392 3468 illis
3417 3413 3668 3472 Patribus

2083 3496 2157 3571 [1⁷
2158 3509 2291 3564 orte,
2321 3498 2610 3574 partibus],
2633 3501 2725 3557 ubi
2754 3510 2809 3555 tu
2840 3502 3043 3564 dixisti,
3074 3501 3157 3556 vel
3186 3502 3555 3572 adoptionem,
3579 3507 3665 3562 vel

2082 3606 2114 3645 a
2132 3591 2316 3660 loptivi
2342 3592 2597 3656 hominis,
2625 3607 2721 3647 eos
2742 3592 2943 3647 dixisse
2966 3607 3064 3664 pro
3092 3591 3423 3666 [adoptione]
3452 3611 3663 3651 assum-

2082 3682 2342 3751 ptionem,
2363 3692 2421 3737 et
2446 3698 2545 3752 pro
2570 3684 2807 3754 adoptivi
2828 3686 3090 3755 assumpti
3113 3703 3126 3738 :
3158 3693 3214 3739 et
3246 3686 3302 3740 in
3325 3687 3427 3743 hoc
3451 3702 3667 3759 quoque

2078 3781 2170 3828 tua
2222 3774 2485 3829 malevola
2529 3776 2775 3846 arguiqu
2816 3778 3138 3846 pertinacia.
3208 3775 3265 3833 Si
3311 3780 3456 3833 enim
3488 3781 3539 3833 in
3572 3790 3662 3836 tua

2080 3867 2346 3923 sententia
2369 3903 2391 3935 ,
2431 3869 2587 3936 quasi
2628 3869 2681 3923 in
2704 3870 2929 3924 veritate
2959 3869 3291 3935 conlideres,
3323 3886 3663 3941 nequaquam

2080 3971 2144 4012 ea
2172 3973 2293 4027 qua:
2323 3957 2391 4011 ab
2413 3958 2533 4011 aliis
2560 3958 2699 4012 bene
2725 3959 2866 4015 dicta
2896 3970 3060 4023 sunt,
3105 3962 3159 4015 in
3195 3976 3420 4030 pravum
3445 3977 3664 4017 sensum

2082 4058 2354 4114 mutares;
2402 4049 2602 4105 veritas
2633 4052 2808 4113 enim,
2843 4053 3148 4120 ubicunque
3174 4062 3287 4115 est,
3316 4054 3665 4123 semetipsam

2079 4140 2338 4195 defendit.
2381 4139 2490 4195 Sed
2514 4141 2631 4196 sive
2658 4150 2864 4196 mutata
2888 4182 2903 4206 ,
2946 4142 3061 4197 sive
3089 4152 3148 4197 ut
3170 4144 3238 4198 ab
3262 4145 3344 4198 eis
3370 4155 3494 4199 sunt
3522 4148 3666 4202 dicta

2080 4232 2199 4287 haec
2238 4231 2427 4286 eadem
2470 4231 2777 4287 testimonia
2828 4247 2858 4286 a
2909 4240 2961 4288 te
3006 4233 3170 4305 857
3202 4235 3311 4289 sint
3334 4236 3526 4305 posita,
3550 4253 3672 4291 non

2084 4337 2407 4392 magnopere
2450 4322 2750 4377 curandum
2797 4332 2910 4383 est;
2962 4339 3061 4379 nos
3105 4325 3250 4380 enim
3279 4326 3516 4383 Romana
3545 4329 3666 4398 plus

2084 4414 2406 4469 auctoritate
2446 4427 2610 4482 quam
2657 4411 2928 4482 Hispana,
2978 4416 3209 4470 veritate
3259 4420 3574 4475 assertiouis
3608 4429 3668 4476 et

2084 4503 2205 4560 ﬁdei
2230 4513 2430 4560 nostra:
2469 4502 2645 4559 fulciri
2692 4503 3104 4571 desideramus;
3153 4506 3280 4561 licet
3325 4524 3423 4563 nec
3462 4509 3549 4563 illa
3580 4526 3664 4566 re-

2083 4596 2398 4668 probemus,
2451 4594 2506 4649 in
2548 4594 2635 4649 his
2686 4602 2865 4649 tamen
2914 4608 3035 4664 qua:
3083 4596 3349 4653 catholico
3383 4600 3661 4657 dicuntur.

2082 4789 2350 4840 seorsum,
2380 4788 2502 4828 cum
2530 4772 2641 4828 Deo
2664 4770 2845 4825 Patris
2875 4771 3075 4831 Verbo.
3109 4782 3365 4842 tanquam
3391 4775 3561 4830 altero
3592 4778 3665 4833 ab

2084 4847 2222 4915 ipso,
2252 4854 2307 4899 et
2351 4861 2457 4917 non
2498 4842 3013 4917 secutidum__veram
3046 4845 3298 4917 unionem
3330 4844 3667 4917 coniungens

2082 4912 2137 4972 in
2160 4931 2325 4976 unum
2356 4914 2631 4970 Christum
2670 4924 2725 4967 et
2748 4912 2939 4967 Filium
2966 4921 3021 4967 et
3051 4914 3334 4969 Dominttm
3359 4958 3373 4978 ,
3407 4912 3512 4969 una
3532 4912 3665 4973 ado-

2083 4989 2293 5043 ratione
2319 4987 2552 5041 honorat
2575 5027 2590 5051 ,
2621 4984 2767 5055 juste
2795 4986 2984 5039 virtuti
3016 4986 3177 5055 hujus
3210 4984 3662 5043 Anatbematismi

2082 5056 2386 5111 subiicitur.
2420 5077 2439 5108 ι

2157 5055 2439 5181 Εῂῖξΐᾶίιέ
2480 5126 2569 5198 hic
2615 5124 2765 5198 locus
2800 5125 3035 5180 habetur
3074 5126 3126 5179 in
3155 5125 3466 5198 defensioue
3500 5128 3662 5198 hujus

2082 5197 2533 5252 Anathematismi
2580 5196 2844 5266 adversus
2896 5198 3369 5266 reprehensionem
3418 5196 3665 5256 Theodo-

2083 5268 2205 5341 reti,
2234 5267 2275 5341 il.
2307 5268 2407 5341 cit:
2425 5282 2546 5337 pag.
2578 5265 2787 5341 226,_et
2822 5267 2898 5341 ita
2927 5265 2997 5320 ibi
3035 5278 3228 5341 sonat:
3266 5286 3284 5318 ς
3313 5267 3446 5323 Nam
3495 5272 3664 5341 siqui-

2083 5339 2206 5395 dem
2232 5340 2345 5406 ipse
2379 5336 2521 5393 Deus
2563 5336 2725 5391 simul
2753 5344 2808 5391 et
2839 5337 3027 5399 homo,
3063 5338 3323 5393 aduratur
3347 5341 3489 5394 sicut
3521 5336 3664 5399 unus

2084 5410 2399 5481 adoratione
2425 5424 2559 5481 una,
2579 5416 2634 5461 et
2659 5422 2764 5463 non
2796 5409 3123 5481 cpadoratur
3146 5417 3202 5463 et
3234 5410 3393 5481 simul
3424 5411 3661 5481 appella-

2086 5488 2175 5533 tur
2194 5480 2375 5533 Deus:
2428 5494 2497 5533 ne
2528 5478 2841 5533 Emmanuel
2881 5480 3136 5534 credatur
3175 5495 3297 5535 esse
3339 5478 3506 5536 homo
3530 5482 3661 5537 sim-

2086 5551 2298 5622 pliciter
2325 5558 2380 5622 et
2408 5550 2712 5603 communis
2754 5551 2895 5605 sicut
2922 5564 3054 5622 nos,
3098 5559 3156 5605 et
3192 5567 3289 5622 per
3313 5553 3543 5622 gratiam
3574 5554 3662 5611 di.

2086 5567 2298 5620 pnetter
2325 5567 2380 5602 el.
2408 5567 2712 5603 communis
2754 5567 2895 5605 SICUI
2922 5567 3021 5605 DOS
3040 5591 3054 5613 ν
3098 5567 3156 5605 ει
3192 5567 3289 5622 per
3313 5567 3543 5675 frattam
3574 5567 3659 5611 01·

2086 5622 2221 5694 vina:
2248 5619 2430 5694 gloriae
2448 5622 2747 5688 particeps;
2780 5622 2874 5674 sed
2915 5620 3270 5694 confiteamur
3296 5622 3311 5675 i
3337 5623 3443 5694 lum
3477 5623 3659 5694 potius

2084 5688 2272 5745 Deum'
2308 5692 2360 5745 in
2408 5704 2571 5744 carne
2601 5700 2819 5759 propter
2862 5706 2981 5754 nos,
3029 5693 3079 5745 id
3108 5702 3211 5755 est,
3235 5706 3360 5747 vere
3388 5688 3662 5749 hominem

2085 5761 2306 5821 factum,
2338 5776 2444 5815 non
2475 5761 2769 5815 mutatione
2807 5770 3013 5816 natura:
3056 5762 3351 5817 secundum
3381 5764 3660 5821 alteratio-

2084 5847 2209 5887 netu
2240 5840 2295 5885 et
2318 5831 2644 5893 versionem,
2673 5832 2767 5886 sed
2790 5832 3004 5887 unionis
3032 5834 3453 5901 dispensatione.
3483 5854 3501 5886 ι

2153 5901 2180 5940 ά
2221 5901 2352 5968 One
2377 5901 2531 5955 uncis
2561 5901 2766 5955 inclusa
2795 5912 2921 5956 sunt
2949 5904 3249 5957 redunlare
3281 5902 3557 5960 videntur.
