4136 6578
517 361 622 421 2‘37

1376 359 1439 416 Β.
1481 361 1541 417 F.
1583 361 1805 418 ALBINI
1837 361 1970 422 SEU
1996 360 2277 417 ALCL'l-Nl
2317 359 2604 418 OPERUM
2643 357 2823 419 PARS
2861 359 2946 416 Ill.

3679 367 3800 426 228

514 496 543 527 ι
565 480 947 552 Unusquisque
973 479 1026 534 in
1057 479 1162 534 hoc
1190 491 1249 534 se
1277 476 1620 534 refutandum
1643 479 1794 542 sciat,
1821 476 2010 547 inquo
2025 480 2098 534 "ab
2127 484 2175 541 Α
2200 476 2387 530 nitatis
2416 483 2693 546 assumpta
2719 490 2826 530 non
2879 476 3048 530 alium
3093 473 3222 533 fecit
3249 492 3370 534 esse
3412 493 3537 534 eum
3579 480 3669 551 qui
3721 498 3794 539 ex

512 575 804 634 universali
833 572 1083 630 dissentit
1112 571 1373 627 Ecclesia.
1442 569 1685 626 Romana
1718 570 1882 641 igitur
1917 568 2105 624 Eccle-

513 667 618 734 sia,
650 681 773 738 qua:
807 682 838 721 a
884 663 1167 719 catholicis
1195 672 1250 718 et
1283 670 1433 717 recte
1458 663 1805 719 credentibus
1832 662 2103 731 sequenda

513 775 636 816 esse
659 759 943 830 probatur.
991 772 1052 812 se
1091 772 1191 828 per
1228 772 1414 811 verum
1444 755 1642 812 Filium
1675 756 1773 811 Dei
1807 763 1863 810 et
1893 756 1946 809 in
1975 754 2110 808 mis-

515 867 702 906 sarum
747 849 1049 914 solemniis,
1116 857 1171 906 et
1223 849 1276 903 in
1325 847 1538 904 caeteris
1589 863 1804 918 quoque
1853 847 2107 902 omnibus

514 944 738 1016 scriptis
765 944 882 1000 suis
904 985 919 1001 .
968 943 1054 999 vel
1099 945 1153 999 in
1181 944 1425 1013 epistolis
1459 942 1620 998 fateri
1659 928 1826 1008 solet,
1858 958 1983 999 eum
2011 944 2105 1012 qui

515 1053 615 1108 pro
641 1046 827 1093 nostra
869 1037 1044 1092 salute
1087 1038 1250 1092 homo
1287 1034 1405 1092 ﬁeri
1432 1036 1682 1106 dignatus
1713 1045 1812 1099 est,
1851 1043 1907 1090 et
1928 1035 2106 1091 crucis

517 1129 703 1185 subire
750 1128 967 1202 [Forte,
1002 1127 1256 1201 subiisse]
1287 1136 1634 1184 tormentum.
1678 1127 1734 1183 ln
1762 1129 1926 1182 missa
1952 1143 2107 1182 nam-

517 1236 626 1291 que
652 1221 904 1276 humanae
951 1219 1267 1276 Nativitatis
1302 1218 1544 1290 ejusdem
1588 1219 1802 1273 Domini
1833 1218 2004 1274 nostri
2031 1219 2106 1273 ita

515 1319 743 1369 cantare
797 1312 1031 1368 solemus
1075 1326 1092 1367 :
1152 1310 1392 1377 Praua,
1437 1321 1495 1364 ut
1551 1308 1890 1381 Unigenitum
1931 1320 2105 1374 tuum,

516 1420 672 1476 quem
705 1405 1082 1475 redemptorem
1127 1402 1237 1458 lrrti
1273 1403 1631 1473 suscepimus,
1665 1403 1950 1456 venientem
1973 1419 2105 1471 φηρ-

519 1512 622 1567 que
639 1494 876 1566 judicent
903 1496 1074 1548 securi
1107 1494 1396 1550 rideamus.
1437 1493 1591 1548 Illum
1620 1493 1711 1562 qui
1737 1507 1836 1546 nos
1858 1507 1957 1547 suo
1977 1506 2106 1546 san-

521 1588 687 1658 guine
705 1587 966 1652 redemit,
993 1594 1048 1641 et
1075 1600 1241 1656 super
1272 1600 1429 1640 suum
1460 1586 1751 1639 adventuum
1767 1567 2111 1650 iudicaturus

523 1688 608 1736 est
640 1679 896 1734 mundum
919 1717 936 1743 ,
980 1678 1319 1750 unigenitum
1360 1677 1557 1733 Filium
1596 1676 1692 1732 Dei
1739 1675 2108 1731 conﬁtemur:

526 1773 672 1846 quod
727 1773 793 1827 de
838 1772 1174 1827 humanitate
1227 1770 1370 1826 illius
1419 1769 1538 1826 sine
1566 1769 1730 1825 dubio
1767 1769 1970 1824 dictum
2007 1777 2105 1824 est.

2207 568 2427 635 Virgine
2461 576 2620 622 natus
2666 575 2772 634 est,
2810 584 2972 638 quam
3033 585 3156 625 eum
3203 571 3296 642 qui
3352 587 3421 628 ex
3453 572 3617 630 Patre
3668 585 3802 633 ante

2209 666 2450 727 tempora
2499 658 2712 728 genitus
2753 666 2878 713 est:
2905 659 3000 714 sed
3039 661 3289 717 eumdem
3331 663 3508 734 ipsum
3551 666 3654 720 hoc
3681 665 3798 725 fac-

2208 756 2320 802 tum
2342 764 2483 813 esse,
2516 749 2661 818 quod
2692 758 2818 804 ante
2838 766 2947 806 non
2979 750 3100 814 fuit,
3125 763 3374 825 patenter
3393 759 3649 814 ostendit.

2277 839 2393 896 XV.
2421 839 2527 895 Sed
2562 840 2939 913 quia'longu'm
2968 852 3072 909 est,
3111 854 3306 901 cuncta
3354 855 3465 902 tua:
3499 850 3792 918 pravitatis

2206 941 2522 1001 argumenta
2551 932 2843 998 discutere,
2868 934 2933 989 de
2958 936 3062 992 hoc
3089 937 3188 990 tibi
3215 939 3546 1008 respondere
3578 941 3632 994 in
3659 957 3808 1010 prae-

2205 1024 2346 1078 senti
2389 1023 2641 1090 sul'ﬁciat,
2686 1026 2831 1096 quod
2875 1027 3071 1084 Filium
3123 1030 3219 1086 Dei
3243 1032 3516 1088 hominem
3558 1033 3806 1100 factum,

2209 1129 2394 1169 verum
2420 1115 2590 1170 Deum
2615 1131 2713 1187 per
2749 1118 2855 1174 hoc
2880 1120 3116 1175 maxime
3153 1137 3354 1194 negare
3383 1125 3621 1192 coneris,
3671 1127 3799 1196 quia

2207 1222 2306 1276 pro
2347 1221 2405 1260 se
2434 1205 2630 1277 legitur
2648 1223 2834 1266 orasse
2861 1210 3005 1266 sicut
3054 1219 3109 1268 et
3154 1228 3255 1283 pro
3281 1215 3456 1271 nobis.
3510 1216 3664 1283 Quod
3705 1219 3803 1273 ubi

2209 1293 2454 1364 legisses,
2482 1311 2705 1366 prorsus
2731 1297 2940 1368 ignem,
2965 1301 3176 1356 scilicet
3207 1321 3226 1352 ι
3257 1301 3454 1359 Filium
3487 1305 3582 1361 Dei
3605 1322 3704 1377 pro
3717 1323 3801 1371 se,

2209 1385 2351 1438 sicut
2379 1399 2478 1455 pro
2517 1387 2675 1442 nobis
2720 1401 2928 1444 orasse.
2969 1410 2988 1442 ι
3029 1390 3165 1446 Nam
3199 1393 3330 1463 quid
3384 1395 3487 1450 sibi
3536 1406 3804 1466 praestare

2166 1501 2168 1503 -
2211 1473 2643 1545 ipsenonpotuit,
2673 1479 2760 1531 cui
2777 1479 2954 1533 omnia
2976 1480 3116 1536 dedit
3143 1480 3308 1538 Pater
3322 1485 3378 1540 in
3402 1502 3592 1542 manus
3611 1487 3800 1558 (Joan.

2211 1579 2295 1628 ιιι,
2321 1564 2452 1636 55)?
2475 1565 2572 1622 Vel
2597 1566 2754 1636 cujus
2791 1571 3002 1639 peccati
3036 1574 3251 1629 veniam
3295 1591 3326 1630 a
3377 1577 3488 1633 Deo
3528 1581 3807 1649 postulare

2211 1659 2480 1727 putandus
2520 1671 2629 1726 est,
2656 1663 2748 1732 qui
2762 1674 3032 1734 peccatum
3055 1667 3160 1720 non
3184 1667 3330 1739 fecit,
3367 1687 3461 1725 nec
3521 1673 3674 1728 dolus
3715 1675 3805 1728 in—

2211 1760 2393 1803 ventus
2420 1761 2497 1804 est
2539 1751 2595 1805 in
2624 1769 2715 1807 ore
2745 1754 2859 1824 ejus
2890 1753 3044 1826 (Isai.
3086 1772 3206 1824 un,
3237 1758 3304 1823 9;
3337 1757 3368 1813 I
3398 1757 3540 1815 Petr.
3577 1779 3638 1828 Il,
3677 1763 3810 1834 22)?

523 1841 657 1923 item
683 1866 738 1920 in
763 1864 851 1920 die
869 1863 1079 1919 Natalis
1099 1861 1310 1920 Domini
1333 1875 1349 1915 :
1373 1859 1629 1925 Concede,
1655 1875 1978 1931 qua'sumus,
2001 1875 2114 1912 om-

2230 1842 2328 1898 Nos
2355 1858 2611 1914 namque,
2637 1847 2729 1914 qui
2758 1846 2931 1904 Deum
2960 1847 3329 1907 indesinenter
3356 1853 3808 1924 orarejubemur,

528 1958 764 2028 nipotens
788 1954 947 2018 Deus,
997 1962 1054 2007 ut
1082 1970 1174 2008 nos
1223 1949 1493 2023 Unigeniti
1528 1951 1606 2005 tui
1633 1968 1763 2005 nova
1793 1968 1883 2020 per
1903 1965 2110 2004 carnem

529 2048 777 2104 nativitas
814 2045 1014 2101 liberet.
1071 2044 1140 2099 Et
1181 2043 1348 2100 alibi:
1413 2041 1558 2096 Deus
1601 2042 1694 2111 qui
1739 2038 2001 2110 Unigeniti
2038 2040 2116 2092 tsi

526 2136 755 2208 pretioso
800 2135 1077 2206 sanguine.
1129 2131 1264 2187 item
1308 2139 1503 2202 quarta
1532 2129 1666 2186 feria
1701 2139 1827 2185 ante
1863 2129 2067 2184 Pascha
2099 2146 2112 2180 :

530 2224 762 2292 Pramo,
790 2242 1115 2298 quassamus,
1144 2224 1468 2294 omnipotens
1501 2223 1662 2288 Deus,
1696 2230 1756 2275 ut
1797 2237 1889 2291 per
1929 2218 2120 2290 Unige-

529 2319 630 2372 niti
659 2319 738 2372 tui
782 2316 1076 2388 passionem
1114 2314 1414 2369 liberemur.
1464 2313 1532 2369 Et
1568 2313 1622 2370 in
1670 2312 1775 2367 alia
1825 2311 2114 2366 oratione:

525 2408 767 2480 Largire,
797 2409 1122 2479 omnipotens
1147 2406 1309 2471 Deus,
1335 2416 1392 2460 ut
1412 2422 1506 2477 per
1529 2403 1867 2475 temporalem
1889 2401 2018 2471 Filii
2042 2403 2118 2456 tui

529 2511 770 2564 mortem,
811 2516 970 2570 quam
1002 2497 1252 2569 mysteria
1281 2497 1580 2552 veneranda
1609 2505 1884 2550 testantur.
1925 2494 1995 2549 Et
2019 2495 2122 2550 hoc

532 2591 748 2662 sepius,
780 2605 944 2663 quam
971 2598 1031 2644 ut
1067 2589 1330 2660 exemplis
1360 2597 1548 2660 egeat,
1578 2588 1890 2644 invenitur:
1916 2585 2122 2640 scilicet

467 2709 472 2717 -
533 2691 681 2753 quod
709 2683 847 2753 ipse,
889 2679 983 2752 qui
1024 2695 1126 2750 pro
1152 2679 1310 2734 nobis
1335 2695 1524 2750 passus
1546 2687 1632 2734 est
1648 2686 1898 2739 mortem,
1930 2675 2123 2730 unicus

529 2761 591 2832 et
617 2791 778 2831 verus
801 2774 1003 2830 dicitur
1031 2773 1204 2829 Filius
1233 2772 1349 2837 Dei,
1379 2772 1520 2827 sicut
1545 2785 1676 2826 vere
1704 2777 1808 2828 est.
1851 2766 2010 2822 Tales
2035 2781 2123 2821 er-

534 2887 603 2944 go
633 2877 883 2927 auctores
914 2867 1088 2940 magis
1116 2864 1422 2936 sequendos
1451 2861 1744 2934 elegimus,
1771 2859 1822 2914 in
1853 2857 2049 2929 quibus
2069 2865 2126 2912 et

536 2963 674 3020 ﬁdes
699 2961 924 3024 rectior,
951 2968 1008 3013 et
1035 2958 1239 3012 veritas
1266 2962 1490 3027 apparet
1519 2951 1878 3007 manifestior.

603 3051 746 3110 XIV.
778 3050 934 3120 Quod
978 3050 1142 3120 igitur
1186 3046 1384 3102 obnixe
1411 3044 1716 3115 postulasti,
1761 3041 2044 3112 impletum
2090 3055 2123 3094 a

534 3144 693 3202 nobis
720 3141 996 3204 arbitror;
1028 3138 1111 3194 ais
1132 3149 1404 3206 namque:
1434 3152 1453 3187 ι
1485 3132 1542 3188 Si
1563 3133 1687 3204 quis
1733 3147 1836 3187 nos
1860 3147 1889 3187 a
1933 3138 2123 3185 nostra

2218 1935 2480 1991 habemus
2507 1936 2624 1993 sine
2656 1938 2820 1994 dubio
2853 1941 2996 2011 quod
3042 1943 3200 1997 nobis
3260 1945 3332 1999 ab
3372 1961 3438 2000 eo
3472 1947 3806 2015 dimittatur;

2215 2026 2468 2082 Christus
2495 2044 2642 2091 vero.
2671 2032 2801 2100 quid
2827 2033 2930 2087 sibi
2957 2034 3156 2088 dimitti
3186 2038 3504 2106 postularet,
3550 2041 3642 2109 qui
3697 2058 3807 2098 un-

2217 2133 2380 2189 quam
2404 2119 2536 2175 nihil
2561 2119 2690 2176 fecit
2716 2125 2857 2193 quod
2894 2124 2947 2180 ei
2981 2125 3183 2181 dimitti
3213 2131 3515 2198 p0tuisset?
3560 2133 3667 2189 Pro
3709 2150 3814 2189 no-

2217 2209 2302 2268 bis
2323 2227 2452 2284 ergo
2472 2229 2633 2270 orare
2663 2217 2967 2273 credendus
2989 2229 3092 2284 est,
3122 2221 3334 2276 scilicet
3353 2239 3454 2293 pro
3481 2240 3580 2279 suo
3605 2241 3807 2296 corpo-

2219 2319 2302 2369 re,
2329 2305 2470 2374 quod
2499 2306 2742 2362 Ecclesia
2766 2318 2870 2374 est,
2893 2325 3054 2380 quam
3085 2312 3266 2368 adhuc
3289 2315 3344 2368 in
3372 2313 3670 2386 fragilitate
3693 2334 3816 2373 car-

2220 2395 2306 2449 nis
2333 2397 2561 2467 positam
2594 2396 2909 2470 frequenter
2942 2415 3170 2472 peccare
3213 2419 3320 2459 non
3374 2391 3606 2477 ignoi'at.
3657 2408 3810 2476 Quod

2221 2487 2391 2559 858
2417 2488 2594 2559 ipsum
2621 2499 2678 2546 et
2721 2491 2884 2547 hodie
2919 2507 3136 2562 quoque
3172 2493 3304 2550 facit
3355 2497 3614 2568 Apostolo
3649 2509 3812 2566 teSte,

2222 2579 2314 2648 qui
2343 2579 2421 2634 ait
2444 2597 2456 2632 :
2485 2577 2590 2644 Qui
2607 2581 2765 2636 etiam
2779 2582 3074 2654 interpellat
3091 2601 3188 2655 pro
3201 2584 3348 2640 nobis
3366 2587 3678 2658 (Rom.vm,
3694 2590 3811 2662 54).

2221 2670 2409 2742 Igitur,
2432 2678 2494 2725 ut
2520 2671 2888 2741 praediximus,
2911 2686 2976 2728 eo
2998 2674 3159 2729 modo
3184 2691 3286 2746 pro
3314 2676 3471 2734 nobis
3495 2668 3814 2735 oraredici-

2223 2769 2332 2826 tur,
2362 2763 2506 2830 quod
2536 2762 2683 2817 illam
2706 2779 2928 2818 carnem
2976 2780 3138 2835 quam
3169 2779 3269 2835 pro
3312 2767 3470 2823 nobis
3501 2771 3814 2840 assumpsit,

2225 2855 2280 2910 in
2301 2870 2406 2925 qua
2431 2865 2486 2910 et
2503 2871 2699 2926 passus
2721 2864 2825 2921 est,
2855 2855 2969 2912 Deo
3007 2858 3160 2913 Patri
3213 2861 3449 2916 ostendit
3495 2876 3512 2915 :
3564 2864 3683 2919 haec
3731 2875 3820 2919 est

2223 2948 2369 3002 enim
2396 2946 2515 3017 ejus
2539 2964 2638 3020 pro
2663 2949 2820 3005 nobis
2841 2950 3231 3021 interpellatio;
3258 2952 3470 3009 scilicet
3513 2956 3814 3024 passiones,

2227 3053 2364 3108 quas
2384 3053 2483 3108 pro
2511 3039 2666 3093 nobis
2685 3039 2946 3095 innocens
2975 3042 3236 3112 suscepit,
3279 3045 3635 3099 monstrando
3684 3061 3822 3117 quo-

2227 3129 2352 3185 dam
2381 3129 2541 3186 modo
2567 3131 2738 3187 Deum
2762 3130 3000 3198 Patrem,
3027 3142 3086 3187 ut
3107 3134 3280 3188 nostri
3329 3136 3674 3203 misereatur,
3723 3137 3823 3192 ad-

533 3233 872 3313 professione
910 3232 1183 3287 declinare
1208 3227 1345 3294 vult,
1401 3224 1640 3298 proferat
1688 3240 1842 3296 :eque
1895 3224 2122 3281 idoneos
2151 3224 2197 3287 C
2225 3239 2448 3279 monere
2475 3243 2487 3278 :
2516 3239 2622 3279 non
2649 3224 2793 3296 quod
2831 3224 2922 3281 ille
2978 3225 3100 3281 fons
3149 3226 3430 3298 sapientia:
3475 3239 3534 3284 et
3577 3229 3824 3284 scientiae

535 3337 723 3392 testes,
752 3326 846 3399 qui
885 3323 1156 3379 aﬁirmeut
1197 3321 1343 3390 quod
1391 3334 1460 3374 ex
1516 3328 1675 3372 utero
1714 3317 1907 3373 matris
1962 3331 2126 3372 verus

2225 3313 2507 3384 plenitudo
2557 3313 2762 3383 aliquid
2811 3314 3065 3385 ignorare
3128 3316 3334 3385 possit,
3395 3317 3490 3372 sed
3541 3318 3670 3388 quia
3718 3319 3826 3376 hoc

536 3423 680 3480 Deus
708 3417 782 3475 sit
809 3425 1124 3486 conceptus,
1155 3423 1211 3470 et
1230 3429 1392 3469 verus
1413 3413 1485 3467 sit
1509 3409 1683 3465 Filius
1713 3410 1829 3464 Dei.
1858 3428 1877 3461 ι
1922 3407 2128 3464 Omnes
2227 3406 2372 3477 quod
2395 3422 2611 3477 semper
2638 3407 2742 3462 scit
2765 3417 2821 3462 et
2847 3407 3148 3475 desiderat,
3177 3424 3277 3481 per
3306 3412 3492 3466 carnis
3531 3427 3600 3472 ex
3666 3413 3826 3468 nobis

538 3524 775 3581 namque
810 3506 1092 3579 pontiﬁces
1120 3512 1321 3561 sancta:
1357 3501 1614 3558 Romana:
1627 3501 1906 3566 Ecclesiae,
1931 3508 1990 3554 ut
2001 3515 2132 3570 pra:-
2231 3505 2526 3566 assumpta:
2546 3507 2796 3552 naturam
2819 3506 3057 3568 prastat,
3088 3499 3233 3569 quod
3258 3503 3624 3570 praestandum
3651 3513 3707 3560 et
3725 3518 3827 3559 no-

540 3605 798 3666 diximus,
830 3600 1029 3655 talibus
1053 3599 1134 3654 uti
1181 3597 1431 3654 solebant
1466 3595 1788 3660 rationibus,
1840 3602 1902 3649 ut
1945 3591 2131 3648 Jesum
2231 3592 2319 3648 his
2344 3590 2682 3662 profuturum
2707 3607 2828 3647 esse
2858 3595 3164 3664 cognoscit,
3187 3595 3242 3649 id
3265 3603 3370 3662 est,
3404 3597 3458 3652 in
3497 3611 3558 3652 se
3595 3599 3826 3655 creden-

541 3695 820 3751 Christum
851 3690 1188 3747 Salvatorem
1219 3698 1462 3744 nostrum
1488 3687 1685 3744 Filium
1732 3685 1830 3742 Dei
1891 3685 2136 3758 unigeni-

542 3798 657 3844 tum
681 3768 1052 3841 indubitanter
1072 3780 1360 3837 fateantur.
1374 3779 1492 3835 Non
1507 3788 1686 3834 autem
1709 3787 1794 3834 est
1806 3778 2135 3842 mirandum,

544 3877 592 3935 si
622 3877 780 3948 longe
803 3890 833 3930 a
853 3873 1104 3928 veritatis
1125 3870 1211 3926 via
1236 3877 1441 3934 errent,
1497 3870 1592 3942 qui
1629 3867 1805 3939 ipsam
1835 3867 2136 3923 Veritatem

549 3968 998 4026 inconven'enter
1022 3973 1077 4018 et
1105 3963 1284 4032 inepte
1305 3975 1548 4032 quaerere
1574 3961 1628 4014 in
1660 3959 1773 4015 suis
1799 3958 2139 4013 orationibus

549 4060 962 4129 dignoscuntur.
1004 4054 1100 4110 Vel
1147 4054 1416 4124 quomodo
1483 4052 1774 4107 Veritatem
1824 4051 2142 4123 dignoscere

548 4165 707 4222 posse
726 4147 997 4218 putandus
1017 4155 1124 4212 est,
1149 4147 1238 4215 qui
1265 4145 1513 4200 eamdem
1531 4144 1826 4199 Veritatem
1843 4145 1956 4200 suis
1980 4144 2142 4200 dictis

550 4253 607 4296 et
627 4243 847 4312 scriptis
871 4247 1147 4311 oppugnat
1167 4239 1190 4292 ?
1210 4237 1317 4292 Sed
1341 4246 1399 4291 et
1424 4236 1574 4300 illud,
1599 4236 1742 4306 quod
1771 4237 1866 4291 tibi
1903 4235 2136 4301 ostendi,

550 4332 816 4407 postulas,
854 4330 1117 4403 quomodo
1139 4346 1289 4384 uerus
1316 4328 1453 4383 Deus
1481 4338 1758 4399 conceptus
1790 4338 1864 4382 est
1892 4339 1939 4383 et
1962 4340 2138 4392 natus,

553 4429 660 4484 hoc
688 4433 799 4478 toto
821 4423 1106 4494 praesentis
1137 4422 1316 4492 operis
1349 4427 1496 4474 textu
1529 4427 1707 4474 tecum
1729 4420 1960 4488 egimus,
1993 4419 2140 4490 quod

554 4519 646 4572 ille
675 4516 984 4586 unigenitus
1029 4513 1200 4568 Filius
1250 4513 1342 4568 Dei
1383 4513 1622 4568 Verbum
1665 4512 1843 4569 Patris
1880 4530 2009 4568 caro
2055 4513 2140 4567 fa-

2235 3692 2340 3748 tes,
2372 3693 2428 3738 et
2455 3683 2508 3737 in
2531 3699 2589 3738 se
2615 3691 2914 3754 sperantes,
2939 3695 2994 3740 et
3022 3697 3272 3742 amantes
3305 3703 3638 3760 cognoscere
3669 3691 3826 3747 facit.

2237 3773 2549 3846 Hoc‘ipsum
2577 3792 2812 3846 namque
2831 3783 2886 3832 et
2906 3778 3275 3848 praedecessor
3297 3789 3424 3838 tuus
3437 3781 3719 3840 Nestorius
3742 3800 3832 3840 so-

2238 3866 2384 3922 lebat
2418 3867 2620 3935 dicere,
2652 3869 2904 3926 videlicet
2931 3873 3074 3942 quod
3095 3871 3348 3932 Christus
3376 3891 3478 3945 pro
3523 3892 3585 3932 se
3624 3885 3680 3931 et
3731 3892 3833 3947 pro

2239 3974 2437 4029 genere
2460 3961 2706 4032 corporis
2729 3961 2813 4018 sui
2841 3963 3167 4019 sacriﬁcium
3197 3966 3500 4022 obtulisset.
3518 3967 3671 4034 Quod
3687 3969 3832 4022 enim

2239 4058 2299 4104 tu
2336 4065 2524 4107 orasse
2544 4066 2670 4107 eum
2712 4067 2815 4124 pro
2841 4068 2900 4108 se
2925 4053 3086 4120 dicis,
3117 4057 3221 4112 hoc
3243 4057 3352 4122 ille,
3377 4058 3520 4113 idem
3543 4059 3732 4115 volens
3751 4060 3834 4114 in-

2241 4140 2430 4214 telligi,
2457 4143 2723 4202 obtulisse
2761 4145 2898 4202 dixit
2929 4161 2989 4202 se
3020 4164 3120 4219 pro
3167 4164 3229 4204 se
3265 4158 3321 4204 et
3367 4166 3582 4222 genere.
3633 4154 3834 4209 Contra

2239 4249 2404 4305 quam
2429 4235 2821 4306 blasphemiam
2851 4240 2982 4308 quid
3002 4242 3196 4297 beatus
3223 4241 3833 4315 Cyrillusopposuisset,

2240 4328 2388 4394 audi,
2415 4328 2494 4383 ait
2533 4328 2680 4384 enim
2713 4347 2725 4382 :
2757 4348 2776 4380 ι
2802 4329 2859 4385 Si
2882 4333 3005 4402 quis
3052 4333 3203 4399 dicit,
3247 4336 3373 4404 quia
3407 4353 3508 4406 pro
3544 4353 3604 4394 se
3636 4339 3835 4394 obtulit

2240 4418 2492 4476 Christus
2515 4419 2872 4488 oblationem,
2901 4429 2955 4476 et
2983 4439 3090 4480 non
3118 4427 3288 4494 magis
3330 4442 3431 4496 pro
3478 4429 3637 4486 nobis
3684 4431 3838 4499 solis,

2241 4510 2530 4565 anathema
2557 4512 2646 4566 sit.
2685 4531 2704 4564 ι
2736 4513 2804 4570 Ει
2833 4513 2962 4569 alibi
2990 4533 3003 4569 :
3043 4534 3061 4565 ι
3093 4515 3301 4573 Obtulit
3327 4519 3470 4573 enim
3486 4536 3687 4592 corpus
3711 4539 3841 4595 pro-

551 4617 703 4664 ctum
740 4614 844 4660 est.
874 4604 1011 4659 Nam
1039 4606 1084 4660 si
1109 4619 1273 4659 verus
1293 4603 1466 4659 Filius
1485 4603 1580 4658 Dei
1608 4618 1714 4658 non
1741 4611 1846 4668 est,
1889 4603 1978 4673 qui
2008 4620 2141 4657 con-
2175 4601 2224 4660 D
2247 4602 2446 4674 prium,
2481 4617 2587 4658 non
2616 4619 2718 4673 pro
2759 4619 2842 4671 se,
2867 4606 2961 4661 sed
2990 4622 3090 4677 pro
3121 4609 3298 4664 nobis.
3329 4609 3464 4665 Nam
3496 4629 3601 4682 qua
3642 4630 3740 4684 pro
3781 4629 3843 4673 se

555 4707 748 4769 ceptus
773 4705 877 4761 est,
911 4706 966 4752 et
988 4705 1149 4752 natus
1168 4711 1235 4750 ex
1258 4695 1466 4765 virgine
1494 4694 1683 4759 Maria,
1713 4709 1814 4749 nec
1835 4710 2022 4749 verum
2039 4706 2144 4761 est,

556 4794 705 4863 quod
741 4789 978 4847 Joannes
1020 4791 1096 4844 ait
1126 4809 1138 4844 :
1166 4789 1320 4861 Quod
1359 4787 1587 4844 Verbum
1633 4805 1758 4842 caro
1797 4789 1996 4859 factum
2051 4801 2148 4846 est.

563 4885 702 4953 Quid
732 4885 875 4939 enim
908 4881 1182 4954 significat
1205 4882 1259 4936 in
1286 4881 1389 4937 hoc
1409 4881 1551 4951 quod
1577 4881 1654 4936 ait
1679 4899 1692 4935 :
1753 4879 1981 4936 Verbum
2025 4898 2150 4934 eam

565 4973 765 5042 factum
785 4980 883 5034 est,
909 4969 1011 5024 nisi
1041 4968 1210 5027 Filius
1254 4968 1348 5023 Dei
1401 4970 1638 5023 humana
1691 4984 1856 5023 carne
1900 4976 2151 5037 suscepta

568 5065 746 5119 homo'
761 5060 936 5119 factus
958 5061 1074 5115 est?
1111 5059 1266 5127 Quod
1297 5059 1342 5114 si
1381 5075 1547 5114 verus
1572 5058 1716 5115 Deus
1740 5068 1795 5113 et
1809 5074 1970 5114 verus
1986 5059 2156 5117 Filius

570 5156 668 5212 Dei
695 5163 989 5224 conceptus
1003 5169 1108 5208 non
1136 5162 1241 5217 est,
1269 5167 1373 5208 nec
1397 5166 1557 5208 verus
1578 5151 1748 5206 Filius
1775 5151 1956 5206 Deiex
1978 5152 2155 5221 Virgi-

568 5265 640 5307 ne
661 5257 821 5301 natus
848 5255 951 5301 est.
979 5245 1131 5313 Quod
1159 5246 1205 5301 si
1234 5245 1311 5299 ita
1341 5251 1444 5307 est,
1482 5258 1615 5317 ergo
1641 5258 1812 5313 purus
1867 5242 2052 5306 homo,
2102 5249 2156 5295 et

567 5340 692 5393 sine
714 5336 922 5392 Deitate
947 5345 1106 5391 natus
1132 5343 1217 5391 est
1243 5355 1256 5388 :
1287 5335 1434 5404 quod
1495 5348 1661 5405 quam
1709 5334 1994 5391 catholicre
2030 5333 2155 5388 ﬁdei

569 5429 904 5486 contrarium
936 5428 1028 5494 sit,
1053 5429 1232 5485 omnis
1266 5439 1413 5484 recte
1445 5425 1674 5481 credens
1731 5425 1999 5496 intelligit.
2053 5426 2155 5481 Se-

576 5521 815 5577 cundum
838 5520 1159 5577 catholicam
1180 5533 1310 5590 ergo
1333 5519 1491 5575 ﬁdem
1520 5532 1681 5574 verus
1717 5518 1885 5574 Filius
1913 5517 2005 5572 Dei
2037 5533 2160 5572 con-

579 5625 768 5684 ceptus
797 5625 853 5669 et
879 5624 1038 5670 natus
1060 5622 1145 5669 est
1172 5630 1240 5669 ex
1271 5613 1494 5683 Virgine
1515 5613 1659 5668 idem
1699 5613 1834 5683 ipse,
1883 5613 1974 5682 qui
2037 5621 2162 5667 autc

580 5709 758 5765 omnia
783 5709 976 5764 saecula
1003 5717 1162 5762 natus
1177 5716 1260 5763 est
1285 5722 1350 5763 ex
1372 5705 1533 5764 Patre
1559 5725 1571 5761 :
1601 5707 1726 5776 quia
1750 5714 1940 5762 natura
1976 5708 2166 5761 Imma-

657 5841 681 5865 υ
719 5827 844 5880 \‘iJe
874 5827 1008 5882 infra
1044 5828 1097 5882 in
1129 5828 1288 5899 epist.
1323 5827 1389 5882 ad
1413 5824 1754 5897 Elipandum,
1787 5840 1933 5878 num.
1967 5825 2051 5877 il.

2249 4694 2524 4750 oblatione
2544 4694 2628 4749 vel
2660 4697 2928 4753 sacriﬁcio
2965 4699 3220 4770 indigeat,
3262 4703 3356 4771 qui
3381 4705 3451 4758 ab
3476 4706 3621 4759 omni
3651 4721 3844 4776 pecca-

2251 4793 2306 4840 to
2333 4785 2492 4850 liber,
2535 4793 2593 4841 ut
2631 4787 2792 4853 Deus,
2829 4790 3050 4848 existit?
3075 4791 3178 4857 Qui
3208 4801 3390 4848 autem
3432 4795 3564 4850 dicit
3587 4799 3714 4867 quia
3752 4815 3841 4855 se-

2254 4879 2543 4948 metipsum
2569 4890 2680 4932 tam
2707 4895 2806 4950 pro
2827 4897 2884 4936 se
2906 4895 3067 4950 quam
3093 4900 3192 4954 pro
3223 4887 3378 4942 nobis
3401 4889 3679 4955 obtulerit,
3725 4907 3843 4948 nui~

2257 4972 2466 5029 latems
2502 4975 2796 5044 impietatis
2820 4978 3030 5033 crimen
3072 4979 3310 5052 effugiet.
3351 5002 3369 5034 ι
3436 4983 3581 5037 ldcm
3630 4999 3846 5054 quoque

2263 5065 2376 5135 ipse
2401 5065 2632 5137 Cyrillus
2664 5084 2676 5119 :
2704 5067 2891 5134 Aiunt,
2919 5070 3112 5140 inquit,
3143 5072 3384 5129 haeretici
3417 5091 3522 5130 non
3552 5092 3651 5146 pro
3687 5079 3847 5133 nobis

2262 5158 2458 5223 solum,
2485 5159 2578 5214 sed
2621 5160 2786 5214 etiam
2829 5177 2928 5231 pro
2958 5177 3015 5217 se
3043 5165 3305 5220 obtulisse
3335 5164 3609 5225 Christum
3649 5183 3849 5229 seruet-

2264 5249 2461 5319 ipsum,
2493 5251 2634 5321 quod
2681 5267 2710 5306 a
2739 5261 2887 5308 recta
2925 5263 2978 5308 et
3029 5255 3374 5312 immaculata
3404 5258 3510 5315 ﬁde
3532 5259 3833 5323 alienuma

2263 5343 2416 5409 Quod
2437 5359 2565 5414 ergo
2585 5361 2772 5401 orasse
2797 5346 3016 5412 dicitur,
3045 5357 3099 5403 et
3121 5348 3174 5403 in
3203 5351 3450 5406 oratione
3476 5361 3842 5421 pernoctasse,

2262 5447 2316 5492 et
2337 5447 2484 5493 tanta
2513 5440 2766 5494 instantia
2784 5442 3210 5510 supplicasse,ut
3230 5445 3395 5499 sudor
3423 5443 3541 5513 ejus
3557 5447 3702 5501 sicut
3723 5456 3845 5518 gut-

2264 5540 2332 5584 ta:
2368 5532 2646 5601 sanguinis
2671 5533 2986 5589 decurreret
3013 5550 3176 5604 super
3201 5545 3399 5591 terram
3423 5537 3575 5606 (Luc.
3592 5555 3705 5604 xxi,
3728 5540 3845 5610 Μ),

2267 5633 2438 5678 totum
2469 5625 2569 5681 hoc
2599 5626 2718 5680 ideo
2753 5624 2954 5682 factum
3011 5643 3131 5682 esse
3181 5628 3586 5699 intelligendum
3631 5641 3736 5693 est,
3790 5641 3850 5684 ut

2268 5719 2550 5774 veritatem
2591 5728 2877 5794 assumpta:
2899 5721 3248 5778 humanitatis
3270 5725 3596 5792 ostenderet,
3633 5741 3751 5797 quae
3777 5726 3851 5781 la.
