4136 6554
268 361 385 420 22-3

989 360 1404 419 DOGMATIC'A.
1447 391 1516 402 ———
1552 359 1710 415 ΜΝ.
1753 359 2051 416 FELICEM
2089 359 2268 416 LIBRI
2314 358 2421 415 VII.
2465 388 2533 399 —
2568 357 2697 414 UB.
2742 358 2850 414 VII.

3440 358 3548 419 230

265 491 489 549 erymas
507 485 561 533 et
585 477 835 536 sudorem
863 480 1036 551 possit
1063 479 1285 545 habere,
1316 486 1375 535 et
1423 486 1482 533 ut
1526 477 1860 549 deprecatio-
1892 479 1934 538 Α
1966 476 2178 532 nefacta
2214 476 2319 530 dici
2343 475 2558 539 debent,
2585 490 2705 546 quae
2740 474 2858 528 sine
2885 473 3171 529 charitatis
3214 473 3552 545 perfectione

266 572 432 625 nibus
447 571 646 626 nostris
673 571 1042 626 accessibilem
1060 579 1300 627 monstra
1308 580 1389 626 ret
1403 572 1583 627 Patris
1597 572 1863 634 auditum,

266 673 331 717 ut
357 679 479 734 qua:
502 679 603 719 nos
637 664 693 719 in
741 664 1130 720 tentationibus
1150 680 1257 720 non
1283 664 1477 719 inertia
1509 664 1869 720 dormitantes

266 755 578 823 tabescere,
616 758 710 813 sed
739 759 921 829 potius
949 758 1003 813 in
1028 758 1296 813 orationis
1347 757 1605 813 instantia
1638 756 1867 827 vigilan-

270 860 358 904 ter
383 852 630 908 exerceri
656 867 908 908 curemus
942 872 954 908 :
992 853 1105 918 Hoc
1130 868 1363 923 namque
1392 854 1685 925 signiﬁcat,
1717 852 1866 921 quod

267 942 490 1011 quando
513 957 701 998 orasse
731 943 943 1015 legitur,
991 945 1096 999 hoc
1139 944 1335 1015 smpius
1381 945 1628 999 noctibus
1673 942 1865 998 fecisse

262 1035 487 1097 dicitur,
512 1036 720 1091 scilicet
756 1038 936 1091 noctis
958 1038 1199 1093 tenebris
1227 1038 1584 1093 tentationum
1614 1036 1863 1092 indicans

260 1134 641 1197 tempestates.
668 1127 775 1184 Sed
801 1138 857 1183 et
882 1129 987 1184 hoc
1008 1130 1242 1184 maxime
1263 1146 1361 1186 sua
1387 1129 1563 1188 innuit
1592 1128 1861 1194 oratione,

263 1217 412 1291 quod
440 1220 727 1275 innocente
750 1236 849 1275 suo
872 1221 1067 1276 sudore
1093 1231 1239 1277 terra
1260 1221 1490 1276 lavanda
1515 1220 1724 1287 fuisset,
1743 1235 1863 1292 qua:

262 1323 364 1377 per
389 1309 531 1366 illius
556 1310 811 1367 sudorem
836 1313 1058 1367 noxium
1093 1312 1296 1383 polluta
1322 1311 1445 1377 fuit,
1490 1314 1576 1367 cui
1611 1314 1811 1368 dicitur
1845 1331 1858 1367 :

262 1396 334 1452 In
356 1400 551 1456 sudore
564 1401 736 1457 vultus
756 1404 835 1458 tui
863 1406 1081 1459 vesceris
1098 1422 1282 1475 panem
1299 1415 1446 1459 tuum
1473 1404 1627 1476 (Gen.
1645 1422 1729 1471 Ill,
1748 1406 1857 1479 I9).

260 1487 403 1548 Nam
433 1492 523 1548 illa
552 1501 750 1549 natura
775 1496 843 1551 de
875 1494 1048 1552 Adam
1077 1498 1253 1567 primo
1300 1498 1519 1553 homine
1566 1508 1860 1569 propagata

261 1598 544 1654 nunquam
563 1599 721 1642 suum
749 1602 965 1656 panem,
996 1604 1104 1658 quo
1157 1588 1225 1643 ad
1245 1596 1504 1645 aeternam
1541 1589 1707 1644 vitam
1762 1605 1863 1644 nu-

260 1675 441 1737 triret,
469 1684 766 1746 gustasset,
793 1678 838 1733 si
870 1694 975 1732 non
1005 1680 1252 1736 eamdem
1284 1688 1535 1736 naturam
1583 1680 1859 1735 FiliusDei

259 1766 419 1835 panis
446 1767 625 1832 vivus,
652 1770 920 1840 panisque
941 1771 1255 1842 angelorum
1285 1786 1564 1827 assumere
1611 1771 1861 1843 dignare-

262 1864 372 1912 tur.
398 1855 506 1912 Sed
537 1867 592 1914 et
615 1859 719 1914 hoc
744 1860 885 1930 quod
916 1861 1245 1932 evangelista
1288 1862 1384 1927 ait,
1446 1861 1698 1918 sudorem
1741 1863 1861 1934 ejus

259 1950 419 2019 quasi
449 1960 630 2022 guttas
650 1954 925 2024 sanguinis
946 1971 1067 2010 esse
1090 1954 1387 2012 detinentes
1413 1956 1466 2011 in
1502 1964 1725 2022 terram,
1753 1957 1859 2013 hoc

259 2039 572 2110 signiﬁcare
599 2043 844 2109 videtur,
871 2046 1014 2116 quod
1048 2046 1176 2102 illud
1217 2048 1451 2117 primum
1505 2047 1855 2105 homicidium

258 2128 467 2189 Christi
498 2131 687 2190 fuisset
710 2136 973 2207 sanguine
996 2131 1386 2205 mandandum,
1418 2138 1608 2211 dequo
1623 2140 1851 2196 dicitur:

266 2221 387 2277 Vox
412 2227 687 2296 sanguinis
709 2227 893 2297 fratris
917 2230 993 2284 tui
1014 2228 1207 2285 clamat
1229 2231 1299 2286 ad
1325 2248 1405 2287 me
1429 2231 1494 2288 de
1523 2242 1665 2288 terra
1698 2232 1852 2305 (Gen.

262 2330 341 2381 Iv,
377 2316 489 2389 10).
518 2316 610 2374 Ille
637 2335 873 2391 namque
896 2323 1117 2393 sanguis
1139 2321 1341 2379 Christi
1369 2326 1541 2396 magis
1564 2326 1633 2381 ad
1684 2326 1856 2382 Deum

255 2406 481 2464 Patrem
509 2411 728 2478 clamat,
758 2415 849 2484 qui
885 2430 982 2484 pro
1007 2416 1247 2470 omnium
1279 2423 1465 2471 nostra
1478 2417 1653 2473 salute
1676 2418 1859 2475 inter—

256 2517 379 2556 ram
407 2500 608 2560 effusus
629 2514 752 2561 est:
786 2507 867 2563 vel
898 2509 1115 2579 quando
1137 2525 1235 2580 pro
1261 2510 1418 2566 nobis
1448 2513 1562 2582 ipse
1596 2512 1859 2566 Dominus

254 2602 450 2649 noster
471 2597 684 2664 orabat,
725 2598 809 2654 vel
831 2601 1048 2671 quando
1077 2616 1175 2672 pro
1193 2601 1349 2658 nobis
1371 2603 1424 2657 in
1440 2604 1856 2673 crueependens

252 2683 485 2740 vulnera
506 2690 866 2758 percutientis
891 2693 1080 2748 militis
1107 2695 1383 2751 sustinuit.
1413 2694 1521 2752 Sed
1549 2696 1615 2751 de
1645 2696 1731 2752 his
1754 2697 1856 2753 ista

252 2772 548 2830 sufﬁciant.

332 2862 471 2919 XVI.
516 2866 797 2924 Sententia
844 2886 974 2927 vero
1003 2871 1188 2929 Jacobi
1246 2876 1496 2945 apostoli,
1542 2893 1704 2948 quam
1756 2893 1857 2948 pro

252 2956 566 3026 adoptionis
599 2960 820 3016 nomine
846 2963 1076 3032 positam
1110 2964 1178 3020 ad
1226 2966 1533 3039 exemplum
1562 2969 1851 3038 protulisti,

250 3044 420 3116 longe
442 3046 600 3103 aliter
630 3065 661 3103 a
687 3054 895 3108 sanctis
924 3053 1195 3121 Patribus,
1224 3072 1387 3127 quam
1421 3074 1451 3114 a
1487 3068 1539 3113 te
1577 3068 1662 3115 est
1691 3061 1858 3117 inter-

248 3145 490 3209 pretata,
520 3144 715 3210 exponi
757 3144 916 3210 solet,
954 3148 1097 3202 sicut
1129 3157 1184 3203 et
1204 3148 1295 3205 illa
1325 3165 1483 3220 quam
1514 3153 1581 3208 de
1606 3151 1846 3209 Salomo-

1967 578 2217 641 aguutur.
2251 568 2499 624 Sufﬁciat
2525 584 2655 638 ergo
2686 567 2802 632 tibi,
2824 568 2965 637 quod
2984 568 3263 638 hucusque
3281 572 3547 639 peccasti:

1966 678 2073 719 non
2099 662 2195 718 tibi
2225 662 2473 717 videatur
2497 660 2725 717 minoris
2749 674 2870 716 esse
2901 661 3149 731 periculi,
3182 663 3327 731 quod
3378 664 3549 717 unita-

1967 762 2075 808 tem
2128 751 2411 806 calholicze
2454 749 2712 805 Ecclesia:
2737 750 3027 805 dividendo
3081 751 3315 806 schisma
3355 751 3548 819 facias,

1964 852 2023 901 et
2048 844 2292 900 membra
2320 841 2523 899 Christi
2549 856 2715 913 prave
2742 843 2983 898 docendo
3012 860 3043 897 a
3072 860 3170 898 suo
3199 860 3428 915 corpore
3459 863 3547 903 se-

1964 950 2143 1004 pares,
2184 949 2348 1004 quam
2370 933 2415 989 si
2464 934 2809 1004 temetipsum
2852 936 3150 991 occidendo
3198 938 3550 994 homicidium

1964 1027 2154 1086 facias.
2184 1026 2326 1094 Quin
2354 1028 2534 1096 potius
2561 1026 2787 1095 majoris
2831 1042 2953 1083 esse
2982 1028 3239 1084 damnum
3294 1034 3553 1089 manifes-

1964 1129 2079 1178 tum
2098 1130 2204 1186 est,
2233 1129 2412 1177 tantos
2434 1120 2741 1176 seducendo
2763 1121 3050 1193 perimere,
3075 1137 3237 1194 quam
3262 1142 3432 1180 unum
3466 1142 3553 1183 so-

1963 1213 2076 1270 lum
2108 1213 2314 1284 perire.

2035 1304 2194 1360 XVII.
2240 1305 2533 1363 Revertere
2560 1320 2688 1377 ergo
2713 1305 2932 1361 tandem
2959 1307 3249 1378 aliquando
3271 1310 3324 1365 in
3360 1320 3552 1368 temet-

1963 1396 2158 1468 ipsum,
2199 1397 2512 1468 pmnitendo
2552 1396 2697 1468 quod
2743 1398 2925 1470 egisti,
2971 1400 3064 1471 qui
3115 1408 3323 1459 tantum
3350 1403 3552 1461 effusus

1962 1502 2022 1543 es
2042 1496 2195 1542 extra
2225 1496 2278 1543 te
2300 1488 2639 1545 discutiendo
2684 1505 2803 1559 quae
2846 1507 2954 1546 non
3006 1493 3257 1550 debuisti.
3305 1495 3552 1554 Snﬁiciat

1963 1579 2082 1645 tibi,
2111 1580 2252 1636 sicut
2283 1588 2337 1636 et
2362 1579 2677 1651 frequenter
2714 1584 2994 1650 admonui,
3042 1592 3097 1642 et
3138 1588 3315 1644 adhuc.
3356 1591 3553 1646 aclmo-

1962 1686 2094 1726 nere
2139 1687 2244 1727 non
2291 1688 2465 1737 cesso,
2504 1674 2649 1744 quod
2678 1686 2865 1730 saneta
2893 1677 2989 1732 Dei
3015 1686 3069 1733 et
3090 1681 3412 1737 universalis
3450 1684 3553 1737 Ec-

1962 1761 2126 1817 clesia
2161 1762 2228 1818 de
2260 1762 2479 1820 Christo
2504 1766 2726 1821 credere
2754 1775 2809 1820 et
2837 1766 3035 1823 docere
3066 1784 3281 1840 semper
3304 1773 3371 1828 ab
3397 1773 3550 1828 initio

1894 1842 1937 1901 Β
1963 1851 2192 1917 solebat,
2224 1862 2279 1908 et
2304 1870 2474 1924 usque
2511 1856 2563 1909 in
2599 1853 2760 1910 ﬁnem
2789 1858 2988 1921 szeculi,
3022 1860 3330 1932 ubicunque
3361 1866 3547 1919 catho-

1960 1944 2061 2001 lica
2092 1946 2189 2001 Dei
2216 1946 2456 2003 Ecclesia
2485 1954 2590 2013 est,
2620 1948 2815 2003 docere
2850 1965 2956 2004 non
2986 1954 3236 2017 cessabit,
3292 1955 3549 2025 implente

1960 2040 2106 2094 dicto
2149 2035 2300 2111 [leg].
2337 2039 2589 2110 Domino]
2632 2050 2820 2097 nostro
2849 2042 2979 2098 Jesu
3006 2043 3228 2101 Christo
3258 2049 3400 2117 quod
3425 2066 3551 2119 pro—

1959 2131 2142 2197 misit,
2170 2145 2230 2185 se
2269 2131 2521 2186 videlicet
2549 2147 2720 2201 usque
2759 2132 2813 2186 in
2860 2132 3022 2188 ﬁnem
3065 2138 3245 2191 szeculi
3278 2153 3400 2192 cum
3435 2141 3551 2194 suis

1960 2223 2208 2280 ﬁdelibus
2252 2239 2372 2280 esse
2424 2240 2773 2280 mansurum.
2838 2225 3106 2293 Sufﬁciat,
3157 2230 3395 2299 inquam,
3452 2233 3545 2288 tibi

1957 2318 2182 2373 credere
2212 2317 2490 2373 Christum
2517 2317 2714 2374 Filium
2754 2318 2850 2374 Dei
2894 2336 3083 2377 verum
3111 2338 3232 2379 esse
3264 2325 3457 2394 Deum,
3495 2334 3554 2384 et

1955 2427 2147 2466 verum
2200 2411 2396 2468 Filium
2447 2411 2561 2467 Dei.
2593 2453 2606 2466 .
2634 2452 2649 2468 .
2678 2427 2703 2455 ι
2736 2455 2747 2467 .
2783 2415 2849 2469 Et
2878 2417 2944 2471 de
2995 2429 3335 2475 sacramento
3365 2420 3544 2477 incar-

1957 2503 2196 2560 nationis
2238 2504 2482 2577 ejusdem
2524 2505 2617 2561 Dei
2670 2509 2839 2563 nostri
2875 2510 2998 2579 plus
3026 2511 3354 2581 investigare
3382 2531 3450 2570 ne
3472 2515 3552 2570 la-

1954 2595 2136 2661 bores,
2162 2611 2327 2665 quam
2353 2597 2499 2668 quod
2529 2597 2583 2651 in
2615 2596 2924 2669 Evangeliis
2952 2598 3153 2672 legisti,
3182 2611 3237 2657 et
3261 2603 3314 2657 in
3344 2613 3555 2674 aposto-

1955 2684 2133 2742 lorum
2158 2688 2502 2757 dogmatibus
2527 2688 2793 2761 scriptum
2820 2690 3096 2747 invenisti.
3127 2693 3397 2765 Quidquid
3420 2711 3553 2768 ergo

1957 2776 2044 2833 his
2073 2779 2385 2842 concordat,
2422 2778 2639 2836 ﬁrmum
2668 2788 2792 2837 tene
2812 2790 2867 2835 et
2895 2784 3160 2840 veraciter
3185 2786 3381 2852 crede;
3407 2787 3554 2857 quod

1955 2886 2085 2926 vero
2111 2870 2196 2927 his
2223 2871 2556 2926 contrarium
2603 2880 2658 2926 et
2705 2872 3088 2931 inconveniens
3125 2878 3350 2943 videris,
3390 2880 3549 2950 quasi

1955 2960 2221 3018 mortiferi
2262 2962 2452 3017 veneni
2485 2972 2689 3032 pestem
2724 2961 2869 3034 fuge.
2913 2964 3189 3022 Christum
3228 2984 3410 3039 regem
3432 2986 3554 3025 om-

1956 3055 2104 3110 nium
2145 3056 2468 3110 smeulorum
2509 3055 2665 3111 lauda
2695 3065 2751 3111 et
2783 3058 2974 3124 adora,
3011 3060 3391 3117 conditionalis
3431 3080 3551 3119 ser-

1956 3145 2073 3200 vitii
2106 3160 2302 3201 nomen
2333 3146 2399 3200 de
2426 3146 2587 3201 corde
2629 3156 2721 3202 tuo
2757 3148 2918 3202 simul
2963 3157 3020 3204 et
3061 3166 3156 3206 ore
3200 3160 3262 3207 ut
3307 3152 3546 3221 auferas,

248 3207 326 3284 ne
352 3207 615 3300 posuisti}
666 3252 683 3286 t
715 3207 990 3307 Negando,
1042 3240 1243 3309 inquis,
1288 3207 1482 3297 nomen
1537 3245 1847 3315 adoptionis
1875 3207 1922 3271 ς
1951 3239 2178 3293 enilcre-
2228 3238 2363 3294 Nam
2404 3238 2550 3309 (Ιιιοά
2590 3255 2689 3310 ρνο
2727 3248 2779 3297 le
2815 3256 3004 3297 SBI'WS
3042 3243 3148 3303 dici
3188 3246 3270 3301 vel
3299 3232 3422 3303 esse
3444 3264 3543 3303 V0-

251 3325 313 3377 in
343 3324 546 3380 Christi
573 3341 755 3392 carne,
785 3337 842 3384 ut
869 3344 999 3400 puto
1024 3346 1189 3386 unum
1220 3336 1465 3401 verbum,
1516 3336 1571 3391 in
1619 3346 1849 3406 quantos

248 3416 573 3474 offensionis
604 3420 826 3490 laqueos
855 3438 974 3479 sese
997 3424 1204 3493 dilatet,
1259 3435 1319 3482 ut
1346 3436 1429 3482 est
1455 3428 1586 3484 illud
1606 3430 1657 3484 in
1695 3429 1848 3485 Salo-

251 3523 422 3565 mone
445 3529 457 3565 :
489 3511 673 3578 Quiin
701 3532 806 3569 uno
830 3521 1135 3587 peccaverit,
1158 3520 1325 3575 multa
1352 3523 1487 3577 bona
1504 3523 1683 3593 perdet
1719 3522 1848 3594 (Ec-

250 3600 358 3656 cle.
394 3618 473 3667 Ix,
497 3603 606 3677 I8).
632 3605 699 3661 Et
730 3606 782 3662 in
828 3606 1033 3664 Iacobo
1060 3611 1350 3681 Apostolo:
1382 3612 1443 3668 Si
1468 3614 1585 3683 quis
1601 3622 1763 3668 totam
1781 3614 1850 3670 Ie-

250 3708 374 3765 gem
400 3698 700 3763 servaverit,
728 3699 961 3768 offendat
995 3712 1173 3756 autem
1198 3704 1255 3759 in
1278 3722 1403 3767 uno,
1434 3705 1608 3775 factus
1637 3716 1713 3761 est
1736 3724 1850 3761 om-

250 3785 407 3839 nium
431 3802 549 3840 reus
572 3787 712 3857 (Jac.
744 3806 805 3855 ιι,
838 3790 947 3865 I0).
978 3791 1085 3849 Sed
1110 3796 1233 3865 quis
1256 3795 1541 3851 nesciatde
1562 3799 1850 3869 temetipso

252 3879 374 3932 haec
402 3880 785 3939 convenienter
811 3887 1116 3941 testimonia
1146 3888 1509 3959 proferenda?
1542 3892 1677 3947 Nam
1719 3894 1850 3963 quid

252 3970 406 4023 aliud
435 3970 633 4037 fecisti,
662 3989 826 4044 quam
855 3977 908 4032 in
937 3978 1027 4034 ilio
1056 3996 1164 4037 uno
1215 3985 1477 4052 peccasti,
1537 3987 1627 4041 uhi
1682 3990 1849 4044 multa

252 4063 399 4117 bona
426 4065 747 4133 perdidisti?
773 4068 951 4132 Unum
971 4072 1117 4127 enim
1165 4084 1249 4130 est
1274 4076 1404 4132 illud
1445 4080 1741 4135 maximum
1797 4090 1855 4137 et

251 4154 492 4224 primum
507 4158 848 4226 mandatum,
860 4163 1118 4229 charitas,
1135 4181 1256 4236 qua:
1270 4167 1381 4222 sola
1398 4185 1524 4224 vera
1541 4172 1592 4224 in
1609 4172 1850 4227 Ecclesia

252 4246 523 4303 catholica
543 4264 664 4305 esse
690 4256 1055 4324 cognoscitur.
1070 4256 1173 4324 Qui
1190 4275 1319 4329 ergo
1335 4263 1563 4331 teipsum
1582 4273 1735 4319 extra
1754 4264 1852 4317 Ec-

250 4338 479 4396 clesiam
506 4344 831 4399 catholicam
872 4363 993 4403 esse
1034 4348 1231 4416 fecisti,
1276 4353 1407 4423 quid
1455 4354 1599 4409 aliud
1638 4354 1849 4417 fecisti,

252 4434 489 4503 quamin
508 4434 596 4492 illo
625 4436 909 4493 charitatis
934 4442 1191 4496 mandato
1211 4446 1487 4512 peccasti?
1515 4447 1567 4500 in
1618 4466 1726 4519 quo
1758 4454 1850 4522 qui

1949 3329 2069 3396 iuit,
2106 3331 2424 3386 voluntariae
2450 3340 2534 3388 est
2562 3348 2759 3389 munus
2787 3334 3128 3402 obedientize,
3162 3353 3290 3393 non.
3319 3378 3333 3392 .
3362 3379 3376 3394 .
3401 3340 3428 3378 δ
3449 3355 3549 3396 nec

1946 3436 2110 3494 ptena
2140 3424 2489 3479 conditionis.
2523 3443 2541 3476 ‹
2566 3424 2647 3479 Ad
2698 3425 2800 3481 hoc
2845 3442 3104 3498 namque,
3151 3438 3211 3485 ut
3252 3430 3329 3484 ait
3354 3432 3550 3488 beatus

1946 3514 2281 3587 Augustinus
2328 3516 2383 3569 in
2441 3517 2779 3587 expositione
2836 3517 3037 3576 Psalmi
3107 3521 3546 3592 quinquagesimi

1947 3611 2087 3665 sexti
2132 3610 2315 3681 (Nam.
2345 3610 2537 3674 5,10),
2588 3612 2753 3666 homo
2798 3613 2973 3668 factus
3009 3623 3113 3677 est,
3163 3615 3293 3685 quia
3337 3616 3552 3670 miseri-

1948 3720 2104 3771 cors;
2138 3718 2245 3759 non
2273 3714 2332 3758 ut
2359 3704 2687 3760 conditionis
2721 3708 3047 3762 necessitate
3072 3718 3410 3773 nasceretur,
3452 3710 3551 3763 sed

1949 3803 2010 3850 ut
2050 3810 2151 3851 nos
2189 3795 2504 3851 conditione
2549 3797 2891 3853 necessitatis
2936 3798 3215 3856 liberaret.
3241 3821 3261 3854 ι
3294 3801 3361 3856 Et
3386 3801 3551 3871 paulo

1948 3896 2073 3959 post
2110 3888 2304 3944 addit:
2342 3887 2636 3957 «Angelica
2678 3899 2929 3945 creatura
2976 3892 3146 3946 servit
3186 3890 3425 3959 Christo,
3472 3894 3541 3948 ad

1949 3980 2357 4049 obsequendum
2400 3980 2590 4034 moniti
2616 3978 2835 4035 fuerunt
2864 3979 2937 4054 [F
2941 3992 3073 4048 orte,
3099 3982 3251 4037 missi
3279 3981 3539 4050 fuerunt;

1948 4069 2091 4138 apud
2140 4069 2301 4139 Aug.,
2351 4070 2492 4124 mitti
2543 4070 2856 4143 potuerunt]
2900 4073 3097 4145 angeli,
3146 4074 3216 4128 ad
3259 4075 3548 4131 servitium

1950 4161 2091 4214 mitti
2127 4169 2441 4230 potuerunt,
2483 4177 2590 4217 non
2635 4162 2747 4235 [ad]
2792 4165 3209 4234 coadjutorium,
3238 4166 3380 4222 sicut
3404 4169 3544 4224 scri-

1949 4262 2100 4324 ptum
2130 4262 2234 4318 est,
2260 4253 2443 4324 Angeli
2466 4255 2835 4310 ministrabant
2864 4258 2912 4311 ei
2936 4256 3151 4329 (Matth.
3184 4274 3259 4325 tv,
3292 4260 3402 4331 Il),
3431 4276 3541 4315 non

1952 4359 2209 4418 tanquam
2251 4349 2620 4404 ministrantes
2661 4348 2746 4421 [8.
2781 4350 2942 4421 Aug.,
2970 4353 3374 4426 misericordes]
3402 4355 3544 4410 indi-

1951 4441 2121 4511 genti,
2149 4439 2245 4495 sed
2270 4448 2529 4511 tanquam
2562 4441 2792 4508 subjecti
2821 4445 3201 4513 omnipotenti.
3234 4466 3252 4497 ι
3293 4446 3349 4500 Si
3386 4448 3550 4516 igitur

254 4527 588 4594 peccaverit,
610 4529 728 4582 etsi
751 4537 919 4584 totam
964 4530 1138 4603 legem
1165 4538 1492 4601 servaverit,
1544 4537 1719 4595 factus
1769 4554 1852 4598 est

1956 4532 2135 4585 omnis
2182 4531 2426 4601 angelica
2470 4541 2723 4586 creatura
2768 4532 3007 4601 subjecta
3043 4546 3130 4591 est
3162 4535 3258 4609 [ei,
3290 4537 3365 4609 et]
3392 4540 3548 4608 quasi

251 4616 500 4670 omnium
514 4633 658 4672 reus.
678 4617 793 4672 Non
808 4635 939 4691 ergo
953 4622 1017 4676 de
1031 4623 1320 4694 adoptione
1338 4628 1389 4681 in
1408 4627 1623 4685 Christo
1637 4645 1850 4705 negata,

254 4706 353 4761 sed
371 4705 440 4761 de
467 4708 676 4762 unitate
695 4711 980 4767 eharitatis
1009 4716 1175 4769 scissa
1190 4716 1392 4772 dictum
1410 4729 1511 4780 est.
1530 4724 1671 4792 quod
1691 4728 1851 4793 quiin

254 4812 368 4851 uno
394 4796 636 4859 oﬂ'endit,
670 4799 846 4858 factus
872 4813 955 4859 est
975 4806 1216 4861 omnium
1252 4825 1395 4864 reus.
1432 4810 1490 4865 Si
1502 4817 1857 4887 enim,inquit

254 4887 570 4958 Apostolus,
608 4892 828 4946 habeam
858 4911 1061 4951 omnem
1087 4899 1270 4966 ﬁdem,
1321 4902 1630 4961 charitatem
1678 4922 1851 4965 autem

255 4995 364 5034 non
386 4979 627 5046 habeam,
656 4983 788 5038 nihil
819 4986 949 5041 mihi
980 4991 1191 5059 prodest
1215 4991 1269 5063 (Ι
1310 4992 1434 5049 Cor.
1493 5014 1611 5063 xm,
1661 5001 1738 5072 5),
1798 5012 1855 5057 et

257 5078 480 5138 actem,
511 5086 632 5143 qua:
662 5076 735 5130 ibi
773 5077 839 5132 de
874 5078 1034 5135 laude
1063 5082 1349 5141 charitatis
1397 5088 1541 5144 dicta
1592 5102 1737 5147 sunt.
1792 5094 1849 5149 In

258 5163 425 5256 hujus
451 5164 631 5236 itaque
662 5176 714 5223 te
739 5171 1023 5228 charitatis
1049 5174 1217 5246 859
1238 5181 1499 5247 gremium
1526 5184 1684 5240 citius
1728 5203 1851 5256 per-

258 5253 453 5310 venire
466 5266 675 5329 satage,
705 5270 861 5316 extra
887 5266 1027 5335 quod
1043 5276 1240 5323 caetera
1263 5276 1465 5338 omnia,
1493 5277 1594 5331 etsi
1623 5253 1759 5336 bene
1778 5281 1853 5336 fa-

260 5354 347 5399 cta
378 5344 1097 5425 videantur,nihilprodesse
1124 5372 1379 5431 possunt;
1396 5381 1495 5421 nec
1512 5370 1732 5425 omnino
1758 5372 1852 5429 he-

336 5493 372 5564 _-_
392 5480 451 5538 1n
487 5484 608 5539 cod.
658 5500 761 5540 ms.
804 5489 957 5564 regio
978 5507 1128 5564 num.
1176 5494 1337 5561 2858,
1378 5501 1545 5555 verba
1590 5502 1677 5559 hic
1715 5506 1849 5561 adeo

261 5552 549 5642 obliterata
592 5566 738 5638 sunt,
777 5552 916 5642 sient
945 5562 1047 5642 hoc
1078 5563 1193 5642 loco
1221 5552 1842 5642 notavitlduwerce‘tan‘us‘,

265 5632 324 5705 ut
347 5627 430 5705 vix
465 5628 969 5705 aenevixquidem
1012 5634 1115 5703 legi
1154 5639 1381 5705 possint.
1422 5627 1619 5697 Credit
1663 5627 1842 5703 tamen

263 5697 346 5751 Ci.
380 5694 442 5752 ιι.
481 5696 665 5752 Liehle
691 5694 1133 5768 bibliothecam}
1155 5694 1481 5766 inonasleriii
1498 5694 1841 5774 ὲῖὸεὶᾙζιὶὶἱ

1960 4624 2127 4678 Deum
2155 4622 2368 4689 adorat,
2390 4633 2447 4678 et
2471 4624 2573 4694 ipsi
2600 4641 2762 4680 omne
2800 4641 2939 4695 genu
2961 4626 3199 4683 ﬂectitur
3219 4631 3544 4695 caelestium,

1956 4716 2299 4771 terrestrium
2326 4726 2383 4771 et
2412 4717 2769 4785 infernarum,
2798 4721 2929 4788 quid
2952 4730 3010 4776 tu
3032 4722 3243 4777 scilicet
3275 4722 3461 4795 [Aug.,
3489 4733 3547 4778 tu

1956 4807 2127 4881 solus]
2152 4808 2405 4863 omnibus
2430 4812 2745 4865 manes

2027 4900 2208 4955 Adora
2236 4916 2366 4971 ergo
2395 4916 2517 4956 eum
2558 4905 2861 4968 nobiscum,
2902 4922 3085 4976 regem
3120 4908 3404 4975 caelorum,
3447 4909 3548 4964 Do-

1958 4994 2162 5050 minum
2204 4996 2467 5057 omnium,
2498 5011 2686 5050 verum
2736 4996 2929 5052 Filium
2974 5000 3068 5055 Dei
3111 5000 3310 5068 Patris,
3357 5018 3545 5058 verum

1957 5086 2124 5141 Deum
2170 5084 2508 5141 Salvatorcm
2559 5097 2804 5142 nostrum
2832 5130 2846 5154 ,
2905 5093 2990 5145 cui
3048 5092 3222 5146 honor
3268 5103 3542 5162 :etemus,

1957 5178 2127 5232 virtus
2146 5176 2479 5241 indeﬁciens,
2496 5174 2614 5231 laus
2634 5186 2890 5249 perpetua
2908 5180 2961 5234 in
2984 5183 3173 5237 saecula
3198 5185 3540 5246 saeculorum.

1954 5268 2147 5323 Amen.

1956 5509 2210 5592 Parisiis,
2263 5510 2354 5592 qui
2396 5511 2648 5592 eumdem
2680 5515 2933 5592 _codicem
2984 5518 3257 5591 inspexit,
3302 5519 3404 5592 legi
3456 5521 3541 5577 hic

1955 5597 2156 5652 [MlSSOi
2188 5583 2243 5635 in
2278 5582 2481 5636 duabus
2512 5586 2738 5637 naturis.

2026 5653 2052 5692 δ
2100 5651 2274 5707 Credo
2318 5654 2625 5724 legendum,
2667 5657 2853 5712 scribit
2905 5658 3154 5716 laudatus
3202 5661 3265 5717 D.
3320 5660 3540 5720 Lie‘.)le.

1956 5721 2077 5775 Non
2102 5721 2408 5778 necessaria!
2431 5742 2583 5795 pwua
2607 5727 2942 5784 conditionis.
