4136 6614
262 519 381 579 9.33

268 729 476 796 verbis,
525 729 847 800 quibusdam
879 731 1080 786 iterum
1130 732 1186 786 in
1226 731 1363 787 locis
1388 746 1584 788 suaves
1605 730 1870 788 admiscui

270 820 449 895 [ϐοά.
501 819 648 887 ναι,
700 822 1080 894 intermiscui]
1128 822 1556 890 admonitiones,
1610 835 1680 878 ne
1727 822 1872 877 illius

271 911 687 969 infestissimam
730 913 969 969 animam
1010 912 1098 968 vel
1139 928 1383 968 meorum
1423 913 1726 969 amaritudo
1750 929 1871 969 ver-

268 1004 470 1061 borum
511 1013 887 1073 exasperaret,
934 1004 1018 1058 vel
1063 1004 1261 1060 iterum
1306 1004 1482 1059 mellis
1508 1004 1738 1061 dulcedo
1771 1018 1870 1059 sae-

269 1112 401 1152 vam
438 1095 712 1153 fastidiret
740 1106 999 1153 mentem.
1047 1097 1159 1153 Nec
1197 1111 1297 1167 pro
1323 1094 1441 1166 eius
1475 1097 1867 1163 tantummodo,

269 1196 336 1243 ut
362 1185 498 1250 dixi,
541 1187 786 1244 laboravi
822 1187 1017 1257 salute,
1063 1203 1227 1258 quem
1262 1188 1446 1253 timeo,
1493 1186 1675 1244 forsan
1712 1186 1873 1243 citius

270 1278 578 1352 [Quercet.,
635 1277 957 1351 forsantius]
1010 1279 1095 1334 vel
1145 1288 1321 1335 morte
1374 1287 1702 1349 praereptum
1751 1292 1875 1335 esse

268 1378 497 1439 propter
526 1368 858 1440 decrepitam
906 1369 961 1425 in
1011 1386 1076 1425 eo
1125 1378 1491 1433 senectutem,
1543 1370 1629 1426 vel
1665 1370 1736 1424 ob
1764 1369 1876 1426 dis-

270 1460 561 1516 sensiones
600 1459 945 1531 populorum,
978 1461 1032 1515 in
1070 1458 1189 1530 ejus
1218 1475 1326 1516 non
1373 1476 1536 1533 posse
1589 1461 1876 1531 pervenire

269 1567 428 1607 meas
454 1551 801 1622 przesentiam
831 1551 1089 1624 syllabas,
1130 1552 1226 1607 sed
1258 1553 1432 1625 magis
1461 1554 1515 1609 in
1546 1552 1876 1622 adiutorium

270 1642 537 1713 piissimae
569 1641 973 1712 praedicationis
1010 1650 1224 1707 vestrm,
1254 1650 1420 1713 atque
1448 1642 1703 1700 solatium
1731 1643 1877 1698 viro-

272 1748 421 1795 ﬂllll,
470 1731 559 1787 vel
600 1729 928 1787 feminarum
973 1732 1316 1787 morantibus
1363 1730 1559 1788 vicinis
1603 1730 1877 1802 Hispaniae

268 1825 545 1896 partibus.
588 1823 969 1898 lmproperans
992 1832 1049 1881 et
1078 1824 1211 1879 mihi
1245 1824 1392 1881 idem
1427 1822 1685 1896 praefatus
1711 1823 1879 1881 Pater

270 1919 596 1975 divitiarum
644 1918 1074 1983 multitudinem,
1129 1932 1414 1974 servorum
1468 1932 1643 1988 usque
1688 1917 1758 1972 ad
1803 1932 1878 1972 xx

802 523 1219 582 noenum.
1261 521 1529 583 -ΜΝ
1569 520 1967 581 sumsum!
2002 520 2182 578 unm
2220 523 2310 579 IV.
2350 553 2422 564 —
2454 520 2676 578 EPIST.
2717 518 3045 581 russus.

266 653 335 695 se
358 635 640 705 offerebat,
676 639 1002 711 quibusdam
1026 642 1082 697 in
1110 640 1245 697 locis
1272 640 1586 699 durioribus
1613 639 1866 711 respondi
1896 643 1945 699 Δ

2314 639 2482 711 862
2506 651 2531 680 ιι
2560 637 2896 695 EPISTOLA
2931 635 3207 693 ALTERA

2596 747 2665 785 AD
2700 746 2926 786 EOSDEM.

2046 823 2344 879 Videbatur
2388 822 2524 878 mihi
2570 823 2896 893 condignum
2941 837 3257 893 prmponcre
3302 821 3561 894 opusculo

1973 911 2102 967 huic
2143 921 2328 967 nostro
2357 912 2661 983 epistolam,
2701 928 2863 982 quam
2894 913 3179 968 cbaritatis
3207 913 3388 971 ofﬁcio
3412 914 3562 971 Patri

1973 1003 2238 1076 Elipando
2273 1004 2406 1061 olim
2428 1003 2457 1042 δ
2486 1006 2682 1072 direxi,
2720 1020 2820 1077 per
2855 1015 3092 1061 vestram
3132 1016 3375 1064 sanctam
3400 1009 3565 1064 devo-

1974 1095 2179 1153 tionem
2216 1107 2271 1153 et
2311 1097 2423 1154 Deo
2458 1098 2759 1169 placentem
2803 1100 3157 1164 cbaritatem;
3199 1101 3341 1156 illius
3367 1101 3565 1158 litteris

1975 1202 2114 1259 quas
2154 1204 2279 1244 meo
2307 1189 2513 1244 nomini
2551 1190 2786 1261 dirigere
2826 1190 3048 1255 studuit,
3097 1192 3421 1249 subnectere
3462 1192 3563 1248 ba-

1975 1279 2111 1335 bens
2140 1296 2383 1335 mearum
2418 1281 2796 1350 responsiones
2823 1282 3174 1354 syllabarum,
3208 1292 3269 1336 ut
3298 1282 3567 1354 intelligat

1976 1370 2067 1440 qui
2113 1369 2277 1440 legat,
2318 1385 2425 1441 qua
2452 1373 2723 1427 cbaritate
2762 1372 2907 1428 illius
2949 1374 3273 1429 veneranda:
3316 1374 3567 1445 dignitati

1977 1460 2314 1531 scripserim,
2340 1460 2427 1517 vel
2464 1478 2571 1532 quo
2616 1463 2800 1518 animo
2850 1464 3173 1534 recepissem
3204 1464 3459 1520 fraternae
3489 1465 3569 1522 di-

1975 1550 2223 1606 lectionis
2246 1551 2509 1608 officium:
2534 1569 2599 1609 ac
2621 1554 2813 1609 deinde
2836 1556 3215 1625 responsiones
3248 1557 3569 1620 catholicas,

1977 1659 2116 1714 quas
2142 1660 2207 1698 ex
2245 1654 2559 1701 sanctorum
2599 1645 2823 1701 Patrum
2871 1648 3032 1703 dictis
3078 1658 3265 1703 contra
3295 1650 3438 1704 illius
3468 1650 3573 1704 im-

1977 1736 2125 1805 piam
2170 1734 2561 1805 profcssionem
2608 1735 2801 1808 collegi
2840 1736 3128 1806 subjicere.
3159 1737 3316 1805 Quod
3343 1754 3481 1810 opus
3511 1740 3569 1796 in

1980 1834 2214 1897 quatuor
2236 1826 2391 1881 libris
2426 1827 2856 1883 terminavimus.
2885 1828 3089 1884 Deinde
3112 1830 3393 1898 epistolam
3426 1832 3571 1888 illius

1983 1918 2230 1990 Elipandi
2260 1920 2329 1974 ad
2356 1917 2591 1974 Felicem
2618 1919 2889 1989 quondam
2920 1920 3064 1975 illius
3105 1920 3445 1977 defensorem
3485 1937 3574 1979 se-

269 2011 452 2067 millia
497 2011 987 2073 numerositatem;
1045 2011 1328 2083 ignorans,
1376 2025 1488 2081 quo
1531 2010 1717 2065 animo
1751 2009 1876 2079 quis
1907 2008 1953 2068 ll
1980 2020 2102 2075 cun,
2137 2026 2283 2066 nunc
2308 2024 2441 2067 vero
2471 2010 2583 2067 Deo
2613 2012 2849 2068 donante
2874 2010 3199 2070 Christianae
3229 2013 3351 2071 ﬁdei
3375 2016 3574 2085 prandi-

274 2105 483 2161 haizeat
526 2102 805 2160 saeculum.
853 2102 1014 2158 Aliud
1058 2111 1143 2158 est
1188 2104 1389 2158 habere
1418 2103 1694 2167 smeulum,
1733 2101 1881 2159 aliud
1979 2110 2258 2163 calorem;
2304 2100 2529 2172 ejusque
2566 2103 2939 2159 conversionis
2969 2105 3035 2160 ad
3062 2103 3222 2160 ﬁdem
3246 2105 3572 2163 catholicam

272 2205 367 2251 est
417 2196 606 2252 haberi
630 2211 663 2251 a
707 2196 929 2252 srcculo.
979 2195 1078 2251 Est
1114 2195 1204 2267 qui
1248 2196 1414 2252 habet
1452 2197 1668 2252 divitias
1694 2204 1752 2251 et
1774 2211 1880 2252 non
1979 2190 2260 2263 epistolam
2284 2193 2562 2263 imponere
2597 2195 2927 2259 curavimus,
2956 2204 3228 2268 quatenus
3251 2211 3318 2251 ex
3345 2196 3430 2253 bis
3458 2214 3605 2255 om--

274 2288 472 2355 habet,
519 2296 605 2343 est
628 2288 722 2359 qui
757 2304 865 2343 non
910 2288 1079 2343 habet
1119 2296 1176 2343 et
1210 2289 1392 2344 habet.
1437 2287 1719 2344 llominem
1750 2303 1882 2345 vero

275 2381 356 2437 ad
387 2396 571 2437 meum
602 2397 880 2452 nunquam
909 2382 1220 2452 comparavi
1249 2383 1551 2447 servitium,
1589 2381 1684 2438 sed
1710 2380 1883 2452 magis

274 2472 481 2529 devota
527 2474 796 2530 cbaritate
838 2474 1094 2530 omnibus
1141 2474 1345 2531 Christi
1393 2475 1487 2531 Dei
1530 2477 1637 2531 mei
1669 2474 1885 2532 famulis

274 2566 491 2622 servire
519 2565 874 2633 desiderans;
912 2567 983 2622 ad
1009 2565 1167 2635 cujus
1191 2566 1401 2624 servitii
1432 2565 1772 2632 facultatem,
1804 2567 1884 2622 di-

276 2658 431 2723 vina,
487 2665 549 2712 ut
588 2657 756 2714 credo
776 2698 791 2725 ,
829 2656 1055 2727 iubente
1099 2658 1518 2729 dispensatione,
1581 2658 1649 2715 ad
1684 2658 1887 2730 glorio—

275 2763 407 2804 sum
436 2756 496 2804 et
530 2749 679 2805 omni
713 2749 921 2805 honore
952 2750 1342 2806 nominandum
1366 2750 1532 2820 hujus
1560 2752 1710 2822 regni
1737 2750 1889 2822 prin-

272 2840 467 2913 cipem
506 2848 564 2896 et
599 2856 787 2914 regem
816 2839 1069 2898 Carolum
1096 2850 1319 2899 vocatus
1345 2843 1558 2908 adveni,
1587 2843 1728 2899 sicut
1751 2842 1887 2897 mihi

275 2932 512 3006 quidam
552 2933 936 2990 sanctissimus
965 2934 1067 3001 vir,
1100 2934 1507 3005 prophetimque
1530 2927 1723 3004 spiritu
1747 2949 1888 3005 prte-

280 3024 454 3092 ditus,
482 3025 576 3082 Dei
598 3042 720 3083 esse
746 3027 1078 3083 voluntatem
1102 3028 1158 3082 in
1183 3043 1301 3083 mea
1329 3027 1653 3100 prmdixerat
1677 3028 1886 3099 patria;

277 3117 459 3175 etiam
508 3126 567 3175 et
614 3127 678 3175 ut
720 3119 805 3175 vir
846 3120 1175 3175 venerabilis
1218 3129 1471 3191 totusque
1518 3120 1631 3176 Deo
1679 3120 1893 3176 deditus

283 3227 448 3269 meus
490 3212 626 3270 mihi
672 3213 989 3268 mandatum
1034 3214 1261 3268 dederat
1308 3214 1590 3283 magister,
1631 3212 1761 3267 utsi
1793 3212 1890 3268 alio

282 3309 419 3365 clibi
464 3323 637 3366 novas
679 3309 923 3366 audirem
952 3311 1086 3366 oriri
1113 3320 1309 3375 sectas,
1340 3320 1397 3367 et
1425 3310 1736 3381 apostolicis
1758 3326 1891 3368 eon-

284 3402 492 3458 trarias
537 3401 821 3470 doctrinis,
854 3419 978 3460 mox
1015 3412 1188 3458 totum
1232 3420 1322 3461 me
1370 3405 1423 3458 in
1472 3403 1754 3460 catholica:
1791 3403 1887 3460 de-

285 3492 541 3550 fensione
581 3493 706 3550 fidei
744 3495 1033 3550 dedissem.
1066 3494 1221 3562 Quod
1255 3496 1505 3568 quamvis
1548 3497 1619 3551 ob
1668 3495 1890 3567 imperi-

289 3585 428 3641 tiam
456 3586 745 3656 parvitatis
793 3602 927 3641 meae
974 3586 1154 3641 minus
1184 3587 1410 3643 idoneus
1441 3585 1660 3653 faciam,
1703 3593 1889 3640 tamen

288 3679 702 3748 promptissima
745 3687 952 3744 mente,
989 3687 1253 3749 quantum
1287 3694 1376 3735 me
1403 3678 1583 3734 divina
1622 3678 1892 3749 adjuverit

289 3771 493 3842 gratia,
538 3771 667 3827 buic
705 3772 1113 3841 pernecessario
1151 3771 1299 3841 operi
1328 3785 1417 3826 me
1444 3770 1754 3840 mancipare
1779 3779 1892 3824 stu-

288 3863 401 3917 deo
421 3876 544 3917 cum
574 3863 889 3918 melioribus
914 3862 1069 3928 meis,
1098 3863 1428 3933 optimisque
1457 3862 1713 3919 Ecclesia:
1736 3860 1894 3918 Chri-

291 3956 370 4011 sti
401 3955 737 4021 doctoribus,
769 3971 999 4025 quorum
1032 3956 1174 4010 bona
1205 3956 1559 4020 abundantia,
1589 3970 1689 4027 per
1717 3956 1897 4010 diver-

292 4065 394 4107 sas
438 4047 641 4105 Christi
702 4049 994 4114 Ecclesias,
1048 4048 1102 4102 in
1160 4049 1265 4105 hoc
1317 4048 1574 4118 praesenti
1624 4047 1898 4118 reperitur

295 4157 489 4214 regno.
531 4140 643 4197 Nec
682 4157 749 4197 eo
792 4142 926 4196 mihi
968 4141 1142 4209 magis
1179 4139 1468 4195 tacendum
1495 4147 1600 4205 est,
1649 4139 1899 4210 quamvis

296 4233 558 4292 meliores
603 4234 735 4289 mihi
774 4234 975 4288 habeat
1020 4231 1262 4288 Ecclesia
1294 4231 1390 4287 Dei
1425 4232 1695 4296 doctores,
1736 4240 1900 4300 atque

298 4328 429 4384 fidei
463 4327 746 4383 catholica:
786 4324 1120 4381 defensores.
1174 4324 1557 4395 Unusquisque
1598 4338 1700 4395 pro
1726 4338 1786 4379 se
1812 4339 1899 4377 ra-

301 4422 508 4477 tionem
552 4418 866 4475 redditurus
915 4418 1042 4483 erit,
1089 4424 1144 4471 et
1192 4417 1286 4486 qui
1332 4416 1455 4487 plus
1505 4414 1737 4479 laborat,
1781 4412 1904 4483 plus

303 4511 575 4568 mercedis
606 4510 856 4580 accipiet.
888 4509 1115 4573 Idcirco,
1155 4505 1486 4563 sanctissimi
1517 4506 1705 4561 Patres
1741 4516 1796 4560 et
1824 4505 1905 4560 di-

304 4602 593 4660 lectissimi
646 4602 864 4666 fratres,
920 4600 1106 4655 sedula
1158 4599 1457 4655 intentione
1507 4604 1671 4667 atque
1718 4594 1907 4651 indeﬁ-

303 4699 472 4757 cicuti
513 4697 712 4753 sudore
740 4696 794 4752 in
822 4694 1211 4765 prmdicatione
1239 4692 1389 4748 verbi
1420 4690 1517 4746 Dei
1556 4698 1613 4745 et
1658 4687 1906 4745 veritatis

308 4792 716 4856 testificatione,
744 4789 1040 4845 secundum
1063 4788 1300 4859 gratiam
1324 4784 1480 4842 vobis
1502 4799 1531 4838 a
1556 4782 1669 4841 Deo
1699 4784 1905 4846 datam,

306 4886 660 4946 devotissime
692 4884 949 4938 'laborate
991 4900 1007 4936 :
1054 4882 1379 4937 exhibentes
1435 4878 1791 4948 vosmetipsos
1852 4876 1906 4930 in

306 4978 723 5039 conversatione
756 4976 1008 5047 religiosa
1046 4973 1300 5030 omnibus
1335 4971 1666 5041 exemplum,
1707 4971 1760 5025 in
1787 4969 1909 5025 ofﬁ—

309 5072 398 5126 cio
423 5068 649 5142 pietatis
675 5066 931 5122 omnibus
959 5074 1160 5137 patres,
1199 5066 1255 5119 in
1294 5062 1552 5118 fraterna:
1601 5062 1909 5118 dilectionis

311 5160 686 5220 admonitione
737 5158 994 5214 omnibus
1041 5156 1276 5221 fratres,
1330 5156 1386 5211 in
1433 5155 1908 5211 administratione

313 5265 463 5307 vera:
509 5248 832 5305 humilitatis
887 5247 1141 5301 omnibus
1187 5245 1368 5312 ﬁlios;
1423 5244 1677 5301 omnibus
1727 5246 1912 5301 omnia

316 5342 475 5406 facti,
505 5350 566 5396 ut
589 5339 834 5395 omnium
861 5336 1008 5392 salus
1041 5346 1095 5391 et
1120 5335 1399 5406 profectus
1426 5336 1482 5391 in
1510 5344 1713 5391 aaterna
1740 5335 1915 5390 beati-

317 5434 528 5499 tudine,
553 5429 712 5506 [Deo]
736 5433 992 5493 donante,
1023 5428 1307 5500 multiplici
1336 5443 1432 5484 vos
1458 5427 1705 5483 mercede
1725 5427 1918 5495 dignos

317 5525 545 5583 efﬁciat.
589 5522 920 5581 incolumem
957 5529 1013 5577 et
1049 5521 1424 5591 proﬁcientem
1453 5520 1509 5577 in
1532 5519 1919 5589 prmdicatione

317 5621 477 5676 verbi
520 5617 619 5673 Dei
664 5616 845 5673 divina
890 5624 1126 5672 vestram
1156 5613 1502 5672 sanctitatem
1526 5614 1701 5687 gratia
1735 5623 1917 5669 custo-

318 5713 460 5777 diat,
493 5709 823 5767 sanctissimi
853 5708 1071 5764 fratres.

396 5864 426 5895 ι
454 5849 606 5908 lianc
626 5846 933 5921 epistolam,
957 5862 1052 5903 seu
1075 5846 1277 5921 prioris
1300 5842 1922 5921 additamentuuLQuer-

320 5930 553 5981 eetanus
575 5922 633 5977 in
659 5915 766 5978 line
808 5919 1038 5989 istorum
1081 5915 1344 5974 librorum
1388 5915 1921 5989 adversusﬂElipan-

324 5998 460 6054 dum
481 5993 748 6050 exhibuit.
777 5988 1061 6051 Rationem
1108 5990 1301 6045 mutili
1328 6003 1359 6045 a
1386 5989 1541 6046 nobis
1583 5988 1810 6055 ordinis,
1849 6002 1918 6045 ex

732 6084 983 6150 Panos
1042 6080 1142 6144 Cl.

1982 2285 2140 2339 nibus
2165 2284 2289 2353 pius
2338 2284 2508 2340 lector
2552 2285 2792 2358 seipsum
2834 2288 3145 2343 consideret
3169 2297 3225 2343 et
3257 2297 3467 2355 caveat,
3496 2290 3577 2346 di-

1980 2376 2106 2430 vina
2133 2375 2433 2446 opitulante
2457 2379 2653 2449 gratia,
2698 2392 2765 2433 ne
2803 2377 2996 2449 laqueo
3041 2379 3318 2451 Hispanici
3368 2384 3578 2438 erroris

1984 2476 2253 2523 teneatur.
2304 2467 2373 2522 Et
2399 2475 2462 2523 ut
2490 2468 2669 2534 video,
2703 2470 2939 2525 maxime
2964 2471 3118 2541 origo
3150 2470 3311 2542 hujus
3336 2472 3577 2543 perﬁdia:

1986 2560 2053 2613 de
2080 2557 2294 2614 Cordua
2320 2557 2545 2615 civitate
2573 2560 2859 2630 processit,
2900 2560 3043 2616 sicut
3075 2562 3133 2617 in
3170 2563 3399 2634 epistola
3435 2563 3582 2620 illius

1985 2649 2231 2720 Elipandi
2262 2651 2332 2706 ad
2359 2650 2597 2708 Felicem
2620 2650 2907 2724 praefatum
2955 2654 3166 2711 directa
3215 2656 3443 2729 intelligi
3478 2673 3579 2729 pu-

1988 2750 2118 2810 test,
2145 2744 2279 2799 dum
2297 2745 2549 2802 eumdem
2572 2745 2811 2803 Felicem
2830 2747 3009 2804 adhuc
3034 2749 3117 2804 sui
3142 2750 3350 2805 erroris
3371 2751 3582 2807 catenis

1987 2836 2343 2891 constrictum
2369 2851 2491 2893 esse
2510 2838 2902 2895 arbitrabatur.
2949 2838 3059 2894 Sed
3102 2837 3216 2895 Deo
3253 2839 3446 2898 melius
3474 2841 3579 2897 ali-

1988 2926 2119 2997 quid
2150 2926 2216 2982 de
2243 2943 2309 2983 eo
2334 2928 2704 2998 dispensante,
2733 2944 2831 2986 eor
2861 2929 3005 2987 illius
3036 2939 3096 2985 ut
3121 2929 3304 2988 lumen
3336 2933 3587 2989 veritatis

1990 3035 2291 3091 agnoscens
2333 3021 2539 3077 rediret
2578 3023 2634 3078 in
2682 3031 2887 3080 sancta:
2927 3025 3121 3080 matris
3167 3023 3426 3082 Ecclesiae
3464 3040 3589 3098 gre-

1993 3114 2183 3177 mium,
2216 3113 2353 3170 dans
2390 3115 2618 3187 gloriam
2664 3116 2800 3183 Deo,
2847 3117 2943 3189 qui
2982 3127 3270 3190 sperantes
3313 3121 3367 3175 in
3392 3133 3452 3176 se
3475 3135 3587 3178 non

1992 3205 2228 3273 deserit;
2277 3207 2418 3262 sicut
2445 3208 2503 3267 in
2531 3207 2646 3265 suis
2668 3207 2890 3275 litteris,
2939 3224 3075 3281 quas
3122 3210 3411 3268 adnectere
3454 3213 3586 3270 huic

1996 3306 2184 3354 nostro
2225 3298 2487 3369 opusculo
2528 3299 2695 3367 volui,
2734 3311 2960 3374 propter
2983 3300 3199 3359 laudem
3222 3304 3459 3362 nominis
3482 3306 3591 3363 Do-

1997 3392 2130 3446 mini
2162 3393 2333 3447 nostri
2359 3390 2488 3449 Jesu
2514 3391 2740 3460 Christi,
2789 3404 2847 3450 et
2870 3395 3103 3452 salutem
3130 3395 3449 3468 legentium,
3474 3412 3592 3453 ma-

1992 3480 2189 3538 nifcste
2229 3482 2502 3555 intelligit,
2547 3484 2641 3555 qui
2686 3484 2870 3542 sobrio
2907 3501 3070 3541 sensu
3120 3488 3339 3543 easdem
3377 3487 3590 3545 litteras

1994 3574 2173 3643 legere
2222 3584 2420 3631 curat:
2448 3583 2719 3645 quatenus
2760 3575 2809 3630 si
2853 3575 2979 3647 quis
3021 3576 3231 3633 dubitet
3271 3576 3338 3633 de
3377 3578 3591 3633 ratione

1990 3668 2277 3724 catholicae
2308 3669 2455 3734 ﬁdei,
2494 3670 2643 3727 illius
2666 3671 2900 3742 religiosi
2930 3672 3032 3727 viri
3061 3680 3117 3728 et
3139 3674 3323 3744 magni
3354 3675 3592 3732 nominis

1996 3763 2139 3815 inter
2182 3777 2312 3817 suos
2352 3763 2581 3819 edoctus
2622 3764 2889 3835 exemplo,
2939 3765 3056 3820 sine
3098 3766 3206 3822 ulla
3257 3766 3595 3823 dubitatione

1996 3852 2325 3907 universalis
2365 3851 2624 3910 Ecclesia:
2654 3869 2887 3924 sequens
2912 3858 3280 3921 concordiam,
3331 3857 3513 3913 laudet
3538 3867 3599 3913 et

1994 3944 2258 4014 praedicet
2298 3944 2729 4001 misericordiam
2774 3944 2867 4001 Dei
2902 3947 3321 4016 omnipotentis,
3359 3948 3450 4020 qui
3486 3963 3592 4003 non

1998 4033 2109 4089 vult
2155 4044 2378 4091 mortem
2421 4036 2732 4107 peccatoris,
2772 4036 2864 4090 scd
2909 4046 2968 4090 ut
3013 4046 3349 4093 convertatur
3376 4048 3425 4093 et
3457 4040 3597 4093 vivat

2002 4129 2222 4201 (Ezech.
2269 4146 2464 4194 XXXIII,
2496 4130 2608 4201 ll).
2647 4131 2757 4187 Vos
2796 4145 2950 4196 vero,
2999 4129 3336 4187 dilectissimi
3376 4130 3594 4197 fratres,

2002 4224 2186 4278 sedula
2216 4223 2502 4279 devotione
2532 4222 2795 4295 perlegite
2820 4224 2936 4279 hmo
2960 4224 3167 4289 omnia,
3192 4224 3507 4296 priusquam
3538 4225 3595 4280 in

2002 4314 2252 4385 publicas
2296 4316 2591 4386 procedere
2636 4332 2797 4373 aures
2848 4318 3043 4372 harum
3080 4317 3251 4373 series
3295 4317 3600 4375 litterarum

2006 4406 2237 4462 faciatis.
2267 4406 2382 4477 Ego
2404 4407 2671 4478 siquidem
2702 4409 2755 4462 in
2779 4409 3085 4479 procinctu,
3110 4410 3181 4466 ob
3202 4407 3368 4465 vestri
3391 4408 3604 4466 itineris

2007 4498 2436 4565 festinationem,
2468 4500 2585 4555 haec
2607 4500 3006 4570 qualiacunque
3056 4508 3206 4566 sunt,
3254 4500 3478 4568 dictavi,
3525 4499 3602 4556 ita

2006 4598 2071 4646 ut
2098 4591 2229 4646 mihi
2273 4600 2486 4664 tempus
2522 4590 2791 4663 relegendi
2838 4591 2922 4645 vel
2975 4592 3299 4648 emendandi
3339 4606 3446 4648 non
3490 4588 3599 4647 fuit

2013 4684 2285 4746 idoneum,
2331 4690 2528 4740 vestrae
2572 4682 2860 4738 cbaritalis
2905 4691 3193 4739 contentus
3230 4682 3609 4739 tantummodo

2012 4774 2243 4830 lectione
2273 4782 2437 4844 atque
2466 4774 2868 4830 emendatione.
2900 4772 2960 4827 Si
2987 4773 3208 4843 dignum
3250 4780 3447 4829 vestra:
3480 4787 3611 4829 con-

2010 4868 2329 4924 sidcrationi
2384 4867 2666 4930 videatur,
2724 4866 2967 4922 fraterno
3013 4864 3283 4920 ostendite
3335 4872 3608 4920 conventu

2009 4958 2184 5032 {Leg.,
2216 4957 2564 5031 conventui]:
2596 4959 2680 5013 sin
2732 4965 2914 5013 autem
2956 4953 3059 5011 sub
3096 4955 3305 5026 gremio
3349 4953 3609 5025 piissimm

2012 5051 2299 5107 cbaritatis
2356 5060 2550 5107 vestras
2600 5050 2940 5114 abscondite,
3005 5049 3179 5104 donec
3232 5045 3381 5102 omni
3434 5043 3608 5120 [Leg.,

2012 5144 2316 5217 communi]
2346 5144 2576 5201 consilio
2604 5151 2922 5207 tractemus,
2957 5140 3090 5210 quid
3120 5140 3187 5196 de
3214 5139 3319 5194 hoc
3345 5137 3613 5210 agendum

2014 5241 2085 5295 sit
2105 5254 2291 5309 opere.
2325 5236 2531 5293 Tamen
2586 5234 2820 5290 ﬁrmiter
2860 5233 3069 5303 absque
3118 5229 3229 5285 ulla
3275 5228 3615 5285 dubitatione

2014 5342 2330 5390 sanctorum
2360 5329 2651 5401 sequimini
2680 5326 2904 5399 vestigia
2930 5325 3176 5388 Patrum,
3206 5332 3262 5379 et
3289 5320 3615 5379 catholicam

2018 5426 2202 5490 ﬁdem,
2232 5438 2394 5496 quam
2432 5420 2620 5477 multis
2648 5420 2959 5475 roboratam
2990 5414 3316 5472 testimoniis
3350 5412 3613 5485 aspicitis,

2021 5525 2213 5575 tenete
2232 5524 2289 5570 et
2311 5513 2605 5585 prmdicate
2638 5529 2651 5565 :
2679 5525 2780 5565 nec
2824 5517 3036 5565 tantum
3076 5505 3483 5561 considerantes
3515 5504 3621 5560 im-

2023 5609 2215 5680 peritae
2253 5607 2451 5678 lingua:
2488 5605 2543 5658 in
2585 5617 2673 5657 me
2716 5600 3051 5664 tarditatem,
3082 5604 3345 5669 quantum
3381 5594 3437 5650 in
3468 5592 3621 5650 testi-

2028 5702 2226 5758 moniis
2246 5698 2470 5755 Patrum
2495 5694 2783 5751 catholica:
2807 5690 2933 5747 ﬁdei
2956 5688 3263 5745 veritatem.
3301 5680 3409 5743 Sed
3435 5691 3493 5741 et
3515 5681 3622 5739 huc

2030 5844 2147 5908 ipso
2199 5838 2357 5908 hujus
2404 5832 2758 5908 additamenti
2806 5827 3464 5908 tenoredepromptam;
3523 5816 3623 5882 ἀο-

2031 5894 2209 5970 iﬁmus
2228 5894 2395 5983 supra
2414 5908 2471 5983 in
2493 5905 2706 5983 _llonito_
2729 5894 3410 5983 prmvio,circa-medium.

2105 5966 2132 6025 Β
2160 5966 2316 6038 Anne
2337 5979 2461 6051 799,
2477 5978 2604 6035 dum
2627 5966 2807 6048 primo
2831 5972 2970 6027 irent
2995 5970 3049 6025 in
3079 5966 3413 6037 Hispaniam.

3152 6058 3193 6121 8
