4136 6600
586 444 696 503 ass

1449 440 1507 497 Β.
1547 441 1610 497 ιτ.
1649 442 1877 498 ALBINI
1917 441 2048 497 SEU
2088 436 2366 494 ALCL'lNl
2403 437 2687 495 OPlIilUM
2722 437 2904 494 PARS
2942 437 3028 493 ill.

3777 431 3875 490 256

593 559 949 622 considente,
990 571 1059 612 an
1098 557 1198 614 bas
1237 555 1392 612 vobis
1435 559 1568 615 utile
1612 558 1861 614 videatur
1911 556 2181 612 litterulas
2208 559 2258 618 Α
2285 556 2454 627 igitur
2494 558 2562 611 ab
2610 557 2724 624 ipso
2773 557 2883 612 Deo
2925 557 3020 612 Dei
3068 554 3204 611 l-‘ilio
3236 556 3529 628 praedicata
3551 566 3635 611 cst
3665 555 3719 610 in
3749 555 3880 610 duo-

595 651 869 724 llispanize
893 646 1154 704 fratribus
1185 648 1440 719 dirigere,
1473 648 1520 703 si
1552 647 1691 704 forte
1728 657 2190 719 opportunusoe-

590 752 782 803 currat
813 742 972 797 vobis
1011 741 1268 812 portitor.
1315 740 1452 796 illud
1481 753 1698 811 quoque
1718 740 1875 795 vobis
1899 754 2188 794 onerosum

597 853 704 894 non
727 835 994 898 videatur,
1028 840 1321 902 antequam
1345 834 1411 888 de
1441 834 1661 888 civitate
1689 834 1848 900 eatis,
1875 841 1935 887 ut
1955 831 2192 900 iubeatis

594 929 768 1000 ligare
813 935 869 982 et
911 926 1217 990 involvere,
1274 934 1331 981 et
1372 927 1426 981 in
1477 927 1696 982 modum
1740 926 1903 982 unius
1946 925 2193 995 corporis

595 1031 924 1089 componere
989 1016 1091 1070 has
1148 1017 1575 1086 quaterniones;
1640 1029 1711 1071 ne
1761 1023 1908 1071 sorte
1957 1015 2191 1084 sparsim

597 1117 771 1178 raptae
814 1108 1196 1177 disperguntur
1221 1121 1318 1177 per
1345 1122 1539 1162 manus
1566 1105 1881 1176 legentium,
1919 1105 2005 1160 vel
2032 1104 2195 1160 forsi-

596 1211 692 1259 tan
721 1199 1076 1256 invidentium
1118 1200 1320 1253 nomini
1346 1215 1507 1264 meo;
1547 1199 1642 1254 sed
1668 1199 1822 1269 quasi
1854 1214 2018 1252 tinum
2044 1197 2195 1252 codi-

595 1308 716 1352 cem
764 1293 963 1347 habete
1007 1290 1126 1345 haec
1174 1289 1356 1343 omnia
1403 1289 1612 1360 pariter
1660 1290 1996 1359 composita;
2046 1295 2103 1343 et
2145 1288 2192 1343 si

595 1382 837 1456 quolibet
859 1381 1095 1451 dirigere
1133 1379 1319 1444 vultis,
1369 1380 1641 1436 scribatur
1666 1388 1723 1433 et
1760 1379 2042 1444 mittatur;
2075 1379 2193 1432 bam

595 1491 730 1532 vero
756 1490 884 1545 pars
923 1474 1202 1531 vobiscum
1248 1482 1490 1538 maneat,
1519 1473 1691 1528 donec
1725 1472 1940 1527 volente
1967 1471 2079 1526 Deo
2107 1483 2195 1524 re-
2224 1501 2229 1509 -

597 1569 811 1624 versuri
837 1568 959 1623 sitis
991 1567 1058 1621 ad
1100 1582 1218 1620 nos.
1261 1565 1438 1620 Etiam
1468 1564 1665 1620 litterae
1690 1579 1792 1634 pro
1821 1580 1908 1618 me
1937 1561 2195 1617 fraternis

595 1657 747 1732 loqui
773 1667 1000 1731 possunt
1040 1659 1287 1722 auribus,
1319 1658 1363 1712 si
1392 1671 1486 1711 eas
1511 1656 1799 1711 ostendere
1825 1653 1910 1710 vel
1938 1654 1992 1709 in
2017 1652 2196 1722 publi-

2291 645 2393 700 bus
2421 646 2644 700 minutis
2663 647 3023 717 pauperrimae
3050 645 3224 701 vidua:
3244 646 3590 702 sanctissima
3617 647 3830 701 devotio
3859 663 3874 700 :

2288 751 2397 790 non
2432 751 2530 806 ego
2557 737 2662 790 duo
2691 737 2899 791 minuta
2928 740 2984 792 in
3017 736 3274 808 templum
3304 735 3552 792 Romano
3573 738 3870 808 periturum

2290 827 2540 882 inccndio
2575 828 2780 889 defero,
2813 829 2910 883 sed
2929 829 3038 883 duo
3078 843 3272 899 magna
3311 836 3576 898 prmonpta
3604 829 3880 883 charitatis

2290 919 2345 974 in
2378 919 2632 990 templum
2664 921 2760 976 Boi
2794 921 2920 987 vivi,
2947 921 3183 975 animam
3209 919 3418 976 scilicet
3441 919 3764 975 sacerdotali
3804 919 3879 973 di-

2289 1012 2496 1082 gnitate
2514 1013 2930 1083 praerogativam
2960 1011 3166 1085 [ἴον-ιε,
3201 1020 3258 1068 et
3288 1012 3650 1084 praerogativa
3685 1013 3876 1082 praedi-

2291 1103 2428 1175 tam]
2457 1103 2647 1160 oll'ero.
2700 1104 2810 1159 Nec
2838 1105 2918 1160 fas
2948 1115 3032 1160 est
3056 1105 3318 1160 vilitatem
3347 1104 3543 1178 [Edit.,
3567 1103 3876 1176 utilitatem]

2290 1196 2570 1253 oﬂ'ercntis
2589 1214 2863 1268 spernere,
2885 1199 2980 1253 sed
3001 1214 3159 1270 magn
3167 1197 3426 1253 itudincm
3448 1197 3692 1252 muneris
3711 1197 3883 1254 consi-

2289 1289 2503 1345 derare.
2555 1289 2633 1344 Tu
2682 1290 2828 1344 enim
2876 1304 2969 1354 es,
3019 1289 3362 1345 sanctissime
3411 1289 3649 1359 prmsul,
3693 1288 3883 1343 civitas

2292 1398 2457 1452 super
2476 1391 2712 1437 montem
2729 1383 2925 1453 posita,
2943 1397 3064 1452 quae
3083 1380 3391 1438 nullatenus
3413 1381 3670 1437 abscondi
3686 1387 3879 1451 βρίθει.

2290 1475 2445 1543 cujus
2483 1491 2672 1530 murus
2710 1490 3052 1545 nequaquam
3097 1475 3259 1531 debet
3302 1473 3578 1529 insidiosis
3619 1472 3880 1528 cuniculis

2289 1567 2584 1636 cujuslibet
2617 1566 2858 1637 perﬁdia:
2891 1565 3088 1622 alicubi
3112 1565 3412 1636 perforari,
3448 1566 3543 1620 sed
3573 1566 3882 1621 ﬁrmissimo

2294 1661 2575 1716 catboiiea‘
2604 1660 2726 1715 ﬁdei
2753 1660 3050 1715 munimine
3084 1675 3149 1714 ea
3179 1659 3328 1715 omni
3355 1670 3511 1729 parte
3533 1659 3878 1719 circumdari,

596 1768 721 1810 cum
748 1750 1047 1822 procedere
1088 1757 1286 1804 vestire
1321 1748 1532 1818 placeat
1569 1747 1890 1818 prudentim.
1919 1744 2195 1814 Quidquid
2293 1759 2356 1804 ut
2385 1752 2814 1821 inexpugnabilis
2838 1752 3076 1822 undique
3113 1752 3181 1806 ad
3217 1751 3444 1806 salutem
3487 1753 3653 1807 totius
3685 1752 3882 1823 populi,

593 1845 655 1900 in
693 1843 775 1900 cis
815 1843 1062 1899 veritatis
1109 1839 1491 1911 astipulatione
1533 1839 1845 1894 roboratum
1886 1838 2192 1903 invenietis,
2295 1843 2471 1911 quiin
2509 1851 2563 1896 te
2592 1842 2811 1912 gaudet,
2839 1850 2902 1896 et
2938 1842 3009 1896 ad
3050 1842 3126 1897 uti
3167 1844 3279 1898 oris
3319 1844 3602 1914 imperium
3643 1844 3882 1914 respicit,

596 1934 691 1991 Dei
713 1935 915 1991 donum
941 1943 1064 1990 est:
1095 1933 1142 1988 si
1166 1929 1299 2002 quid
1325 1947 1506 1995 secus,
1537 1929 1684 2000 quod
1709 1930 1872 1994 absit,
1901 1927 2191 1998 inspieitis,
2226 1932 2269 1992 Β
2294 1941 2628 2004 permaneat.
2673 1933 2784 1989 Nec
2822 1934 2954 1988 mihi
2987 1942 3090 1997 est,
3135 1933 3299 1990 Pater
3328 1937 3552 2005 optimc,
3603 1945 3782 1992 tecum
3829 1937 3880 1990 in

596 2026 903 2098 ignorantis
930 2025 1095 2079 animi
1127 2023 1438 2094 cognoscite
1473 2035 1737 2077 errorem.
1783 2019 1842 2074 In
1880 2019 1988 2074 illis
2023 2020 2190 2083 totius

593 2116 854 2173 bonitatis
898 2115 1116 2169 laudate
1168 2112 1504 2183 largitorem,
1553 2111 1608 2166 in
1653 2109 1775 2166 istis
1815 2107 2061 2165 fraterno
2095 2125 2192 2180 pu-

595 2210 737 2264 mice
779 2208 1036 2280 corrigite
1079 2206 1424 2278 scriptorem.
1460 2205 1744 2259 Patienter
1771 2203 1916 2258 enim
1943 2203 2034 2273 pia
2065 2206 2194 2259 cha-

594 2304 731 2359 ritas
759 2301 1126 2358 columbinum
1151 2299 1380 2355 suil‘erre
1403 2299 1565 2354 debet
1590 2297 1830 2363 oculum,
1860 2297 2002 2352 sicut
2024 2297 2188 2369 863

594 2377 892 2466 prudenter
932 2395 1265 2464 serpentium
1313 2393 1520 2448 evitare
1560 2392 1778 2447 dentem
1819 2405 2043 2446 necesse
2085 2398 2187 2446 est.

591 2489 894 2558 Qumrenda
932 2496 1018 2544 est
1063 2488 1262 2558 ubique
1309 2487 1458 2543 omni
1502 2487 1761 2542 instantia
1804 2488 2189 2541 conservorum

593 2580 744 2635 salus
784 2588 1117 2644 nostrorum,
1160 2579 1278 2634 sive
1299 2579 1357 2632 in
1394 2578 1786 2648 prmdicatione
1815 2577 2187 2647 praesentium,

595 2673 711 2727 sive
757 2673 813 2728 in
853 2671 1160 2726 litterarum
1200 2671 1581 2726 exhortatione
1626 2669 1969 2734 absenti-um,
1999 2676 2062 2722 ut
2095 2681 2192 2724 nc-

594 2765 730 2821 mini
778 2766 922 2823 desit
957 2766 1023 2821 ad
1067 2781 1167 2821 nos
1207 2766 1598 2835 pertinentium
1646 2775 1847 2821 nostra:
1890 2765 2191 2821 devotionis

593 2855 838 2926 aﬂ'ectus,
852 2857 908 2912 in
930 2857 1200 2913 desiderio
1214 2865 1491 2928 perpetua:
1502 2857 1878 2927 proSperitatis
1900 2864 1952 2912 et
1975 2855 2186 2911 salutis.

878 2981 902 3008 ⁸
943 2969 1279 3027 EPISTOLA
1315 2969 1542 3026 ALBlN]
1579 2969 1908 3026 MAGISTRI

810 3083 878 3122 AD
922 3081 1224 3121 ELIPANDUM
1279 3080 1600 3119 'I'OLETANUH
1652 3078 1970 3129 EPISCOPUI,

908 3157 1382 3214 Cohortatoria‘in
1420 3157 1686 3212 catholica
1725 3154 1848 3211 ﬁde.

598 3251 897 3308 Venerabili
927 3261 972 3304 et
1013 3251 1067 3303 in
1098 3246 1295 3304 Chm’sti
1329 3247 1585 3303 charitate
1619 3245 1838 3301 amabili
1875 3243 2028 3298 Patri
2069 3243 2185 3299 Eli-

2291 2020 2396 2075 bac
2424 2022 2711 2091 parvitatis
2736 2038 2871 2079 meae
2893 2024 3140 2079 chartula
3171 2023 3487 2095 disceptatio
3508 2024 3885 2092 subiimis,sed

2290 2113 2617 2184 supplicatio
2636 2115 2878 2180 humilis,
2899 2117 3099 2171 obnixe
3118 2117 3436 2186 deprecans,
3456 2127 3514 2173 ut
3533 2118 3883 2190 apostolicam

2289 2204 2593 2260 doctrinam
2622 2206 2677 2261 in
2715 2206 2982 2262 catholica
3009 2208 3218 2263 unitate
3246 2215 3302 2263 et
3338 2224 3493 2280 pace,
3539 2217 3652 2265 tota
3689 2210 3887 2267 mentis

2291 2298 2589 2355 intentione
2616 2302 2874 2371 consequi
2903 2303 3143 2370 audeas,
3167 2313 3223 2359 et
3247 2305 3444 2374 populo
3473 2305 3568 2360 tibi
3594 2305 3885 2361 connmisso

2291 2389 2367 2445 sis
2383 2389 2609 2460 signifer
2627 2391 2696 2446 ad
2709 2393 3058 2465 semiterna:
3077 2394 3426 2453 beatitudinis
3443 2397 3878 2468 prosperitatem.

2287 2481 2400 2540 Nec
2429 2500 2566 2540 nova
2594 2485 2847 2555 quaelibet
2872 2489 3090 2544 nmnina
3118 2491 3409 2560 permittas
3446 2493 3691 2562 paternis
3721 2491 3884 2548 inseri

2290 2575 2704 2642 traditionibus;
2735 2577 2832 2633 sed
2857 2578 3118 2649 quidquid
3143 2582 3450 2653 evangelica
3479 2583 3800 2648 anchritus,
3830 2591 3885 2636 et

2289 2666 2587 2737 apostolica
2614 2667 2869 2740 dignitas,
2899 2677 2955 2726 et
2978 2679 3199 2739 paterna
3228 2675 3510 2740 sanctitas,
3542 2685 3597 2730 et
3616 2675 3883 2730 carliolicu

2289 2763 2471 2819 unitas
2495 2763 2596 2819 tibi
2626 2765 2852 2820 suadeat
2875 2764 2944 2820 de
2979 2765 3202 2821 Christo
3232 2768 3440 2839 dicere,
3493 2767 3572 2823 vel
3607 2768 3885 2824 Christum

2288 2855 2594 2921 nominare,
2625 2855 2729 2912 hoc
2751 2856 2962 2926 placeat
2989 2859 3264 2913 sanctitati
3304 2870 3410 2914 tua:
3446 2873 3652 2923 amare,
3695 2860 3888 2931 pracdi-

2290 2963 2418 3004 care
2462 2956 2520 3004 et
2560 2948 2822 3004 credere:
2864 2965 2969 3005 nec
3009 2965 3205 3005 novum
3244 2953 3550 3023 adoptionis
3591 2970 3792 3009 neuneu
3832 2954 3886 3008 in

2290 3040 2528 3104 Christo,
2553 3049 2608 3096 et
2635 3041 2704 3096 ab
2730 3041 2885 3097 initio
2910 3042 3219 3113 apostolicae
3249 3045 3650 3114 prmlicationis
3680 3046 3882 3101 mundo

2292 3135 2613 3200 inauditum,
2652 3135 2936 3204 permittas
2962 3136 3168 3197 sonori.
3201 3137 3286 3191 vel
3315 3136 3444 3208 legi,
3483 3137 3564 3194 vcl
3599 3139 3888 3208 prmdicari

2289 3225 2616 3282 Christianis
2643 3225 2886 3281 auribus.

1595 3295 2184 3391 filium-Albinus
2212 3295 2257 3359 ί)
2358 3318 2422 3374 ll.
2460 3317 2716 3390 Legimus
2753 3317 2900 3374 enim
2938 3317 2995 3375 in
3035 3319 3276 3389 epistolis
3318 3319 3464 3376 beati
3513 3319 3727 3387 Felicis,
3779 3323 3882 3379 viri

661 3391 818 3449 levita
863 3391 1104 3446 salutem.

662 3506 705 3562 Ι.
749 3504 1020 3560 Pcrt‘ectio
1046 3502 1300 3558 l'ratema:
1319 3502 1606 3559 charitatis
1627 3502 1683 3558 in
1707 3501 1971 3573 gremium
1991 3498 2185 3572 pacili-

593 3615 670 3655 (ιω
701 3597 854 3670 [ϐοά.
897 3597 1102 3664 Parim,
1139 3596 1192 3650 in
1235 3596 1498 3668 gremium
1537 3595 1688 3666 pacis
1732 3593 1914 3667 atque]
1960 3594 2186 3677 unitatis

592 3693 792 3748 multos
836 3691 1091 3761 colligere
1134 3690 1339 3745 amicos
1382 3689 1576 3762 gaudet
1615 3687 1803 3762 [lbid.,
1843 3687 2188 3744 concorditer

590 3782 832 3856 gaudet],
855 3792 915 3838 et
939 3783 1210 3852 quoddam
1237 3781 1536 3838 arbitratur
1563 3785 1684 3836 esse
1711 3780 2050 3850 dispendium
2081 3780 2184 3835 sibi

590 3878 718 3950 ipsi,
744 3877 793 3932 si
823 3891 930 3932 non
958 3875 1194 3946 seipsum
1219 3874 1380 3930 latius
1409 3873 1792 3929 commendare
1813 3872 1996 3928 studet
2015 3871 2085 3927 ad
2105 3873 2188 3926 vi-

592 3983 686 4025 ros
714 3966 909 4023 fumosi
935 3967 1169 4022 nominis
1198 3973 1254 4021 et
1281 3964 1513 4021 laudatae
1537 3966 1777 4037 pictatis,
1797 3973 1866 4021 ut
1893 3965 1966 4021 sit
1992 3966 2187 4021 unani-

591 4063 755 4118 initas
823 4059 1080 4132 spiritalis
1150 4073 1292 4114 veru:
1355 4058 1700 4124 dilectionis,
1752 4057 1880 4113 licet
1935 4057 2183 4128 qumdam

591 4154 708 4228 [sit]
755 4153 1026 4224 separatio
1068 4151 1366 4222 corporalis
1408 4151 1654 4207 visionis.
1702 4151 1828 4206 Haec
1866 4166 1986 4206 mea
2024 4151 2178 4224 [Cod.

592 4243 772 4300 Paris.
801 4285 816 4311 ,
869 4241 1103 4314 mecum]
1168 4241 1479 4313 diligentius
1535 4243 1885 4298 considerans
1942 4243 2184 4313 parvitas

593 4335 780 4407 [lbid.,
813 4336 1052 4405 parvitas
1090 4332 1254 4404 mea],
1295 4333 1558 4401 meipsum
1591 4332 1954 4388 sacrosanctis
1990 4341 2183 4387 vestrae

592 4429 943 4486 beatitudinis
981 4427 1337 4490 orationibus,
1366 4425 1547 4479 multis
1590 4425 1864 4493 precibus,
1906 4425 1989 4478 vir
2023 4440 2182 4480 vene-

593 4521 778 4583 rande,
809 4519 1122 4587 diligentius
1149 4517 1531 4572 commendare
1579 4515 1781 4570 studui.
1828 4513 1976 4585 Opus
2025 4512 2179 4587 [ϐοά.

597 4611 795 4675 Paris.,
822 4608 1053 4679 Optans]
1080 4651 1093 4672 ,
1125 4616 1305 4663 vestra
1333 4607 1675 4662 sanctissima
1704 4606 1992 4661 dilectione
2021 4608 2179 4662 auxi-

593 4705 758 4758 liante
784 4702 974 4774 [Ibid.,
1004 4701 1113 4756 Deo
1147 4699 1488 4771 auxiliante],
1529 4697 1796 4769 prolicere
1838 4698 1906 4753 ad
1949 4699 2178 4755 salutem

592 4795 786 4848 animae
817 4809 966 4857 ιιιυίε,
998 4803 1054 4846 ut
1080 4800 1133 4846 et
1161 4801 1340 4847 vestra
1373 4805 1582 4847 merces
1605 4806 1673 4846 ex
1705 4799 1890 4846 nostro
1918 4800 2181 4863 augeatur

590 4884 857 4953 profectu,
888 4894 944 4937 et
968 4899 1085 4939 mea
1109 4883 1390 4954 diligentia
1413 4884 1568 4937 homo
1595 4883 1886 4938 voluntatis
1911 4882 2067 4938 vobis
2088 4883 2179 4937 ali-

591 4975 720 5044 quid
751 4972 991 5029 conferat
1019 4974 1071 5027 in
1100 4973 1382 5029 charitatis
1405 4973 1580 5028 cilicio
1611 4989 1626 5026 :
1653 4981 1921 5043 quatenus
1952 4973 2180 5030 Domino

593 5068 703 5121 Deo
734 5076 919 5120 uestro
951 5063 1076 5118 Jesu
1108 5065 1326 5119 (litristo
1361 5073 1556 5119 vestrm
1597 5064 1920 5119 humilitatis
1950 5064 2005 5119 in
2041 5065 2178 5121 dile-

593 5157 768 5212 ctione
793 5155 1029 5210 fraterna
1061 5156 1475 5210 communicatio
1500 5156 1728 5225 placeat,
1758 5164 2029 5211 etnostrae
2059 5173 2182 5226 par-

591 5248 776 5301 vitatis
817 5249 868 5302 in
912 5245 1083 5301 salute
1117 5245 1407 5301 multorum
1450 5247 1798 5316 acceptabilis
1835 5247 1903 5300 sit
1943 5247 2176 5302 devotio.

591 5340 949 5410 Consequitur
973 5340 1118 5393 enim
1146 5336 1300 5410 [ϐοά.
1341 5337 1482 5402 Vat.,
1507 5338 1731 5394 Constat
1751 5337 1916 5410 enim]
1941 5350 2177 5396 vestram

591 5432 932 5488 dilectionem
970 5445 1162 5498 magna
1194 5431 1556 5484 remuneratio
1583 5429 1724 5499 apud
1758 5428 1930 5484 Deum
1951 5441 2025 5486 -et
2061 5432 2179 5502 piu-

591 5525 728 5581 rima
751 5526 896 5578 inter
918 5524 1162 5578 homines
1179 5521 1436 5587 laudatio,
1467 5521 1514 5575 si
1544 5520 1769 5576 fraterni
1787 5524 1996 5578 consilii
2016 5524 2070 5579 in
2092 5539 2180 5580 cc-

590 5615 890 5670 etesiastioa
912 5628 1043 5683 pace
1062 5627 1169 5665 non
1197 5611 1560 5680 dedigncmini
1587 5613 1828 5682 recipere
1849 5612 2174 5683 profectum.

661 5761 684 5786 α
723 5746 779 5798 in
816 5747 934 5800 cod.
974 5745 1094 5799 Vat.
1125 5744 1314 5814 titulus
1343 5761 1354 5797 :
1387 5742 1621 5814 Epistula
1657 5747 1831 5799 Albini
1864 5745 2181 5803 Turonensis

591 5818 792 5870 abbatis
822 5817 896 5888 ml
925 5815 1224 5888 Elipantum
1238 5813 1907 5888 Ioletaitumepiscopum.
1947 5819 2004 5872 lu
2037 5821 2185 5875 codi-

593 5904 652 5942 ce
701 5903 825 5942 vero
875 5885 1465 5956 PuriSic:tsi:Ept'stola
1514 5885 1687 5942 Albini
1736 5889 1804 5942 ad
1851 5889 2182 5960 .“E'lipantum

2211 4665 2261 4724 Ι)

2288 3413 2497 3469 scilicet
2527 3412 2794 3480 religiosa:
2832 3412 2958 3467 vitm
2983 3414 3238 3483 pt‘mciptri
3269 3422 3326 3468 ct
3352 3415 3645 3470 sanctitate
3667 3427 3892 3488 specta-

2285 3504 2433 3571 bilis,
2465 3504 2509 3560 si
2537 3504 2861 3560 catholicam
2887 3504 3048 3560 fidem
3068 3516 3123 3560 et
3144 3507 3566 3562 ecclesiasticam
3594 3509 3885 3576 unitatem,

2287 3596 2406 3652 sine
2425 3611 2527 3665 qua
2543 3596 2720 3652 nullus
2739 3597 2852 3653 Deo
2863 3597 3078 3667 placere
3092 3607 3292 3670 potest,
3309 3615 3495 3655 amre
3507 3609 3564 3657 et
3589 3602 3890 3672 przedicarc

2285 3686 2446 3754 velit;
2474 3687 2604 3742 dicit
2630 3689 2832 3760 itaque,
2865 3707 2881 3739 ι
2909 3699 3132 3759 propter
3157 3693 3583 3761 assnniptionem
3605 3693 3888 3750 Christum

2285 3796 2407 3836 esse
2439 3780 2752 3851 adoptivum
2781 3801 2794 3834 :
2819 3803 2837 3834 ι
2881 3782 3062 3838 minus
3100 3785 3475 3853 considerans,
3512 3802 3625 3843 non
3666 3803 3888 3844 omnem

2285 3873 2713 3943 assumptionem
2750 3871 2917 3945 884
2961 3874 3305 3944 adoptionem
3352 3892 3494 3944 esse,
3541 3879 3669 3935 licet
3705 3882 3888 3936 omnis

2285 3963 2506 4034 adoptio
2528 3963 2773 4033 quaedam
2809 3964 2880 4019 sit
2909 3967 3226 4036 assumptio.
3272 3967 3498 4041 Legitur
3533 3968 3690 4043 [ϐοά.
3735 3971 3884 4037 ναι,

2285 4055 2564 4128 Legimus]
2599 4057 2654 4112 in
2700 4056 2994 4126 Evangelia
3023 4059 3242 4115 Petrum
3271 4062 3573 4132 apostolum
3607 4065 3885 4122 Christum

2283 4150 2643 4219 assumpsisse
2661 4158 2717 4205 et
2751 4151 3063 4222 increpasse
3086 4150 3302 4223 (Matth.
3349 4172 3462 4221 xw,
3498 4156 3622 4230 2'2);
3664 4173 3766 4215 nec
3801 4159 3884 4215 fas

2283 4253 2367 4296 est
2405 4242 2528 4297 ideo
2555 4258 2682 4297 eum
2709 4253 2900 4313 putare
2947 4246 3050 4300 sibi
3093 4246 3144 4300 in
3189 4246 3358 4302 tilium
3405 4250 3712 4322 adeptasse,
3755 4253 3884 4323 quia

2283 4334 2643 4404 assumpsisse
2686 4351 2811 4390 cum
2851 4336 3072 4392 dicitur.
3122 4339 3258 4395 item
3292 4342 3349 4396 in
3402 4342 3693 4416 Evangelia
3749 4348 3885 4401 seri-

2281 4432 2432 4493 ptum
2456 4434 2580 4481 est:
2616 4426 2680 4479 Et
2711 4430 2990 4498 assumpsit
3019 4447 3136 4486 cum
3171 4432 3414 4489 diabolus
3441 4436 3495 4490 in
3531 4449 3769 4493 sanctam
3807 4442 3883 4495 ci-

2283 4518 2492 4571 t'itatem
2531 4515 2742 4589 (Matth.
2773 4534 2849 4584 tv,
2880 4519 2955 4591 5).
3009 4522 3188 4589 Vides,
3219 4525 3544 4582 charissimc
3566 4533 3624 4584 et
3648 4532 3881 4586 sanctis-

2283 4609 2419 4664 sime
2452 4607 2634 4674 Pater,
2655 4625 2818 4678 quam
2839 4610 2998 4684 longe
3019 4622 3104 4670 est
3128 4619 3429 4688 assumptio
3450 4621 3505 4674 in
3528 4619 3631 4676 hoc
3659 4621 3782 4678 loco
3810 4625 3879 4678 ab

2286 4701 2595 4771 adoptione.
2638 4702 2707 4756 Et
2746 4703 2789 4758 si
2835 4718 3058 4762 necesse
3083 4717 3165 4764 est
3194 4721 3417 4779 propter
3453 4716 3876 4784 assumptioneut

2288 4793 2601 4864 adoptivum
2639 4810 2760 4851 esse
2799 4795 3100 4866 Christmn,
3147 4801 3233 4856 cui
3276 4817 3524 4871 personm
3552 4817 3636 4864 est
3673 4818 3878 4866 saneta:

2287 4883 2569 4940 Trinitatis
2591 4885 2913 4956 adoptivus?
2959 4889 3156 4961 Utique
3184 4892 3344 4948 Filii:
3371 4897 3498 4964 quia
3533 4897 3655 4954 Filii
3689 4917 3879 4972 perso-

2286 4992 2356 5031 na
2380 4979 2675 5046 assumpsit
2709 4979 2981 5035 hominem
3015 4983 3070 5038 iu
3103 4993 3257 5041 utero
3283 4987 3555 5059 virginali,
3591 5001 3645 5046 et
3670 4995 3876 5050 aduna-

2285 5069 2364 5124 vit
2387 5070 2489 5125 sibi
2519 5069 2573 5124 in
2598 5086 2758 5125 unam
2786 5088 3090 5142 personam,
3124 5085 3186 5132 ut
3205 5088 3351 5134 esset
3376 5097 3516 5139 unus
3541 5084 3708 5142 Filius
3737 5087 3830 5143 Dei
3855 5104 3872 5153 ;

2284 5170 2339 5217 et
2360 5163 2406 5217 si
2429 5162 2713 5232 adoptivus
2732 5173 2836 5228 est,
2862 5165 3046 5236 itaque
3067 5167 3205 5224 Filio
3226 5181 3311 5225 est
3327 5172 3629 5243 adoptivus,
3663 5180 3754 5247 qui
3777 5181 3841 5236 ho

2285 5254 2486 5308 minem
2533 5257 2826 5326 assumpsit
2859 5275 2872 5311 :
2905 5268 2960 5312 et
2987 5267 3075 5315 est
3112 5277 3282 5332 nepos
3314 5263 3510 5331 Patris,
3541 5276 3596 5321 et
3623 5279 3706 5324 est
3732 5287 3835 5342 qua
3855 5307 3869 5315 -

2285 5344 2513 5401 ternitas
2553 5348 2721 5417 inagis
2762 5364 2923 5417 quam
2967 5351 3206 5408 Trinitas
3247 5354 3301 5409 in
3337 5356 3446 5413 Deo
3489 5361 3870 5429 omnipotenti,

2283 5437 2410 5504 quia
2437 5439 2762 5494 ontnimodis
2788 5437 2942 5512 [ϐοά.
3000 5442 3144 5510 Vat.,
3179 5445 3378 5518 omnis]
3409 5450 3692 5520 aMptivus
3723 5455 3861 5511 illius

2281 5535 2340 5581 et
2377 5531 2628 5597 proprius
2664 5529 2833 5587 Filius
2869 5533 3179 5592 nullatenus
3211 5553 3350 5595 unus
3383 5554 3504 5596 esse
3533 5555 3777 5613 possunt,
3812 5560 3865 5602 Ill

2285 5620 2581 5675 multorum
2613 5621 2878 5708 librorum
2914 5624 3075 5682 lectio
3103 5631 3317 5698 probat.
3369 5631 3677 5706 Assunipsit
3707 5639 3870 5712 igitur

2287 5758 2604 5842 {uolutatam
2647 5763 3090 5842 arclncpiscopum
3119 5769 3210 5825 uel
3249 5773 3420 5839 potius
3454 5775 3864 5833 archieretinrm.

2288 5829 2578 5905 Utriusque
2602 5836 2802 5894 codicis
2824 5829 2928 5908 ope
2957 5829 3356 5900 eniendata'est
3382 5829 3625 5915 epistola.
