4136 6610
227 489 339 546 237

730 491 1154 550 υοθΜΑτιεΑ.
1193 523 1264 534 —
1295 493 1455 551 ADV.
1499 494 1830 553 ELlPANDl.

1936 497 2118 553 LIBRI
2152 495 2244 555 IV.
2283 527 2356 538 --
2391 497 2612 557 EPIST.
2653 499 2984 556 PREVle.

3406 506 3514 564 858

221 601 328 660 .Dei
350 599 526 658 Filius
547 599 778 657 formam
807 605 974 666 servi,
1012 619 1124 659 non
1152 603 1404 663 minuens
1425 605 1656 666 formam
1680 606 1772 665 Dei
1801 624 1816 671 ;
1852 609 1896 667 Α
1924 605 2078 674 cujus
2105 607 2486 676 prmdicationc
2505 607 2776 678 Propheta
2806 609 2883 664 ait
2913 627 2926 662 :
2960 609 3038 667 De
3066 608 3193 667 Sion
3219 613 3379 669 exibit
3407 615 3510 678 lex,

227 691 304 747 ita
332 701 399 747 ut
419 707 560 748 unus
589 700 737 752 esset
762 692 808 749 Β
812 693 937 753 ilius
975 695 1068 748 Dei
1104 695 1158 749 in
1188 695 1396 752 duabus
1416 698 1646 762 naturis,
1671 697 1820 755 salva

228 782 518 854 utriusque
545 791 754 840 natura:
775 785 1108 855 proprietate
1140 785 1192 839 in
1220 786 1428 841 unitate
1448 802 1720 858 per-sonte;
1749 789 1822 844 ita

225 882 289 927 ut
318 874 374 928 in
411 875 618 935 duabus
642 874 858 936 naturis
885 891 1024 935 unus
1051 878 1122 930 sit
1148 876 1337 943 Filius,
1377 893 1519 934 unus
1549 879 1818 948 Christus,

222 977 373 1021 unus
399 965 571 1024 etiam
606 971 663 1020 et
707 964 870 1021 Deus.
919 965 977 1021 ln
1025 975 1212 1022 saneta
1258 967 1511 1024 videlicet
1557 970 1824 1027 Trinitate

224 1054 370 1113 alius
391 1063 476 1115 est
505 1055 558 1109 in
581 1070 816 1126 persona
832 1054 1017 1124 Pater,
1041 1056 1180 1111 alius
1201 1056 1391 1128 Filius,
1423 1058 1561 1116 alius
1581 1058 1825 1128 Spiritus

221 1155 481 1215 salici-us;
507 1163 616 1207 non
643 1147 787 1207 aliud
808 1149 862 1202 in
886 1156 1080 1209 natura
1109 1150 1192 1204 vel
1221 1149 1544 1218 substantia,
1583 1152 1670 1214 ,vel
1709 1153 1824 1224 glo-

222 1241 344 1302 ria.
389 1239 476 1297 vel
522 1240 794 1306 essentia,
835 1241 921 1297 vel
955 1242 1288 1309 ,reteruitate.
1337 1243 1394 1302 In
1428 1243 1654 1314 Christo
1696 1261 1824 1300 vero

216 1331 375 1398 aliud
400 1333 560 1388 estin
583 1332 884 1396 divinitate,
910 1331 1054 1391 aliud
1077 1333 1131 1388 in
1155 1334 1523 1400 humanitate;
1550 1350 1659 1395 non
1685 1335 1824 1396 alius

221 1423 313 1484 vel
338 1423 495 1489 alius,
529 1424 626 1482 sed
647 1440 788 1481 unus
808 1425 1059 1494 idemque
1079 1441 1244 1479 verus
1265 1426 1430 1490 Deus.
1453 1441 1614 1495 .VCJfIlG
1637 1428 1818 1501 homo,

224 1531 338 1576 una
381 1531 610 1586 persona
630 1557 646 1579 ,
674 1532 816 1572 tinus
851 1516 946 1572 Dei
976 1507 1164 1580 Filius,
1195 1533 1336 1571 unus
1369 1517 1648 1587 Christus;
1680 1520 1824 1589 quod

223 1594 417 1664 multis
457 1608 782 1664 testimoniis
824 1608 1046 1678 probari
1087 1617 1290 1677 potest.
1338 1608 1445 1663 Sed
1491 1611 1821 1682 superﬂuum

222 1707 312 1755 est
343 1700 652 1758 testimonio
670 1700 858 1754 aeterni
883 1699 1064 1754 Patris
1089 1701 1292 1769 aliquid
1323 1702 1540 1768 addere,
1572 1703 1665 1772 qui
1687 1719 1823 1759 voce

220 1791 413 1852 divina
452 1792 590 1846 dixit
631 1792 685 1846 in
729 1791 998 1862 baptismo
1032 1791 1256 1857 Christi,
1295 1793 1382 1847 vel
1424 1794 1476 1847 in
1511 1803 1701 1862 monte
1729 1797 1822 1852 ubi

220 1883 646 1960 transﬁguratus
673 1893 761 1940 est
785 1885 1040 1940 Christus
1064 1903 1077 1939 :
1108 1873 1209 1939 Hic
1236 1895 1312 1939 est
1356 1883 1531 1941 Filius
1554 1904 1706 1954 meus
1735 1888 1820 1943 di-

218 1957 412 2045 lectus,
443 1980 497 2040 in
524 1996 626 2052 quo
655 1978 784 2035 mihi
813 1978 938 2032 bene
958 1977 1250 2050 complacui
1278 1979 1495 2052 (Matth.
1526 1996 1661 2047 xvn,
1687 1978 1765 2054 5).
1850 1956 1896 2018 Β

295 2156 384 2213 Ill.
410 2154 993 2217 Similiterinvenimus
1019 2155 1074 2215 in
1097 2154 1310 2227 praefati
1323 2155 1509 2216 Patris
1535 2155 1778 2228 epistolis
1804 2172 1822 2211 :

223 2270 245 2302 ς
269 2249 570 2316 Christum,
599 2248 693 2322 qui
721 2264 792 2311 ex
817 2248 1038 2319 Virgine
1059 2258 1218 2305 natus
1237 2257 1341 2314 est,
1363 2264 1554 2304 verum
1576 2263 1682 2304 non
1703 2263 1827 2306 esse

216 2343 421 2408 Deum,
454 2344 550 2399 sed
581 2342 1040 2413 nuncupativum;
1067 2361 1086 2396 ι
1113 2343 1260 2413 quod
1299 2343 1523 2398 omnino
1557 2342 1825 2408 catholica

219 2437 441 2510 respuit
466 2435 629 2494 ﬁdes:
683 2437 810 2507 quia
849 2435 992 2492 sicut
1012 2452 1154 2491 unus
1183 2451 1303 2492 esse
1337 2451 1445 2490 non
1476 2441 1660 2506 potest
1685 2434 1829 2490 ﬁlius

215 2531 479 2603 proprius
491 2539 547 2586 et
565 2529 708 2586 ﬁlius
729 2531 1034 2600 adoptivus,
1071 2531 1147 2585 ita
1170 2543 1512 2604 nequaquam
1543 2544 1684 2583 unus
1709 2542 1828 2585 esse

212 2632 404 2694 potest
427 2639 587 2683 verus
609 2622 755 2679 Deus
774 2632 830 2677 ct
853 2623 1253 2694 nuncupativus
1267 2621 1430 2677 Deus.
1476 2621 1644 2677 Estne
1665 2637 1829 2677 verus

214 2717 373 2778 Deus
384 2715 476 2787 qui
495 2713 840 2786 iudicaturus
856 2722 942 2770 est
961 2715 1260 2770 mundum?
1283 2715 1348 2769 Et
1369 2714 1490 2784 quis
1519 2722 1603 2770 est
1625 2713 1716 2784 qui
1739 2712 1830 2785 ju-

213 2811 505 2870 dicaturos
532 2815 618 2863 est
634 2807 904 2872 mundum
925 2806 948 2860 ?
970 2807 1111 2862 Vere
1128 2807 1350 2863 omnino
1379 2806 1471 2876 qui
1502 2821 1570 2861 ex
1604 2805 1828 2876 Virgine

219 2912 393 2962 natus
421 2912 528 2968 est,
556 2902 676 2980 ipsa
716 2901 962 2958 Yeritale
991 2907 1285 2956 attestante
1311 2919 1323 2954 :
1375 2899 1536 2954 Pater
1564 2901 1703 2954 enim
1726 2917 1830 2954 non

209 2996 430 3071 jndicat
459 3011 790 3068 quamquam,
815 2992 907 3049 sed
928 3009 1079 3048 omne
1093 2993 1358 3064 judicium
1396 2992 1539 3047 dedit
1574 2989 1739 3056 Filio,
1770 2998 1828 3044 ut

216 3105 406 3144 omnes
424 3086 771 3156 honoriﬁcent
792 3082 1017 3151 Filium,
1044 3086 1185 3139 sicut
1203 3083 1556 3152 honoriﬁcam
1590 3079 1825 3136 Patrem.

216 3181 293 3242 Et
323 3180 485 3252 paulo
513 3187 643 3257 post
667 3196 682 3232 :
716 3173 864 3232 Sicut
886 3173 1049 3230 Pater
1073 3175 1226 3230 habet
1257 3176 1418 3230 vitam
1442 3175 1503 3228 in
1531 3173 1825 3245 semetipso,

215 3272 300 3325 sic
329 3278 379 3323 et
408 3266 550 3322 Filio
577 3265 720 3321 dedit
754 3265 1130 3320 haltere-vitant
1171 3264 1230 3318 in
1275 3263 1566 3334 semetipso,
1608 3271 1659 3317 et
1686 3271 1832 3335 pote-

217 3371 413 3417 statem
447 3359 588 3413 dedit
613 3360 660 3413 ei
695 3356 959 3428 judicium
1003 3354 1199 3426 facere,
1238 3355 1365 3426 quin
1407 3353 1552 3424 [ilius
1596 3355 1825 3408 hominis

218 3463 300 3509 est
349 3451 532 3523 (Joan.
562 3465 612 3514 v,
639 3448 712 3502 22
754 3446 909 3520 δρψ).
952 3446 1083 3502 Item
1111 3446 1300 3502 beatus
1317 3445 1524 3501 Paulus
1548 3445 1828 3516 apostolus

220 3545 361 3599 dicit
392 3562 405 3596 :
439 3541 635 3597 Omnes
663 3557 756 3595 nos
785 3547 983 3610 oportet
1021 3548 1162 3594 stare
1195 3549 1317 3594 ante
1359 3538 1593 3592 tribunal
1631 3538 1829 3593 Christi

221 3638 315 3710 (Η
346 3633 473 3691 Cor.
502 3651 554 3699 v,
585 3635 661 3706 8).
709 3632 774 3688 Et
797 3633 851 3688 in
882 3632 990 3688 alio
1009 3632 1127 3688 loco
1153 3651 1167 3686 :
1197 3629 1391 3687 Omnes
1409 3634 1548 3687 enim
1573 3633 1829 3688 stabimus

220 3739 349 3784 ante
371 3726 607 3783 tribunal
634 3725 731 3779 Dei
754 3724 932 3796 (Rom.
959 3740 1066 3790 xuv,
1092 3725 1205 3794 15).
1251 3724 1424 3780 Velim
1453 3725 1670 3790 credas,
1701 3740 1830 3780 san-

213 3822 470 3878 ctissime
487 3819 676 3883 ‘Pater,
706 3826 766 3871 ut
791 3818 883 3887 qui
911 3831 1036 3872 eum
1049 3832 1201 3872 (ιιιηο
1228 3832 1417 3871 verum
1443 3815 1616 3872 Deum
1639 3824 1826 3888 negat,

221 3913 395 3966 etiam
429 3920 556 3964 tunc
589 3925 780 3964 verum
820 3907 991 3964 Deum
1037 3923 1162 3963 eum
1208 3916 1502 3986 cognoscat
1542 3916 1599 3962 ct
1636 3909 1832 3980 probet

223 4000 388 4077 [Cod.
438 4001 640 4065 Paris.,
689 3997 906 4072 probat]
934 3998 1227 4068 judicatus.
1273 3999 1536 4054 Veritatis
1578 4000 1831 4070 probatio

221 4099 336 4154 crit
384 4096 671 4168 potestatis
721 4091 1110 4149 manifestatio.
1172 4091 1400 4170 Quando
1443 4090 1603 4164 [ϐοά.
1659 4090 1824 4159 ‘Vat.,

215 4187 536 4263 ﬂuomodo]
584 4204 692 4243 non
739 4193 827 4242 est
869 4201 1034 4241 verus
1074 4185 1238 4248 Deus,
1285 4187 1352 4240 de
1389 4201 1496 4256 quo
1517 4186 1748 4257 legimus
1774 4187 1828 4241 in

226 4282 524 4352 Evangelio
552 4299 565 4332 :
598 4277 730 4334 Cum
757 4288 932 4332 autem
959 4278 1156 4332 venerit
1180 4275 1356 4330 Filius
1391 4277 1621 4332 hominis
1642 4278 1696 4331 in
1723 4294 1834 4330 ma-

225 4378 416 4447 iestate
442 4392 562 4439 sna,
591 4383 639 4427 et
670 4387 847 4426 omnes
876 4369 1049 4440 angeli
1089 4386 1208 4424 cum
1237 4386 1297 4422 eo
1327 4379 1494 4423 :tunc
1534 4356 1729 4423 sedebit
1767 4370 1828 4424 in

225 4465 354 4521 sede
378 4464 669 4534 majestatis
703 4480 834 4527 sum,
861 4473 910 4517 et
940 4461 1398 4532 congregabantur
1423 4472 1546 4516 ante
1569 4478 1690 4516 eum
1718 4479 1831 4516 om-

220 4574 327 4614 ωε
346 4567 522 4627 gentes
548 4553 763 4626 (Matth.
792 4572 919 4622 xxv,
947 4555 1037 4626 51)
1058 4556 1082 4609 ?
1119 4555 1195 4610 De
1220 4571 1329 4626 quo
1354 4557 1523 4612 multo
1543 4564 1669 4612 ante
1694 4571 1832 4628 prte-

1925 706 1972 749 et
2004 697 2211 758 verbum
2237 698 2445 755 Domini
2471 699 2535 755 de
2560 684 2857 760 Jerusalem
2881 699 3036 769 (Isai.
3065 719 3124 768 ll,
3149 704 3226 760 5).

1993 786 2081 841 lV.
2117 787 2256 846 Dicit
2274 803 2488 858 quoque
2510 789 2653 852 idem
2676 790 2761 843 vir
2781 791 3302 852 venerabilisFelix:
3322 813 3340 846 ι
3361 795 3515 863 Quod

1924 877 1996 930 sit
2020 892 2117 946 per
2142 870 2322 934 omnia
2351 879 2576 950 mqualis
2600 880 2777 944 nobis,
2812 882 2916 938 nisi
2943 887 3336 950 tantummodo,
3371 888 3516 962 quod

1923 968 2042 1022 sine
2072 977 2294 1038 peccato
2325 981 2485 1030 natus
2512 979 2612 1025 est.
2640 991 2659 1027 θ
2703 969 2960 1038 Qumdatn
2992 975 3330 1046 inaequalitas
3350 988 3434 1035 est
3454 981 3516 1039 in

1919 1069 2098 1122 morte
2129 1060 2290 1125 illius,
2322 1068 2378 1114 et
2405 1061 2460 1120 in
2493 1070 2679 1116 nostra
2711 1079 2724 1114 :
2755 1078 2902 1123 mors
2930 1074 3111 1130 autem
3142 1065 3334 1140 [enim]
3370 1068 3518 1127 illius

1924 1165 2114 1206 omnes
2140 1167 2248 1212 ms
2277 1153 2506 1210 redemit.
2527 1167 2560 1214 a
2597 1161 2772 1212 morte
2807 1164 3013 1213 artcroa
3047 1174 3060 1209 :
3106 1157 3306 1220 nullius
3336 1168 3520 1218 autem

1925 1246 2170 1301 nostrum
2196 1255 2352 1302 mors
2387 1229 2472 1295 vel
2507 1241 2745 1310 seipsum
2777 1247 2982 1314 absque
3000 1260 3071 1304 eo
3099 1247 3332 1309 liberare
3360 1260 3518 1320 pote-

1921 1327 2015 1390 Vrit.
2055 1327 2190 1383 item
2214 1332 2460 1400 quaedam
2484 1331 2825 1402 inaequalitas
2852 1341 2956 1398 est,
2997 1337 3139 1406 quod
3175 1337 3266 1394 ille
3302 1349 3387 1396 cst
3425 1357 3518 1403 ve-

1923 1433 2018 1474 rus
2038 1418 2182 1477 Deus
2217 1427 2273 1474 et
2301 1435 2461 1475 verus
2483 1421 2682 1477 homo:
2707 1439 2804 1479 nos
2826 1433 3033 1482 tantum
3054 1427 3308 1490 homines
3331 1447 3519 1494 sumus

1925 1509 1979 1565 in
2007 1511 2245 1582 peccatis
2270 1513 2405 1578 uati,
2436 1511 2660 1582 ejusque
2695 1516 2869 1585 gratia
2900 1515 3123 1584 salvati;
3157 1535 3261 1574 non
3298 1537 3364 1576 ex
3403 1539 3519 1580 me-

1925 1602 2045 1662 ritis
2072 1603 2292 1668 nostris,
2323 1605 2417 1666 sed
2439 1605 2609 1681 865
2633 1621 2696 1661 ex
2724 1607 2868 1669 illius
2890 1609 3260 1671 miseratione.
3293 1613 3349 1667 ln
3377 1615 3520 1668 mul-

1925 1693 1994 1750 tis
2017 1693 2163 1748 enim
2192 1693 2347 1749 nobis
2375 1694 2572 1752 similis
2596 1703 2697 1761 est,
2731 1697 2827 1753 sed
2859 1698 2913 1752 in
2941 1699 3188 1770 pluribus
3217 1702 3516 1760 dissimilis.

1925 1781 2077 1838 Unde
2107 1793 2162 1838 et
2189 1784 2243 1838 in
2279 1783 2509 1842 Psalmis
2545 1785 2748 1840 dicitur
2789 1787 2860 1842 de
2895 1803 2962 1843 eo
2989 1807 3001 1842 :
3025 1787 3304 1861 Speciosas
3345 1793 3521 1861 forma

1915 1891 2032 1945 pra:
2067 1875 2196 1943 ﬁliis
2225 1876 2519 1944 hominum,
2549 1879 2746 1949 diiusa
2775 1890 2850 1935 est
2893 1883 3068 1954 gratia
3116 1884 3174 1941 in
3213 1883 3366 1944 labiis
3413 1889 3520 1953 tuis

1929 1967 2104 2040 (Psal.
2134 1987 2279 2036 xm,
2307 1971 2382 2044 5).

1887 2087 1898 2096 -
2002 2061 2066 2116 Υ.
2097 2061 2288 2117 Refert
2313 2079 2550 2135 quoque,
2604 2084 2623 2118 ι
2658 2079 2784 2130 cum
2809 2067 3082 2138 baptismo
3111 2069 3448 2142 indiguisse;
3490 2095 3509 2127 ι

1927 2151 2136 2219 volens,
2173 2161 2232 2208 ut
2255 2155 2491 2221 videtur,
2523 2172 2650 2212 eum
2693 2157 2749 2212 in
2781 2157 3052 2230 baptismo
3077 2162 3325 2232 adoptari
3347 2164 3404 2220 in
3424 2165 3521 2226 Fi—

1928 2242 2082 2313 lium,
2112 2247 2254 2303 sicut
2291 2256 2346 2302 et
2369 2265 2489 2305 nos.
2523 2249 2739 2318 Quanta
2764 2251 3057 2311 inﬁdelitas
3076 2256 3148 2311 sit
3170 2257 3274 2326 hoc
3297 2259 3521 2321 cuilibet

1927 2332 2239 2392 Christiano
2267 2338 2492 2394 credere
2514 2381 2529 2405 ,
2578 2340 2764 2398 nullus
2793 2358 2987 2398 sanum
3036 2347 3253 2417 sapiens
3282 2349 3515 2422 ignorat.

1927 2427 2194 2485 Dominus
2235 2429 2422 2502 itaque
2447 2440 2634 2487 noster
2671 2430 2831 2490 Jesus
2860 2433 3111 2494 Christus
3131 2439 3282 2494 solus
3326 2440 3406 2496 sic
3423 2457 3522 2513 po-

1931 2523 2038 2576 tuit
2062 2523 2233 2589 nasci,
2254 2532 2315 2577 ut
2330 2524 2569 2580 secunda
2594 2527 3004 2595 regeneratione
3029 2545 3138 2590 non
3159 2530 3515 2603 indiguisset;

1931 2612 2054 2669 ideo
2077 2614 2134 2673 in
2157 2614 2430 2689 baptismo
2472 2613 2699 2672 Joannis
2721 2625 2876 2673 certa
2907 2618 3330 2691 dispensationis
3358 2623 3522 2678 misea

1931 2707 2146 2763 ratione
2195 2707 2460 2779 baptizari
2514 2708 2704 2774 voluit,
2737 2711 2865 2780 quia
2915 2711 2970 2765 in
2999 2709 3226 2768 Joannis
3249 2715 3521 2785 baptismo

1931 2813 2041 2852 non
2062 2797 2166 2854 fuit
2188 2799 2548 2870 regeneratio,
2578 2801 2672 2856 sed
2695 2802 2941 2871 quaedam
2965 2806 3324 2874 praecursoria
3347 2805 3518 2877 signi-

1931 2889 2114 2950 ﬁcatio
2139 2891 2399 2964 baptismi
2443 2892 2648 2948 Christi
2676 2935 2691 2960 ,
2726 2894 2780 2948 in
2809 2909 2918 2964 quo
2965 2895 3084 2951 solo
3106 2897 3380 2970 baptismo
3415 2913 3522 2968 per

1933 2984 2199 3061 Spiritum
2222 2995 2472 3043 sanctum
2496 3001 2623 3042 vera
2647 2995 2731 3041 est
2750 2988 3000 3043 remissio
3019 2998 3372 3060 peccatorum
3399 3007 3524 3046 cre-

1934 3079 2192 3148 det-tibus
2217 3118 2234 3144 ,
2265 3086 2326 3133 ut
2357 3076 2414 3134 in
2455 3093 2520 3134 eo
2549 3077 2755 3150 Spiritu
2783 3095 3136 3135 renascamur
3160 3122 3176 3146 ,
3207 3081 3260 3138 iit
3297 3097 3405 3152 quo
3433 3082 3526 3137 ille

1932 3178 2096 3226 natus
2115 3179 2200 3227 est
2220 3185 2288 3226 ex
2308 3170 2518 3241 virgine
2543 3169 2734 3224 Maria.
2767 3169 2825 3223 In
2854 3185 2994 3242 aqua
3021 3173 3166 3229 enim
3195 3172 3363 3226 voluit
3388 3172 3519 3243 bap-

1937 3265 2096 3320 tizari
2126 3280 2158 3319 a
2187 3263 2418 3331 Joanne,
2450 3271 2644 3322 nonut
2684 3266 2802 3336 ejus
2836 3265 2946 3320 ulla
2981 3265 3282 3322 dilueretur
3324 3267 3527 3336 iniqui-

1935 3365 2038 3426 tas,
2077 3359 2172 3416 sed
2196 3367 2255 3414 ut
2278 3373 2473 3431 magna
2505 3358 2650 3414 illius
2693 3359 3174 3423 commendaretur
3219 3361 3520 3419 humilitas.

1929 3449 2234 3522 Itaquippc
2261 3451 2339 3505 nil
2369 3451 2423 3504 in
2444 3465 2509 3506 eo
2537 3451 2841 3520 baptismus
2871 3451 3017 3521 quod
3064 3450 3330 3516 ablueret,
3379 3453 3524 3508 sicut

1890 3530 1904 3539 ’
1931 3555 2082 3602 mors
2117 3540 2253 3594 nihil
2290 3541 2437 3612 quod
2471 3542 2710 3611 puniret,
2742 3540 2964 3605 invenit,
3002 3549 3063 3596 ut
3094 3541 3346 3597 diabolus
3378 3545 3526 3599 veri-

1933 3639 2047 3687 tate
2066 3631 2298 3709 justitize
2324 3633 2655 3701 vinceretur,
2703 3649 2811 3688 non
2835 3632 3094 3690 violentia
3121 3635 3410 3708 potestatis
3430 3651 3528 3713 op—

1929 3723 2285 3800 primeretur.
2333 3721 2641 3795 Utrumque
2669 3723 2837 3790 enim,
2883 3733 2940 3779 et
2963 3725 3265 3795 baptismus
3295 3735 3353 3782 et
3379 3743 3530 3783 mors

1925 3832 2043 3882 non
2100 3815 2410 3872 miseranda
2470 3817 2818 3882 necessitate,
2865 3815 2963 3872 sed
3005 3817 3299 3875 miserante
3340 3821 3524 3888 potius

1935 3909 2217 3981 ,voluptatc
2239 3917 2554 3984 susceptum
2602 3915 2706 3964 est.
2737 3908 2805 3963 Et
2831 3909 3000 3963 multa
3022 3908 3129 3963 alia
3177 3908 3528 3975 inveniuntur

1933 4001 1988 4056 in
2017 4001 2138 4076 ejus
2185 4000 2405 4072 scriptis
2430 3999 2824 4059 catholicorum
2851 3999 3072 4055 Patrum
3122 4001 3372 4066 sensibus
3417 4019 3527 4062 non

1934 4079 2348 4160 con-venientia,
2380 4109 2501 4163 qua:
2543 4094 2728 4151 dicere
2772 4093 2859 4148 vel
2905 4106 3178 4163 exponere
3221 4094 3530 4165 epistolaris

1935 4188 2196 4268 [paginae]
2228 4189 2477 4261 angustia
2508 4204 2596 4247 me
2617 4189 2780 4244 modo
2802 4188 3077 4258 prohibet,
3111 4188 3366 4260 ignorans
3393 4205 3530 4259 quo-

1934 4296 2040 4352 que
2091 4283 2312 4350 quando
2349 4278 2433 4336 vel
2475 4277 2714 4356 qualiter
2741 4277 3004 4332 sanctitas
3053 4285 3234 4333 vestra
3281 4285 3338 4332 et
3385 4277 3527 4334 bona

1932 4373 2207 4437 voluntas,
2237 4387 2402 4441 quam
2427 4369 2646 4426 habetis
2670 4370 2724 4424 in
2752 4367 2989 4434 Christo.
3022 4368 3141 4425 hare
3178 4379 3378 4435 nostra:
3402 4386 3528 4442 par-

1935 4463 2123 4519 vitatis
2151 4462 2298 4518 dicta
2324 4461 2566 4535 recipere
2589 4461 2739 4517 velit.
3091 4460 3102 4470 ‘

2004 4555 2093 4613 Vl.
2120 4555 2356 4610 Tantum
2383 4556 2612 4610 obsecro
2630 4555 2683 4609 in
2710 4568 2774 4610 ea
2797 4553 3064 4610 charitate
3087 4594 3103 4621 ,
3137 4569 3244 4624 qua
3269 4551 3525 4618 Christus

227 4651 440 4704 dictum
468 4655 555 4702 est
579 4665 592 4700 :
623 4646 688 4701 Et
716 4648 940 4701 adorent
969 4663 1088 4701 enm
1115 4663 1293 4700 omnes
1322 4647 1494 4731 angeli
1525 4647 1620 4702 Dei
1651 4646 1826 4719 (Psal.
1859 4687 1910 4746 Β
1933 4663 2036 4704 nos
2063 4648 2272 4714 dilexit,
2304 4655 2366 4702 ut
2390 4647 2622 4726 benigne
2651 4647 2756 4715 hos
2779 4661 2930 4702 meos
2967 4647 3206 4725 digneris
3243 4646 3528 4718 perlegere

219 4757 383 4804 ιςςνι,
415 4740 492 4812 8).
541 4739 600 4795 Si
629 4741 772 4795 Dens
805 4756 914 4795 non
957 4749 1040 4795 est
1079 4755 1264 4807 verus,
1309 4755 1410 4796 cur
1455 4740 1717 4796 aduratur
1760 4741 1830 4796 ab

230 4834 444 4904 angelis
468 4834 491 4887 ?
523 4834 592 4887 Et
619 4832 662 4886 si
686 4832 856 4886 Filius
876 4832 973 4886 Dei
1004 4848 1109 4886 non
1138 4827 1221 4887 est
1249 4848 1433 4898 verus,
1460 4849 1570 4888 cur
1594 4833 1747 4887 sedet
1776 4832 1831 4887 in

233 4931 460 4985 dextera
491 4927 588 4982 Dei
624 4926 840 4982 Patris?
880 4925 1033 4980 llune
1054 4939 1187 4994 ergo
1213 4923 1491 4980 Christum
1520 4932 1577 4980 et
1601 4923 1835 4978 Psalmi-

235 5033 325 5077 sta
371 5021 545 5076 Deum
601 5036 722 5076 esse
781 5020 1105 5074 testiﬁcatur
1152 5015 1306 5091 [ϐοά.
1352 5017 1498 5084 Vat,
1536 5017 1830 5091 testatur]:

237 5115 487 5170 Ascendit
515 5113 657 5168 Deus
691 5115 746 5166 in
760 5111 1094 5184 jnbilationc,
1121 5121 1169 5166 et
1200 5111 1452 5166 Dominus
1474 5113 1532 5164 in
1553 5127 1670 5166 voce
1693 5110 1833 5165 tuba:

231 5204 416 5277 (Psal.
447 5203 703 5276 nw,6).
738 5205 881 5258 item
909 5222 922 5256 :
957 5203 1098 5257 Deus
1138 5212 1315 5257 noster
1354 5202 1629 5273 manifeste
1675 5201 1833 5273 [ϐοά.

232 5297 442 5358 Paris...
471 5291 824 5364 manifestius]
855 5294 1040 5357 ueniet,
1076 5292 1220 5346 Dens
1257 5303 1443 5347 uoster
1481 5310 1585 5347 non
1626 5291 1839 5348 silebit:

239 5390 381 5460 ignis
421 5388 477 5440 in
513 5395 790 5456 conspectu
826 5385 943 5454 ejus
982 5385 1205 5447 ardebit,
1257 5395 1303 5437 et
1353 5385 1406 5438 in
1455 5385 1678 5438 circuitu
1724 5384 1840 5453 ejus

228 5489 518 5551 «enipestas
563 5477 759 5532 “lida.
813 5475 1300 5532 Aduocavitemlnm
1317 5476 1622 5537 desursum,
1655 5483 1704 5528 et
1735 5485 1841 5530 ter-

235 5592 360 5631 mm
387 5573 682 5626 discernere
705 5569 953 5640 populum
974 5587 1135 5623 suum
1164 5567 1338 5638 (Psal.
1371 5585 1523 5630 ηυξ,
1549 5571 1606 5633 5,
1641 5566 1720 5640 4).
1756 5567 1843 5629 De

239 5682 354 5736 quo
377 5663 542 5718 etiam
568 5661 712 5717 idem
725 5659 1017 5714 Psalmista
1032 5659 1200 5729 paulo
1221 5670 1342 5713 ante
1363 5659 1463 5720 ait,
1489 5668 1549 5713 ut
1569 5659 1844 5714 discerno—

244 5767 334 5818 ret
379 5769 505 5818 cum
555 5754 627 5810 ob
660 5753 794 5808 aliis
828 5753 924 5822 qui
975 5753 1049 5806 dii
1096 5752 1393 5806 dicuntur:
1447 5751 1588 5806 Dens
1625 5750 1845 5806 deorum

241 5849 509 5908 Dominus
537 5845 746 5900 locum
771 5853 848 5898 est
873 5853 922 5897 ot
955 5844 1150 5896 vocarit
1171 5853 1388 5896 terram.
1415 5841 1465 5898 Α
1486 5842 1618 5896 solis
1649 5851 1768 5896 ortu
1796 5851 1845 5896 et

245 5955 463 6002 cerasa,
509 5949 576 5990 ex
609 5935 738 5989 Sion
763 5935 958 6002 species
995 5933 1195 5986 «latoris-
1223 5932 1349 6001 eius
1378 5930 1569 6002 (ibid,
1598 5949 1636 5997 ι,
1665 5933 1743 6004 9).
1771 5931 1846 5987 De

1940 4741 2144 4816 apices,
2168 4748 2225 4796 et
2249 4739 2393 4812 quod
2415 4738 2654 4805 fraterna
2690 4756 2779 4794 me
2823 4740 3051 4810 cogebat
3071 4739 3312 4795 charitas
3334 4749 3529 4800 vestra:

1941 4833 2175 4902 dirigere
2227 4830 2594 4895 excellentiae,
2648 4839 2826 4886 vestra
2860 4829 3201 4886 sanctissima
3248 4830 3530 4886 humilitas

1940 4927 2185 4995 recipere
2206 4938 2314 4977 non
2335 4923 2621 4994 dediguetu
2631 4938 2676 4977 r.
2705 4921 2944 4978 Audiens
2965 4935 3097 4977 vero
3116 4920 3309 4990 sacpius
3324 4921 3527 4982 bonam

1934 5017 2142 5073 'l’amam
2171 5016 2437 5086 religiosae
2454 5016 2578 5070 vitae
2600 5016 2667 5070 de
2689 5015 2860 5079 vobis,
2886 5015 3008 5069 ideo
3035 5014 3326 5073 instinctus
3343 5029 3530 5070 amore

1929 5108 2196 5164 fraternae
2241 5105 2546 5162 dilectionis
2592 5105 2854 5175 meipsum
2892 5105 2948 5159 in
2995 5111 3144 5163 tuam
3177 5103 3529 5168 charitatem,

1941 5199 2291 5267 ﬁdeliumque
2319 5205 2560 5260 tuorum,
2598 5195 2710 5250 Deo
2739 5194 3089 5249 servientium
3122 5194 3176 5250 in
3219 5193 3324 5250 illis
3361 5195 3534 5265 parti-

1941 5291 2062 5353 bus,
2094 5289 2479 5344 commendare
2506 5286 2694 5341 euravi
2727 5301 2743 5351 ;
2776 5285 2942 5340 etiam
2970 5294 3028 5338 et
3055 5284 3186 5341 illud
3221 5284 3530 5359 deprecari,

1943 5388 2003 5434 ut
2052 5379 2266 5434 cautius
2305 5393 2438 5442 agas
2479 5376 2546 5430 de
2578 5374 2753 5430 salute
2790 5375 2986 5429 anima:
3025 5382 3153 5441 tum,
3206 5384 3534 5449 tuorumque

1945 5471 2307 5525 subditorum.
2348 5467 2502 5522 Licet
2526 5465 2784 5536 prmfatus
2835 5464 3068 5520 famulus
3097 5465 3190 5520 Dei
3239 5465 3390 5523 Felix
3415 5466 3537 5526 lau-

1946 5562 2109 5618 dabili
2131 5563 2241 5615 vita
2266 5561 2404 5614 vitat
2439 5574 2623 5614 coram
2649 5557 2978 5622 hominibus,
3011 5565 3191 5614 tamen
3219 5567 3282 5614 ut
3298 5558 3532 5626 videtur,

1943 5655 2002 5712 in
2015 5654 2201 5710 multis
2219 5653 2504 5708 catholicae
2513 5651 2641 5707 ﬁdei
2656 5649 2988 5720 professione
3010 5668 3116 5706 non
3132 5653 3352 5710 omnino
3367 5654 3539 5725 pleni-

1939 5757 2034 5804 .ter
2068 5747 2292 5803 Patrum
2345 5746 2596 5814 sequitur
2637 5745 3003 5810 sententiam;
3042 5754 3098 5801 et
3125 5745 3230 5800 noli
3265 5745 3539 5804 conﬁdere

1950 5841 2018 5896 de
2038 5839 2218 5909 specie
2255 5838 2517 5894 bonitatis
2544 5837 2728 5901 illius;
2761 5834 3077 5892 maledictus
3103 5840 3242 5892 enim
3265 5838 3423 5893 homo
3447 5840 3539 5910 qui

1947 5929 2168 6001 conﬁdit
2214 5929 2271 5986 in
2317 5927 2687 6001 [κωπίω-(δεῖ.
2722 5941 2867 5994 x-vn,
2898 5926 2974 6001 5).
3026 5928 3134 5983 Sed
3170 5930 3342 5995 magis
3388 5926 3537 5999 spem
