4136 6580
561 331 668 385 239

1447 319 1507 374 Β.
1536 319 1609 373 'F.
1649 314 1879 372 ALBINI
1919 312 2049 369 SEC
2088 307 2365 367 ALCUINI
2401 304 2684 365 OPERUM
2716 303 2896 360 PARS
2933 301 3021 357 lll.

3752 287 3863 343 iiii

564 458 714 502 tuam
747 457 885 515 pone
908 442 962 496 iu
991 436 1351 507 omnipotenti
1403 433 1515 491 Deo
1536 474 1551 497 ,
1598 441 1655 488 ct
1678 430 1976 500 deprecare
2005 426 2159 482 illum
2191 430 2235 481 Α
2265 421 2509 492 Apostoli
2544 420 2773 483 dictum,
2801 418 2895 489 qui
2948 417 3024 472 ait
3057 434 3069 470 :
3132 413 3404 469 Noritatrs
3456 425 3636 465 rarum
3685 406 3865 462 desita

564 541 653 593 die
676 548 947 603 noctuque
971 575 985 599 ,
1017 547 1086 586 ne
1114 531 1186 585 sit
1210 528 1386 583 inanis
1432 526 1585 581 labor
1616 533 1740 579 tuus
1767 522 1823 576 in
1866 525 2161 590 conspectu

567 630 735 693 illius,
766 635 819 682 et
854 633 913 678 ut
939 623 1102 678 ﬁdem
1131 620 1342 674 lirmam
1369 614 1525 689 [Cod.
1573 614 1712 680 ναι,
1749 608 2021 681 ﬁrmatus]
2045 623 2163 663 om-

568 722 731 791 nique
780 715 1033 772 Ecclesia:
1084 710 1288 769 Christi
1337 710 1623 781 probatam
1674 714 1881 759 teneas.
1940 701 2167 756 Videtur

568 815 713 868 enim
737 808 1086 880 condignum,
1116 812 1179 858 ut
1206 798 1483 857 communi
1514 799 1759 856 omnium
1778 804 2165 851 conservorum

571 918 792 962 tuorum
826 915 991 974 prece
1033 908 1086 953 te
1122 904 1297 951 totum
1324 901 1611 949 convertas
1650 891 1717 946 ad
1767 887 2171 950 Dominum,.et

570 993 883 1066 depreceris
910 988 1254 1045 clementiam
1286 985 1453 1050 illius,
1482 990 1749 1052 quatenus
1772 979 1827 1034 in
1870 978 1979 1033 ﬁde
2017 982 2168 1031 recta

571 1087 857 1145 conﬁrmet
884 1083 1045 1139 corda
1077 1088 1278 1141 vestra,
1322 1084 1382 1131 ut
1424 1075 1575 1130 nullo
1618 1085 1806 1129 errore
1857 1066 2166 1139 decipiaris,

575 1196 677 1237 nec
698 1166 836 1234 ullus
863 1177 929 1231 ad
959 1183 1014 1229 te
1062 1172 1343 1243 pertinens
1370 1163 1729 1237 vagabundus
1754 1177 1785 1217 a
1811 1159 2058 1217 veritatis
2083 1156 2170 1211 ria

577 1274 775 1329 deviet.
805 1269 923 1326 Erit
951 1268 1096 1322 enim
1148 1264 1275 1319 tihi'
1300 1260 1538 1317 maxima
1593 1270 1805 1313 merces
1828 1253 1971 1325 apud
2003 1252 2172 1313 Deum

574 1366 1022 1435 omnipotentem,
1050 1356 1097 1412 si
1116 1362 1364 1411 errantes
1391 1347 1715 1413 correxeris,
1747 1347 1794 1404 si
1815 1344 2177 1403 veritatiueri-

577 1444 1271 1525 sentieris'[conscnseris],
1326 1443 1372 1500 si
1401 1442 1683 1499 humiliter
1713 1439 1911 1511 legeris
1956 1441 2177 1493 sancta-

576 1565 702 1605 rum
729 1545 1139 1617 Seripturarum
1186 1538 1381 1603 series,
1418 1534 1591 1607 magis
1620 1531 1941 1591 desiderans
1969 1529 2183 1586 veraci-

579 1650 668 1697 ter
716 1636 932 1695 veritati
986 1632 1230 1696 obedire,
1288 1643 1452 1700 quam
1497 1625 1854 1699 pertinaciter
1891 1631 2040 1679 tuam
2092 1620 2180 1677 vel

581 1730 872 1805 cujuslibet
910 1724 1136 1781 alterius
1179 1723 1402 1776 ﬁrmare
1424 1718 1776 1775 sententiam.
1833 1714 2035 1770 Parata
2094 1722 2183 1768 est

2267 511 2321 585 (Ι
2347 511 2482 567 Tim.
2516 528 2590 578 vi,
2622 510 2737 583 20).
2766 510 2908 565 Ecce
2955 507 3133 578 qualis
3168 506 3386 565 novitas
3409 514 3515 567 est,
3561 501 3863 564 Christum,

2266 607 2359 678 qui
2384 622 2452 661 ex
2480 606 2702 675 Virgine
2726 612 2886 658 natus
2912 610 3011 663 est,
3045 599 3358 671 adoptivum
3390 596 3583 661 ﬁlium,
3613 593 3697 649 vel
3724 608 3863 647 nun-

2269 697 2581 768 cupativum
2606 696 2775 751 Deum
2807 694 3106 765 praedicare
3123 699 3181 748 et
3226 689 3531 752 nominare,
3562 694 3617 742 ct
3637 684 3866 756 apertis-

2270 788 2425 845 simis
2480 787 2793 857 apostolicm
2847 782 3189 839 auctoritatis
3225 779 3553 836 testimoniis
3588 793 3697 832 non
3752 789 3867 831 ere-

2272 882 2423 946 dere,
2452 881 2548 935 sed
2578 878 2750 949 magis
2774 875 3035 940 aversari,
3073 873 3170 946 qui
3200 873 3277 928 ait
3308 891 3321 926 :
3356 870 3460 937 Qui
3484 870 3696 942 proprio
3725 865 3869 921 Filio

2270 990 2369 1031 suo
2395 989 2502 1029 non
2528 970 2771 1044 pepercit,
2806 968 2895 1023 sed
2914 984 3009 1039 pro
3032 966 3181 1022 nobis
3200 962 3440 1020 omnibus
3469 960 3691 1015 tradidit
3717 957 3868 1013 illum

2274 1066 2604 1140 (Romanu,
2633 1062 2747 1132 32).
2778 1060 3034 1117 Potuitne
3054 1056 3236 1115 dicere
3260 1054 3571 1127 Apostolus,
3596 1053 3687 1123 qui
3711 1050 3871 1121 adop-

2277 1159 2389 1215 tivo
2414 1156 2525 1212 ﬁlio
2555 1170 2656 1211 suo
2683 1170 2791 1210 non
2820 1152 3083 1223 pepercit,
3107 1150 3152 1206 si
3181 1148 3439 1204 voluisset
3457 1160 3559 1201 nos
3583 1144 3731 1200 illum
3759 1156 3874 1197 cre-

2273 1248 2406 1305 dere
2434 1246 2766 1317 adoptivum,
2814 1246 2906 1315 qui
2937 1243 3171 1298 traditus
3209 1249 3291 1297 est
3320 1256 3418 1310 pro
3439 1247 3613 1293 salute
3640 1242 3829 1291 nostra
3850 1236 3876 1286 ’ἔ

2275 1343 2411 1400 Item
2438 1344 2556 1416 ipsa
2576 1340 2796 1398 Veritas
2842 1340 2897 1394 in
2918 1336 3212 1408 Evangelio
3261 1334 3339 1389 ait
3366 1352 3379 1388 :
3410 1330 3500 1387 Sic
3523 1331 3661 1385 enim
3687 1325 3875 1382 dilexit

2278 1436 2422 1494 Deus
2453 1435 2731 1500 mundum,
2784 1444 2840 1485 ut
2888 1428 3092 1485 Filium
3137 1443 3294 1482 suum
3346 1423 3674 1495 unigenitum
3724 1419 3874 1473 daret

2280 1530 2468 1601 (Joan.
2499 1544 2584 1596 ιιι,
2612 1526 2722 1599 lﬁ);
2748 1525 2814 1581 de
2836 1539 2946 1605 quo
2975 1532 3032 1577 et
3060 1520 3219 1594 paulo
3242 1529 3369 1573 ante
3406 1517 3486 1573 ait
3510 1535 3521 1570 :
3558 1513 3708 1569 Sicut
3738 1512 3877 1567 enim

2283 1621 2491 1695 Moyses
2547 1618 2797 1675 exultavit
2843 1603 3133 1687 serpentem
3179 1614 3234 1668 in
3267 1626 3464 1676 eremo,
3519 1609 3597 1662 ita
3647 1603 3882 1660 exaltari

2282 1694 2483 1788 oportet
2503 1712 2677 1785 ﬁlium
2698 1709 2925 1767 hominis
2956 1706 3134 1780 (Rom.
3164 1721 3241 1769 rx,
3268 1703 3347 1775 5).
3373 1703 3441 1756 Et
3478 1699 3606 1770 quid
3631 1706 3717 1753 est
3735 1694 3881 1766 quod

584 1796 734 1878 enim
770 1814 1147 1875 misericordia
1182 1807 1574 1882 omnipotentis
1624 1806 1721 1863 Dei
1761 1816 1885 1864 tuas
1938 1804 2183 1874 recipere

2296 1814 2427 1871 idem
2456 1809 2734 1883 apostolus
2783 1808 2838 1863 in
2886 1805 2995 1860 alio
3022 1802 3142 1859 loco
3174 1801 3289 1855 ait:
3331 1796 3570 1863 Quorum
3592 1803 3793 1865 putres,
3817 1803 3883 1841 rx

584 1924 778 1987 preces
847 1908 895 1966 si
950 1920 1139 1963 amore
1183 1901 1433 1958 veritatis
1485 1899 1876 1972 cognoscenda:
1922 1894 2181 1952 eﬂuderis

589 2022 705 2065 €88.

660 2099 766 2158 VII.
803 2095 1113 2159 Potuissem
1135 2094 1324 2161 itaque
1366 2088 1552 2145 multis
1599 2084 1932 2143 testimoniis
1958 2090 2180 2141 sancta-

585 2207 709 2251 rum
737 2188 1144 2259 Seripturarum
1173 2189 1231 2237 et
1257 2178 1649 2237 catholicorum
1687 2175 1975 2232 doctorum
2014 2170 2183 2242 scrip-

588 2287 660 2341 tis
683 2282 918 2357 probare
940 2277 1130 2334 Iesum
1159 2274 1441 2330 Christum
1467 2270 1758 2327 Dominum
1796 2274 2065 2329 nostrum,
2093 2263 2185 2336 qui

584 2394 656 2433 ex
684 2353 895 2445 virgine
932 2377 1094 2425 natus
1127 2374 1231 2430 est,
1285 2363 1457 2420 Deum
1506 2375 1627 2417 esse
1671 2374 1860 2416 verum
1900 2365 1959 2412 et
1990 2353 2187 2410 Filium

588 2471 683 2529 Dei
706 2468 985 2543 proprium
1017 2480 1033 2528 ;
1066 2462 1163 2518 sed
1186 2457 1419 2531 sapienti
1443 2470 1615 2528 pauca
1642 2452 1890 2511 subicere
1919 2451 2192 2513 sciens,et

588 2564 762 2634 magis
791 2572 1047 2616 sensuum
1072 2551 1286 2609 veritati
1320 2549 1593 2605 arbitrans
1620 2556 1674 2603 te
1701 2546 2004 2610 intendere,
2028 2557 2191 2613 quam

590 2666 903 2710 sermonum
930 2644 1386 2716 multiplicatione
1432 2641 1692 2712 gaudere,
1737 2637 1918 2701 credo,
1976 2634 2191 2691 Domini

591 2743 764 2803 nostri
814 2741 943 2797 Iesu
984 2737 1187 2794 Christi
1238 2732 1753 2791 misericordissima
1797 2730 1972 2803 pietas
2024 2725 2191 2782 faciet

592 2848 649 2895 te
673 2835 962 2893 veritatem
1008 2828 1330 2898 intelligere,
1379 2824 1425 2882 si
1473 2822 1751 2879 humiliter
1772 2836 1895 2878 eam
1950 2832 2195 2892 qumrere

592 2926 849 2993 insistis;
891 2923 1017 2993 quia
1063 2920 1258 2985 omnis,
1310 2917 1402 2989 qui
1454 2933 1510 2972 se
1557 2914 1825 2979 humiliat,
1871 2912 2195 2967 excitabitur

595 3020 752 3093 (Luc.
792 3031 906 3081 xxv,
944 3011 1059 3085 Η),
1089 3019 1145 3066 et
1183 3009 1514 3066 humilitatis
1557 3007 1809 3079 passibus
1859 3004 1923 3060 ad
1953 3002 2195 3060 caelestis

598 3112 748 3185 regni
779 3108 1118 3165 altitudinem
1136 3103 1474 3177 pervenitur.
1510 3100 1627 3158 Una
1661 3100 1824 3155 debet
1852 3112 1975 3154 esse
2007 3095 2197 3150 Eccle-

596 3171 914 3261 sla'Christi
965 3207 1081 3254 toto
1108 3171 1241 3254 orbe
1292 3193 1486 3252 dill‘usa
1530 3193 1592 3249 in
1645 3191 1748 3247 ﬁde
1796 3199 1851 3246 et
1901 3191 2189 3247 charitate.
2222 3171 2267 3235 (Ζ

557 3357 565 3371 ,
604 3296 783 3355 Unum
807 3309 841 3349 e
873 3292 1086 3349 duobus
1120 3306 1134 3342 :
1186 3296 1281 3344 aut
1338 3288 1395 3343 in
1426 3293 1541 3342 toto
1598 3286 1800 3342 mundo
1843 3292 1928 3342 cst
1956 3283 2195 3340 Ecclesia

600 3388 808 3447 Christi
831 3400 999 3459 supra
1026 3390 1238 3454 petram
1265 3380 1511 3446 fundata,
1544 3388 1605 3434 ut
1640 3379 1916 3435 credimus
1946 3385 2000 3435 et
2025 3376 2196 3433 eonﬁ—
2229 3405 2243 3416 -

605 3493 804 3545 temur,
834 3486 930 3532 aut
957 3477 1123 3531 etiam
1144 3471 1351 3548 [Forte,
1377 3480 1471 3527 aut
1497 3470 1694 3543 solum]
1722 3470 1776 3526 in
1803 3469 1982 3525 Felice
2008 3478 2064 3525 et
2085 3470 2199 3526 suis

604 3572 796 3646 paucis
849 3567 1210 3625 sectatoribus
1238 3606 1254 3632 ,
1313 3564 1457 3635 quod
1509 3562 1733 3621 omnino
1789 3561 2065 3632 indignum
2119 3569 2202 3615 est

605 3663 826 3719 Christo
855 3661 968 3739 Deo
1014 3666 1226 3723 nostro,
1255 3664 1317 3711 ut
1363 3655 1547 3726 plures
1576 3670 1683 3710 non
1726 3653 1924 3709 habeat
1970 3654 2025 3708 in
2073 3653 2203 3710 ovili

607 3769 727 3820 suo,
750 3766 913 3823 quam
962 3750 1083 3806 illos
1109 3763 1331 3820 paucos,
1357 3747 1450 3818 qui
1492 3746 1547 3802 in
1572 3746 1843 3801 montanis
1868 3745 2036 3819 866
2080 3745 2203 3800 lati-

612 3855 729 3902 tant
756 3860 879 3900 cum
910 3843 1110 3899 Felice.
1134 3842 1213 3897 Tu
1258 3856 1414 3908 vero,
1444 3842 1528 3897 vir
1569 3840 1677 3896 Deo
1705 3839 1875 3896 electc
1904 3848 1957 3895 et
1984 3840 2201 3906 dilecte,

613 3942 843 4013 teipsum
868 3954 990 3993 eum
1024 3937 1132 3991 tuis
1160 3935 1430 3992 consoeiis
1451 3934 1743 3991 universali
1768 3932 2026 3990 Ecclesia:
2048 3932 2205 3988 Chri-

612 4033 682 4087 sti
708 4029 995 4099 eonjnnge,
1023 4037 1084 4082 ut
1111 4027 1187 4083 sis
1209 4024 1511 4084 membrum
1544 4026 1863 4083 honorabile
1889 4025 2033 4081 illius
2059 4026 2206 4095 capi-

622 4127 714 4188 tis,
740 4124 829 4193 qui
862 4136 960 4193 pro
1012 4130 1063 4174 te
1112 4135 1268 4175 suum
1309 4121 1627 4191 sanguinem
1672 4118 1899 4174 fundere
1921 4134 2028 4173 non
2058 4118 2207 4177 dedi-

612 4215 814 4287 gnavit,
836 4213 1143 4281 recogitans
1167 4220 1428 4281 quantum
1450 4212 1554 4267 erit
1579 4212 1836 4283 gaudium
1866 4212 1919 4266 in
1941 4211 2093 4270 cmlis
2120 4230 2209 4269 su-

614 4325 712 4379 per
733 4322 841 4363 uno
869 4315 1156 4378 peccatore
1182 4302 1561 4374 paniteutiam
1600 4313 1816 4375 agente.
1863 4305 1979 4361 Non
2008 4305 2132 4364 dico
2156 4316 2208 4362 te

616 4410 979 4474 peecatorem,
1011 4400 1104 4455 sed
1154 4400 1569 4468 praedicatorem
1598 4416 1612 4466 ;
1639 4398 2007 4456 confessorem
2046 4399 2208 4456 Chri-

619 4496 712 4559 sti,
743 4509 848 4549 non
878 4506 1189 4547 aversorem
1250 4490 1373 4545 ﬁdei
1404 4508 1419 4557 ;
1445 4491 1723 4547 lucernam
1752 4509 1917 4565 super
1958 4492 2210 4550 candela-

620 4590 777 4642 brum
811 4585 1068 4655 positam,
1096 4590 1155 4636 ut
1178 4582 1353 4638 luceat
1383 4583 1638 4639 omnibus
1680 4584 1772 4654 qui
1824 4585 1878 4640 in
1906 4584 2067 4640 domo
2111 4585 2209 4642 Dei

621 4686 765 4733 sunt.

697 4770 823 4826 Vlll.
851 4769 1027 4824 Etiam
1055 4776 1109 4822 et
1152 4768 1206 4821 in
1256 4766 1361 4823 hoc
1406 4774 1511 4820 tua:
1534 4767 1893 4822 sanctissima:
1942 4768 2210 4826 voluntati

622 4864 876 4918 obnixius
903 4862 1133 4916 suadere
1181 4869 1357 4915 ratum
1403 4860 1611 4930 putavi,
1656 4872 1716 4917 ut
1758 4865 2006 4919 eumdem
2034 4865 2212 4921 virum

622 4955 986 5011 venerabilem
1011 4952 1245 5007 Felicem
1276 4952 1380 5008 tuis
1403 4954 1606 5008 sanctis
1640 4955 1890 5022 precibus
1915 4964 1972 5011 et
2008 4957 2217 5011 suavis-

622 5047 777 5105 simis
829 5045 1264 5115 suggestionibus
1305 5053 1625 5099 convertere
1657 5046 1724 5101 ad
1753 5048 2033 5104 catholicae
2085 5047 2212 5105 ﬁdei

623 5140 889 5195 unitatem
915 5149 968 5191 et
990 5138 1273 5191 veritatem
1305 5137 1513 5191 nitaris.
1539 5137 1746 5194 Fidelis
1771 5140 2017 5196 estenim
2042 5139 2209 5209 Deus,

627 5236 749 5306 pius
777 5241 859 5287 est
895 5231 1220 5295 misericors,
1259 5231 1351 5300 qui
1386 5232 1691 5287 nullatenus
1721 5232 2074 5290 obliviscatur
2093 5231 2213 5304 ejus

631 5326 800 5380 multa
822 5326 987 5389 bona,
1011 5333 1065 5377 et
1090 5324 1397 5395 religiosam
1420 5326 1607 5388 vitam,
1639 5336 1694 5389 et
1721 5324 1952 5392 labores,
1995 5342 2103 5398 qua
2124 5328 2211 5384 die

630 5428 899 5489 noctuque
926 5416 1190 5473 indefessa
1217 5417 1491 5474 voluntate
1513 5418 1759 5473 desudat.
1786 5418 1999 5487 Quanta
2024 5423 2095 5478 sit
2112 5420 2210 5477 tibi

2282 1908 2474 1981 quibus
2500 1903 2763 1966 Christus,
2783 1899 2874 1971 qui
2903 1907 2978 1953 est
3004 1912 3162 1968 super
3184 1892 3362 1949 omnia
3402 1889 3547 1944 Deus
3577 1884 3884 1941 benedictus

2283 1976 2340 2055 in
2372 1996 2571 2054 swcula
2602 1992 2797 2069 (Ibid.,
2829 1989 2968 2063 bi)?
3002 1988 3087 2045 An
3107 1994 3164 2043 et
3190 1986 3282 2041 hic
3331 1998 3437 2039 non
3462 1980 3640 2052 potuit
3676 1976 3885 2041 dicere,

2284 2091 2379 2165 qui
2401 2098 2488 2148 est
2531 2086 2932 2158 uuncupativus
2960 2084 3014 2139 in
3043 2079 3283 2139 saecula?
3312 2078 3430 2133 Non
3455 2076 3603 2132 enim
3629 2076 3685 2131 in
3718 2071 3884 2129 Chri—

2287 2195 2395 2259 sto,
2425 2186 2568 2241 sicut
2610 2184 2665 2239 in
2696 2179 2941 2253 quolibet
2986 2176 3228 2239 homine,
3256 2171 3539 2245 generatio
3586 2176 3672 2222 est
3699 2166 3889 2237 (homo

2279 2256 2432 2338 enim
2464 2278 2691 2350 quilibet
2717 2276 2860 2329 ﬁlius
2901 2272 2997 2327 ira}
3024 2268 3292 2331 nascitur,
3325 2264 3419 2320 sed
3449 2270 3573 2334 post
3602 2260 3656 2315 in
3685 2256 3891 2327 baptis-

2290 2396 2381 2438 mo
2392 2378 2572 2454 gratia
2595 2374 2769 2432 sancti
2802 2371 3041 2443 Spiritus
3070 2368 3122 2423 in
3138 2365 3305 2421 lilium
3332 2363 3620 2433 adoptatur
3639 2355 3779 2454 Dei),
3795 2351 3891 2408 sed

2290 2446 2477 2527 statim
2496 2468 2556 2523 in
2582 2467 2699 2537 ipso
2740 2469 3007 2531 conceptu
3036 2465 3331 2529 conceptus
3353 2463 3438 2509 est
3477 2450 3649 2506 Filius
3679 2446 3809 2511 Dei,
3836 2457 3892 2499 et

2294 2572 2454 2617 natus
2496 2536 2797 2615 secundum
2830 2551 3091 2625 temporis
3124 2546 3586 2621 opportunitatem
3616 2555 3779 2597 verus
3803 2536 3895 2594 Fi-

2294 2655 2399 2711 lius
2423 2654 2540 2709 Dei.
2578 2651 2842 2707 Similiter
2863 2656 2919 2703 et
2969 2660 3077 2701 non
3132 2649 3218 2700 est
3248 2641 3303 2696 in
3331 2638 3551 2696 Christo
3593 2630 3899 2691 divinitatis

2295 2746 2576 2818 maiestas,
2593 2743 2731 2800 sicut
2756 2743 2813 2796 in
2824 2739 3068 2812 quolibet
3080 2736 3300 2793 homine
3320 2728 3645 2805 episcopalis
3658 2726 3898 2798 dignitas

2295 2840 2442 2895 verbi
2458 2837 2633 2907 gratia
2660 2835 2789 2907 (non
2810 2833 2955 2891 enim
2978 2827 3259 2902 apostolus
3270 2824 3488 2890 Petrus,
3518 2819 3793 2893 apostolus
3811 2828 3900 2874 est

2298 2940 2480 2996 natus,
2512 2928 2609 2985 sed
2631 2936 2825 2999 postea
2852 2940 2884 2980 a
2916 2924 3027 2979 Deo
3050 2920 3257 2978 electus
3286 2937 3300 2973 :
3332 2919 3472 2974 sicut
3516 2914 3745 2986 quilibet
3782 2910 3899 2981 epi—

2298 3038 2493 3093 scopus
2524 3036 2633 3075 non
2662 3028 2749 3074 est
2786 3017 3074 3089 episcopus
3117 3023 3302 3077 natus,
3324 3009 3420 3065 sed
3443 3015 3565 3079 post
3592 3000 3902 3066 nativitatis

2302 3124 2664 3187 opportunum
2690 3121 2903 3182 tempus
2914 3109 3121 3167 electus
3139 3105 3580 3176 inepiscOpatum
3601 3109 3658 3155 et
3678 3096 3902 3155 ordina-

2301 3208 2435 3279 tus),
2456 3207 2559 3264 sed
2593 3205 2780 3261 statim
2807 3203 2862 3258 in
2888 3202 3010 3272 ipso
3037 3205 3305 3268 conceptu
3358 3202 3414 3249 et
3436 3193 3727 3250 nativitate
3758 3189 3905 3245 Deus

2302 3316 2463 3356 verus
2490 3305 2650 3356 natus
2677 3304 2761 3352 est
2784 3294 3056 3358 Christus,
3082 3300 3133 3348 et
3160 3287 3411 3362 proprius
3442 3285 3616 3341 Filius
3642 3283 3761 3348 Dei,
3791 3296 3902 3337 non

2300 3392 2588 3466 adeptivus
2637 3388 2802 3452 ﬁlius,
2846 3400 2948 3442 nec
2977 3382 3380 3455 nuncupativns
3432 3380 3593 3434 Deus.
3643 3374 3905 3432 Firmiter

2303 3487 2512 3555 absque
2538 3483 2688 3538 omni
2745 3482 3081 3537 dubitatione
3111 3476 3443 3533 credendum
3484 3482 3572 3529 est
3599 3483 3657 3529 et
3682 3470 3901 3543 'prtedi-

2305 3573 2572 3638 caedum,
2628 3571 2879 3627 eumdem
2906 3583 3051 3636 esse,
3101 3569 3197 3639 qui
3228 3577 3389 3623 natus
3439 3574 3616 3622 estex
3651 3562 3905 3636 Virgine,

2305 3667 2473 3723 Deum
2501 3679 2691 3720 verum
2708 3663 2763 3717 in
2779 3662 2987 3719 duabus
3002 3658 3236 3724 naturis,
3264 3669 3320 3716 et
3344 3672 3533 3713 verum
3558 3654 3757 3713 Filium
3776 3655 3902 3718 Dei;

2307 3758 2383 3813 ita
2407 3765 2468 3813 ut
2490 3774 2629 3814 unus
2664 3758 2741 3811 sit
2780 3754 3057 3820 Christus,
3104 3761 3161 3810 et
3206 3769 3347 3809 unus
3368 3753 3513 3808 Deus
3555 3758 3612 3806 et
3636 3765 3781 3807 unus
3806 3748 3906 3804 Dei

2308 3849 2501 3917 Filius,
2523 3859 2580 3906 et
2595 3865 2734 3906 unus
2749 3863 2844 3903 rex
2856 3889 2870 3912 ,
2884 3855 2940 3903 et
2957 3861 3097 3904 unus
3108 3847 3276 3903 totius
3288 3842 3473 3900 mundi
3490 3839 3906 3905 Salvator,divi-—

2308 3946 2481 4001 nitate
2500 3940 2980 3999 consubstantialis
3000 3940 3173 4006 Patri,
3191 3938 3530 3995 humanitate
3549 3936 3908 3991 consubstan-

2311 4038 2456 4095 tialis
2483 4037 2668 4101 matri,
2700 4046 2761 4091 ut
2782 4036 2859 4090 sit
2888 4033 3032 4090 idem
3058 4047 3223 4087 verus
3266 4031 3412 4087 Deus
3450 4037 3507 4085 et
3535 4043 3697 4085 verus
3744 4026 3907 4081 homo

2312 4130 2367 4184 iu
2389 4129 2597 4184 unitate
2637 4140 2901 4198 personas.
2932 4123 3068 4180 Nam
3103 4129 3159 4178 et
3192 4123 3308 4194 ipse
3352 4132 3596 4190 tempore
3635 4118 3908 4192 passionis

2313 4236 2423 4277 suae
2444 4221 2726 4291 adjuratus
2752 4233 2783 4273 a
2805 4215 3082 4289 pontiﬁce,
3103 4215 3300 4271 Filium
3338 4230 3398 4269 se
3426 4215 3520 4270 Dei
3548 4229 3666 4269 esse
3689 4211 3905 4270 confes-

2313 4329 2408 4369 sus
2442 4322 2545 4367 est.
2599 4312 2667 4366 Et
2703 4311 2872 4366 multa
2920 4309 3046 4364 talia
3080 4307 3235 4381 [ϐοά.
3296 4306 3441 4374 i'at.,
3490 4315 3546 4362 et
3576 4305 3745 4361 multa
3774 4303 3905 4372 alia]

2314 4405 2578 4460 habemus
2596 4403 2904 4459 testimonia
2925 4403 2979 4456 in
3004 4408 3196 4456 sancto
3216 4397 3530 4470 Evangelio,
3554 4413 3676 4468 qua:
3705 4397 3908 4467 ubique

2315 4512 2438 4552 eum
2470 4495 2666 4550 Filium
2694 4495 2791 4551 Dei
2822 4510 2944 4550 esse
2966 4501 3259 4549 testantur.
3310 4491 3577 4548 Percurre
3601 4505 3794 4546 omnes
3816 4506 3910 4562 pa-

2312 4591 2467 4661 ginas
2494 4588 2822 4659 evangelica:
2851 4587 3213 4650 auctoritatis,
3253 4595 3309 4640 et
3333 4586 3654 4656 epistolares
3688 4593 3909 4640 sentcn-

2312 4683 2417 4737 tias
2448 4681 2763 4753 apostolicae
2807 4679 3125 4753 dignitatis,
3180 4678 3263 4733 vel
3308 4678 3550 4733 omnium
3592 4684 3909 4734 sanctarum

2316 4777 2725 4845 Scripturarum
2753 4775 2948 4840 series,
2994 4783 3051 4829 et
3094 4772 3356 4844 quidquid
3402 4772 3458 4827 in
3494 4771 3602 4827 illis
3638 4772 3905 4838 invenias,

2318 4868 2421 4921 hoc
2445 4866 2677 4921 ﬁdeliter
2700 4865 2935 4936 pmdica
2960 4881 2974 4929 ;
3002 4864 3055 4918 in
3088 4863 3172 4918 bis
3193 4860 3445 4927 suﬁiciat,
3471 4872 3525 4917 et
3546 4863 3782 4932 gaudeat
3805 4872 3909 4919 tute

2320 4957 2625 5015 sanctitatis
2654 4971 2869 5022 sensus,
2897 4965 2958 5011 ut
2976 4955 3195 5027 dignam
3215 4954 3501 5010 catholica:
3541 4954 3669 5009 lldci
3690 4962 3745 5009 et
3766 4970 3909 5024 pra:-

2320 5052 2609 5107 dicationis
2631 5052 2684 5108 in
2712 5058 2917 5109 aeterna
2942 5050 3277 5106 beatitudine
3309 5050 3616 5106 mercedem
3647 5048 3910 5106 merearis

2320 5157 2583 5213 recipere.

2390 5237 2482 5293 IX.
2512 5237 3107 5293 Obsecrotehumiliter
3131 5238 3557 5310 persauguinem
3586 5235 3912 5307 redemptio-

2318 5331 2404 5387 nis
2432 5339 2722 5395 nostrze,et
2740 5345 2839 5400 per
2868 5330 3107 5385 terribile
3133 5329 3309 5385 ultimi
3333 5330 3438 5385 diei
3462 5328 3743 5398 judicium,
3771 5343 3910 5399 qua-

2325 5430 2483 5477 tenus
2520 5421 2676 5489 hujus
2714 5421 2976 5479 chartula:
3017 5431 3289 5477 sensusct
3317 5422 3574 5494 syllabas,
3627 5421 3677 5477 si
3709 5422 3764 5476 in
3804 5429 3915 5479 tua:

631 5528 815 5567 coram
848 5513 956 5566 Deo
994 5521 1049 5566 et
1076 5511 1282 5567 sanctis
1306 5511 1423 5581 ejus
1452 5512 1620 5586 gloria
1664 5521 1719 5568 et
1746 5516 2114 5572 remuneratio
2138 5515 2221 5571 in-
2322 5514 2674 5570 beatitudinis
2704 5530 2897 5572 manus
2915 5516 3256 5587 perveniant,
3286 5515 3526 5587 digneris
3552 5514 3787 5585 dirigere
3814 5526 3913 5583 per

634 5609 793 5665 tende
830 5615 885 5661 et
904 5608 1212 5679 diligentius
1240 5608 1543 5673 considera,
1596 5610 1648 5664 in
1685 5609 1858 5665 salute
1899 5608 2084 5665 fratris
2114 5610 2217 5675 tui,

633 5702 882 5765 etiamet
924 5702 1057 5756 tanti
1086 5700 1208 5765 viri,
1262 5708 1318 5755 et
1348 5709 1455 5755 tam
1502 5702 1777 5772 prteclara:
1828 5702 2114 5772 dignitatis
2160 5711 2219 5758 et

630 5794 935 5853 sanctitatis
961 5793 1163 5852 famulo
1188 5794 1411 5853 Christi.
1439 5794 1643 5852 Memor
1667 5805 1782 5855 esto
1812 5812 2029 5869 semper
2071 5797 2218 5854 illius

2321 5617 2542 5665 sanctos
2562 5606 2768 5671 Christi
2803 5612 3137 5677 sacerdotes,
3179 5620 3235 5667 et
3271 5609 3520 5666 sublimia
3547 5606 3804 5664 Ecclesiae
3832 5605 3914 5663 lu—

2322 5700 2489 5766 mina,
2519 5715 2642 5770 quso
2667 5709 2793 5759 sunt
2816 5702 2870 5757 in
2892 5702 3140 5773 partibus
3162 5701 3453 5772 Hispaniae.
3523 5700 3581 5755 lu
3619 5700 3724 5757 hoc
3765 5698 3909 5756 enim

2321 5794 2685 5865 cognoscitur,
2715 5795 2759 5854 si
2787 5812 3024 5855 amorem
3046 5799 3248 5860 habeas
3284 5800 3527 5859 veritatis
3549 5805 3605 5856 et
3635 5797 3911 5855 universae
