4136 6548
207 340 309 395 211

718 340 1135 398 DOCMATICA.
1175 372 1243 382 -—
1282 340 1441 397 ADV.
1484 340 1881 398 ELIPANDUM
1923 340 2105 397 LIBRI
2148 343 2235 400 IV.
2276 372 2348 384 —
2386 345 2605 401 EPIST.
2650 344 2979 400 ΡΒᾹἉἸᾹΞ.

3394 346 3499 401 ’24ιῖ

211 455 281 510 iis
334 452 590 514 Ecclesia:
633 453 1090 523 conjunctionem,
1138 455 1184 510 si
1228 456 1366 521 haec,
1410 454 1805 525 qualiacunque
1832 457 1881 515 Α
1908 455 2085 510 omnis
2109 457 2309 523 homo;
2353 472 2460 512 non
2483 464 2541 512 ut
2566 457 2864 512 divinitatis
2893 465 3086 509 natura
3110 465 3411 512 verteretur
3443 456 3495 508 ia

212 554 362 610 sunt,
388 546 674 601 charitatis
693 545 947 602 fraterna:
988 546 1189 615 scripta
1234 545 1467 601 ﬁdeliter
1515 560 1808 600 conservo-

214 649 339 688 rum
362 634 528 706 867
558 641 775 690 tuorum
800 635 1021 690 auribus
1048 634 1260 704 aperire
1289 634 1585 699 desideras,
1613 643 1667 689 et
1689 633 1809 689 illos

211 730 270 782 in
295 728 506 784 unitate
529 727 971 798 catholicazpacis
999 729 1342 785 conﬁrmare.
1376 729 1562 783 Dicam
1587 728 1808 789 iterum,

212 826 271 872 ct
298 834 423 873 cum
450 819 598 875 omni
624 819 930 875 humilitate
958 820 1162 886 dicam,
1202 820 1505 891 smpiusque
1527 827 1807 889 repetens:

213 908 685 979 Evigilemus,viri
715 908 931 975 fratres,
952 910 1021 964 ad
1039 912 1221 966 tubam
1253 912 1417 966 totius
1436 908 1639 964 mundi.
1673 908 1813 963 Ecce

214 999 420 1055 clamat
448 1014 543 1055 vas
579 998 879 1065 electionis,
926 1000 1250 1069 pmdicator
1289 1000 1550 1071 gentium,
1576 1006 1813 1054 secreta-

214 1092 335 1148 rius
351 1090 611 1148 oculorum
635 1099 825 1147 contra
854 1106 1043 1148 omnes
1066 1093 1333 1147 novitates
1346 1108 1560 1158 vocum,
1588 1092 1809 1148 dicens:

215 1182 329 1240 Sed
347 1182 467 1238 licet
489 1192 580 1237 aut
604 1180 822 1254 angelus
841 1181 907 1237 de
934 1182 1060 1237 cmlo
1089 1182 1404 1253 euangelizat
1434 1184 1599 1247 vobis,
1625 1192 1815 1253 prater

211 1276 362 1347 quod
374 1274 840 1347 euangelizavimus
862 1276 1025 1340 vobis,
1063 1276 1345 1329 anathema
1374 1276 1460 1329 sit.
1517 1274 1666 1330 Sicut
1685 1290 1817 1344 prte-

215 1370 479 1433 diximus,
521 1376 573 1422 et
613 1383 752 1421 nunc
795 1368 985 1421 iterum
1010 1367 1161 1431 dico;
1209 1367 1255 1420 si
1290 1367 1409 1437 quis
1435 1365 1575 1420 vobis
1601 1381 1815 1435 evange-

214 1460 459 1515 lizaverit
476 1467 669 1531 pra‘ter
694 1458 768 1523 id,
791 1457 931 1529 quod
951 1460 1243 1529 accepistis,
1271 1458 1549 1513 anathema
1578 1458 1643 1512 sit
1669 1455 1812 1527 (Gal.

218 1567 261 1616 ι,
286 1550 343 1615 8,
377 1549 458 1622 9).
511 1549 653 1605 Ecce
676 1558 878 1622 quanta
906 1549 1104 1605 fiducia
1126 1548 1702 1621 praedicatorismundi
1733 1555 1819 1603 est

217 1645 278 1699 in
304 1658 401 1699 sua
429 1643 837 1715 praedicatione,
884 1650 946 1697 ut
983 1658 1090 1698 non
1134 1643 1309 1698 solum
1349 1642 1660 1697 hominibus
1688 1656 1817 1695 ana-

215 1734 405 1789 thema
432 1732 650 1798 indixit,
672 1733 720 1787 si
748 1733 908 1788 aliter
920 1733 1322 1805 prtedicassent,
1351 1748 1513 1805 quam
1544 1734 1658 1803 ipse
1678 1748 1818 1803 prte-

1912 546 2336 613 humanitatem;
2386 549 2480 605 sed
2502 549 2650 605 salva
2680 548 2961 620 majestate
2990 548 3190 612 divina,
3222 556 3498 616 assumpta

1910 645 1996 692 est
2023 638 2354 695 humanitas:
2383 656 2489 694 non
2512 641 2775 697 diminuta
2804 650 2889 696 est
2915 640 3182 704 divinitas,
3210 642 3303 695 scd
3332 640 3501 694 bono-

1912 726 2122 783 rificata
2159 729 2483 794 humanitas,
2532 738 2783 786 manente
2807 731 3140 801 proprietate
3163 738 3372 785 natura:
3397 731 3499 785 hu—

1912 833 2106 885 manae,
2157 828 2218 873 ut
2242 819 2385 875 idem
2421 821 2555 889 ipsc,
2603 822 2693 890 qui
2734 836 2800 877 ex
2843 821 2952 874 Deo
2977 821 3136 874 Patre
3173 818 3503 874 mtcrualiter

1912 918 2072 964 natus
2103 916 2205 976 est,
2255 926 2323 966 ex
2350 921 2521 967 matre
2544 913 2766 980 Virgine
2794 912 3161 981 tcmporalitcr
3206 921 3365 966 natus
3416 928 3505 967 ess

1914 1009 2023 1056 set:
2074 1010 2134 1055 ut
2158 1001 2228 1056 sit
2261 1003 2620 1075 verumquod
2652 1010 2835 1058 tantus
2862 1002 3201 1072 Evangelista
3226 1001 3327 1056 ait:
3374 1001 3500 1056 Ver-

1914 1091 2035 1145 bum
2060 1108 2183 1146 caro
2200 1091 2399 1159 factum
2417 1102 2511 1147 est.
2558 1092 2616 1147 Si
2647 1093 2963 1148 Deushomo
2986 1091 3159 1147 factus
3182 1100 3287 1156 est,
3318 1092 3504 1163 utique

1916 1180 2079 1237 homo
2116 1183 2259 1237 Deus
2303 1181 2478 1239 factus
2516 1190 2620 1247 cst,
2667 1190 2892 1252 propter
2934 1183 3197 1238 unitatem
3233 1197 3500 1253 persona‘,

1914 1282 1976 1329 ut
2002 1274 2074 1330 sit
2101 1290 2166 1331 ex
2195 1276 2343 1330 omni
2367 1285 2521 1347 parte
2559 1277 2764 1333 veritas
2786 1277 2841 1331 in
2868 1276 3088 1332 Christo
3115 1276 3242 1331 Jesu
3275 1278 3506 1332 Domino

1918 1372 2125 1420 nostro.
2189 1366 2243 1419 Si
2291 1368 2457 1435 igitur
2481 1367 2662 1431 homo,
2693 1367 2782 1436 qui
2829 1376 3137 1437 assumptus
3164 1378 3247 1423 est
3271 1384 3301 1421 a
3325 1369 3506 1423 Verbo

1918 1455 2035 1518 Dei,
2064 1454 2205 1510 Deus
2227 1466 2311 1511 est
2341 1459 2756 1526 nuncupativus,
2784 1458 2908 1527 quia
2932 1458 3034 1512 alia
3060 1471 3254 1515 natura
3292 1470 3376 1515 est
3402 1460 3504 1516 hu-

1918 1548 2217 1611 manitatis,
2260 1548 2366 1604 alia
2412 1550 2741 1616 divinitatis;
2792 1566 3131 1622 consequens
3169 1551 3402 1618 videtur,
3450 1563 3509 1607 ut

1919 1639 2083 1703 Deus,
2134 1642 2224 1710 qui
2252 1639 2524 1697 hominem
2572 1644 2884 1713 assumpsit,
2930 1646 3092 1699 homo
3131 1644 3203 1699 sit
3232 1660 3505 1714 nuncupa-

1922 1731 2085 1798 tivus,
2144 1740 2201 1788 et
2258 1749 2364 1787 non
2407 1742 2588 1803 potest
2626 1743 2789 1797 stare,
2838 1736 2980 1805 quod
3032 1736 3361 1807 evangelista
3398 1737 3503 1791 ait:

215 1824 518 1890 dicaverat,
541 1825 635 1881 sed
657 1824 1386 1898 angelisquoqueanathema
1409 1824 1635 1879 minavit
1656 1822 1811 1896 [Cod.
1849 1820 1892 1879 II
1928 1823 2153 1879 Verbum
2183 1844 2307 1880 caro
2336 1826 2535 1896 factum
2562 1838 2656 1883 est.
2715 1828 2976 1885 Similiter
3003 1831 3407 1901 intelligendum
3426 1842 3511 1887 est

232 1916 387 1984 ναι,
416 1918 942 1993 anathematizavit],
997 1920 1043 1974 si
1070 1920 1193 1976 novi
1234 1920 1438 1990 aliquid
1463 1919 1818 1973 immisissent

218 2011 280 2067 in
306 2010 693 2080 praedicatione
722 2012 1031 2081 apostolicze
1060 2011 1428 2068 auctoritatis:
1485 2026 1648 2081 quam
1678 2026 1817 2080 pra:-

221 2108 555 2165 dicationem
595 2103 922 2176 evangelicae
946 2103 1194 2157 veritatis
1239 2117 1344 2157 non
1389 2116 1447 2156 se
1474 2102 1543 2156 ab
1577 2101 1813 2155 homini-

222 2204 355 2269 bus,
398 2201 492 2259 sed
525 2202 593 2257 ab
619 2200 737 2271 ipso
766 2198 994 2253 Domino
1014 2205 1199 2252 nostro
1234 2194 1361 2251 Iesu
1413 2194 1633 2253 Christo
1681 2192 1819 2249 didi-

217 2296 371 2353 cisse
408 2302 657 2357 testatur,
696 2291 787 2348 ubi
825 2291 932 2344 ait:
989 2288 1171 2360 Neque
1199 2289 1340 2343 enim
1386 2304 1480 2359 ego
1513 2286 1580 2341 ab
1609 2284 1818 2339 homine

219 2386 407 2455 accepi
434 2383 592 2448 illud,
618 2398 782 2454 neque
802 2380 985 2444 didici,
1012 2378 1103 2433 sed
1154 2394 1247 2449 per
1292 2376 1660 2432 reuelationem
1686 2373 1818 2430 Iesu

220 2476 430 2531 Christi
479 2473 643 2546 (Ibid.
698 2472 809 2541 i2).
869 2470 1043 2524 Aliter
1086 2470 1365 2539 prtedicat,
1413 2469 1504 2539 qui
1540 2466 1817 2524 Christum

218 2565 544 2638 adoptivum
586 2562 835 2621 nominat
857 2560 1053 2617 Filium
1091 2558 1205 2624 Dei,
1240 2574 1399 2630 quem
1430 2557 1516 2615 ille
1540 2558 1820 2628 proprium

219 2660 425 2718 Filium
440 2658 539 2716 Dei
562 2655 878 2712 nominavit.
930 2654 1100 2709 Aliter
1118 2652 1398 2723 praedicat,
1428 2651 1520 2723 qui
1542 2649 1845 2707 Christum-

217 2755 415 2813 Jcsum
426 2751 597 2809 Deum
616 2747 1037 2819 nuncupativum
1062 2743 1327 2809 nominat,
1349 2757 1514 2816 quem
1537 2741 1627 2798 ille
1647 2739 1819 2796 Deum

220 2862 396 2921 super
429 2845 611 2903 omnia
638 2841 979 2900 benedictum
1035 2836 1358 2895 nominavit.
1431 2836 1498 2893 Et
1532 2834 1625 2908 qui
1663 2833 1831 2889 aliter.

220 2939 510 3014 ιιι-Μίδαι,
558 2936 748 2992 timeat
785 2931 1097 3004 apostolica:
1121 2928 1460 2987 auctoritatis
1500 2927 1819 2992 anathema;

1916 1932 2073 1971 versa
2110 1918 2227 1972 vice
2248 1918 2650 1988 deadoptione:
2697 1921 2742 1974 si
2787 1921 2907 1976 ideo
2954 1921 3043 1977 ille
3068 1922 3249 1988 homo,
3302 1926 3394 1993 qui
3422 1940 3511 1979 as-

1915 2018 2161 2078 sumptus
2192 2018 2295 2074 est,
2342 2010 2626 2078 adoptivus
2670 2018 2755 2065 est
2780 2010 2920 2067 illius
2945 2013 3074 2075 Deo,
3104 2014 3231 2083 quia
3282 2014 3386 2068 alia
3405 2031 3472 2069 na
3495 2048 3507 2055 -

1919 2107 2036 2153 tura
2092 2105 2175 2153 cst
2226 2098 2603 2165 humanitatis,
2650 2100 2756 2155 alia
2784 2101 3103 2167 divinitatis,
3144 2102 3386 2173 sequitur
3417 2105 3509 2159 illa

1917 2191 2224 2247 necessaria
2254 2192 2559 2258 conversio,
2615 2199 2679 2247 ut
2705 2192 2870 2259 Deus,
2902 2195 2991 2263 qui
3014 2209 3081 2249 ex
3109 2195 3331 2267 Virgine
3352 2205 3512 2252 natus

1917 2290 2024 2349 est,
2051 2284 2124 2340 sit
2142 2284 2428 2354 adoptivus
2453 2284 2615 2348 Deus,
2662 2292 2718 2340 et
2753 2300 2860 2342 non
2890 2287 2969 2343 sit
3009 2286 3166 2345 beata
3191 2288 3379 2360 Virgo,
3433 2304 3514 2343 se-

1919 2379 2153 2433 cundum
2181 2375 2555 2433 Nestorianam
2577 2377 2932 2450 impietatem,
2960 2394 3087 2435 vera
3117 2378 3362 2437 Genitrix
3391 2383 3509 2443 Dei.

1919 2467 2014 2524 sed
2037 2485 2135 2541 per
2162 2469 2473 2540 quamdam,
2523 2470 2572 2525 si
2599 2470 2718 2527 ﬁeri
2746 2472 2941 2542 possit,
2972 2473 3313 2543 adoptionem
3342 2483 3515 2530 mater

1920 2557 2037 2613 Dei.
2101 2557 2255 2625 Quod
2285 2574 2450 2630 quam
2499 2556 2654 2633 [Cod.
2691 2560 2835 2627 ναι,
2886 2564 3171 2637 quantum]
3210 2564 3509 2620 nefandum

1920 2650 2016 2715 sit,
2063 2659 2118 2706 et
2140 2666 2305 2721 quam
2338 2650 2581 2723 impium,
2632 2659 2689 2709 et
2716 2655 2784 2708 ab
2816 2655 2963 2711 omni
2985 2657 3215 2712 veritate
3254 2657 3511 2719 alienum.

1920 2743 2168 2813 quisquis
2189 2744 2277 2813 pie
2300 2744 2367 2801 de
2391 2742 2609 2800 Christo
2645 2747 2840 2813 sentit,
2888 2750 3152 2819 agnoscit.
3219 2749 3329 2806 llas
3381 2767 3510 2807 vero

1923 2836 2192 2890 novitates
2222 2851 2431 2899 vocum,
2464 2837 2769 2893 cbarissimi
2797 2847 2853 2893 et
2894 2839 3208 2897 clarissimae
3234 2842 3516 2913 dignitatis

1923 2926 2050 2992 viri,
2102 2929 2325 2983 omnino
2351 2928 2569 2999 abjicite
2596 2968 2609 2992 ,
2673 2938 2731 2985 et
2776 2939 3139 2989 consentanea
3188 2936 3517 3005 evangelicis

222 3048 342 3092 non
368 3030 546 3089 solum
567 3026 818 3099 apostoli,
855 3023 949 3080 sed
978 3023 1143 3079 etiam
1192 3020 1287 3076 Dei
1311 3019 1536 3083 Christi,
1571 3033 1732 3088 quem
1768 3018 1822 3072 in
1923 3018 2095 3089 868
2120 3019 2332 3089 paginis
2375 3026 2433 3074 et
2466 3018 2781 3089 apostolicis
2822 3021 3197 3079 traditionibus
3228 3025 3433 3080 credite
3461 3035 3517 3080 et

223 3140 291 3185 se
311 3123 553 3184 locutum
575 3133 699 3177 esse
744 3124 994 3181 testatur,
1026 3113 1119 3170 ubi
1143 3112 1252 3168 ait:
1307 3111 1391 3166 Au
1411 3111 1824 3181 experimentum
1857 3172 1897 3185 Α
1929 3110 2252 3180 praedicate;
2296 3109 2657 3182 intelligentes
2683 3112 2788 3167 alia
2820 3113 3036 3169 nomina
3087 3114 3143 3168 in
3170 3114 3388 3172 Christo
3408 3117 3518 3174 Deo

219 3172 762 3289 eis;
803 3207 861 3263 in
899 3172 993 3260 me.
1031 3203 1266 3275 loquitur
1306 3172 1550 3259 Christus
1581 3198 1667 3271 (ΙΙ
1696 3198 1822 3254 Cor.

1931 3203 2149 3274 propria
2173 3216 2319 3267 esse,
2372 3202 2477 3259 alia
2522 3202 2879 3275 significativa
2919 3225 2931 3261 :
2980 3216 3036 3262 ct
3063 3208 3355 3265 discernite
3389 3212 3518 3281 quid

227 3322 353 3371 xm,
384 3303 471 3379 3)?
502 3300 784 3371 Quomodo
805 3296 1063 3369 quislibet
1089 3294 1377 3352 temeraria
1406 3292 1830 3363 prtesumptione
1930 3295 2019 3348 cui
2072 3290 2225 3366 [Cod.
2264 3291 2466 3360 Paris.,
2495 3295 2626 3366 quid
2649 3296 2864 3369 cuique]
2907 3298 2983 3353 rei
3008 3300 3314 3355 conveniat.
3387 3301 3521 3357 Pro—

229 3398 524 3458 Dominum
548 3403 796 3453 nostrum
841 3388 1024 3447 Iesum
1067 3386 1353 3445 Christum
1392 3386 1701 3457 adoptivum
1732 3383 1827 3440 Dei
1929 3387 2049 3457 pria
2079 3387 2297 3443 nomina
2322 3395 2448 3442 sunt
2476 3388 2531 3443 in
2556 3387 2791 3453 Christo,
2827 3387 3159 3461 Unigenitus,
3193 3390 3521 3463 Primogeni-

226 3491 432 3550 Filium
450 3488 736 3546 nominare
785 3484 967 3549 audet,
999 3495 1159 3552 quem
1182 3486 1365 3534 tantus
1390 3476 1737 3547 przedicator,
1768 3482 1830 3529 ut

230 3586 496 3649 diximus,
533 3554 813 3654 probprium
839 3576 935 3632 Dei
984 3575 1179 3631 Filium
1232 3572 1552 3637 nominavit,
1600 3570 1689 3626 ubi
1722 3569 1825 3625 ait:

238 3678 346 3747 Qui
370 3676 581 3749 proprio
610 3671 657 3726 Γ
658 3671 751 3727 ilio
798 3686 894 3725 suo
925 3685 1028 3723 non
1071 3667 1294 3738 pepercit
1336 3662 1507 3735 (Rom.
1540 3679 1660 3728 vnt,
1687 3663 1829 3735 53)?

238 3769 334 3827 Vel
351 3781 457 3839 qua
486 3762 714 3821 audacia
733 3761 982 3819 eumdem
1011 3757 1297 3813 Dominum
1309 3763 1365 3810 et
1390 3755 1559 3810 Deum
1587 3763 1829 3810 nostrum

232 3862 362 3932 quis
388 3856 668 3931 pressumit
693 3853 972 3910 nominare
1001 3848 1420 3920 nuncupativum
1448 3847 1638 3911 Deum,
1667 3860 1830 3917 quem

234 3953 384 4012 idem
412 3947 687 4023 apostolus
706 3945 1051 4004 benedictum
1099 3957 1264 4012 super
1306 3940 1482 3997 omnia
1511 3939 1701 4004 Deum,
1747 3938 1829 3993 vel

231 4044 403 4103 etiam
433 4054 686 4114 magnum
709 4037 880 4093 Deum
905 4049 1013 4090 non
1037 4033 1305 4089 dubitavit
1328 4031 1476 4087 clara
1526 4045 1660 4085 voce
1700 4044 1832 4084 con-

238 4135 390 4193 Iitcri
409 4142 466 4191 et
486 4130 800 4191 nominare?
842 4126 932 4182 Ait
952 4126 1134 4195 itaque
1172 4124 1237 4179 ad
1268 4122 1483 4178 Titum:
1512 4120 1832 4190 Exspectan-

237 4240 319 4285 ιη
356 4228 562 4282 beatam
614 4237 757 4294 spem
818 4227 865 4274 et
921 4217 1202 4271 adventum
1227 4213 1409 4286 gloria:
1454 4212 1631 4281 magni
1658 4209 1755 4264 Dei
1783 4219 1831 4263 et

244 4316 538 4383 Saluatoris
568 4311 731 4369 nostri
756 4309 886 4365 Jesu
915 4307 1133 4368 Christi,
1205 4305 1296 4376 qui
1328 4304 1468 4358 dedit
1497 4305 1830 4375 semetipsum

239 4428 338 4483 pro
361 4408 528 4473 nobis,
556 4415 612 4461 ut
636 4421 727 4461 nos
752 4403 1021 4459 redimeret
1052 4400 1116 4454 ab
1140 4399 1282 4454 omni
1310 4398 1586 4469 iniquitate
1607 4397 1736 4469 (Tit.
1768 4414 1829 4463 ιι,

1931 3489 2038 3545 tus,
2069 3478 2231 3545 Deus,
2266 3478 2357 3533 Dei
2375 3478 2572 3546 Filius,
2598 3489 2645 3535 et
2666 3497 2802 3536 unus
2826 3480 2978 3554 [Cod.
3001 3483 3146 3547 νειμ,
3173 3492 3220 3537 et
3241 3482 3516 3554 Dominus]

1931 3572 2087 3627 Iesus
2141 3568 2402 3625 Christus.
2477 3570 2846 3643 Significativa
2884 3572 3100 3627 nomina
3149 3583 3521 3645 suntproptcr

1930 3664 2192 3734 quasdam
2220 3663 2484 3727 actiones,
2509 3678 2628 3732 qum
2646 3663 2926 3734 completas
2943 3673 3067 3720 sunt
3092 3665 3146 3719 in
3175 3665 3286 3730 illo,
3314 3666 3415 3731 tea,
3440 3668 3521 3722 la-

1930 3755 2033 3825 pis,
2060 3755 2190 3820 ovis,
2213 3754 2428 3820 ritulus,
2452 3755 2660 3821 vermis,
2677 3764 2731 3811 et
2756 3754 2882 3810 talia
2898 3755 3150 3827 plurima,
3176 3773 3296 3828 qua:
3312 3759 3520 3814 ratione

1931 3848 2289 3903 discernenda
2311 3855 2458 3903 sunt.

2003 3936 2092 3992 XI.
2122 3937 2259 3993 Dicit
2285 3937 2543 4008 praefatus
2566 3937 2887 3994 venerabilis
2912 3938 3060 3994 Felix
3095 3939 3141 4001 ι),
3197 3956 3216 3991 ι
3253 3938 3521 4009 Hispanim

1933 4032 2184 4087 doctores
2197 4029 2469 4086 Christum
2486 4029 2795 4099 adoptivum
2811 4029 2998 4085 solitos
3010 4044 3134 4085 esse
3159 4031 3439 4087 nominare
3456 4047 3469 4093 ;
3497 4051 3515 4079 ι

1933 4123 2027 4180 sed
2048 4124 2166 4179 illos
2226 4124 2478 4179 doctores
2523 4139 2626 4178 nos
2668 4138 2772 4178 non
2803 4123 3062 4195 legimus,
3108 4138 3281 4193 neque
3311 4124 3377 4180 ad
3424 4140 3523 4179 nos

1933 4216 2364 4286 illorumscripta
2394 4224 2788 4285 pervenerunt:
2814 4223 2869 4270 et
2889 4215 2935 4270 si
2951 4214 3206 4280 dixerint,
3236 4213 3373 4271 forte
3394 4216 3525 4270 sia;-

1931 4306 2055 4377 plex
2087 4304 2389 4378 ignorantia
2418 4319 2513 4360 eos
2538 4305 2778 4360 defendit
2805 4320 2834 4358 a
2860 4320 3118 4360 mucrone
3138 4306 3521 4371 anathemati’s,

1931 4413 2041 4454 non
2065 4397 2317 4467 pertinax
2331 4397 2536 4453 erroris
2549 4394 2793 4453 defensio
2815 4395 3392 4452 excommunicationis
3402 4411 3519 4466 per-

245 4505 332 4567 I3,
363 4501 474 4571 ιι).
523 4498 775 4570 Magnum
815 4496 1003 4563 utique
1024 4492 1193 4547 Deum
1221 4505 1347 4546 eum
1372 4489 1691 4556 nominavit,
1736 4490 1827 4560 qui
1861 4531 1910 4592 Ι)
1933 4492 2073 4547 cutit
2093 4489 2271 4561 gladio
2294 4486 2449 4562 [Cod.
2482 4488 2625 4555 Vah,
2650 4487 2902 4590 gladius].
2929 4486 3100 4559 Major
3112 4503 3325 4559 quoque
3340 4497 3526 4544 aucto-

240 4602 507 4652 venturus
527 4598 612 4646 est
630 4588 877 4661 judicare
904 4586 1057 4641 vivos
1084 4592 1141 4639 et
1168 4592 1428 4645 mortuos,
1456 4596 1563 4639 non
1587 4582 1829 4638 deuncu-

242 4691 356 4747 ium
380 4684 694 4756 quemdam,
732 4678 948 4751 qualem
976 4692 1113 4733 nova
1135 4676 1491 4745 quorumdam
1520 4674 1672 4747 ﬁngit
1693 4689 1832 4745 prae-

246 4775 508 4847 sumptio.
559 4771 619 4828 Si
645 4771 770 4841 quis
805 4769 1016 4825 dubitet
1049 4767 1115 4822 de
1142 4780 1249 4835 quo
1270 4764 1497 4821 dixisset
1522 4764 1829 4836 Apostolus,

244 4874 395 4943 legat
406 4868 721 4923 Tractatum
746 4861 887 4918 beati
901 4858 1213 4930 Hieronymi
1228 4870 1275 4923 α,
1290 4872 1452 4928 quem
1475 4856 1529 4912 in
1555 4856 1695 4912 hanc
1707 4857 1835 4913 fecit

248 4962 568 5037 Epistulam.

320 5054 391 5111 Χ.
426 5049 890 5109 Considerandum
945 5053 1030 5100 est
1050 5042 1379 5114 diligentius,
1430 5052 1486 5097 et
1506 5042 1685 5097 omnis
1719 5041 1837 5112 pie-

250 5149 384 5207 tatis
420 5144 697 5201 intellectu
750 5136 1156 5211 percipiendum
1187 5175 1203 5199 ,
1262 5132 1407 5204 quod
1452 5133 1544 5188 ille
1576 5130 1841 5187 mirabilis

249 5236 584 5309 evangelista
613 5234 722 5288 ait:
787 5228 1013 5284 Verbum
1063 5242 1189 5282 caro
1244 5225 1443 5295 factum
1488 5233 1582 5288 est,
1640 5223 1692 5279 id
1734 5229 1838 5285 est,

254 5332 403 5388 Deus
443 5328 604 5383 homo
635 5323 810 5379 factus
833 5328 935 5376 est.
984 5320 1061 5374 lix
1102 5317 1282 5373 carnis
1308 5316 1486 5384 itaque
1511 5313 1838 5371 nomioe'to-

256 5432 373 5479 tum
399 5418 672 5476 hominem
696 5411 1029 5483 significans,
1082 5417 1142 5462 ut
1170 5410 1223 5463 in
1253 5422 1318 5461 eo
1346 5406 1463 5461 loco
1496 5405 1839 5474 intelligitur:

268 5509 474 5566 Videbit
498 5507 667 5562 omnis
693 5520 817 5559 caro
847 5500 1078 5556 salutare
1110 5499 1203 5553 Dei
1240 5496 1389 5569 (Luc.
1417 5512 1501 5561 ιιι,
1532 5495 1610 5565 ιξ),
1656 5495 1712 5549 id
1740 5503 1843 5558 est,

331 5657 355 5684 ι
392 5640 450 5697 S.
474 5640 621 5696 IIier.
650 5637 818 5695 in.cit
839 5635 1015 5691 locum
1042 5633 1200 5704 epist.
1232 5632 1298 5704 ad
1328 5630 1537 5685 Titum:
1578 5647 1601 5704 ε
1622 5627 1844 5704 Magnus

260 5716 406 5772 Deus
429 5711 587 5768 Jcsus
611 5708 862 5766 Christus
878 5699 1125 5761 Salvator
1145 5702 1362 5772 dicitur,
1388 5716 1494 5755 non
1522 5699 1844 5772 primogeni—

262 5770 357 5847 tus
386 5783 563 5841 omnis
595 5786 879 5844 creatum,
915 5790 1021 5832 non
1044 5773 1278 5830 Verbum
1308 5771 1402 5826 Dei
1460 5778 1513 5824 et
1557 5770 1837 5839 sapientia,

1939 4583 2072 4636 ritas
2098 4580 2383 4637 doctorum
2412 4580 2578 4635 totius
2604 4578 2790 4634 mundi
2824 4579 2988 4634 debet
3021 4592 3160 4642 esse,
3211 4593 3372 4649 quam
3395 4595 3526 4650 pau-

1939 4686 2125 4728 corum
2153 4671 2207 4725 in
2242 4669 2517 4742 Hispania.
2561 4670 2730 4742 igitur
2756 4670 2950 4726 beatus
2977 4670 3233 4736 Isidorus,
3269 4672 3355 4726 cui
3386 4673 3521 4726 nihil

1941 4765 2199 4835 Hispania
2221 4764 2420 4819 clarius
2450 4763 2657 4829 habuit,
2688 4763 2853 4817 multa
2884 4762 3102 4819 nomina
3137 4764 3289 4833 ponit
3318 4764 3385 4818 de
3414 4763 3524 4818 Deo

1939 4856 2159 4913 Christo
2192 4856 2247 4910 in
2277 4853 2648 4925 Etymologiis,
2676 4854 2759 4909 vel
2786 4854 2906 4908 aliis
2935 4854 3221 4924 scripturis
3270 4855 3401 4919 suis,
3429 4854 3524 4910 sed

1942 4950 1996 5004 in
2021 4947 2165 5003 nullo
2193 4947 2311 5003 loco
2333 4946 2637 5001 invenimus
2655 4960 2778 4998 eum
2808 4944 3119 5013 adoptivum
3144 4943 3226 4999 vel
3242 4961 3522 5013 nuncupa-

1946 5039 2114 5095 tivum
2139 5038 2328 5099 Deum,
2381 5034 2475 5089 Dei
2507 5034 2702 5089 Filium
2735 5034 3010 5089 Christum
3054 5035 3383 5099 nominasse,
3428 5036 3522 5089 sed

1945 5142 2159 5199 semper
2179 5126 2499 5182 universalis
2518 5132 2720 5181 sanctre
2766 5123 2860 5179 Dei
2882 5125 3139 5180 Ecclesiae
3177 5126 3228 5179 iu
3256 5125 3520 5180 catholica

1951 5221 2053 5277 fide
2076 5235 2198 5275 eum
2230 5218 2536 5273 consentire
2564 5215 2883 5271 invenimus.

2020 5311 2132 5367 XII.
2174 5310 2232 5365 Si
2260 5319 2437 5366 vestra
2476 5322 2605 5361 vero
2624 5306 2794 5376 pietas
2819 5313 2874 5358 et
2903 5306 3041 5360 bona
3065 5305 3332 5370 voluntas,
3354 5322 3518 5375 quam

1953 5406 2165 5463 habetis
2201 5405 2252 5459 in
2282 5402 2481 5459 Christi
2512 5402 2796 5461 chartlatc,
2854 5399 2992 5453 hanc
3018 5397 3297 5466 epistolam
3349 5399 3520 5467 pet-le

1945 5510 2071 5567 gere
2099 5493 2392 5557 curaverit,
2420 5500 2476 5547 et
2496 5490 2647 5546 vobis
2672 5488 2935 5559 placuerit
2958 5488 3370 5543 communicatio
3399 5503 3520 5543 san-

1944 5630 2039 5684 sed
2063 5627 2217 5685 Iesus
2245 5627 2519 5685 Christus:
2579 5640 2696 5695 quce
2726 5623 2981 5680 vocabula
3003 5624 3263 5695 assumpti
3292 5624 3523 5681 hominis

1946 5709 2217 5823 δί’ῗιγέιιο
2242 5782 2401 5841 supra
2425 5767 2519 5822 lib.
2554 5782 2626 5821 vn
2659 5765 2919 5821 adversus
2947 5765 3181 5822 Felicem
3201 5761 3363 5821 num.
3398 5764 3482 5819 ιδ.
