4136 6606
541 359 650 417 Si?»

1411 331 1477 392 Β.
1521 337 1582 391 F.
1629 329 1856 388 ALBINI
1894 325 2026 383 SEU
2067 319 2346 378 ALCL'INl
2395 313 2682 376 OPEREM
2722 307 2901 367 PARS
2938 305 3025 364 ιιι.

3762 292 3870 351 234

545 481 651 529 ctte
672 468 799 526 ﬁdei
843 437 1150 528 nobiscum,
1198 467 1254 515 et
1285 465 1348 512 ut
1393 463 1707 511 sermonem
1745 446 1944 518 swpius
1981 440 2148 497 facia—
2176 452 2228 508 Α
2254 437 2308 491 in
2337 432 2607 490 ciraritate
2629 426 2833 482 Christi
2855 423 2953 479 Dei
2989 419 3256 492 proiicere
3286 423 3563 489 Optamus,
3629 412 3875 469 dilectis-

547 581 673 623 mus
697 565 840 620 iater
867 574 968 617 nos
989 546 1336 619 familiarem,
1373 549 1532 621 plura
1552 545 1708 601 vobis
1732 542 1802 598 de
1834 539 2043 594 ratione
2063 548 2155 591 or-

547 656 802 714 thodoxa:
825 651 972 717 ﬁdei,
1005 659 1062 706 et
1096 642 1472 704 ecclesiaStiea
1513 651 1673 710 pace,
1713 642 1768 690 ct
1799 637 1991 688 sancta
2034 626 2157 683 rmi-

551 759 688 812 tate,
709 748 1005 804 miserante
1035 743 1147 797 Deo
1163 738 1382 796 Christo
1407 749 1538 791 vero
1559 733 1672 788 Deo
1693 735 1747 786 et
1777 724 1998 798 proprio
2019 720 2158 776 Filio

553 842 672 906 Dei,
685 836 921 910 dirigere
941 831 1338 891 curaverimus.
1361 827 1492 882 Huic
1513 822 1730 878 interim
1747 829 1920 888 pauca
1947 829 2014 871 ex
2036 811 2163 868 clla-

550 933 733 989 ritatis
753 901 902 986 fovutc
927 926 1274 988 dictavimus‘,
1305 926 1560 992 optantes
1581 929 1679 969 vos
1702 911 1904 982 ubique
1929 907 1984 961 in
2009 901 2160 960 omni

556 1021 845 1077 sanetitale
859 1021 913 1073 et
933 1017 1146 1072 unitate
1181 1010 1411 1084 pacifica
1435 1005 1700 1078 prolicere
1750 1010 1935 1056 coram
1961 997 2077 1052 Deo
2103 1001 2161 1048 et

557 1109 885 1169 hominibus.
959 1109 1071 1163 Vos
1115 1117 1246 1160 vero
1281 1096 1646 1158 communiter
1669 1093 1904 1149 obsecro
1927 1088 1984 1144 in
2013 1085 2162 1142 calce

559 1204 720 1276 hujus
750 1201 1017 1274 cpistola},
1071 1193 1445 1254 sacratissima
1495 1188 1699 1244 lumina
1744 1182 2051 1254 Hispaniae,
2101 1186 2162 1232 ut

559 1298 876 1356 meritoriam
907 1292 1078 1348 nostri
1109 1291 1164 1346 in
1189 1281 1556 1344 sacrosanetis
1599 1277 1798 1335 vestris
1823 1265 2171 1330 orationibus

561 1395 765 1451 habere
809 1387 1128 1462 dignemini.
1198 1384 1304 1439 Vos
1347 1394 1479 1436 vero
1512 1419 1527 1443 ,
1566 1371 1902 1432 sanctissimi
1942 1369 2157 1434 Patres,

560 1503 700 1557 quos
749 1481 895 1542 Dens
945 1489 1187 1536 rectores
1208 1472 1394 1548 populi
1425 1471 1508 1527 sui
1540 1467 1844 1530 constituit,
1869 1478 1967 1534 per
2022 1461 2162 1518 dona

563 1551 740 1637 sancti
770 1576 1006 1648 Spiritus
1035 1575 1090 1627 in
1115 1569 1265 1627 omni
1295 1564 1563 1638 sapientia
1585 1551 1867 1625 catholicae
1888 1554 2060 1631 pacis,
2109 1555 2170 1609 et

2258 522 2382 585 simi
2394 518 2611 590 Patres,
2626 516 2848 576 Praires
2866 520 2924 573 et
2937 511 3061 572 Filn
3088 515 3142 570 in
3164 510 3383 569 Christo
3398 510 3634 566 Demino
3657 508 3870 564 nostro.

2261 622 2452 680 Valete
2480 621 2535 676 in
2560 624 2906 690 perpetuum.
2961 610 3065 680 Qui
3112 610 3274 680 legat,
3315 603 3548 663 feliciter
3584 603 3738 675 legat
3764 643 3782 668 ,
3819 609 3876 657 et

2262 715 2534 774 veraciter
2562 689 2918 780 intelligat,ct
2934 703 3164 760 ﬁdeliter
3179 700 3391 766 credat,
3407 708 3528 770 quae
3549 689 3704 752 dicta
3726 699 3874 758 sunt,

2265 817 2536 882 quatenus
2558 801 2892 861 aeternaliter
2942 809 3175 870 regnare
3201 799 3477 848 mereatur
3503 798 3630 845 cum
3660 801 3752 851 co,
3812 784 3878 840 de

2267 918 2378 974 quo
2404 899 2562 956 nobis
2587 904 2768 952 sermo
2803 901 2909 957 ρει,
2959 889 3246 945 Salvatore'
3288 891 3482 942 nostro“
3520 883 3638 940 Deo
3668 891 3802 936 vero
3823 883 3879 933 et

2269 996 2414 1060 vivo,
2446 987 2680 1047 Domino
2701 993 2892 1043 nostro
2916 981 3048 1039 Iesu
3074 982 3314 1038 Christo.

2727 1123 3066 1185 HISTOLA
3105 1117 3427 1178 ELIPANDI

2888 1256 2958 1296 so
3008 1241 3265 1302 meum,

2485 1347 2870 1432 Responsiones
2898 1353 3174 1408 contineris
3199 1348 3395 1422 prioris
3420 1345 3676 1420 episto'lrt.

2275 1479 2432 1534 Hane
2453 1471 2729 1597 episiplum
2757 1461 3303 1534 ridesisinterOpera
3344 1460 3620 1533 Elipandi,
3665 1457 3890 1529 largitate

2614 1540 2889 1597 atroloaitc‘
2917 1539 3059 1593 t'onio'
3081 1529 3174 1589 XC
3189 1523 3287 1597 VI,
3319 1531 3422 1588 col.
3459 1515 3586 1588 8i0‘.

2614 1515 3063 1612 ιὶῖῆἷιόῂῗξιῖῗοῖίιὲ
3077 1515 3298 1600 ΧΕΉ,
3319 1515 3444 1588 ὧιῖ
3459 1515 3586 1588 ετσ.

566 1645 3874 1722 _____'__________________________.___—————-——————————'———

1096 1784 1268 1858 εἶθ
1288 1775 1716 1845 'ADVERSUS
1758 1769 2203 1835 ELIPANDUL

2295 1749 2780 1829 l'OLE-TANUM
2825 1756 3062 1819 LIBER
3107 1751 3424 1815 PRIMUS.

1919 1906 2504 1934 W

635 2020 682 2082 ι.
723 2017 982 2078 Paratum
1036 2029 1130 2069 cor
1154 2025 1328 2067 meum
1356 2007 1524 2073 Deus,
1575 2009 1824 2083 paratum
1866 2015 1957 2053 cor
2000 2010 2173 2050 meum
2204 1995 2250 2055 B
2281 1990 2417 2045 duos
2469 1984 2628 2047 filios,
2685 1978 2963 2052 proprium
3011 1983 3175 2046 atque
3234 1973 3578 2041 adoptivum;
3631 1973 3759 2039 qua:
3815 1968 3895 2024 di-

571 2104 750 2186 (Psal.
783 2123 895 2176 ni,
919 2108 998 2180 8).
1037 2105 1301 2160 Paratum
1326 2097 1508 2155 divina
1541 2091 1845 2165 inspirante
1882 2089 2058 2161 gratia
2109 2083 2179 2140 ad

573 2180 958 2282 proferendam
982 2199 1232 2256 veritatis
1249 2193 1588 2257 doctrinam;
1641 2193 1895 2261 paratum
1923 2183 1994 2239 ad
2043 2180 2179 2236 resi-

572 2271 826 2358 stendum
849 2293 1098 2352 falsitatis
1118 2281 1427 2352 erroribus;
1464 2291 1738 2355 paratum,
1771 2275 1996 2333 Domine
2024 2271 2177 2337 Iesu,

573 2404 630 2450 te
672 2405 879 2456 amare,
911 2387 1134 2442 laudare
1169 2391 1226 2438 ct
1252 2378 1581 2452 prmdicare;
1634 2379 1886 2444 paratum
1916 2379 1969 2424 te
1988 2379 2178 2423 verum

577 2490 768 2549 Deum,
797 2493 1098 2549 verumque
1125 2476 1223 2532 Dei
1253 2471 1452 2528 Filium
1481 2469 1806 2538 intelligere,
1865 2468 1990 2519 cum
2019 2459 2182 2515 beato

575 2575 910 2648 evangelista
933 2571 1027 2641 qui
1053 2569 1121 2624 de
1146 2563 1520 2622 sacratissima
1566 2560 1644 2614 tui
1686 2555 1924 2627 pectoris
1948 2553 2183 2621 plenitu-

577 2671 704 2724 dine
722 2645 1008 2722 catholicae
1037 2658 1285 2716 veritatis
1306 2654 1570 2711 hauriens
1599 2650 1763 2706 ﬁdem
1784 2649 1863 2706 ait
1890 2665 1903 2701 :
1933 2645 1982 2700 11
1989 2661 2063 2701 acc
2087 2658 2186 2699 au—

579 2769 684 2813 tem
709 2757 906 2825 scripta
945 2759 1086 2816 sunt,
1117 2759 1176 2803 ut
1213 2745 1442 2802 credatis
1471 2743 1597 2816 quia
1629 2740 1790 2796 Iesus
1839 2747 1915 2794 est
1943 2735 2184 2791 Christus

582 2853 762 2909 Filius
791 2846 888 2905 Dei
914 2843 1098 2922 (Joan.
1127 2859 1226 2909 xx,
1253 2841 1370 2915 5i).
1397 2839 1627 2910 Itaque
1649 2829 1813 2907 hujus
1838 2831 1963 2888 ﬁdei
1987 2845 2184 2902 perpe-

581 2959 734 3005 tuam
770 2943 1063 3002 ostendens
1091 2936 1418 2998 mercedem,
1450 2931 1756 3004 subiunxit:
1791 2922 1859 2983 Et
1885 2935 1941 2980 ut
1967 2925 2188 2980 creden-

580 3053 656 3097 tes
682 3041 842 3096 vitam
865 3045 1118 3092 wternam
1139 3029 1377 3085 habeatis
1403 3027 1460 3081 in
1488 3024 1696 3080 nomine
1739 3022 1885 3093 ejus;
1935 3016 2186 3074 eumdem

583 3130 898 3202 evangelica
925 3123 1257 3180 auctoritate
1295 3116 1389 3176 Dei
1420 3117 1621 3173 Filium
1654 3112 1982 3184 prrcdica'ns,
2023 3117 2188 3178 quem

582 3222 805 3281 Gabriel
830 3216 1211 3289 archangelus,
1253 3219 1547 3283 antequam
1575 3205 1976 3278 conciperetur,
2016 3204 2191 3258 beata:

587 3318 796 3391 Virgini
819 3316 1007 3373 Iesum
1029 3311 1336 3380 Filiumquc
1367 3302 1632 3360 Altissimi
1684 3297 2030 3355 vocitandum
2068 3307 2190 3351 esse

2279 2080 2420 2136 visio
2440 2076 2672 2134 duarum
2721 2075 2928 2142 absque
2979 2066 3316 2123 dubitatione
3343 2070 3710 2134 personarum
3773 2069 3896 2115 esse

2281 2174 2606 2246 intelligi-tur
2618 2215 2624 2225 .

2349 2263 2436 2324 lll.
2467 2266 2622 2321 Sicut
2636 2259 2898 2334 possibile
2919 2271 3043 2316 esse
3061 2257 3168 2311 Deo
3188 2268 3299 2310 non
3312 2251 3714 2324 cstoegandnm
3727 2248 3895 2305 ntFi-

2280 2360 2386 2415 lius
2402 2354 2661 2420 hominis,
2681 2347 2810 2408 dum
2837 2345 3028 2414 voluit,
3053 2345 3331 2419 perfectus
3354 2353 3405 2401 et
3430 2345 3694 2415 proprius
3714 2342 3893 2406 ﬁeret,

2281 2453 2363 2509 sic
2400 2464 2506 2508 non
2529 2457 2611 2506 est
2632 2444 2745 2503 Deo
2771 2434 3260 2502 contradicendnm
3318 2449 3380 2494 ut
3405 2423 3703 2494 humanam
3738 2445 3896 2492 naru-

2283 2559 2426 2607 ram,
2472 2555 2637 2614 quam
2664 2540 2720 2596 in
2755 2527 3073 2608 dignitatem
3130 2545 3241 2589 sure
3289 2543 3539 2601 persona!
3567 2529 3892 2598 assumpsit,

2285 2638 2342 2694 iu
2369 2636 2760 2709 proprietatem
2785 2624 2909 2685 Filii
2936 2620 3031 2682 Dei
3057 2618 3306 2681 exaltare
3327 2621 3617 2693 potuisset,
3664 2623 3726 2676 at
3751 2626 3895 2673 esset

2285 2732 2478 2789 eadem
2495 2741 2729 2801 persona
2758 2735 2881 2781 cum
2903 2725 3184 2790 assumpto
3213 2717 3438 2773 nomine
3474 2716 3528 2770 in
3555 2712 3900 2785 proprietate

2287 2823 2456 2888 Filii,
2515 2835 2636 2892 qua:
2691 2817 2792 2873 iuit
2823 2823 2953 2870 ante
3001 2813 3186 2868 omoia
3229 2807 3427 2864 srecula
3478 2805 3536 2862 in
3587 2803 3899 2860 animantia

2287 2912 2536 2971 Deitatis.
2595 2904 2741 2981 Ergo
2769 2906 2824 2962 in
2854 2904 3002 2962 omni
3054 2902 3195 2959 serie
3217 2902 3530 2956 sanctarum
3566 2897 3887 2968 Scriptum-

2290 3021 2412 3063 rum
2441 3017 2718 3073 nunquam
2742 3005 2941 3056 nomen
2970 2991 3279 3067 adoptionis
3317 2989 3544 3048 Christo
3589 2989 3898 3060 imponite-

2289 3098 2456 3170 gitur,
2488 3095 2590 3151 sed
2613 3109 2714 3149 nos
2739 3103 2837 3162 per
2864 3104 2994 3147 cum
3031 3085 3341 3157 adoptionis
3364 3080 3638 3154 accepisse
3667 3083 3898 3154 gratiam

2292 3195 2584 3246 testantur.
2642 3173 2721 3242 De
2765 3199 2874 3256 qua
2917 3181 3210 3252 adoptione
3232 3177 3291 3234 in
3312 3193 3412 3233 nos
3456 3176 3604 3232 facta
3641 3174 3900 3246 prmiatus

2291 3275 2626 3351 evangelista
2653 3276 2763 3332 ait:
2837 3266 2906 3330 In
2942 3273 3160 3346 propria
3196 3269 3355 3335 venit,
3391 3271 3441 3324 et
3487 3266 3572 3324 sul
3612 3284 3738 3322 eum
3797 3271 3899 3320 rion

585 3363 936 3482 prieilixerat.
972 3403 1115 3460 Nulli
1138 3357 1362 3458 dubium
1389 3403 1479 3454 est
1506 3394 1636 3465 quin
1661 3391 1729 3448 ad
1742 3392 2038 3447 bttma‘nam
2062 3400 2189 3457 per-
2209 3361 2258 3426 (ἶ
2291 3379 2597 3445 “cellarum
2628 3388 2646 3426 ἔ
2675 3372 2950 3482 ηαοτηαοί
2982 3369 3167 3482 limum
3212 3367 3518 3434 νετερεητπτ
3574 3357 3901 3427 “Midam

1890 3481 1895 3482 ,
2030 3478 2045 3482 -
2331 3469 2342 3480 .
2470 3474 2483 3482 .
2547 3471 2693 3482 -.μμ
2736 3462 2867 3482 εις-.
2961 3477 2975 3482 -
3035 3455 3145 3482 ι-..)
3187 3453 3348 3482 ιι---
3403 3460 3423 3482 ὰ
3498 3448 3589 3482 In
3666 3449 3788 3482 ν-..
3818 3457 3899 3482 ,ρο

588 3478 788 3558 tineret
816 3506 1071 3554 naturam
1091 3507 1289 3550 nomen
1314 3487 1465 3554 Iesu,
1512 3487 1568 3543 in
1607 3496 1716 3556 quo
1755 3481 1992 3547 nomine,
2030 3478 2194 3535 beato

590 3597 815 3651 doctore
837 3590 1080 3663 gentium
1116 3590 1430 3647 attestante,
1460 3591 1614 3636 omne
1645 3594 1782 3649 genu
1815 3571 2067 3646 ﬂectitur,
2097 3588 2197 3626 cae-

590 3688 824 3751 lestium,
850 3681 1203 3744 terrestrium,
1235 3681 1285 3732 et
1307 3675 1638 3747 infernarum
1661 3713 1674 3736 ,
1707 3678 1756 3724 et
1797 3669 1965 3724 omnis
2011 3665 2198 3738 lingua

592 3779 894 3850 conﬁtetur,
938 3774 1064 3846 quia
1095 3770 1353 3825 Dominus
1394 3765 1553 3821 Iesus
1579 3765 1633 3819 in
1659 3762 1830 3835 gloria
1857 3770 1931 3816 est
1960 3756 2057 3814 Dei
2082 3756 2197 3813 Pa-

597 3872 693 3926 tris
722 3865 946 3938 (Philip.
979 3881 1040 3930 ιι,
1070 3862 1181 3932 l0).
1241 3861 1408 3931 Cujus
1433 3873 1649 3929 quoque
1681 3853 1917 3910 nominis
1956 3858 2200 3923 potesta-

597 3974 707 4017 tem
736 3962 929 4017 beatus
958 3957 1150 4012 Petrus
1177 3956 1433 4026 princeps
1457 3949 1827 4021 apostolorum
1879 3946 1934 4001 iu
1967 3945 2202 4000 sanitate

603 4057 804 4122 claudi,
847 4055 940 4126 qui
986 4053 1056 4107 ad
1095 4048 1412 4121 Speciosam
1458 4044 1644 4115 templi
1694 4050 1908 4114 portam
1957 4039 2197 4110 iacebat,

603 4153 864 4220 ostendit,
885 4149 1012 4206 dum
1045 4148 1149 4204 ait:
1184 4144 1253 4200 In
1279 4143 1486 4197 nomine
1510 4133 1640 4194 Iesu
1674 4136 1944 4192 Nazareni
1973 4149 2125 4202 surge
2153 4140 2202 4186 et

606 4247 822 4307 ambula
854 4245 992 4320 (Act.
1031 4259 1116 4308 ιιι,
1137 4237 1224 4312 6);
1263 4237 1358 4308 qui
1379 4231 1666 4290 confestim
1697 4235 1919 4282 sanatus
1947 4224 2205 4280 cxsilicns

603 4355 660 4399 et
695 4315 982 4397 ambulans
1003 4333 1265 4389 laudabat
1299 4330 1489 4384 Deum.
1562 4322 1785 4379 Addidit
1819 4334 2035 4389 quoque
2062 4315 2204 4372 idem

604 4439 799 4494 beatus
846 4429 1128 4504 apostolus
1176 4423 1338 4495 hujus
1366 4418 1603 4474 nominis
1637 4412 2033 4475 excellentiam,
2078 4409 2207 4464 dum

603 4551 637 4585 a
694 4527 894 4584 Iudaris
950 4519 1208 4597 prohibiti
1271 4523 1400 4572 sunt
1451 4511 1682 4584 apostoli
1742 4510 1797 4566 in
1861 4523 1927 4563 co
1987 4505 2207 4562 nomine

608 4619 930 4694 prmdicnre,
981 4611 1211 4670 dicens:
1276 4607 1390 4664 Nec
1420 4606 1559 4660 enim
1599 4612 1676 4658 est
1714 4599 1864 4656 aliud
1896 4614 2084 4654 nomen
2111 4597 2207 4651 sub

2294 3469 2370 3523 eis
2395 3471 2700 3539 potestatem
2729 3462 2869 3533 ﬁlios
2899 3449 3000 3515 Del
3027 3455 3145 3530 ﬁeri
3185 3453 3366 3530 (Joan.
3403 3460 3444 3519 i,
3497 3448 3612 3525 il).
3666 3449 3789 3508 Non
3817 3457 3900 3506 est

2295 3563 2414 3620 lucc
2433 3567 2681 3635 potestas
2705 3557 3010 3629 adoptionis
3052 3562 3086 3611 a
3111 3548 3358 3626 quolibet
3381 3550 3641 3622 adoptivo
3669 3544 3729 3606 in
3777 3564 3898 3604 san-

2297 3666 2416 3714 ctos
2441 3650 2657 3720 collata,
2704 3653 2799 3711 sed
2821 3651 2891 3708 ab
2915 3665 3002 3718 eo,
3049 3664 3211 3720 quem
3234 3648 3386 3720 quasi
3417 3646 3772 3717 unigenitum,
3801 3640 3899 3714 pla-

2299 3767 2424 3807 num
2453 3751 2625 3822 gratia
2662 3755 2710 3803 et
2734 3744 2948 3823 veritate
2972 3751 3098 3800 mox
3120 3730 3439 3810 insequenti
3471 3735 3741 3794 sententia
3764 3732 3898 3791 idem

2302 3849 2531 3899 testatur
2574 3835 2928 3910 evangelista.
2985 3835 3054 3890 Et
3078 3831 3240 3907 paulo
3269 3838 3424 3901 post:
3473 3826 3554 3883 De
3580 3825 3902 3900 plenitudine

2299 3936 2417 4006 ejus
2432 3949 2524 3989 nos
2547 3944 2726 3987 ontnes
2745 3928 3062 4000 accepimus,
3081 3930 3132 3980 et
3152 3925 3383 3997 gratiam
3403 3939 3498 3993 pro
3523 3920 3700 3992 gratia
3715 3914 3896 3993 (Ibid,

2304 4025 2416 4099 ili).
2459 4025 2528 4080 Et
2554 4021 2878 4094 Apostolus:
2932 4018 2999 4074 In
3035 4032 3138 4088 quo
3187 4016 3391 4070 habitat
3433 4015 3610 4069 omnis
3634 4009 3897 4083 plenitudo

2303 4116 2597 4171 divinitatis
2626 4110 2971 4183 corporaliter
2992 4108 3130 4182 (Col.
3163 4121 3224 4173 ιι,
3254 4108 3333 4179 9}.
3390 4104 3447 4161 Si
3473 4105 3694 4177 adoptio
3742 4114 3826 4160 est
3849 4102 3899 4157 in

2305 4208 2540 4272 Christo,
2587 4223 2693 4262 non
2740 4212 2826 4261 cst
2852 4203 3029 4259 omnis
3055 4201 3332 4274 plenitudo
3369 4197 3672 4253 nobilitatis
3721 4197 3778 4252 in
3806 4208 3893 4258 co;

2305 4302 2434 4372 quia
2465 4298 2680 4370 adoptio
2740 4297 2807 4352 de
2832 4295 3070 4366 quadam
3099 4299 3359 4348 extranea
3409 4301 3645 4361 persona
3700 4281 3898 4345 assumi

2308 4393 2444 4450 solet
2485 4393 2540 4447 in
2563 4390 2658 4445 (liii
2686 4404 2915 4453 nomen;
2942 4401 3046 4442 nec
3076 4383 3368 4454 quisquam
3398 4378 3793 4453 apostolorum,
3814 4377 3904 4450 qui

2309 4494 2436 4541 sunt
2467 4483 2671 4538 lumina
2711 4489 2765 4535 et
2789 4480 3040 4535 doctores
3081 4477 3248 4533 totius
3283 4473 3488 4538 mundi,
3540 4468 3670 4529 Iesu
3703 4469 3899 4530 nomini

2310 4576 2654 4647 adoptionem
2681 4571 2882 4627 addere
2906 4568 3096 4624 voluit.
3148 4559 3354 4637 Nempe
3379 4566 3527 4621 inter
3543 4563 3827 4636 adoptivos
3853 4567 3904 4615 et

629 4655 930 4681 ιιψυιωιν,
982 4655 1168 4670 una"...
1199 4655 1211 4665 .
1276 4655 1383 4664 -.νγ
1422 4655 1555 4660 νη----
1603 4655 1667 4658 νν
1736 4655 1739 4656 ,

610 4655 740 4768 iacio
758 4711 946 4765 datum
969 4701 1286 4768 hominibus,
1315 4700 1372 4753 in
1391 4713 1494 4768 quo
1525 4701 1760 4767 oporteat
1795 4702 1888 4745 nos
1907 4686 2210 4756 salvosﬁeri
2236 4731 2291 4792 Β
2311 4670 2564 4744 ριόιιτίοε
2607 4665 2748 4721 ῙῙΙῘΟ5
2812 4665 3008 4720 beatus
3060 4659 3394 4733 Augustinus
3431 4657 3487 4713 ill
3540 4655 3902 4728 disputatione

2315 4768 2476 4792 ,μω-ί.
2529 4757 2713 4792 ιυιιιιιῖι
2756 4765 2880 4792 num
2907 4750 3184 4792 Fnliniann
3207 4749 3441 4792 (inﬁdam
3494 4743 3708 4792 Ariani!
3748 4754 3901 4792 senm!

610 4809 753 4883 (Act.
783 4823 858 4871 Iv,
897 4803 1009 4874 l2).

681 4905 746 4961 ll.
784 4901 911 4957 llaec
939 4891 1132 4954 eadem
1159 4891 1267 4947 Deo
1291 4886 1582 4942 miserante
1607 4881 1736 4936 mihi
1788 4888 1870 4934 est
1893 4891 2054 4934 causa
2079 4890 2211 4931 con-

613 5010 698 5057 tra
721 5007 773 5053 te
806 4991 1100 5056 scribendi,
1147 4995 1204 5043 et
1241 4993 1364 5040 tuas
1393 4976 1706 5037 destruendi
1755 4971 2125 5032 inﬁdelitates,
2177 4983 2212 5023 ο

614 5093 779 5148 Pater
803 5087 1087 5158 Elipande,
1125 5097 1249 5154 quae
1284 5079 1388 5135 fuit
1420 5078 1582 5132 beato
1629 5065 1824 5125 Ioanni
1866 5061 2212 5134 evangelista:

617 5191 867 5240 sanctum
894 5193 1062 5236 causa
1100 5172 1371 5231 scribendi
1393 5165 1770 5238 Evangelium,
1810 5166 1872 5213 ut
1899 5165 2212 5212 sanctarum

618 5273 1026 5342 Scripturarum
1047 5262 1370 5320 auctoritate
1413 5266 1468 5313 et
1493 5252 1777 5311 catholica:
1801 5247 1926 5303 ﬁdei
1983 5245 2210 5298 veritate

619 5363 925 5426 ostendam,
954 5357 1138 5415 Iesum
1173 5352 1452 5410 Christum
1493 5359 1684 5401 verum
1710 5355 1833 5398 esse
1859 5337 2055 5392 Filium
2093 5334 2210 5399 Dei,

620 5458 788 5532 877
819 5470 928 5510 non
947 5450 1125 5509 solum
1166 5448 1222 5503 in
1268 5460 1334 5501 ea
1364 5451 1562 5497 natura
1605 5452 1727 5507 qua:
1770 5429 2101 5489 aeternalitcr
2142 5441 2210 5481 ex

624 5518 927 5607 Feb-Patre
951 5543 1133 5617 genita
1156 5544 1262 5604 est,
1291 5549 1482 5592 verum
1509 5530 1673 5585 etiam
1712 5534 1769 5582 et
1815 5540 1881 5580 ex
1909 5539 1974 5579 ea
2000 5518 2206 5594 [Forte,

627 5645 683 5700 in
712 5641 799 5714 ea]
845 5614 1359 5712 qum—temporaliter
1382 5638 1449 5684 ex
1473 5631 1647 5680 matre
1676 5618 1898 5690 Virgine
1924 5614 2066 5670 facta
2091 5620 2208 5677 est;

630 5755 697 5794 ne
751 5703 894 5791 unus
949 5703 1117 5786 Iesus
1152 5723 1323 5781 Filius
1373 5717 1470 5774 Dei
1527 5713 1778 5770 Christus
1831 5705 2104 5762 dividatur
2159 5703 2213 5756 in

2313 4743 2477 4837 quam
2527 4757 2718 4816 habuit
2756 4765 2880 4812 cum
2907 4750 3184 4810 Feliciano
3207 4749 3443 4821 quodam
3488 4743 3708 4803 Arianae
3748 4754 3901 4803 secta:

2311 4855 2598 4915 defensore
2631 4847 2910 4914 discrevit,
2965 4845 3042 4900 ita
3062 4843 3250 4899 dicens
3273 4851 3300 4883 ι
3335 4859 3348 4894 :
3399 4855 3418 4892 ι
3452 4839 3716 4896 Filiorum
3745 4852 3900 4898 nam-

2313 4964 2418 5021 que
2437 4944 2676 5017 adoptivi
2717 4942 2808 4996 alii
2829 4947 2978 5003 sunt,
3028 4934 3308 4992 naturales
3336 4933 3450 4988 alii.
3526 4931 3592 4987 lli
3647 4931 3776 5003 quia
3815 4943 3901 5003 ge-

2313 5043 2413 5100 niti
2441 5039 2509 5097 ab
2537 5038 2713 5103 initio,
2755 5035 2850 5090 ﬁlii
2878 5040 3094 5103 semper
3115 5043 3179 5085 ac
3211 5029 3419 5099 prOprii
3446 5033 3603 5083 sunt:
3631 5026 3706 5082 illi
3732 5027 3906 5097 primo

2314 5133 2497 5198 alieni,
2535 5136 2660 5204 post
2701 5127 2819 5192 lilii,
2872 5136 2996 5182 cum
3025 5134 3123 5194 per
3157 5121 3506 5192 adoptionem
3555 5120 3610 5175 in
3650 5117 3901 5175 familiam

2317 5226 2570 5283 videntur
2600 5220 2849 5278 adscisci.
2888 5239 2906 5272 ι
2970 5215 3198 5284 Quando
3223 5214 3388 5270 homo
3415 5210 3667 5267 Christus
3695 5223 3765 5266 ex
3791 5209 3902 5266 Vir-

2319 5321 2440 5392 gine
2461 5325 2620 5373 natus
2637 5313 2848 5370 alienus
2867 5310 2972 5365 fuit
2993 5309 3106 5364 Deo
3134 5307 3298 5364 Patre
3323 5302 3544 5377 [Patri],
3562 5310 3620 5358 ut
3639 5318 3705 5358 ex
3733 5301 3901 5357 alieno

2318 5413 2552 5484 quodam
2578 5425 2677 5481 per
2704 5404 3050 5476 adoptionem
3067 5400 3465 5457 adscisceretur
3493 5395 3548 5451 iu
3571 5394 3666 5450 lilii
3689 5408 3898 5451 nomen.

2319 5496 2507 5562 Nonne
2557 5501 2612 5558 in
2660 5502 2776 5572 ipso
2821 5498 3106 5566 conceptu,
3158 5497 3420 5563 operante
3455 5495 3644 5545 sancto
3682 5486 3902 5558 Spiritu.

2319 5617 2388 5657 ex
2407 5601 2568 5656 beata
2625 5594 2844 5665 Virgine
2891 5591 3036 5646 Deus
3075 5602 3257 5652 verus,
3311 5582 3691 5640 etDeiFilius
3749 5593 3902 5638 verus

2320 5703 2611 5767 conceptus
2646 5697 2749 5754 eSt,
2794 5695 2850 5742 et
2879 5694 3122 5755 tempore
3170 5687 3476 5754 opportuno
3502 5677 3698 5734 natus?
3742 5673 3903 5731 At.si

705 5871 728 5898 δ
771 5855 829 5913 S.
857 5855 994 5920 Aug.
1023 5845 1206 5919 petius
1232 5837 1456 5910 \‘igilius
1481 5829 1766 5905 Tapsensis
1811 5825 1935 5882 libr.
1974 5821 2039 5879 dc
2065 5817 2280 5877 [nitate
2307 5810 2611 5876 Trinitatis,
2644 5821 2762 5876 cap.
2796 5802 2850 5871 6,
2886 5810 3016 5858 tom.
3044 5799 3154 5856 γιιι
3178 5797 3338 5870 Oper.
3374 5795 3431 5852 S.
3465 5791 3601 5864 Aug.
3631 5788 3872 5864 Append.
