4136 6616
209 404 320 462 245

934 413 1361 473 DOGHATICA..
1397 445 1469 456 —
1501 413 1663 472 ADV.
1706 413 2108 471 ELII‘ANDUM
2147 413 2335 472 LIBRI
2369 413 2459 473 IV.
2498 446 2569 459 -
2605 417 2736 476 LIB.
2778 417 2820 474 I.

3423 420 3536 476 2ιῦ

213 539 504 595 nunquam
531 525 764 595 alienus,
817 544 1098 602 nunquam
1124 532 1292 604 igitur
1316 531 1635 602 adoptivus:
1675 533 1827 602 quia,
1858 532 1909 594 Α
1935 531 2155 586 nomina
2187 547 2324 589 mea:
2351 533 2657 605 imposuisti
2681 549 2951 606 personae,
3002 551 3235 607 quorum
3263 539 3529 612 imagines

211 623 278 671 ut
296 615 494 674 beatus
513 618 852 690 Augustinus
873 621 971 689 ait,
1016 637 1085 678 ex
1124 621 1305 679 alieno
1344 623 1586 694 quodam
1609 621 1823 694 adopti-

1929 632 1986 679 et
2027 633 2330 695 potestates
2357 627 2410 681 in
2437 627 2660 683 civitate
2711 643 2814 684 sua
2835 628 3098 687 Dominus
3127 632 3273 688 Dens
3297 633 3427 689 olim
3457 635 3528 692 ad

210 723 317 767 vus
343 709 483 769 solet
529 711 690 770 caici.
748 713 943 771 Restat
981 731 1113 788 ergo
1159 725 1218 772 ut
1259 717 1444 772 statim
1484 717 1648 774 ﬁeret
1664 715 1826 772 Cbri-
1925 717 2154 773 nihilum
2183 717 2426 791 redegit?
2460 737 2569 776 non
2605 736 2917 778 memorans
2956 724 3084 794 quid
3112 725 3179 781 de
3215 727 3322 781 tuis
3342 725 3530 783 simili-

209 811 335 860 stus
369 806 628 876 proprius
664 805 838 863 Filius
885 807 984 864 Dei
1032 809 1103 865 ab
1154 809 1274 880 ipso
1319 816 1588 880 conceptu
1617 849 1636 874 ,
1693 808 1821 878 quia

210 911 495 968 nunquam
555 898 772 957 aliemts
828 898 952 956 fuit.
1026 902 1319 974 Nunquam
1383 918 1517 959 vero
1587 902 1820 968 alienus,

209 987 345 1058 quia
399 1003 680 1061 nunquam
735 1001 888 1048 vetus
932 993 1098 1049 homo
1140 992 1282 1050 fuit:
1346 995 1475 1051 licet
1513 995 1568 1050 in
1631 1007 1823 1049 errore

211 1090 431 1148 rostro,
491 1090 684 1140 contra
715 1083 880 1142 ﬁdem
917 1086 1246 1144 catholicam
1300 1087 1516 1146 dicatur
1567 1086 1821 1143 Christus

209 1172 381 1229 homo
411 1183 590 1231 vetus.

280 1264 372 1322 IV.
411 1267 548 1324 Nam
573 1268 768 1326 beatus
795 1269 1160 1344 Ilia-onymns
1215 1273 1296 1329 ait
1336 1273 1390 1329 in
1426 1281 1662 1330 tractatu
1692 1273 1822 1343 Epi~

206 1360 367 1418 stola:
393 1361 464 1418 ad
492 1361 792 1434 Ephesios:
836 1383 856 1415 ι
887 1363 1029 1431 Quid
1081 1365 1228 1421 enim
1261 1367 1318 1422 in
1363 1366 1604 1432 homine,
1644 1366 1741 1436 qui
1786 1381 1818 1420 a

207 1452 500 1510 Salvatore
529 1464 720 1513 nostro
758 1469 1072 1527 assumptus
1120 1467 1203 1514 est
1269 1475 1379 1516 non
1421 1474 1622 1516 novum
1665 1459 1820 1516 fuit?

204 1545 541 1618 Conceptus,
571 1550 850 1616 nativitas,
877 1561 1091 1622 partus,
1119 1551 1662 1619 infantia,doetrina,
1682 1553 1815 1619 vita,

204 1639 477 1698 virtutes:
523 1649 582 1696 et
617 1641 687 1698 ad
713 1649 1020 1699 extremum
1047 1660 1184 1700 crux
1227 1656 1283 1700 et
1327 1646 1537 1716 passio,
1579 1645 1819 1716 spolians

204 1727 265 1786 in
301 1747 370 1787 ea
411 1733 752 1805 principatus
789 1743 844 1791 et
869 1737 1178 1792 contrarias
1194 1735 1548 1804 fortitudines
1579 1737 1818 1794 ostentui

201 1825 451 1884 habens:
503 1831 834 1886 resurrectio
877 1846 1092 1902 quoque
1140 1840 1197 1888 et
1218 1835 1467 1889 ascensio
1513 1833 1570 1888 in
1595 1834 1814 1891 omium.

1922 811 2026 867 bus
2041 812 2330 869 Psalmista
2351 823 2592 881 caneret,
2616 816 2836 872 dicens:
2871 814 3140 874 Venenum
3166 821 3409 893 aspidem
3429 823 3524 877 sub

1923 902 2079 958 labiis
2105 922 2308 970 eorum,
2332 922 2560 976 quorum
2588 924 2646 962 os
2673 907 3053 964 maledictionc'
3087 921 3135 964 et
3167 913 3525 968 amaritudine

1921 995 2132 1069 plenum
2163 1007 2239 1052 est
2273 996 2442 1071 (Psal.
2468 1015 2590 1066 xnt,
2615 999 2694 1071 5).
2765 1000 2830 1054 Et
2857 1001 2972 1072 ipsa
3005 1001 3220 1058 Veritas
3259 1003 3316 1058 in
3345 1003 3523 1058 Evan-

1922 1091 2068 1159 gelio
2093 1089 2295 1146 Iud-.eis
2321 1092 2696 1162 improperans
2723 1107 2836 1163 pro
2869 1093 3170 1150 benefactis
3215 1096 3328 1151 suis
3356 1095 3524 1150 male-

1921 1183 2066 1238 dicta
2087 1197 2299 1249 eorum,
2330 1184 2434 1239 ait:
2491 1182 2778 1256 Progenies
2801 1186 3114 1257 viperarum,
3144 1188 3405 1258 quomodo
3426 1205 3521 1260 po-

1922 1277 2067 1330 testis
2089 1274 2224 1330 bona
2248 1275 2411 1347 loqui,
2436 1293 2555 1332 cum
2575 1279 2691 1333 sitia
2720 1277 2847 1333 mali
2864 1279 2890 1332 ?
2918 1279 3006 1334 Ea
3027 1279 3354 1336 abundantia
3381 1281 3522 1336 enim

1918 1367 2096 1422 cordis
2129 1385 2190 1422 os
2217 1367 2470 1440 loquitur.
2528 1371 2598 1425 Et
2624 1371 2851 1426 iterum:
2898 1370 3079 1427 Bonus
3105 1373 3262 1426 homo
3280 1373 3344 1427 de
3375 1374 3512 1428 bona

1919 1461 2166 1515 thesauro
2194 1461 2370 1516 cordis
2393 1464 2479 1517 sui
2525 1463 2726 1534 profert
2775 1464 2930 1531 bona,
2979 1475 3028 1520 et
3053 1466 3224 1520 malus
3249 1468 3402 1521 homo
3453 1469 3517 1522 de

1918 1548 2060 1604 malo
2081 1551 2329 1604 thesauro
2354 1551 2529 1607 cordis
2551 1553 2634 1608 sui
2654 1554 2856 1625 profert
2898 1555 3042 1609 mala
3070 1555 3287 1626 (Matth.
3305 1573 3400 1619 xu,
3424 1556 3518 1623 54,

1917 1642 2030 1717 ὄὸι).
2091 1643 2280 1700 Simile
2306 1643 2479 1717 [Leg.,
2529 1645 2588 1700 Si
2618 1645 2782 1718 mala]
2831 1655 2914 1701 est
2955 1646 3280 1711 maledictio,
3329 1648 3520 1718 utique

1918 1751 1984 1791 ex
2006 1737 2134 1790 mali
2160 1737 2340 1794 cordis
2370 1737 2629 1793 thesauro
2659 1741 2948 1810 processit.
2999 1739 3232 1796 Omnino
3269 1740 3408 1794 mala
3433 1749 3520 1796 est

1920 1826 2251 1892 maledictio,
2286 1828 2614 1898 prohibente
2661 1844 2780 1884 eam
2808 1827 3094 1898 Apostolo:
3151 1828 3330 1884 Nolite
3354 1869 3371 1895 ,
3417 1830 3516 1896 ait,

201 1917 310 1975 llic
333 1933 466 1990 ergo
493 1935 623 1976 vere
643 1930 864 1979 creatus
879 1930 965 1978 est
991 1923 1048 1979 in
1063 1923 1274 1995 iustitia
1297 1932 1355 1980 ct
1379 1925 1670 1981 sanctitate
1683 1923 1822 1980 veri-
1851 1913 1897 1975 Β
1927 1919 2237 1974 maledicere
2268 1919 2446 1990 (Rom.
2479 1937 2577 1985 ιιι,
2612 1918 2724 1988 ll).
2783 1920 2949 1990 Igitur
2996 1923 3086 1992 qui
3125 1920 3419 1988 maledicit,
3448 1937 3518 1978 ex

205 2010 366 2077 tatis,
387 2012 518 2082 quia
539 2011 686 2069 Deus
707 2029 890 2080 verus,
914 2013 1013 2070 Dei
1037 2030 1167 2071 vere
1183 2015 1320 2088 (AL,
1339 2015 1480 2089 veri]
1495 2016 1666 2072 Filius
1688 2017 1812 2079 furit,

199 2112 263 2159 et
293 2111 409 2160 tota
429 2104 488 2160 in
515 2103 608 2161 illo
629 2106 823 2179 religio
850 2115 1016 2178 atque
1044 2107 1263 2177 iustitia
1285 2107 1384 2164 Dei
1411 2109 1642 2165 veritate
1661 2124 1812 2165 com-

199 2193 351 2266 pleta
373 2203 477 2251 est.
518 2216 537 2248 ι
582 2197 791 2253 Videtis
828 2212 993 2268 quam
1018 2197 1344 2254 ﬁducialiter
1374 2199 1478 2254 iste
1507 2198 1816 2269 prmcipuus

197 2284 261 2340 in
287 2285 533 2342 Ecclesia
576 2283 669 2342 Dei
691 2288 883 2344 doctor
901 2288 1179 2345 Christum
1207 2290 1544 2360 praedicavit,
1599 2305 1816 2361 semper

198 2393 409 2434 novum
437 2377 739 2445 hominem,
778 2395 1080 2451 verumque
1103 2379 1296 2445 Deum,
1338 2393 1576 2450 vereque
1600 2379 1696 2434 Dei
1721 2379 1814 2434 Fi-

198 2474 337 2530 lium
363 2481 608 2529 creatum
637 2488 782 2539 esse,
812 2482 978 2544 atque
1005 2476 1059 2530 in
1085 2490 1153 2532 eo
1180 2489 1398 2531 omnem
1439 2475 1711 2546 justitiam
1759 2474 1812 2529 in

196 2564 305 2620 Dei
335 2563 567 2620 veritate
590 2563 916 2635 completam
941 2579 1062 2620 esse
1092 2564 1347 2619 atlirmat.
1403 2564 1530 2619 Ilaec
1557 2578 1663 2618 una
1689 2578 1813 2618 scn-

197 2657 398 2723 tentia,
435 2657 483 2713 si
507 2656 836 2716 fiducialiter
857 2659 1068 2731 legatur
1091 2666 1149 2714 et
1163 2659 1431 2714 veraciter
1456 2657 1814 2729 intelligatur,

195 2751 474 2825 pessimos
500 2751 669 2808 vestri
691 2752 900 2810 erroris
922 2759 1155 2807 evacuat
1167 2751 1533 2818 assertiones:
1557 2750 1687 2805 dum
1714 2764 1813 2804 vos

194 2843 393 2901 dicitis
435 2840 718 2900 Christum
747 2851 990 2900 veterem
1044 2843 1356 2910 hominem,
1387 2844 1813 2914 nuncupativum

194 2935 405 3002 Deut»,
434 2936 749 3006 adoptivum
788 2935 982 2991 ﬁlium.
1031 2935 1141 2992 late
1165 2951 1304 2992 vero
1321 2936 1691 2992 nobilissimus
1718 2937 1815 2993 do-

195 3039 330 3086 ctor
353 3027 693 3085 Salvatorem
727 3038 977 3085 nostrum
1026 3044 1229 3088 novum
1273 3029 1572 3094 hominem,
1621 3045 1812 3085 verum

195 3120 401 3187 Deum,
416 3129 474 3177 et
500 3136 628 3177 vere
641 3120 739 3176 Dei
764 3119 988 3187 Filium,
1008 3122 1212 3194 absque
1223 3121 1332 3177 ulla
1357 3121 1635 3199 dubietate
1658 3137 1816 3178 crea-

197 3226 323 3270 ῑυίη
349 3220 606 3268 ιεειςιιυν.

275 3303 346 3361 γ.
384 3305 531 3362 Ecce
577 3305 800 3377 quidam
847 3305 1034 3364 fervor
1057 3306 1410 3362 testiﬁcanda:
1443 3306 1690 3362 veritatis
1720 3320 1808 3361 me
1836 3277 1882 3341 (ἶ

195 3398 390 3470 rapuit
418 3397 487 3453 ab
525 3397 718 3453 ordine
763 3398 1156 3469 responsionis.
1190 3398 1298 3454 Sed
1325 3398 1656 3470 incipiamus
1677 3415 1812 3456 amo

197 3491 422 3567 (Forte,
461 3489 612 3565 ante]
645 3493 945 3548 sententias
984 3492 1062 3548 tui
1105 3493 1382 3550 discutere
1410 3492 1576 3549 libelli
1605 3512 1617 3547 :
1643 3499 1701 3547 et
1729 3495 1814 3548 in-

201 3583 460 3656 telligant
485 3585 578 3655 qui
605 3583 808 3657 legant,
847 3584 951 3655 pias
993 3585 1390 3640 exhortationis
1416 3586 1812 3656 cbaritatisqno

196 3676 438 3742 calamo,
491 3693 527 3732 o
549 3677 710 3733 Pater
737 3677 1023 3748 Elipande,
1043 3678 1385 3748 conscriptos
1427 3678 1496 3734 ad
1527 3686 1678 3733 tuam
1728 3695 1813 3734 rev

197 3771 510 3827 vereutiam
531 3772 736 3842 apices,
775 3772 862 3828 vel
891 3771 1070 3842 impia:
1099 3770 1521 3835 maledictionis,
1551 3787 1690 3846 quos
1717 3787 1811 3828 ve-

197 3878 414 3920 nenosa
435 3879 533 3920 ore
548 3863 853 3934 procaciter
869 3863 1040 3935 878
1073 3879 1196 3920 eo
1223 3864 1430 3920 nomini
1445 3865 1678 3934 dirigere
1697 3873 1816 3921 stu-

199 3956 414 4024 duisti,
463 3955 548 4013 vel
575 3971 645 4013 ex
690 3973 801 4029 quo
835 3957 1030 4028 spiritu
1080 3956 1136 4013 in
1175 3957 1350 4029 prima
1377 3956 1559 4014 fronte
1589 3966 1806 4015 tuarum

200 4048 515 4104 litterarum
535 4048 721 4104 statim
745 4049 912 4106 verba
935 4048 1222 4106 dirissima:
1251 4049 1647 4107 maledictionis
1675 4068 1808 4123 pro-

201 4141 354 4197 ferre
375 4139 666 4199 voluisses.
713 4141 828 4214 Ego
857 4157 1085 4215 prorsus
1119 4141 1352 4213 simplici
1378 4145 1644 4200 cbaritate
1673 4161 1809 4202 metu

199 4232 516 4290 devotionis
537 4247 730 4304 preces
771 4241 878 4288 tua:
905 4233 1078 4289 direxi
1109 4235 1449 4302 reverentiae,
1488 4235 1807 4293 desiderans

197 4332 544 4380 senectutem
567 4331 717 4379 tuam
749 4339 849 4396 per
869 4323 1145 4381 Christum
1170 4325 1392 4394 salvari,
1431 4335 1488 4383 et
1527 4328 1595 4382 ad
1617 4330 1810 4386 catho—

201 4414 327 4471 liae
354 4415 506 4486 pacis
529 4417 878 4473 concordiam
904 4418 1169 4483 revocari,
1201 4418 1319 4476 sine
1357 4434 1464 4490 qua
1492 4419 1646 4487 nihil,
1705 4437 1808 4480 nec

201 4505 325 4579 ipsa
352 4506 605 4580 martyrii
629 4506 822 4580 gloria,
855 4506 968 4564 Deo
987 4509 1320 4580 acceptabile
1367 4526 1491 4567 esse
1514 4509 1671 4585 [Cod.
1695 4510 1806 4568 Pa-

201 4598 328 4666 ris.,
353 4613 455 4654 nec
476 4597 650 4670 ipsam
755 4597 984 4672 gloriam
1088 4600 1476 4670 acceptabilem
1499 4601 1642 4674 esse]
1672 4603 1804 4658 bea-

201 4701 296 4746 tus
339 4690 543 4747 Paulus
589 4689 879 4763 Apostolus
930 4698 1298 4762 protestatur:
1354 4692 1436 4748 Tu
1482 4702 1704 4749 econtra
1749 4694 1804 4750 in

203 4783 373 4840 verba
398 4780 646 4838 nefanda:
672 4781 995 4838 invectionis
1017 4782 1334 4854 prosiluisti,
1377 4782 1532 4854 juxta
1560 4783 1808 4840 Salomo-

200 4877 296 4933 nis
319 4875 622 4932 veridicam
642 4876 1000 4931 sententiam:
1049 4874 1118 4932 In
1143 4893 1232 4931 ore
1256 4876 1407 4932 stulti
1431 4894 1582 4932 arma
1621 4887 1672 4932 et
1697 4878 1809 4950 gla-

203 4968 332 5024 dius
359 4965 547 5040 (Prov.
572 4983 706 5032 χιιι,
738 4967 816 5041 5).
866 4966 1037 5023 Item:
1078 4969 1252 5040 Argue
1285 4969 1524 5035 stultum,
1556 4980 1606 5024 et
1637 4969 1806 5025 oderit

202 5068 255 5116 te
282 5057 481 5132 (Ibid.,
517 5074 594 5125 Ix,
628 5056 705 5129 7).
774 5056 926 5114 Unde
971 5057 1403 5115 maledictionem
1443 5056 1801 5116 benedictioni

205 5165 347 5206 mea:
393 5149 714 5226 opposuisti,
768 5149 899 5219 quid
941 5149 998 5204 in
1047 5150 1210 5205 corde
1249 5150 1520 5213 haberes,
1569 5151 1693 5222 quis
1751 5159 1804 5207 te

206 5249 387 5300 totum
428 5241 654 5312 spiritus
685 5241 989 5313 possideret
1020 5241 1331 5298 ostendens.
1391 5241 1499 5298 Sed
1521 5241 1801 5310 Dominus,

207 5337 305 5409 qui
342 5335 611 5391 illuminat
655 5349 849 5400 exeas,
891 5343 946 5389 et
985 5341 1142 5390 sanat
1168 5335 1435 5391 contritas
1471 5335 1657 5401 corde,
1684 5334 1806 5390 illu-

207 5429 387 5485 minet
443 5427 699 5481 tenebras
761 5425 1079 5496 ignorantia:
1127 5433 1252 5494 tute,
1295 5433 1353 5481 et
1394 5434 1551 5482 sanet
1578 5425 1806 5482 inﬁdeli-

207 5522 347 5580 tatis
368 5519 592 5576 vulnera
649 5517 703 5573 in
738 5518 904 5576 corde
936 5525 1052 5584 tuo,
1098 5527 1260 5589 teque
1299 5527 1577 5589 pastorem
1601 5517 1803 5574 etliciat

207 5612 399 5688 populi
431 5613 536 5679 sui,
582 5611 929 5683 prudentem,
975 5611 1144 5682 pium,
1200 5611 1489 5682 paciﬁcum
1516 5617 1574 5667 et
1617 5610 1808 5668 catho-

213 5705 404 5762 ticum.

289 5798 376 5856 Vl.
413 5796 555 5869 Quid
583 5805 688 5865 est,
717 5797 803 5852 vir
827 5794 1016 5864 frater,
1064 5793 1211 5866 quod
1239 5802 1388 5851 tanta
1423 5793 1805 5852 haereticorum

1918 2007 2048 2064 mali
2079 2011 2264 2065 cordis
2293 2011 2552 2067 thesauro
2577 2012 3016 2067 maledirtionem
3039 2012 3265 2082 profert.
3339 2012 3399 2070 Si
3431 2028 3522 2074 me

1913 2115 2100 2156 errare
2129 2103 2450 2167 :cstimares,
2480 2118 2660 2158 nonne
2679 2103 2976 2174 apostolico
2994 2113 3262 2175 praecepto
3285 2120 3372 2159 tne
3400 2121 3520 2162 cor-

1916 2194 2092 2265 rigere
2119 2193 2404 2250 debuisses
2438 2195 2492 2250 in
2535 2197 2729 2266 spiritu
2770 2198 3224 2263 inausuetudinis,
3270 2199 3519 2254 conside-

1916 2302 2043 2341 rans
2064 2294 2116 2341 te
2138 2287 2336 2358 ipsum,
2371 2304 2441 2343 ne
2469 2299 2524 2344 et
2550 2297 2608 2343 tu
2639 2291 2899 2346 lenioris?
2943 2289 3090 2345 Alter
3108 2290 3327 2347 alterius
3355 2309 3520 2347 onera

1912 2390 2143 2451 portate,
2171 2391 2221 2436 et
2247 2383 2324 2437 sic
2356 2382 2707 2454 adimpleln'tis
2736 2383 2902 2454 legem
2933 2382 3128 2438 Christi
3152 2383 3297 2455 (Gal.
3324 2400 3402 2451 v1,
3433 2385 3513 2458 2).

1916 2474 2098 2530 Facile
2111 2484 2196 2530 est
2215 2476 2361 2532 enim
2384 2489 2450 2530 ex
2469 2478 2654 2532 verbis
2690 2478 2837 2534 beati
2863 2477 3052 2534 Jacobi
3082 2479 3333 2549 apostoli,
3372 2479 3517 2536 unde

1913 2566 1986 2620 sit
2011 2567 2275 2636 sapientia
2295 2574 2407 2632 tua,
2431 2583 2756 2638 agnoscere;
2786 2568 2876 2622 ubi
2899 2568 2966 2622 de
2988 2569 3401 2625 mansuetudine
3423 2583 3518 2625 ve-

1915 2672 1990 2711 ra:
2017 2657 2321 2727 sapientiae,
2371 2667 2427 2712 ct
2457 2661 2524 2712 de
2553 2660 2915 2714 amaritudine
2943 2659 3120 2730 impia:
3154 2659 3516 2718 annulationis

1913 2747 2238 2818 disputavit;
2267 2750 2342 2803 ait
2369 2751 2544 2804 enim:
2585 2750 2795 2816 Quodsi
2826 2750 2996 2805 selum
3021 2767 3265 2807 amarunt
3285 2752 3527 2817 habetis,.

1912 2849 1960 2894 ct
1989 2841 2341 2895 contentiones
2372 2842 2426 2895 in
2473 2842 2720 2895 cordibus
2773 2843 2980 2909 uestris,
3029 2842 3187 2898 nolite
3215 2844 3435 2914 gloriari
3463 2855 3518 2898 et

1913 2933 2190 2987 mendaces
2217 2949 2328 2988 esse
2354 2932 2604 2988 adversus
2634 2935 2901 2988 veritatem
2933 2933 3076 3005 (Jac.
3108 2951 3193 3000 Ill,
3227 2935 3337 3006 IIl).
3395 2934 3514 2990 Non

1913 3038 1997 3085 cst
2024 3030 2127 3084 ista
2150 3029 2412 3098 sapientia
2444 3029 2733 3084 desursum
2760 3029 3120 3095 descendens,
3143 3028 3240 3084 sed
3271 3037 3509 3092 terrena,

1913 3123 2186 3188 animalis,
2209 3123 2498 3178 diabolica.
2561 3122 2663 3176 libi
2692 3122 2829 3176 enim
2860 3120 3004 3176 zelus
3051 3132 3098 3175 et
3131 3123 3412 3185 contentio,
3441 3120 3514 3174 ibi

1913 3219 2269 3275 inconstantia
2285 3228 2330 3272 et
2359 3234 2510 3272 omne
2523 3233 2652 3288 opus
2671 3232 2914 3288 pravum.
2963 3214 3094 3280 Qua:
3125 3225 3299 3269 autem
3327 3215 3515 3269 desur-

1911 3329 2029 3367 sum
2063 3321 2136 3365 est
2159 3310 2440 3380 sapientia,
2461 3309 2691 3380 primunt
2711 3307 2923 3378 quidem
2955 3307 3149 3378 pudica
3177 3317 3276 3374 est,
3321 3307 3511 3362 deinde

1909 3404 2158 3476 paciﬁca,
2187 3401 2440 3466 modesta,
2480 3399 2779 3465 suadibilis,
2810 3398 2958 3454 bonis
2983 3399 3334 3464 consentiens,
3353 3397 3512 3468 plena

1913 3495 2275 3550 misericordia
2300 3503 2346 3549 et
2375 3491 2631 3563 fructibus
2652 3491 2801 3546 bonis
2832 3488 3022 3563 (Ibid.,
3048 3489 3134 3552 lli,
3173 3488 3286 3560 I7).

1982 3588 2094 3646 Vll.
2135 3589 2250 3661 Ego
2273 3602 2488 3643 ramum
2512 3585 2668 3642 oliva:
2709 3582 3018 3640 columbino
3046 3597 3143 3638 ore
3168 3581 3367 3648 ferens,
3391 3579 3511 3637 vul-

1910 3696 2015 3737 nus
2041 3680 2118 3736 tui
2142 3678 2322 3734 cordis
2351 3676 2556 3732 mederi
2581 3683 2808 3746 optans:
2841 3685 2866 3713 ι
2898 3682 2954 3728 tu
2980 3688 3011 3727 e
3037 3671 3254 3726 diverso
3279 3685 3508 3740 serpen-

1911 3770 2026 3825 tina
2069 3770 2252 3841 lingua
2288 3765 2632 3821 mortiferum
2667 3763 2957 3821 evomuisti
3002 3777 3290 3827 venenum,
3325 3775 3511 3832 prom-

1909 3862 2053 3934 ptior
2079 3861 2148 3916 ad
2174 3859 2602 3914 maledicendum
2629 3874 2791 3929 quam
2828 3859 2895 3912 ad
2919 3855 3368 3911 benedicendum.
3397 3854 3511 3923 Ego

1909 3967 2036 4010 cum
2064 3949 2310 4018 Nicolao,
2357 3948 2444 4004 cui
2493 3963 2581 4002 me
2607 3945 2961 4018 comparasti,
3019 3944 3288 4014 nuptiales
3343 3945 3510 3999 tedas

1907 4061 2017 4102 non
2035 4043 2357 4115 exstinguo;
2413 4041 2508 4096 sed
2555 4056 2678 4094 cum
2705 4040 2863 4096 beato
2891 4037 3170 4108 Stephano
3203 4043 3510 4106 protomar-

1910 4145 2030 4209 tyro
2067 4136 2266 4190 mentis
2315 4133 2512 4188 intuitu
2563 4132 2719 4187 video
2747 4128 2931 4185 Jesutn
2982 4135 3215 4184 stantem
3244 4143 3276 4182 a
3300 4121 3510 4183 destris

1908 4229 2031 4296 Dei,
2059 4245 2158 4301 pro
2183 4227 2268 4284 sui
2290 4226 2524 4282 nominis
2553 4224 2830 4280 nobilitate
2857 4221 3192 4278 certantibus
3229 4220 3503 4275 auxiliari.

1907 4321 2023 4393 Ego
2041 4335 2164 4377 cum
2184 4319 2352 4389 impio
2395 4317 2626 4371 Datiano
2667 4313 2918 4384 praeclari
2948 4312 3206 4384 martyris
3234 4312 3505 4368 Vincentii

1907 4430 2016 4471 non
2043 4427 2165 4470 sum
2196 4416 2548 4483 persecutor;
2607 4408 2703 4462 sed
2746 4405 3017 4461 haeretica:
3065 4399 3354 4474 pravitatis
3403 4418 3506 4474 pro

1906 4505 2105 4561 virium
2141 4517 2388 4559 mearum
2423 4499 2697 4572 portione,
2748 4495 3037 4567 adjuvante
3076 4496 3186 4553 Deo
3215 4536 3230 4560 ,
3258 4496 3509 4578 .dcvotus

1907 4597 2255 4667 exstirpator.
2317 4595 2432 4666 Ego
2451 4608 2573 4648 cum
2603 4589 2822 4646 Ruftino
2849 4591 3064 4645 beatum
3097 4589 3328 4645 Felicem
3359 4605 3504 4644 mar-

1911 4701 2086 4764 tyrem
2115 4705 2223 4745 non
2252 4684 2388 4753 feci;
2421 4687 2517 4742 sed
2539 4683 2776 4739 Felicem
2802 4682 2929 4737 olim
2960 4683 3114 4736 vestri
3139 4684 3334 4736 erroris
3362 4699 3505 4736 com~

1902 4783 2110 4856 plicem,
2153 4781 2263 4836 Deo
2287 4781 2586 4843 miserante,
2614 4775 2927 4831 catholicum
2953 4775 3100 4845 e/feci
3115 4789 3133 4828 :
3171 4791 3514 4848 persequens

1907 4877 1963 4930 in
2007 4889 2074 4930 eo
2101 4873 2245 4928 illius
2285 4871 2505 4942 impiam
2527 4869 2940 4934 dubitationem,
2978 4868 3070 4936 qui
3099 4869 3360 4940 tentando
3409 4869 3504 4923 Dei

1906 4966 2107 5022 Filium
2135 4965 2377 5020 dixerat:
2437 4961 2498 5017 Si
2528 4959 2704 5014 Filius
2725 4959 2824 5012 Dei
2845 4974 2919 5022 es,
2973 4958 3058 5011 dic
3103 4968 3160 5033 ut
3185 4957 3385 5030 lapides
3414 4958 3504 5012 isti

1865 5081 1868 5084 λ
1906 5076 2067 5130 panes
2089 5057 2222 5129 [iant
2247 5053 2463 5126 (Matth.
2499 5051 2668 5124 m5).
2707 5051 2773 5105 Et
2793 5051 2992 5110 iterum
3010 5066 3105 5122 per
3137 5050 3350 5108 «Illde
3382 5053 3501 5122 ipso

1911 5151 1967 5204 in
2003 5163 2166 5205 cruce
2204 5147 2472 5218 pendente
2500 5142 2785 5197 clamavit:
2838 5139 2898 5197 Si
2943 5141 3118 5198 Filius
3138 5143 3236 5198 Dei
3273 5155 3371 5212 est,
3403 5146 3501 5199 de-

1910 5241 2124 5298 scendat
2155 5256 2290 5296 nunc
2314 5239 2378 5293 de
2407 5253 2582 5303 cruce,
2611 5247 2658 5291 et
2688 5237 2946 5292 credimus
2973 5238 3021 5291 ei
3079 5237 3294 5310 (Matth.
3328 5256 3498 5304 xxv",

1909 5336 2025 5408 42).
2101 5333 2354 5404 Nunquid
2403 5346 2508 5387 non
2560 5330 2709 5403 pejor
2767 5339 2851 5388 est
2897 5341 3078 5389 vestra
3131 5335 3478 5390 incredulitas

1909 5444 2076 5500 quam
2098 5427 2364 5483 diabolica
2399 5425 2683 5481 dubietas‘l
2763 5425 2856 5482 llle
2880 5426 3167 5496 explorare
3220 5428 3408 5483 volens
3453 5429 3502 5483 si

1908 5519 2079 5576 Filius
2099 5518 2197 5574 Dei
2233 5526 2398 5582 esset,
2443 5531 2604 5586 quem
2626 5517 2860 5583 esurire,
2904 5516 3060 5573 sitire
3101 5526 3157 5574 et
3205 5517 3503 5575 lassescere

1909 5614 2202 5676 cernebat;
2233 5625 2330 5666 vos
2358 5617 2674 5680 regnantem
2705 5608 2758 5663 in
2782 5607 2934 5664 cmlis
2964 5624 3153 5667 verum
3183 5610 3280 5666 Dei
3300 5610 3498 5667 Filium

1908 5718 2107 5775 negare
2153 5717 2261 5758 non
2303 5701 2528 5766 timetis,
2576 5699 2856 5755 vincentes
2891 5707 3072 5756 vestra
3127 5700 3504 5759 incredulitate

1909 5793 2644 5851 diabolicaminlidclitatem.
2703 5792 2858 5852 Illum
2884 5807 3013 5850 vero
3032 5791 3290 5863 Felicem,
3338 5809 3499 5866 quem

287 5927 314 5957 ι
357 5912 454 5986 llic
483 5921 536 5970 et
569 5909 710 5970 infra
739 5910 940 5983 passim
969 5908 1224 5966 alluditur
1271 5907 1340 5966 ad
1364 5906 1652 5980 epistolam
1691 5905 1938 5978 Elipandi
1965 5906 2032 5963 ad
2053 5905 2360 5966 Alcuinum.
