4136 6606
557 325 666 386 ω

1429 315 1491 368 Β.
1533 315 1595 368 F.
1638 310 1864 367 ALBlNl
1903 306 2034 364 SEU
2071 302 2350 361 ALCL’INI
2387 301 2672 362 OPERUM
2710 301 2890 357 PARS
2929 297 3016 355 ιιι.

3745 291 3859 350 288

557 449 620 495 ιιι
648 434 918 494 charitate
938 442 1209 487 summum
1235 468 1250 493 ,
1285 426 1558 497 pudicum,
1605 422 1961 492 moribusque
1996 433 2162 473 orna-
2191 415 2238 475 Α
2264 430 2426 471 sensu
2457 431 2576 470 mea
2603 416 2670 471 ad
2697 430 2794 470 vos
2835 421 2891 469 et
2930 427 3030 483 pro
3055 409 3209 466 vobis
3233 408 3454 482 pietatis
3479 408 3646 466 verba
3675 406 3867 481 legero

559 541 677 587 tum
710 525 934 590 asseris,
989 535 1092 577 nos
1115 520 1382 576 habemus
1406 518 1462 571 in
1498 516 1694 571 castris
1721 513 1956 568 Christi:
1987 519 2152 580 atque

561 623 768 678 utinam
790 629 848 675 et
862 624 917 671 tu
946 631 1072 672 cum
1093 614 1202 668 tuis
1229 610 1554 682 sequacibus
1583 609 1725 663 illius
1756 604 2002 675 exemplo
2027 604 2158 658 edo-

557 721 702 779 ctus,
727 711 796 767 ad
823 726 969 766 vera:
987 707 1112 764 ﬁdei
1142 703 1505 777 cognitionem
1530 699 1844 771 pervenias,
1879 698 1996 768 ipso
2021 712 2160 766 prae—

558 811 760 869 stante,
803 814 964 872 quem
1018 813 1118 854 nos
1141 795 1500 868 prtedicamus
1524 806 1716 847 verum
1745 790 1912 845 Deum
1943 798 2000 843 et
2027 801 2155 858 pro.

555 896 736 968 prium
761 894 859 950 Dei
880 891 1101 947 Filium.

629 985 763 1043 ιἰιι.
801 983 980 1040 Dicis:
1038 1001 1057 1034 ε
1089 981 1296 1036 Fatuus
1327 979 1474 1032 fatua
1507 975 1769 1046 loquitur.
1813 997 1830 1023 ι
1902 971 2160 1042 Nunquid

556 1077 708 1133 fatua
728 1075 994 1146 loquitur,
1013 1074 1104 1143 qui
1131 1071 1413 1126 veritatem
1436 1068 1716 1140 prmdicat,
1740 1074 1794 1120 et
1817 1079 1922 1119 non
1942 1063 2029 1118 ille
2046 1079 2158 1117 ma-

557 1172 642 1243 gis
668 1170 850 1226 fatuus
873 1176 979 1234 est,
1000 1167 1093 1238 qui
1112 1174 1197 1222 est
1221 1163 1474 1219 falsitatis
1517 1161 1793 1217 assertor?
1831 1159 1996 1214 Ponis
2019 1173 2157 1227 quo-

556 1281 665 1337 que
693 1263 864 1336 879
889 1260 1216 1317 sententiam
1256 1256 1534 1328 Apostoli:
1567 1253 1826 1310 Animalia
1869 1253 2024 1306 homo
2053 1266 2159 1304 non

555 1355 776 1426 percipit
806 1371 868 1408 ea
895 1368 1012 1424 qua:
1039 1349 1268 1422 Spiritus
1288 1355 1409 1401 sunt
1433 1343 1599 1417 Dei(!
1616 1343 1738 1399 Cor.
1760 1360 1821 1410 tt,
1847 1341 2159 1413 tl),volens

557 1462 648 1501 me
666 1444 956 1500 animalem
980 1440 1299 1508 intelligere,
1331 1446 1388 1493 et
1411 1446 1465 1494 te
1484 1435 1802 1507 spiritalem.
1848 1434 2042 1491 Videat
2068 1433 2160 1502 qui

557 1538 705 1609 legat
727 1536 936 1590 litteras
963 1543 1197 1594 nostras,
1231 1531 1320 1585 cui
1339 1537 1582 1585 nostrum
1613 1528 1728 1582 haec
1758 1526 2022 1582 sententia
2044 1540 2158 1580 ma-

557 1627 644 1699 gis
679 1626 991 1690 conveniat,
1039 1640 1106 1677 an
1130 1620 1285 1688 mihi,
1323 1622 1416 1691 qui
1445 1618 1773 1690 evangelicis
1822 1618 2158 1689 apostolicis-

557 1740 686 1795 que,
714 1737 814 1778 nec
833 1737 942 1778 non
974 1728 1030 1775 et
1060 1718 1302 1789 paternis
1330 1717 1616 1773 roboratus
1646 1713 1971 1768 testimoniis
1999 1711 2158 1766 Chri-

557 1824 704 1872 stum
733 1813 970 1883 pnedico
997 1827 1187 1866 verum
1235 1809 1428 1873 Deum,
1475 1820 1531 1863 et
1563 1821 1753 1860 verum
1784 1805 1883 1860 Dei
1929 1805 2156 1870 Filium;
2197 1780 2239 1840 Β

559 1915 656 1963 aut
677 1904 818 1962 forte
841 1906 959 1971 tibi,
993 1903 1088 1974 qui
1128 1903 1422 1972 llispanico
1453 1916 1641 1956 errore
1680 1901 2008 1968 depravatus
2034 1916 2163 1954 con-

557 2008 647 2054 tra
693 1997 852 2053 ﬁdem
877 1995 1202 2052 catholicam
1229 1994 1422 2048 canina
1448 1991 1598 2046 rabie
1630 1991 1830 2045 latrare
1850 2007 1958 2044 non
1981 1992 2158 2051 times,

555 2105 797 2147 renuens
835 2090 892 2144 in
919 2088 1139 2144 Christo
1163 2101 1350 2141 veram
1377 2085 1614 2139 lilictatis
1647 2083 2008 2147 nobilitatem,
2065 2082 2162 2138 sed

555 2190 876 2237 extraneam
921 2179 1304 2235 nominetenus
1346 2184 1557 2231 tantum
1588 2177 1640 2230 in
1672 2175 1764 2230 illo
1789 2190 1908 2231 esse
1937 2189 2165 2247 genero-

555 2276 777 2330 sitatem
805 2270 1114 2326 afﬁrmans:
1157 2271 1254 2341 qui
1281 2270 1564 2340 adjuratus
1602 2284 1631 2322 a
1655 2268 1909 2338 pontiﬁce
1945 2267 2164 2323 Iudaeo-

557 2381 684 2421 rum
708 2380 808 2435 per
837 2377 1036 2418 nomen
1060 2362 1256 2418 summi
1286 2361 1403 2425 Dei,
1442 2377 1510 2415 an
1534 2359 1706 2416 Filius
1732 2362 1827 2416 Dei
1858 2371 2026 2425 esset,
2081 2376 2164 2415 rc~

555 2459 778 2530 spondit
817 2457 1010 2527 plane:
1062 2454 1176 2526 Ego
1200 2471 1338 2508 sum.
1418 2453 1520 2520 Qui
1570 2464 1621 2508 et
1678 2469 1822 2509 cceco
1861 2454 2165 2511 illuminato

557 2551 922 2623 interroganti
973 2550 1099 2621 quis
1147 2557 1294 2603 esset
1320 2546 1490 2603 Filius
1539 2547 1656 2612 Dei,
1710 2555 1764 2604 et
1809 2551 2057 2604 crederet
2107 2550 2164 2604 in

557 2658 704 2708 eum,
755 2642 923 2697 dixit:
975 2640 1045 2695 Et
1091 2639 1268 2694 vidisti
1306 2655 1449 2704 eum,
1496 2648 1543 2693 et
1568 2641 1658 2710 qui
1687 2639 1921 2711 loquitur
1964 2650 2159 2708 tecum,

556 2739 669 2806 ipse
684 2745 759 2791 est
801 2733 985 2807 (Joan.
1005 2750 1082 2798 Ix,
1112 2733 1228 2803 '57).
1277 2731 1418 2800 Quid
1449 2731 1535 2787 ille
1583 2731 1695 2801 jam
1725 2734 2058 2789 illuminatus
2079 2735 2164 2788 vi-

559 2827 675 2886 dit?
711 2828 930 2897 Absque
960 2826 1301 2882 dubitatione
1357 2827 1708 2880 lmmanitatis
1737 2837 2011 2894 naturam,
2057 2845 2164 2884 non

557 2919 862 2976 divinitatis
886 2919 1269 2982 substantiam,
1325 2935 1447 2988 qua:
1474 2920 1789 2976 carnalibus
1828 2920 1999 2976 videri
2029 2936 2162 2978 ocu-

557 3012 628 3069 lis
655 3029 763 3070 non
789 3021 988 3083 potest.
1031 3013 1149 3067 Duo
1174 3012 1310 3068 dixit
1333 3013 1384 3067 ei
1406 3011 1696 3068 Dominus:
1730 3014 1796 3068 Et
1825 3015 1996 3070 ridiin
2023 3032 2160 3081 eum,

557 3119 608 3166 et
629 3108 722 3181 qui
747 3106 979 3178 loquitur
1000 3114 1170 3159 tecum
1198 3121 1215 3166 ,'
1260 3119 1381 3176 qua:
1417 3107 1632 3176 proprie
1659 3106 1728 3161 ad
1759 3107 2049 3161 humanam
2075 3107 2160 3161 in-

558 3201 878 3272 teliiguntur
894 3198 1173 3270 pertinere
1200 3206 1487 3262 naturam;
1519 3207 1575 3252 et
1603 3207 1804 3265 tamen,
1847 3215 1967 3270 qua:
1993 3199 2166 3256 videri

559 3292 737 3363 potuit
782 3299 838 3347 et
881 3291 1054 3346 audiri
1084 3290 1330 3359 loquens,
1383 3291 1630 3347 eamdem
1665 3301 1914 3347 naturam
1966 3293 2164 3348 Filium

563 3385 657 3439 Dei
707 3398 835 3439 esse
851 3381 1146 3438 fatebatur.
1191 3381 1337 3437 Dicis
1376 3399 1589 3452 quoque
1618 3400 1684 3439 ex
1709 3384 1978 3439 versiculo
2020 3383 2168 3439 Psal~

560 3476 852 3547 migrapbi,
891 3491 972 3529 me
1019 3475 1347 3546 defensorem
1400 3487 1449 3529 ct
1500 3477 1772 3530 inimicum
1819 3496 1949 3533 esse.
2005 3478 2168 3535 Forte

563 3568 754 3623 nolens
775 3581 966 3621 verum
995 3566 1059 3622 de
1089 3581 1175 3621 me
1201 3568 1475 3637 protulisti
1507 3568 1894 3623 testimonium.
1968 3567 2167 3625 Fateor

561 3658 829 3729 siquidem
853 3672 940 3712 me
970 3657 1308 3713 defensorem
1338 3675 1460 3714 esse
1495 3659 1617 3714 ﬁdei
1641 3661 1944 3728 catholicae,
1985 3671 2038 3716 et
2066 3663 2170 3718 ini-

563 3751 764 3806 micum
808 3763 928 3806 esse
975 3751 1318 3808 inimicorum
1346 3752 1576 3817 Christi,
1619 3753 1712 3824 qui
1741 3755 2003 3812 honorem
2033 3757 2168 3811 divi-

564 3844 754 3900 nitatis
795 3851 852 3900 et
877 3842 1214 3899 nobilitatem
1246 3845 1528 3917 dignitatis
1564 3846 1639 3900 illi
1672 3846 1911 3903 adimere
1941 3853 2166 3903 conten-

564 3939 720 4002 dunt,
766 3950 928 4007 quem
973 3952 1216 4009 paganus
1237 3939 1489 3994 centurio
1540 3939 1679 3994 mori
1727 3953 1975 4006 cernens,
2011 3940 2169 3996 terri-

566 4041 655 4086 tus
672 4030 1065 4084 elementorum
1094 4028 1414 4094 mutatione,
1450 4045 1640 4085 verum
1673 4029 1765 4085 Dei
1808 4029 2004 4086 Filium
2039 4044 2170 4087 con-

566 4121 743 4176 fessus
768 4128 854 4175 est
888 4120 1104 4174 dicens:
1160 4118 1293 4173 Vere
1344 4120 1439 4174 Dei
1488 4118 1660 4174 Filius
1699 4131 1811 4175 erat
1870 4121 2022 4177 homo
2071 4121 2169 4179 iste

568 4207 784 4282 (Matth.
811 4224 979 4274 xxvii,
1003 4208 1104 4274 Si;
1147 4208 1318 4262 Marc.
1348 4228 1429 4274 ιιι,
1467 4211 1554 4276 ll,
1592 4210 1699 4282 ηιξ).
1749 4211 1862 4267 lmo
1890 4211 2170 4268 diabolicae

567 4305 882 4368 potestates,
944 4299 1084 4353 sicut
1107 4298 1162 4352 in
1207 4298 1498 4370 Evangelia
1543 4301 1756 4371 legitur,
1805 4301 1872 4358 de
1931 4302 2172 4362 obsessis

567 4391 866 4445 clamantes
891 4391 1232 4458 corporibus,
1255 4391 1532 4446 Christum
1565 4391 1658 4447 Dei
1691 4392 1883 4448 Filium
1911 4395 2172 4453 confessa:

2260 515 2316 560 et
2338 504 2651 577 intelligere
2679 503 2861 560 vultis.
2901 504 3222 560 Certissime
3251 520 3339 561 me
3368 505 3568 562 scitote
3596 506 3730 562 duas
3756 522 3858 562 na-

2261 612 2434 668 turas,
2461 601 2604 658 sicut
2630 602 2881 672 superius
2907 599 3019 656 dixi
3037 640 3051 665 ,
3091 608 3148 656 et
3173 614 3341 656 unam
3368 615 3662 672 personam
3685 598 3858 657 eonﬁ-

2261 698 2364 753 teri
2390 698 2447 754 in
2469 697 2711 754 Christo.
2743 697 3003 751 Firmiter
3029 708 3266 767 namque
3292 697 3499 766 absque
3526 696 3674 752 omni
3703 695 3862 750 dubi-

2262 793 2464 848 tatione
2505 792 2836 848 credendum
2880 799 2964 848 est
3011 797 3068 847 et
3106 790 3512 863 praedicandum
3536 830 3553 855 ,
3600 787 3855 845 eumdem

2259 898 2381 940 esse
2407 883 2500 954 qui
2533 890 2693 938 natus
2722 892 2805 938 est
2837 897 2906 938 es
2934 883 3176 955 Virgine,
3208 882 3380 938 Deum
3409 897 3600 938 verum
3631 882 3688 937 in
3716 881 3855 936 dua-

2259 975 2363 1032 bus
2390 977 2620 1042 naturis,
2657 983 2712 1030 et
2739 991 2930 1031 verum
2957 975 3154 1030 Filium
3184 976 3278 1032 Dei
3308 994 3321 1031 :
3373 975 3449 1031 ita
3493 984 3556 1030 nt
3596 989 3736 1031 unus
3777 976 3853 1030 sit

2261 1070 2532 1137 Christus,
2561 1079 2616 1124 et
2642 1085 2783 1124 unus
2812 1067 2978 1134 Deus,
3023 1078 3080 1125 et
3109 1085 3248 1123 unus
3274 1065 3370 1123 Dei
3399 1066 3587 1130 Filius,
3622 1075 3680 1122 et
3707 1083 3850 1122 unus

2262 1177 2391 1226 rex,
2435 1170 2491 1217 et
2531 1175 2671 1216 unus
2703 1159 2871 1215 totius
2895 1159 3083 1215 mundi
3114 1158 3382 1224 Salvator,
3412 1157 3697 1214 divinitate
3720 1172 3854 1212 con-

2261 1254 2635 1310 substantialis
2659 1253 2828 1318 Patri,
2857 1254 3195 1310 humanitate
3224 1251 3702 1309 consubstantialis
3730 1267 3851 1307 nia-

2263 1352 2353 1416 tri,
2383 1359 2443 1405 ut
2468 1350 2537 1405 sit
2566 1349 2707 1405 idem
2732 1363 2896 1404 verus
2924 1348 3070 1404 Deus
3095 1355 3150 1403 et
3175 1363 3338 1403 verus
3368 1347 3533 1402 homo
3561 1346 3618 1400 in
3647 1344 3864 1401 unitate

2261 1457 2525 1514 personae,
2556 1456 2716 1511 quem
2742 1457 2841 1497 vos
2869 1440 2987 1496 sine
3016 1439 3184 1496 dubio
3206 1454 3330 1495 cum
3359 1437 3611 1495 Nestor-io
3638 1438 3694 1492 in
3719 1436 3863 1494 duos

2263 1534 2504 1590 dividitis
2535 1532 2692 1601 ﬁlios,
2722 1543 2776 1589 et
2807 1535 2860 1588 in
2884 1534 3018 1589 duas
3040 1547 3323 1602 personas,
3345 1547 3446 1603 per
3465 1530 3860 1601 proprietatem

2262 1635 2317 1682 et
2362 1627 2730 1696 adoptionem.
2792 1625 2908 1688 Non
2959 1625 3126 1698 igitur
3169 1624 3312 1680 idem
3365 1625 3627 1694 magister
3674 1630 3862 1678 vester

2265 1720 2548 1776 Nestorius
2578 1720 2850 1776 invenitur
2878 1721 3010 1777 duas
3045 1735 3306 1790 personas
3341 1717 3520 1790 palam
3560 1718 3615 1774 in
3638 1717 3864 1774 Christo

2264 1812 2531 1882 proﬁteri,
2555 1819 2816 1882 quantum
2840 1811 2909 1867 ad
2933 1826 3033 1868 nos
3061 1809 3255 1865 littera:
3282 1807 3428 1866 illius
3453 1806 3738 1881 pervenire
3762 1824 3862 1880 po—

2265 1913 2524 1961 tuerunt:
2563 1903 2658 1958 sed
2685 1903 2867 1958 omnia
2892 1918 3012 1974 quae
3038 1902 3251 1958 duabus
3292 1916 3517 1958 necesse
3555 1909 3640 1958 est
3679 1901 3866 1956 inesse

2264 1997 2532 2068 personis,
2575 1994 2823 2066 proferre
2847 1995 2916 2051 de
2941 1994 3159 2049 Christo
3187 1993 3480 2064 reperitur,
3510 1992 3867 2062 adopLioncm

2264 2090 2407 2145 sicut
2434 2095 2488 2142 et
2515 2103 2612 2143 vos
2642 2085 2973 2142 humanitati
2997 2084 3341 2151 adscribcns,
3358 2094 3413 2140 et
3439 2083 3708 2140 divinitati
3734 2099 3866 2155 pro-

2264 2181 2553 2251 prietatem
2582 2179 2677 2234 filii
2705 2177 3014 2249 designans.

2340 2274 2404 2328 Χ.
2449 2272 2529 2328 Tu
2560 2288 2711 2338 vero,
2743 2271 2913 2329 frater
2941 2271 3402 2342 Elipande,homo
3432 2271 3704 2336 animalis,
3735 2270 3867 2325 ani—

2267 2367 2491 2422 malium
2523 2381 2674 2423 more
2703 2366 3114 2437 generationem
3139 2364 3266 2420 Filii
3286 2364 3385 2420 Dei
3414 2363 3741 2436 intelligens,
3766 2364 3870 2418 mi-

2266 2478 2369 2516 nus
2395 2471 2448 2516 te
2474 2461 2648 2531 ipsum
2674 2459 3046 2525 considerans,
3074 2477 3142 2514 an
3171 2468 3315 2515 totus
3342 2457 3523 2513 anima
3549 2465 3604 2512 et
3633 2471 3871 2527 corpore

2266 2556 2343 2609 sis
2370 2555 2624 2625 proprius
2652 2553 2794 2608 filius
2820 2552 2994 2623 patris
3023 2551 3101 2607 tui
3126 2560 3182 2607 et
3206 2551 3400 2607 matris
3427 2558 3553 2616 tute,
3585 2550 3711 2607 dum
3742 2563 3868 2604 cer-

2269 2652 2382 2698 tum
2410 2653 2524 2708 cst,
2569 2641 2739 2700 solam
2781 2657 3002 2699 carnem
3045 2655 3114 2698 ex
3155 2641 3538 2714 conjunctione
3570 2650 3865 2713 parentum

2268 2745 2483 2791 tuorum
2513 2744 2852 2806 procreatam
2885 2750 3026 2800 esse,
3073 2734 3268 2791 anima:
3293 2750 3424 2792 vero
3453 2743 3763 2791 creaturam
3793 2750 3866 2789 ex

2268 2827 2439 2882 nihilo
2469 2826 2564 2884 Dei
2597 2827 2840 2898 potentia
2871 2827 3168 2890 conditam,
3199 2836 3255 2883 et
3281 2828 3714 2900 coagulationem
3743 2843 3868 2884 car-

2269 2919 2354 2974 nis
2381 2919 2434 2974 in
2458 2927 2615 2976 utero
2637 2921 2830 2976 matris
2856 2920 3199 2990 coniunctam
3222 2920 3576 2977 viviﬁcatrice
3596 2919 3867 2992 potentia,

2267 3018 2328 3066 ut
2355 3011 2536 3067 vivum
2566 3020 2883 3068 macerctur
2896 3009 3098 3067 animal
3116 3011 3378 3068 rationale
3405 3021 3570 3082 atque
3598 3011 3865 3069 mortale:

2269 3114 2323 3160 et
2350 3105 2495 3174 quod
2534 3106 2588 3160 in
2626 3106 2777 3160 omni
2819 3105 3039 3161 homine
3068 3104 3183 3160 ﬁeri
3213 3119 3374 3175 posse
3409 3104 3624 3170 cernis,
3668 3104 3724 3159 iu
3765 3103 3870 3159 Dei

2269 3197 2410 3253 Filio
2440 3197 2553 3253 ﬁeri
2583 3207 2846 3270 operante
2872 3205 3063 3254 sancto
3091 3196 3300 3270 Spiritu
3331 3197 3578 3255 confiteri
3612 3195 3868 3262 dubitas:

2269 3300 2328 3345 ut
2356 3291 2499 3347 Deus
2528 3292 2895 3362 omnipotens,
2939 3291 3030 3362 qui
3073 3290 3256 3347 omnia
3301 3288 3432 3346 facit
3479 3306 3598 3360 qua:
3646 3287 3760 3345 vult
3811 3288 3870 3346 in

2269 3381 2407 3437 coelo
2435 3389 2490 3438 et
2525 3379 2578 3437 in
2606 3387 2773 3447 terra,
2804 3382 2908 3438 hoc
2935 3381 3134 3448 solum,
3169 3388 3222 3437 te
3253 3379 3488 3446 nolente,
3515 3395 3623 3436 non
3654 3379 3869 3452 potuis-

2268 3479 2373 3537 set,
2412 3480 2473 3527 ut
2501 3469 2669 3529 Filius
2714 3472 2816 3529 sibi
2859 3473 3112 3544 proprius
3135 3472 3306 3546 880
3329 3489 3394 3529 ex
3423 3472 3676 3544 virginali
3707 3481 3869 3529 utero

2270 3566 2608 3617 nasceretur.
2643 3560 2751 3617 Aut
2779 3571 2831 3618 te
2862 3561 3035 3633 ipsum
3080 3574 3216 3635 nega
3257 3562 3536 3634 proprium
3563 3562 3735 3620 ﬁlium
3764 3579 3867 3634 pa—

2270 3651 2517 3708 rentibus
2546 3652 2656 3708 tuis
2699 3655 2800 3709 nisi
2847 3652 2964 3710 sola
2991 3669 3177 3721 carne,
3211 3663 3304 3710 aut
3335 3656 3389 3711 si
3411 3656 3514 3712 hoc
3549 3657 3646 3712 tibi
3677 3658 3874 3714 absur-

2271 3742 2399 3800 dum
2431 3743 2698 3811 videatur,
2747 3745 3058 3803 conﬁtearis
3101 3763 3325 3805 necesse
3369 3759 3454 3805 est
3496 3751 3550 3806 in
3598 3750 3739 3806 Filio
3771 3751 3869 3806 Dei

2271 3835 2413 3892 hanc.
2453 3839 2843 3909 proprietatem
2887 3838 3003 3896 ﬁeri
3042 3854 3203 3911 posse
3233 3839 3381 3912 (licet
3412 3842 3638 3898 alterius
3672 3852 3867 3898 natura

2271 3928 2343 3986 sit
2371 3938 2573 3987 mtcrna
2613 3930 2901 4001 divinitas,
2945 3934 3169 3992 alterius
3206 3951 3271 3992 ex
3309 3944 3554 4008 tempore
3585 3935 3726 3994 facta
3759 3938 3866 3993 hu-

2273 4026 2528 4099 manitas)
2550 4041 2711 4097 quam
2735 4028 2788 4083 in
2813 4036 2865 4083 te
2889 4028 3004 4100 ipso
3024 4027 3159 4096 fore,
3187 4029 3296 4086 imo
3318 4032 3450 4086 etin
3474 4033 3624 4086 ornni
3649 4033 3869 4087 homine

2273 4135 2472 4191 negare
2499 4138 2604 4178 non
2634 4123 2731 4176 vis.

2343 4214 2432 4268 Xl.
2477 4215 2559 4270 Me
2602 4216 2766 4286 igitur
2805 4215 3081 4273 recordari
3108 4215 3267 4288 jubcs
3293 4216 3580 4275 Dominum
3621 4217 3822 4274 dixisse
3854 4239 3867 4272 :

2275 4306 2409 4361 Lata
2455 4317 2504 4362 et
2547 4308 2780 4380 spatiosa
2821 4310 2900 4362 ria
2937 4318 3035 4375 est,
3081 4323 3202 4380 qua:
3231 4307 3376 4363 ducit
3408 4309 3476 4363 ad
3517 4319 3773 4374 mortem,
3819 4320 3870 4364 et

2273 4397 2425 4451 multi
2464 4408 2603 4462 sunt,
2636 4400 2724 4470 qui
2759 4399 2956 4453 intrant
2995 4415 3088 4470 per
3116 4416 3254 4453 eam.
3295 4395 3467 4465 Quam
3497 4409 3646 4452 arcta
3685 4409 3732 4452 et
3772 4417 3871 4452 mr-

569 4487 715 4534 sunt.
793 4479 904 4535 Nec
933 4481 1034 4536 hoc
1062 4481 1206 4544 dico,
1243 4482 1386 4551 quod
1417 4482 1630 4537 illorum
1678 4485 1988 4540 testimonio
2029 4486 2167 4542 indi-
2200 4502 2252 4563 ι)
2275 4500 2428 4562 gusta
2459 4491 2541 4546 via
2570 4501 2667 4558 est,
2696 4509 2812 4563 (lum
2843 4492 2985 4545 ducit
3013 4492 3081 4545 ad
3109 4491 3290 4556 vitant,
3323 4501 3371 4546 et
3399 4492 3553 4563 pauci
3602 4500 3720 4545 sunt
3774 4492 3866 4560 qui

568 4586 759 4642 geam,
802 4571 1007 4624 habens
1046 4580 1216 4626 testes
1254 4573 1419 4628 totius
1469 4573 1766 4642 Scriptura:
1791 4583 1994 4630 sancta:
2017 4576 2166 4647 pagi-

569 4676 706 4728 nas;
745 4662 837 4716 sed
864 4664 930 4716 ad
954 4662 1326 4718 confusionem
1356 4664 1691 4720 inﬁdelitatis
1727 4674 1922 4720 vestrae
1953 4665 2166 4722 illorum

568 4752 726 4808 vobis
777 4753 1008 4822 praefero
1049 4755 1233 4821 ﬁdem,
1265 4756 1358 4823 qui
1410 4757 1510 4810 soli
1559 4757 1635 4811 ita
1674 4759 1916 4827 perversi
1947 4758 2078 4814 estis
2113 4757 2169 4815 in

570 4846 700 4912 ﬁde,
732 4855 794 4899 ut
820 4847 1089 4904 diabolica
1119 4851 1272 4906 vobis
1298 4850 1458 4922 digne
1483 4851 1806 4923 praeferatur
1838 4852 2128 4912 confessio.

644 4939 734 4993 ιχ.
773 4939 926 5006 Quod
950 4957 1081 4998 vero
1115 4959 1201 4998 me
1228 4946 1430 4999 asseris
1465 4946 1858 5005 humanitatem
1886 4965 2072 5006 veram
2114 4948 2169 5006 in

571 5031 793 5087 Christo
832 5049 1064 5105 negare,
1111 5037 1334 5092 omnino
1371 5038 1564 5094 falsum
1611 5050 1728 5107 est;
1778 5059 1880 5099 nec
1924 5044 1976 5099 in
2023 5045 2170 5100 omni

571 5125 878 5181 litterarum
923 5143 1166 5183 mearum
1208 5131 1348 5185 serie
1393 5147 1482 5186 me
1521 5134 1624 5189 hoc
1664 5136 1846 5191 dicere
1878 5137 1958 5192 vel
1989 5138 2168 5194 credi-

571 5217 718 5274 disse
744 5222 978 5289 probare
1003 5224 1227 5292 poteris.
1277 5223 1382 5280 Sed
1413 5227 1464 5280 in
1497 5243 1582 5293 co,
1613 5229 1816 5300 absque
1845 5231 1954 5285 ulla
1984 5232 2172 5287 dubie-

573 5319 684 5366 tate
709 5311 793 5366 vel
835 5316 1112 5385 scrupulo,
1160 5318 1297 5373 duas
1337 5321 1601 5376 conﬁteor
1634 5335 1862 5379 naturas
1900 5326 2173 5395 perfectas

570 5410 629 5458 et
657 5403 918 5476 integras,
954 5408 1256 5465 divinitatis
1299 5413 1508 5468 scilicet
1535 5423 1696 5486 atque
1727 5418 2085 5476 humanitatis
2119 5422 2171 5475 in

571 5510 681 5552 una
731 5513 963 5570 persona
1016 5512 1071 5558 et
1111 5503 1166 5559 in
1202 5521 1314 5561 uno
1342 5507 1464 5563 Filii
1495 5508 1590 5565 Dei
1617 5514 1880 5570 nomine:
1931 5518 2071 5572 sicut
2115 5517 2171 5572 in

568 5587 800 5656 epistola
828 5607 989 5661 quam
1021 5594 1308 5652 eharitatis
1347 5597 1526 5654 oﬁicio
1568 5613 1624 5656 et
1666 5604 1858 5661 salutis
1889 5614 1996 5663 tua:
2028 5609 2172 5664 desi-

573 5675 726 5735 derio
765 5682 1033 5738 catholico
1079 5684 1289 5744 calamo
1334 5695 1652 5750 reverentia:
1697 5707 1892 5756 vestra:
1941 5716 2171 5757 exarare

573 5772 906 5844 curavimus,
946 5779 1231 5851 perspicue
1265 5781 1564 5855 intelligere
1591 5790 1854 5858 potestis,
1901 5795 1952 5847 si
1989 5794 2171 5852 sobrio

2271 4583 2536 4638 inveniunt
2565 4598 2677 4637 eam
2709 4581 2924 4654 (Matth.
2953 4599 3052 4647 vn,
3084 4581 3170 4646 l3,
3205 4582 3329 4653 l4)!
3377 4580 3686 4636 Recordare
3724 4590 3779 4634 et
3814 4589 3867 4633 tn

2272 4672 2600 4747 Prophetam
2657 4677 2897 4731 dixisse:
2960 4671 3253 4729 Pascentur
3303 4675 3427 4744 agni
3482 4674 3538 4727 in
3591 4673 3870 4726 latitudine

2274 4767 2447 4838 (Osea'
2474 4783 2548 4836 tv,
2581 4766 2690 4840 16).
2750 4768 2814 4822 Et
2842 4766 3186 4822 Psalmistam
3230 4766 3296 4822 de
3335 4766 3576 4836 potentia
3605 4765 3755 4835 ejus,
3801 4764 3869 4818 de

2272 4872 2380 4930 quo
2409 4859 2564 4916 nobis
2595 4875 2774 4916 sermo
2809 4869 2924 4926 est,
2971 4859 3142 4914 multo
3171 4867 3297 4914 ante
3322 4858 3700 4928 praececinisse
3731 4875 3744 4909 :
3797 4856 3867 4910 Et

2273 4949 2630 5008 dominabitur
2657 4970 2688 5006 a
2727 4953 2863 5007 mari
2895 4969 3054 5024 usque
3083 4952 3152 5006 ad
3181 4968 3353 5022 mare,
3400 4961 3449 5005 et
3491 4970 3523 5005 a
3559 4951 3870 5021 ﬂuminibus

2275 5061 2436 5119 usque
2462 5045 2532 5102 ad
2560 5048 2804 5103 terminos
2833 5048 2972 5102 orbis
3001 5057 3156 5103 terrae
3177 5046 3350 5120 (Ρεαι.
3376 5062 3523 5114 un,
3551 5047 3629 5117 8).
3661 5045 3870 5117 Ipsum-

2274 5153 2380 5209 que
2426 5154 2549 5194 cum
2599 5141 2878 5212 triumpho
2927 5141 3112 5212 gloria:
3163 5140 3545 5196 ascendentem
3597 5138 3652 5194 in
3698 5136 3870 5195 melos

2275 5234 2588 5290 mandatum
2616 5235 2828 5290 dedisse
2852 5234 3124 5306 Apostolis
3151 5234 3284 5297 suis,
3313 5240 3374 5286 ut
3396 5231 3655 5287 docerent
3678 5245 3870 5286 omnes

2274 5335 2498 5395 gentes,
2545 5325 2768 5380 dicens:
2820 5325 2932 5391 Ite,
2979 5325 3159 5379 docete
3208 5341 3385 5379 omnes
3433 5333 3606 5394 gente:
3645 5320 3865 5392 (Matth.

2276 5431 2468 5482 xxviii,
2504 5416 2609 5487 19).
2649 5415 2788 5471 Olim
2819 5417 2870 5470 in
2899 5416 3085 5472 Judtea
3115 5427 3279 5472 notus
3308 5416 3683 5471 tantummodo
3725 5415 3866 5471 Deus

2276 5509 2449 5583 (ιιδαι.
2479 5528 2643 5576 ιιιιιν,
2674 5512 2750 5584 2),
2811 5527 2954 5567 nunc
3001 5525 3131 5566 vero
3179 5512 3434 5568 omnibus
3479 5510 3734 5582 gentibus
3764 5525 3866 5576 vox

2275 5620 2381 5658 una
2425 5613 2509 5660 est
2531 5603 2808 5670 Christus,
2841 5619 3000 5676 quem
3028 5621 3125 5661 vos
3173 5606 3317 5660 intra
3362 5603 3653 5675 Pyrenteos
3692 5603 3868 5658 saltus

2275 5714 2383 5754 non
2412 5713 2684 5768 regnasse,
2713 5697 2807 5753 sed
2835 5699 3109 5769 captivum
3134 5697 3380 5753 latitasse
3406 5695 3690 5752 aestimatis
3862 5689 3864 5691 ’

2350 5790 2462 5847 XII.
2505 5790 2663 5848 Aliud
2698 5805 2912 5862 quoque
2948 5790 3014 5846 de
3049 5789 3340 5864 Evangelia
3372 5787 3587 5862 profers
3623 5789 3866 5848 testimo-
