4136 6632
368 477 479 532 219

1082 469 1501 530 DOGMATICA.
1540 502 1609 511 -—-
1648 472 1809 529 ΜΝ.
1849 472 2251 529 ELIPANDUM
2291 474 2473 532 LIBIlI
2511 477 2601 533 IV.
2644 508 2715 519 --
2753 479 2881 536 LIB.
2924 481 2964 537 I.

3542 490 3650 547 250

370 608 557 670 nium,
604 599 699 656 ubi
744 599 860 669 ipsa
888 593 1103 652 Veritas
1145 593 1213 649 de
1258 591 1642 650 communione
1670 587 1960 645 charitatis
1986 597 2038 657 Α
2064 596 2148 643 est
2183 588 2236 643 in
2267 592 2469 648 nostris
2491 632 2506 658 ,
2555 593 2696 650 sicut
2727 603 2873 654 totus
2900 607 2982 655 est
3012 601 3066 654 in
3093 601 3208 657 suis
3230 642 3246 667 ,
3293 613 3491 673 przeter
3520 606 3654 663 deli—

368 708 685 759 sanctorum
716 695 830 751 ait:
865 690 967 746 Ubi
1007 697 1128 744 sunt
1166 687 1272 742 duo
1312 684 1391 741 uel
1433 693 1538 741 tres
1567 683 1867 755 congregati
1904 682 1962 736 in

371 795 583 852 nomine
607 806 748 855 meo,
789 786 862 842 ibi
901 800 1020 841 sum
1058 783 1116 837 in
1144 781 1319 835 medio
1346 792 1528 835 eorum
1556 774 1774 850 (Matth.
1803 790 1961 839 xvm,

367 883 490 956 20).
519 882 591 939 Et
614 880 796 938 credis
821 878 927 933 hoc
952 874 1021 931 de
1044 873 1225 931 Felice
1250 880 1463 927 tantum
1490 870 1713 940 suisque
1737 865 1964 937 compli—

372 977 530 1036 cibus
554 975 760 1032 dictum
788 985 930 1035 esse,
960 966 1139 1039 qualis
1161 964 1295 1020 olim
1323 962 1466 1018 idem
1493 960 1647 1017 Felix
1670 958 1807 1027 fuit,
1833 959 1962 1015 dum

370 1066 542 1124 vestri
567 1063 775 1121 erroris
803 1058 1015 1118 catenis
1034 1058 1315 1115 vobiscum
1343 1053 1629 1125 colligatus
1653 1050 1786 1106 fuit:
1816 1064 1966 1107 nunc

371 1173 507 1216 vero
544 1156 659 1213 Deo
699 1155 998 1211 miserante
1036 1148 1346 1207 rationabili
1377 1146 1743 1217 disputatione
1773 1144 1964 1201 convi-

372 1262 516 1317 ctus,
552 1258 610 1305 et
636 1248 917 1306 absolutus
944 1245 1014 1302 ab
1036 1258 1226 1301 errore
1249 1248 1455 1307 vestro,
1484 1249 1541 1294 et
1585 1239 1639 1294 in
1681 1238 1965 1294 catholicas

370 1342 529 1416 pacis
549 1338 966 1397 unauimitatem
995 1334 1267 1391 reductus.
1299 1331 1367 1388 Et
1391 1344 1553 1401 quem
1574 1344 1671 1385 vos
1696 1327 1964 1385 habuistis

372 1434 533 1507 Quasi
577 1438 795 1490 scutum
834 1426 1076 1501 perﬁdia:
1115 1433 1333 1489 vestrae,
1376 1436 1524 1477 nunc
1559 1419 1801 1476 Ecclesia
1835 1433 1962 1474 eum

371 1524 543 1583 habet
569 1523 824 1596 sagittam
850 1525 1129 1591 potentem
1157 1524 1216 1570 et
1241 1521 1461 1571 acutam
1484 1527 1608 1568 cum
1635 1508 1964 1567 carbonibus

371 1613 717 1673 desolatoriis
744 1610 920 1686 (Psal.
948 1625 1095 1675 cur,
1123 1606 1205 1682 4).
1237 1606 1350 1663 Vos
1380 1618 1512 1662 vero
1554 1604 1608 1658 in
1650 1602 1850 1674 quibus
1875 1615 1963 1657 re-

372 1707 622 1781 frigescit
651 1705 918 1769 charitas,
946 1698 1353 1773 congregamini
1387 1697 1443 1752 in
1478 1695 1696 1797 nomine
1719 1691 1961 1797 adoptivi

370 1800 489 1868 lilii,
524 1799 580 1855 in
605 1798 825 1855 nomine
851 1793 1049 1865 captivi
1079 1791 1243 1859 servi,
1275 1791 1331 1847 in
1361 1789 1581 1845 nomine
1610 1786 1965 1857 nuncupativi

369 1889 471 1947 Dei
496 1908 510 1944 :
540 1904 641 1946 nos
665 1900 1063 1961 eongregamur
1089 1884 1148 1940 in
1174 1883 1395 1939 nomine
1420 1879 1686 1952 unigeniti
1712 1875 1837 1932 Filii
1861 1875 1959 1932 Dei

2061 678 2242 732 ctum?
2260 698 2277 731 ι
2318 678 2537 737 Utinam
2558 683 2751 740 melius
2773 687 3133 745 intellexisscs
3152 700 3466 750 sanctorum
3484 698 3650 753 verba

2062 766 2383 826 doctorum!
2419 771 2580 828 Totus
2620 776 2675 830 in
2715 780 2931 846 nostris,
2962 780 3017 836 id
3042 790 3146 849 cst,
3181 792 3339 841 totus
3352 785 3525 844 Filius
3553 790 3652 845 ho-

2063 859 2257 928 minis;
2298 870 2349 916 et
2379 871 2521 919 totus
2545 866 2603 920 in
2626 868 2763 931 suis,
2808 868 2863 924 id
2892 878 3003 937 est,
3049 881 3195 930 totus
3222 874 3393 933 Filius
3421 877 3549 943 Dei,
3596 880 3651 934 in

2060 958 2293 1023 utraque
2312 951 2466 1027 [Cod.
2484 954 2691 1025 Paris.,
2716 961 2770 1015 in
2790 963 3044 1038 utroque]
3066 966 3256 1038 plenus
3277 978 3332 1024 et
3352 970 3648 1042 perfectus.

2064 1043 2145 1099 Tu
2184 1060 2315 1102 vero
2358 1050 2762 1117 particulariter
2807 1055 2891 1111 vis
2936 1071 3061 1112 cum
3108 1074 3229 1117 esse
3274 1063 3472 1120 Filium
3524 1065 3652 1123 Dei.

2062 1136 2263 1206 partim
2289 1153 2433 1206 vere,
2465 1149 2521 1196 et
2548 1144 2746 1211 partim
2773 1148 3124 1206 nominative.
3152 1153 3317 1224 881
3348 1154 3464 1212 Hoc
3488 1157 3651 1213 velim

2065 1228 2394 1298 respondeas
2437 1229 2570 1288 mihi
2598 1274 2613 1301 ,
2661 1235 2707 1290 si
2754 1243 2902 1295 totus
2946 1253 3030 1296 est
3076 1242 3132 1298 in
3180 1252 3412 1316 utraque
3456 1257 3649 1305 natura

2062 1317 2312 1377 Christus
2336 1338 2465 1381 vere
2493 1332 2548 1382 et
2571 1331 2791 1400 proprie
2820 1332 3146 1392 beatissimm
3171 1339 3410 1410 Virginis
3437 1341 3653 1399 Filius?

2061 1410 2172 1466 Aut
2196 1413 2244 1468 si
2271 1429 2398 1471 vere
2425 1415 2595 1473 Deum
2626 1422 2811 1491 genuit
2845 1435 3034 1481 sancta
3061 1427 3215 1500 virgo
3255 1430 3425 1489 Maria
3445 1473 3463 1499 ,
3508 1436 3652 1491 sicut

2061 1516 2254 1559 omnes
2279 1506 2532 1564 catholici
2562 1508 2658 1565 Dei
2686 1526 2809 1567 eam
2837 1516 3158 1586 genitricem
3184 1521 3413 1579 credunt
3437 1531 3495 1580 et
3521 1540 3652 1582 coti—

2062 1589 2330 1650 iltentur?
2361 1596 2431 1652 Et
2453 1607 2636 1655 utrum
2660 1611 2899 1661 :cternus
2924 1606 3017 1662 Dei
3046 1608 3216 1667 Filius
3236 1627 3364 1667 vere
3386 1615 3459 1672 sit
3479 1616 3653 1673 beata:

2064 1684 2301 1756 Virginis
2329 1687 2519 1757 Filius,
2553 1701 2648 1747 aut
2675 1695 2968 1765 adoptive?
2996 1697 3055 1753 Si
3085 1699 3340 1771 adoptive
3366 1704 3523 1773 dicis,
3554 1721 3650 1762 ne-

2061 1794 2333 1849 quaquam
2374 1796 2502 1839 vere
2551 1782 2653 1840 l‘uit
2698 1785 2795 1843 Dei
2838 1791 3070 1861 genitrix
3113 1796 3461 1854 sanctissima
3501 1798 3652 1872 virgo

2063 1872 2251 1929 Maria.
2288 1874 2351 1931 Si
2365 1890 2497 1933 vero
2520 1878 2784 1937 catholico
2805 1898 2900 1938 ore
2920 1899 3047 1941 vere
3070 1901 3191 1942 eam
3213 1887 3309 1944 Dei
3333 1891 3651 1961 genitricem

371 1981 672 2040 Salvatoris
700 1978 922 2043 mundi,
958 1976 1015 2032 in
1041 1973 1261 2031 nomine
1286 1972 1491 2029 Christi
1505 1969 1763 2041 .Domini,
1795 1982 1959 2039 quem
1990 1967 2035 2028 Β
2064 1967 2311 2022 conﬁteri
2338 1968 2442 2036 vis,
2472 1970 2602 2040 quid
2633 1980 2802 2029 restat
2832 1976 2937 2031 nisi
2967 1985 3119 2034 utea
3148 1981 3376 2037 veritate
3407 1992 3553 2041 ιοιυε
3582 1986 3655 2041 si;

368 2077 598 2152 angelus
620 2073 933 2148 pastoribus
961 2079 1146 2127 natum
1170 2066 1506 2141 praedicavit,
1528 2064 1713 2121 dicens
1738 2081 1750 2117 :
1784 2061 1959 2118 Natus

366 2178 445 2226 at
475 2165 615 2224 vobis
640 2164 796 2220 hodie
822 2162 1090 2227 Salvator,
1124 2161 1217 2232 qui
1242 2168 1316 2213 est
1344 2154 1586 2211 Christus
1612 2154 1869 2209 Dominus
1904 2153 1961 2207 in

367 2261 575 2317 civitate
602 2257 773 2313 David
800 2254 952 2329 (Luc.
980 2271 1044 2319 ιι,
1071 2252 1182 2324 ll).
1215 2252 1324 2308 Vos
1351 2248 1549 2304 ﬂectite
1577 2261 1750 2320 genua
1782 2245 1837 2300 in
1863 2259 1961 2299 no—

368 2355 519 2412 mine
546 2350 820 2422 adoptivi;
869 2362 967 2403 nos
1003 2343 1269 2401 ﬂectimus
1300 2356 1475 2415 genua
1501 2354 1626 2395 cum
1655 2336 1861 2407 angelis
1905 2343 1961 2390 et

367 2440 736 2513 archangelis,
776 2452 902 2494 cum
940 2435 1086 2492 omni
1131 2433 1323 2488 militia
1363 2428 1603 2495 caelesti,
1646 2426 1701 2482 in
1742 2426 1961 2482 nomine

364 2534 519 2599 Jesu,
541 2533 615 2589 de
635 2544 744 2602 quo
769 2529 974 2585 dictum
999 2532 1085 2582 est
1108 2542 1123 2578 :
1158 2522 1229 2579 Et
1255 2522 1477 2578 adorent
1507 2535 1627 2575 eum
1656 2533 1834 2574 omnes
1863 2534 1961 2572 an-

365 2626 470 2699 geii
500 2624 596 2680 Dei
618 2619 813 2695 (Hebr.
834 2632 875 2685 ι,
900 2617 980 2691 ϐ).

439 2713 576 2772 λιιι.
605 2711 909 2769 Pervenisti
931 2709 1150 2765 tandem
1172 2708 1241 2765 ad
1262 2705 1677 2780 promissionem
1698 2702 1820 2769 Dei,
1838 2717 1961 2775 qua:

365 2809 512 2866 dicta
538 2816 623 2862 est
645 2804 717 2861 ad
740 2802 941 2859 David:
968 2800 1101 2856 Cum
1124 2799 1425 2863 dormieris,
1446 2796 1624 2868 inquit
1647 2795 1812 2862 Deus,
1838 2810 1958 2850 cum

2061 2060 2120 2114 in
2143 2060 2355 2118 duabus
2395 2065 2604 2121 naturis
2631 2068 2878 2125 Christus
2906 2085 3031 2127 vere
3061 2071 3159 2128 Dei
3186 2072 3379 2141 Filius,
3426 2094 3531 2148 qua
3570 2089 3655 2135 est

2061 2151 2116 2205 in
2130 2153 2341 2211 duabus
2358 2157 2566 2212 naturis
2580 2173 2709 2215 vere
2718 2161 3290 2238 heatissimmVirginis
3301 2168 3506 2226 Filius?
3523 2171 3594 2227 At
3606 2175 3651 2227 si

2062 2243 2373 2303 humanitas
2414 2248 2533 2319 ejus
2558 2250 2809 2321 adoptiva
2838 2261 2922 2309 est
2951 2251 3064 2311 Deo
3098 2257 3280 2325 Patri,
3314 2276 3654 2332 consequens

2059 2351 2181 2393 esse
2205 2339 2422 2395 videtur
2438 2380 2452 2405 ,
2494 2350 2557 2396 ut
2577 2342 2831 2400 divinitas
2862 2346 3115 2418 adoptiva
3137 2351 3209 2405 sit
3232 2352 3394 2407 matri
3421 2353 3648 2423 Virgini.

2061 2428 2217 2497 Quod
2231 2447 2397 2503 quam
2424 2435 2647 2505 impium
2664 2438 2948 2506 sitdicere,
2968 2442 3148 2499 nullus
3169 2443 3405 2500 ﬁdelium
3421 2447 3625 2519 ignorat
3637 2490 3650 2503 .

2131 2519 2273 2579 XIV.
2314 2522 2550 2598 Flagitas
2594 2544 2683 2584 me
2727 2538 2894 2587 testes
2937 2533 3099 2598 dare,
3147 2551 3166 2586 ι
3211 2537 3356 2606 quod
3393 2538 3538 2594 nulla
3583 2542 3656 2595 sit

2059 2611 2279 2683 adoptio
2304 2613 2358 2669 in
2383 2630 2546 2672 carne
2566 2617 2804 2688 Christi;
2836 2642 2853 2676 ι
2886 2625 3032 2694 quod
3061 2632 3305 2700 tempore
3324 2639 3648 2701 opportuno,

2059 2711 2251 2760 sancto
2291 2703 2497 2778 Spiritu
2537 2712 2834 2769 catholicos
2873 2717 3081 2784 pectori
3124 2727 3312 2776 nostro
3354 2722 3654 2793 inspirante

2058 2809 2274 2862 scnsus,
2292 2796 2535 2855 facturus
2554 2816 2696 2868 sum,
2715 2803 3161 2880 abundanterque
3183 2811 3238 2865 in
3256 2812 3379 2869 aliis
3399 2813 3655 2872 litterulis

363 2899 605 2974 patribus
622 2897 754 2964 tuis,
775 2894 1038 2952 suscitabo
1060 2894 1124 2948 de
1149 2891 1339 2948 lumbis
1364 2892 1471 2947 tuis
1490 2892 1580 2962 qui
1601 2889 1780 2946 sedeat
1800 2906 1958 2962 super
2058 2890 2262 2946 nostris
2285 2904 2335 2957 ιι,
2379 2908 2516 2963 quas
2556 2903 2745 2951 contra
2789 2913 3035 2956 errorem
3058 2911 3302 2959 vestrum
3336 2907 3516 2975 edidi,
3563 2925 3653 2965 me

365 2990 616 3047 thronum
633 2986 826 3045 Israel.
851 2986 967 3059 Ego
986 3002 1076 3041 ero
1095 2987 1145 3040 ei
1165 2986 1223 3039 in
1244 2983 1478 3048 Patrem,
1510 2992 1560 3038 et
1579 2983 1688 3056 ipse
1708 2982 1838 3036 mihi
1856 2984 1956 3038 erit
2058 2978 2255 3036 fecisse
2285 2983 2564 3056 intelligit,
2610 2989 2703 3057 qui
2745 2998 2960 3046 nostras
2993 2995 3277 3065 paginulas
3321 2997 3499 3070 legere
3540 3018 3648 3058 non

365 3082 425 3138 ξι,
445 3079 649 3137 Filium
671 3078 761 3155 (Il
784 3078 910 3150 Reg.
933 3076 1138 3145 vu,l2,
1156 3076 1266 3149 14).
1298 3076 1344 3133 0
1368 3076 1534 3132 Pater
1560 3075 1841 3147 Elipande,
1861 3076 1955 3132 ubi
2056 3074 2373 3129 contemnit.
2424 3075 2500 3131 De
2537 3090 2603 3131 eo
2632 3092 2778 3144 vero,
2824 3083 2966 3151 quod
3005 3085 3242 3154 postulas
3277 3089 3659 3147 testimonium

364 3174 652 3250 perdidisti
684 3173 871 3231 oculos
897 3171 1059 3230 tuos?
1101 3171 1282 3238 Quare
1312 3169 1544 3242 posuisti
1581 3170 1953 3226 testimonium
2056 3165 2155 3223 tibi
2177 3167 2317 3235 dari,
2342 3186 2363 3219 ι
2390 3171 2534 3240 quod
2556 3187 2664 3228 non
2687 3174 2760 3229 sit
2782 3189 2909 3232 vera
2932 3178 3240 3238 humanius
3264 3184 3317 3239 in
3341 3185 3591 3243 Christo;
3622 3210 3642 3240 ,

364 3279 559 3328 contra
574 3278 628 3325 te
640 3265 1034 3324 fortissimum?
1054 3264 1216 3321 Forte
1231 3272 1453 3335 propter
1468 3261 1759 3318 sacerdotii
1779 3261 1951 3331 digni-

363 3369 537 3420 tatem
560 3376 687 3418 cum
712 3358 915 3430 Caipha
938 3357 1194 3430 ignorans
1209 3355 1493 3412 veritatem
1523 3355 1820 3426 protulisti.
1854 3354 1954 3411 Pa-

366 3462 519 3511 terna
539 3447 829 3525 promissio
857 3459 973 3517 est,
1003 3458 1060 3507 et
1084 3458 1308 3521 paterna
1344 3446 1677 3513 testiﬁcatio,
1710 3448 1854 3503 sicut
1895 3456 1953 3504 tu

364 3544 481 3617 ipse
511 3543 729 3601 dixisti:
756 3541 862 3597 Ero
887 3544 935 3597 ei
964 3541 1021 3596 in
1045 3538 1283 3606 Patrem,
1296 3549 1345 3594 et
1366 3540 1475 3611 ipse
1494 3539 1593 3592 erit
1619 3537 1747 3591 mihi
1777 3537 1834 3592 in
1856 3534 1953 3592 Fi-

361 3640 516 3696 lium.
543 3636 691 3695 Nihil
708 3638 795 3693 his
818 3635 1001 3691 verbis
1028 3633 1336 3706 adoptionis
1353 3633 1408 3687 in
1428 3640 1655 3705 paterna
1676 3632 1951 3703 reperitur

361 3732 744 3805 promissione.
783 3728 1010 3785 Multum
1038 3736 1123 3783 est
1148 3728 1290 3782 inter
1316 3742 1426 3793 ero,
1466 3733 1521 3780 et
1544 3726 1714 3781 dicor.
1746 3725 1951 3781 Verum

362 3840 461 3898 per
479 3840 538 3882 se
558 3829 644 3880 est
659 3823 864 3892 absque
885 3820 992 3875 ulla
1009 3818 1423 3890 imaginatione;
1445 3818 1730 3889 adoptivus
1750 3816 1955 3873 dicitur

364 3935 473 3977 non
508 3935 541 3974 a
563 3918 822 3983 veritate,
856 3915 953 3971 sed
980 3914 1050 3971 ab
1079 3912 1468 3985 imaginatione
1493 3911 1725 3967 volentis
1756 3910 1948 3967 animi.

364 4010 591 4067 Multum
634 4008 861 4063 interest
901 4005 1045 4060 inter
1070 4010 1252 4061 vestra
1304 4002 1585 4059 mendacia
1614 4010 1670 4058 et
1695 4001 1793 4058 Dei
1822 4016 1951 4072 pro-

362 4105 551 4163 missa.
608 4103 728 4175 Ipse
761 4099 938 4157 dixit:
985 4097 1105 4154 Erit
1150 4096 1279 4152 mihi
1320 4094 1538 4162 Filius;
1593 4110 1691 4151 vos
1733 4095 1948 4161 dicitis,

362 4205 704 4269 nuncupatur
724 4202 960 4259 tantum,
979 4191 1077 4248 sed
1100 4206 1209 4246 non
1230 4199 1313 4246 est
1334 4189 1569 4261 proprie.
1596 4187 1949 4259 Prophetiam

360 4304 579 4361 quoque
625 4287 778 4343 Isaiae
819 4286 887 4342 de
928 4283 1149 4341 Christo
1179 4283 1234 4339 in
1264 4282 1500 4337 medium
1531 4279 1824 4346 deduxisti,
1855 4281 1947 4336 ubi

363 4382 477 4438 ait:
526 4379 704 4435 Radix
740 4375 911 4442 Iesse,
960 4376 1051 4447 qui
1097 4384 1200 4430 stat
1246 4374 1305 4428 in
1352 4374 1563 4444 signum
1606 4372 1944 4445 populorum,

360 4480 536 4549 ipsum
570 4485 747 4547 gentes
784 4472 1225 4546 deprecabuntur,
1271 4479 1319 4526 et
1357 4472 1455 4525 erit
1491 4470 1789 4542 sepulcrum
1829 4470 1947 4542 ejus

359 4568 648 4640 gloriosum
677 4564 834 4638 (Isai.
863 4580 941 4631 ιιι,
973 4563 1084 4634 10).
1134 4562 1345 4631 Quibus
1369 4560 1584 4632 populis
1622 4568 1733 4615 stat
1773 4560 1826 4615 in
1868 4559 1944 4614 si-

359 4677 547 4733 gnum,
578 4670 635 4716 et
657 4674 776 4730 qua:
802 4666 988 4729 gentes
1017 4670 1142 4714 eum
1170 4656 1629 4727 deprecabuntur,
1660 4655 1705 4709 si
1739 4654 1792 4708 in
1832 4654 1946 4709 sola

360 4751 620 4822 Hispania
650 4750 904 4820 perpauci
934 4748 1280 4803 musitatores
1306 4761 1429 4800 eum
1460 4746 1725 4801 catholice
1753 4745 1945 4816 deprc-

360 4842 596 4901 cantur?
639 4841 745 4909 Qui
783 4841 1086 4897 certissime
1118 4839 1317 4894 nullius
1344 4839 1541 4910 accipit
1576 4852 1797 4907 preces,
1839 4838 1944 4893 nisi

360 4938 416 4993 in
446 4936 719 4992 charitate
744 4932 1027 4989 catholicas
1053 4933 1205 5002 pacis
1228 4928 1602 5000 proferantur;
1643 4930 1739 4985 sed
1768 4938 1824 4984 et
1859 4944 1947 4985 sc-

359 5030 609 5101 pulcrum
640 5026 816 5091 illius,
859 5041 1019 5096 quem
1049 5039 1145 5080 vos
1174 5023 1461 5095 ignobilem
1490 5022 1671 5079 dicitis
1689 5062 1704 5088 ,
1747 5020 1946 5093 glorio-

359 5135 481 5176 sum
505 5132 627 5174 esse
645 5116 915 5187 Propheta
937 5115 1204 5186 praedixit.
1235 5113 1291 5170 Si
1316 5114 1623 5185 sepulcrum
1650 5114 1942 5185 gloriosum

359 5223 468 5281 est,
493 5222 700 5285 quanto
727 5211 897 5283 magis
924 5211 1190 5283 gloriosus
1212 5217 1316 5275 est,
1344 5209 1434 5278 qui
1463 5209 1517 5265 in
1544 5207 1792 5278 sepulcro
1817 5208 1944 5262 dor-

358 5308 546 5371 mivit,
575 5320 642 5361 ex
673 5304 828 5375 cujus
854 5317 1083 5373 persona
1107 5300 1374 5369 Propheta
1399 5299 1529 5354 olim
1556 5299 1753 5355 cecinit
1781 5317 1793 5352 :
1828 5298 1942 5369 Ego

352 5398 584 5456 domini
613 5407 664 5452 et
690 5411 932 5452 somnum
963 5394 1111 5467 carpi,
1147 5403 1197 5447 et
1232 5393 1493 5447 resurrexi
1520 5388 1694 5463 (Psal.
1728 5408 1812 5455 ιιι,
1841 5390 1943 5461 6)?

356 5488 622 5562 Adiungis
666 5502 900 5559 namque
939 5486 1162 5543 Patrum
1209 5484 1531 5566 catholicam
1560 5484 1936 5540 sententiam:

364 5601 386 5637 ι
415 5581 586 5639 Totus
612 5582 669 5638 in
698 5580 835 5646 suis,
863 5586 919 5635 et
942 5586 1089 5634 totus
1119 5576 1174 5632 in
1211 5577 1435 5643 nostris,
1463 5597 1481 5629 ι
1516 5576 1721 5633 addens
1748 5590 1816 5653 ex
1847 5584 1939 5631 tuo

358 5691 563 5734 sensu:
594 5692 615 5727 ι
642 5674 824 5743 Quare
852 5687 959 5729 non
988 5672 1200 5729 dicatur
1222 5671 1527 5742 adoptivus,
1558 5671 1650 5740 qui
1683 5670 1758 5724 ita
1796 5679 1941 5726 totus

431 5831 539 5903 {In
575 5831 728 5888 libris
753 5848 832 5889 vn
873 5831 1135 5888 adversus
1161 5830 1431 5899 Felicem;
1476 5832 1557 5887 vel
1588 5832 1764 5903 potius
1796 5832 1848 5889 in
1880 5831 1941 5888 Ii-

361 5901 505 5970 hcllo
529 5903 599 5961 ad
624 5904 919 5964 monachos
940 5903 1152 5962 Gothiae
1178 5904 1361 5960 misso.

2058 3258 2219 3330 huius
2248 3262 2328 3318 rei
2359 3262 2461 3318 tibi
2496 3264 2809 3323 testimonia
2844 3283 2951 3324 non
2978 3270 3153 3340 dabo;
3194 3273 3321 3345 quia
3343 3277 3647 3335 catholicus

2054 3363 2177 3406 sum
2197 3391 2214 3418 ,
2260 3352 2317 3407 in
2359 3353 2624 3410 catholica
2662 3366 2819 3414 natos
2859 3370 2915 3415 et
2954 3364 3192 3420 nutritus
3216 3363 3501 3424 Ecclesia:
3549 3373 3647 3427 sed

2053 3441 2196 3503 dabo
2224 3446 2322 3502 tibi
2352 3455 2519 3505 testes
2555 3449 2861 3510 litterarum
2892 3472 3137 3513 mearum
3163 3462 3359 3529 series,
3390 3462 3436 3518 si
3469 3463 3648 3535 legere

2052 3537 2316 3610 digneris,
2345 3556 2530 3599 veram
2566 3544 2903 3603 divinitatem
2941 3556 2999 3604 ct
3026 3565 3211 3609 veram
3248 3555 3644 3614 humanitatem

2053 3629 2377 3688 conﬁtentes
2406 3632 2461 3688 in
2488 3633 2706 3692 Christo
2732 3636 2864 3695 Deo.
2912 3638 2980 3694 Et
3008 3642 3178 3699 miror
3205 3660 3307 3700 cur
3335 3646 3470 3703 mihi
3508 3649 3647 3718 obii-

2051 3736 2179 3780 cere
2198 3723 2353 3794 velis,
2376 3726 2521 3797 quod
2544 3743 2823 3800 nunquam
2849 3745 2935 3787 me
2957 3731 3143 3792 dicere
3166 3735 3361 3808 legisti.
3395 3737 3648 3797 Hortaris

2050 3830 2141 3873 me
2160 3814 2355 3873 Arium
2392 3833 2500 3873 non
2541 3833 2681 3887 esse,
2723 3820 2818 3892 qui
2855 3822 3148 3881 multorum
3169 3843 3268 3884 sua
3285 3833 3648 3900 perversitate

2051 3908 2343 3966 maculavit
2367 3910 2555 3979 corda,
2580 3921 2641 3967 ut
2666 3922 2816 3969 recte
2842 3928 2951 3970 non
2978 3918 3283 3974 crederent.
3318 3921 3448 3993 Ego,
3475 3923 3644 3995 gloria

2048 3997 2163 4057 Deo
2183 3997 2334 4067 Iesu,
2354 4016 2633 4072 nunquam
2655 4004 2711 4058 in
2730 4004 3046 4062 barathrum
3070 4007 3188 4064 Arii
3208 4009 3462 4083 delapsus
3487 4030 3610 4071 sum
3627 4033 3640 4078 ;

2047 4091 2145 4148 sed
2175 4099 2234 4147 tu
2258 4091 2343 4147 vel
2373 4091 2539 4149 Arius
2565 4109 2689 4151 esse
2715 4097 3060 4167 prohaheris,
3090 4100 3175 4156 vel
3203 4110 3352 4159 tuam
3382 4105 3646 4162 damnare

2048 4182 2377 4238 sententiam
2405 4184 2647 4254 cogeris;
2688 4185 2779 4256 qui
2809 4188 3008 4243 asseris
3036 4188 3232 4247 Filium
3263 4191 3363 4250 Dei
3395 4195 3640 4265 unicum,

2047 4275 2401 4347 unigenitum,
2433 4279 2700 4349 uniusque
2722 4281 2912 4352 procul
2937 4281 3105 4340 dubio
3132 4301 3396 4356 personae,
3427 4291 3640 4362 adopti-

2045 4382 2175 4424 vum
2196 4383 2337 4425 esse.
2366 4367 2620 4440 Nunquid
2643 4386 2748 4427 non
2773 4380 2831 4427 tu
2852 4372 2908 4429 in
2928 4375 3119 4432 eadem
3143 4390 3374 4447 persona
3397 4381 3645 4453 adoptio-

2047 4475 2172 4515 nem
2198 4474 2322 4519 esse
2346 4460 2605 4528 allirmas,
2635 4477 2797 4533 quam
2827 4464 2990 4522 Arius
3027 4467 3155 4523 olim
3194 4469 3504 4528 detestabili
3536 4473 3641 4529 im-

2045 4553 2250 4625 pietate
2289 4553 2601 4627 adOptivam
2629 4572 2751 4612 esse
2782 4560 3055 4616 asseruit?
3099 4561 3207 4617 Aut
3238 4563 3285 4619 si
3317 4564 3459 4621 hanc
3488 4566 3635 4623 blas-

1975 4687 2027 4748 D
2048 4646 2321 4717 phemiam
2367 4648 2640 4706 declinare
2683 4651 2896 4719 niteris,
2929 4668 3053 4709 mox
3081 4654 3275 4711 incidis
3303 4657 3357 4711 in
3386 4657 3638 4730 laqueum

2048 4739 2307 4810 Nestorii,
2337 4740 2396 4797 in
2423 4743 2558 4799 duas
2584 4743 2863 4800 Christum
2890 4746 3135 4802 dividens
3160 4763 3441 4818 personas,
3475 4767 3637 4806 unam

2048 4835 2346 4904 propriam,
2376 4846 2433 4892 et
2459 4837 2685 4893 alteram
2714 4840 3044 4910 adoptivam.
3076 4841 3215 4898 Nam
3239 4844 3519 4902 Nestorius
3543 4863 3640 4917 pa-

2048 4924 2158 4980 lam
2185 4927 2320 4982 duas
2343 4943 2452 4983 non
2480 4930 2780 4985 nominavit
2814 4946 3077 5002 personas
3104 4935 3162 4989 in
3185 4934 3423 5002 Christo,
3452 4941 3637 4994 omnia

2049 5024 2251 5085 tamen,
2276 5034 2395 5089 qua:
2420 5021 2628 5077 ditabus
2651 5024 2826 5079 inesse
2850 5027 3098 5095 personis
3116 5043 3339 5084 necesse
3365 5040 3447 5085 est
3468 5046 3637 5100 pravo

2049 5125 2232 5176 sensu,
2261 5111 2314 5165 id
2344 5120 2449 5176 est,
2478 5116 2862 5184 pmprietatem
2890 5126 2945 5173 et
2973 5119 3316 5190 adoptionem
3348 5122 3469 5177 Filii
3497 5123 3637 5179 allir-

2049 5205 2218 5258 mavit
2262 5203 2318 5259 in
2355 5204 2591 5260 Christo.
2646 5204 2703 5258 In
2748 5207 2866 5277 ejus
2893 5223 3023 5264 vero
3067 5210 3187 5266 sine
3232 5212 3396 5267 dubio
3440 5213 3635 5268 litteris

2050 5296 2355 5367 adeptionis
2393 5313 2586 5353 nomen
2629 5300 2693 5354 de
2719 5298 2936 5356 Christo
2967 5302 3276 5359 invenitur:
3312 5305 3477 5359 verba
3507 5322 3635 5360 vero

2047 5395 2173 5443 sunt
2200 5385 2438 5456 ejusdem
2468 5388 2697 5445 Nestorii
2730 5398 2851 5460 post
2880 5394 3140 5449 obscuros
3167 5409 3361 5450 sensus
3403 5405 3458 5450 et
3496 5397 3631 5451 cali-

2046 5479 2262 5549 ginosas
2293 5481 2591 5535 sententias
2630 5489 2684 5535 et
2723 5481 2914 5550 impias
2945 5482 3289 5539 inﬁdelitates
3325 5485 3632 5555 hujusmodi

2044 5571 2111 5626 de
2138 5572 2473 5627 humanitate
2501 5571 2723 5628 Christi.
2772 5574 2861 5628 Ait
2885 5576 3032 5630 enim
3055 5576 3083 5615 ἱ)
3110 5595 3122 5630 :
3157 5595 3175 5627 ι
3212 5577 3362 5634 Unde
3390 5589 3446 5633 ct
3473 5581 3630 5636 nutlti

2047 5664 2342 5720 secundum
2382 5665 2599 5719 beatum
2639 5664 2865 5722 Paulum
2903 5667 3135 5723 dicimur
3165 5669 3300 5734 lilii,
3348 5672 3442 5727 sed
3483 5673 3632 5729 solus

2122 5829 2148 5869 δ
2174 5826 2455 5900 Nestorius
2481 5828 2621 5897 apud
2645 5827 2988 5900 Agohardum
3031 5829 3153 5886 libr.
3182 5841 3367 5888 contra
3394 5834 3632 5893 I’clicens

2052 5914 2170 5971 cap.
2194 5899 2247 5953 7.
2298 5898 2449 5955 Unde
2490 5898 2711 5969 integer
2736 5908 2914 5958 textus
2954 5902 3027 5957 ita
3071 5904 3409 5959 restituitur:
3443 5923 3461 5955 ι
3494 5910 3633 5971 hoc,
