4136 6560
532 291 630 347 351
1380 285 1444 342 Β.
1476 286 1544 342 F.
1583 283 1810 342 ALBlNl
1849 283 1980 340 SEU
2020 281 2298 338 ALCEINI
2333 281 2617 338 OPERUM
2656 279 2836 336 PARS
2871 279 2956 336 ιιι
3707 273 3816 331 233

512 387 867 474 .prmcipuum
897 401 1107 458 habens
1139 401 1264 467 hoc,
1290 399 1505 472 quod...
1534 399 1700 455 Verbi
1729 396 2132 468 cepolatiouem
2157 404 2203 461 Α
2231 391 2454 455 Christi,
2496 391 2589 461 qui
2624 406 2690 446 ex
2729 390 2960 445 diversis
2998 387 3280 444 christiani
3321 387 3536 458 imperii
3572 385 3819 457 partibus

537 495 882 566 adoptionem
905 493 1255 566 participans.
1288 513 1308 545 ι

611 583 728 642 XV.
768 583 996 649 Videte,
1037 584 1143 645 viri
1188 584 1424 650 fratres,
1467 583 1646 639 videte
1689 580 1992 652 periculum
2031 591 2126 632 ve-

538 690 718 734 struat
741 720 760 741 ,
801 685 862 734 et
902 676 1121 732 tandem
1163 677 1453 748 aliquando
1493 676 1796 748 resipiscite
1835 676 1905 730 ab
1945 687 2130 728 errore

541 769 895 834 inﬁdelitatis,
933 769 1239 825 devitantes
1271 769 1575 825 doctrinam
1614 767 1891 824 dualitatis
1922 766 1990 820 de
2029 764 2131 818 lte-

541 862 831 932 demptore-
870 870 1074 917 nostro.
1140 860 1246 914 Aut
1297 862 1344 917 si
1397 876 1464 916 ex
1512 860 1783 916 catholica
1821 866 2133 912 sanctorum

544 952 769 1008 Patrum
823 953 1207 1022 praedicatione
1257 969 1366 1008 non
1407 951 1571 1008 vultis
1598 993 1613 1018 ,
1663 952 1746 1006 vel
1787 968 1856 1007 ex
1899 949 2133 1006 Nestorii

543 1044 709 1115 impia
753 1041 1165 1108 incredulitate,
1223 1052 1282 1098 et
1321 1044 1469 1112 iusta
1515 1045 1860 1099 damnatione
1897 1052 2134 1098 vestram

545 1136 801 1207 corrigite
841 1137 1207 1200 sententia-III,
1254 1136 1504 1190 curulem
1547 1136 1895 1206 adeptionem
1938 1133 1996 1187 in
2038 1133 2138 1187 lut-

548 1230 812 1284 manitatc
846 1225 1049 1284 Christi
1091 1228 1413 1284 allirmantis
1455 1225 1842 1300 [Cod.l‘uris.,
1867 1228 2138 1280 atlirmsn-

548 1319 652 1391 tes]
677 1360 696 1385 ,
747 1321 889 1375 sicut
929 1321 982 1375 in
1029 1321 1172 1377 illius
1209 1322 1391 1376 verbis
1428 1321 1615 1374 audire
1661 1320 1885 1390 potestis
1910 1359 1925 1383 ,
1976 1333 2138 1388 quam

549 1420 731 1466 vestra
777 1411 1030 1482 pertinax
1082 1412 1393 1485 ignorantia
1441 1410 1713 1465 affirmare
1763 1409 1974 1463 nititur.
2017 1408 2142 1461 Dis-

549 1502 739 1573 perdat
766 1505 904 1558 enim
938 1503 1144 1576 (Forte,
1173 1504 1314 1577 eum]
1352 1504 1628 1566 Dominus,
1676 1503 1806 1557 dicit
1846 1502 2139 1570 Propheta,

551 1593 864 1664 magistrum
889 1605 937 1650 et
965 1594 1285 1665 discipulum
1311 1595 1596 1649 decentem
1637 1594 1766 1647 talia
1793 1591 2052 1658 (Muluclt.
2077 1606 2140 1653 II,

551 1678 666 1757 ιε).
711 1677 818 1740 Sed
849 1693 910 1740 et
935 1685 1159 1757 angelus
1190 1685 1402 1741 Domini
1426 1685 1608 1740 vibrat
1637 1683 1872 1756 gladium
1897 1683 2145 1736 vindicet:

2227 490 2624 547 convenerant,
2663 489 2866 536 aeterno
2899 481 3245 534 anathemate
3284 479 3538 534 damnata
3567 496 3580 534 :
3626 478 3739 537 iam
3764 484 3823 532 et

2227 588 2263 626 a
2292 573 2464 626 beata:
2498 573 2772 626 memoria:
2807 571 3042 625 Adriano
3080 585 3238 640 papa,
3275 571 3366 638 qui
3396 579 3524 624 tunc
3558 567 3822 642 temporis

2230 672 2430 719 sancta:
2491 661 2747 715 Romanae
2813 661 3068 716 Ecclesia:
3130 661 3426 731 apostolica
3491 662 3822 716 aucroritate

2232 762 2451 809 rexerat
2489 752 2696 815 sudem,
2734 753 2980 806 funditus
3019 754 3414 808 exterminata:
3459 755 3633 810 drmec
3674 754 3820 809 idem

2231 847 2381 901 Felix
2421 844 2710 900 infeliciter
2751 846 2819 899 ad
2861 854 3071 900 vestras
3112 844 3385 916 refugiens
3408 856 3588 916 [uirtus
3613 845 3823 914 sopitos

2235 937 2569 992 inﬁdelitatis
2595 939 2826 1001 cineres,
2850 938 3004 993 vobis
3029 939 3466 1005 exltortantibus,
3492 929 3822 995 resuscitare

2235 1029 2484 1083 intendit.
2531 1029 2630 1084 Cui
2661 1044 2763 1098 ego
2789 1030 2843 1084 in
2876 1031 2976 1085 has
3006 1031 3298 1086 adveniens
3327 1043 3509 1102 partes
3541 1032 3828 1088 cboritatis

2237 1124 2449 1177 calamo
2493 1124 2775 1193 epistolam
2823 1126 3291 1188 exhortatoriam,
3337 1133 3397 1177 ut
3441 1141 3499 1180 se
3543 1125 3827 1180 catholicae

2229 1215 2480 1284 iungeret
2521 1217 2734 1282 mutati,
2777 1217 3012 1288 dirigere
3054 1218 3260 1271 curavi.
3305 1215 3403 1271 Cui
3443 1216 3532 1272 ille
3568 1233 3672 1271 non
3707 1217 3826 1287 epi—

2240 1311 2428 1364 stulari
2471 1311 2758 1373 brevitate,
2801 1311 2897 1365 sed
2936 1310 3102 1366 libelli
3149 1311 3456 1380 prolixitatc
3496 1313 3828 1380 respondere

2243 1404 2392 1458 uisos
2431 1415 2532 1468 est,
2561 1412 2723 1473 atque
2760 1406 2815 1458 in
2845 1419 2911 1458 eo
2947 1419 3134 1458 mones
3157 1402 3396 1474 perfidia:
3419 1411 3615 1458 vestra:
3641 1401 3829 1456 foveas

2244 1500 2478 1555 Inusitate
2519 1501 2748 1569 aperuit,
2793 1511 3039 1554 asserens
3079 1500 3350 1554 Christum
3385 1507 3443 1554 et
3465 1507 3702 1551 veterem
3729 1498 3832 1552 ho-

2246 1594 2448 1645 minem
2485 1609 2624 1656 esse,
2666 1601 2721 1644 et
2756 1592 3178 1661 noncopativuut
3210 1592 3401 1655 Deum,
3435 1599 3492 1645 et
3518 1589 3832 1659 adoptivum

2248 1686 2440 1748 tilium,
2484 1694 2542 1738 et
2575 1684 2810 1738 set-mnia
2851 1683 3149 1752 indiguisse
3190 1683 3620 1753 regeneratione,
3649 1687 3702 1735 et
3725 1679 3834 1735 alia

551 1789 718 1847 super
752 1785 916 1848 caput
937 1784 1200 1841 vestrum,
1230 1785 1289 1831 ut
1329 1775 1533 1831 dividat
1555 1791 1676 1839 vos,
1706 1774 1750 1829 si
1776 1790 1872 1828 vos
1904 1774 2144 1828 diriditis
2176 1758 2220 1817 Β
2250 1777 2477 1846 plurima
2521 1777 2904 1831 ecclesiastimo
2937 1777 3195 1830 doctrina:
3233 1775 3685 1830 inconvenientia.
3731 1772 3832 1829 Cui

553 1869 832 1926 Christum
880 1870 938 1926 in
978 1873 1259 1944 proprium
1304 1871 1475 1927 filium
1516 1879 1574 1926 et
1610 1871 1921 1942 adoptivum
1947 1910 1964 1933 ,
2016 1886 2143 1939 par-

554 1974 774 2034 temque
804 1963 971 2019 vestri
1014 1972 1179 2034 ponat
1219 1979 1346 2019 cum
1385 1963 1704 2035 h—ypocrilis,
1738 1963 1830 2016 ubi
1857 1963 1963 2016 erit
1992 1961 2146 2015 ﬂetus

556 2068 616 2111 et
636 2055 838 2112 stridor
857 2053 1122 2111 dentium.
1146 2053 1214 2109 Et
1246 2064 1325 2120 tu,
1349 2055 1653 2110 venerande
1680 2055 1839 2108 Pater
1866 2055 2143 2123 Elipnnde,

557 2157 752 2205 caveto
791 2160 862 2204 ne
895 2145 1144 2217 iuniores
1185 2147 1335 2202 artati
1397 2156 1504 2202 tua:
1562 2147 1824 2201 insultent
1873 2155 1927 2200 et
1967 2147 2148 2199 ditant

559 2255 684 2295 cum
717 2239 977 2296 Daniclc:
1021 2239 1313 2294 Int'ctcrate
1351 2240 1555 2292 dierum
1598 2238 1883 2303 mulorum,
1905 2255 2040 2291 nunc
2067 2255 2151 2291 oe-

557 2341 748 2387 nerttnt
780 2341 994 2403 peccata
1026 2341 1140 2394 tua,
1175 2349 1292 2401 qua'
1323 2332 1628 2402 operuburis
1666 2332 1812 2402 prius
1840 2331 2002 2402 (Dan.
2029 2348 2148 2393 .\'lll,

556 2421 669 2496 52),
715 2424 1037 2480 subvertens
1081 2423 1194 2477 vias
1234 2423 1625 2486 innocentium,
1673 2439 1779 2477 non
1828 2430 1973 2476 recte
2015 2437 2151 2491 prai-

559 2513 752 2570 dicans
788 2515 856 2570 (lc
890 2513 1175 2570 Salvatorc
1217 2513 1424 2568 mundi.
1471 2512 1892 2583 Octogenaritrm
1924 2522 1974 2567 te
2000 2514 2152 2566 audi-

558 2605 738 2660 vimus
757 2621 876 2662 esse
899 2606 952 2660 in
974 2605 1197 2677 epistola
1213 2648 1223 2670 ,
1237 2622 1401 2674 quam
1419 2606 1643 2676 praefato
1659 2607 1825 2662 Felici
1841 2607 2123 2662 direxisti“
2136 2646 2148 2658 .

562 2694 702 2751 Audi
731 2691 1010 2751 Christum
1041 2695 1368 2751 clamantem
1399 2697 1497 2752 tibi
1524 2715 1536 2750 :
1567 2697 1752 2752 Adhuc
1780 2697 2044 2753 modicum
2071 2697 2154 2748 lu-

562 2804 681 2843 men
707 2787 764 2842 in
789 2795 838 2842 te
864 2797 964 2852 est,
992 2803 1164 2852 curre,
1208 2788 1334 2842 dum
1371 2787 1537 2843 lucem
1573 2789 1788 2853 habens,
1827 2807 1891 2842 ne
1930 2789 2154 2842 tcnebrw

562 2888 613 2934 te
634 2877 1073 2950 comprehendunt
1091 2893 1111 2930 :
1134 2880 1260 2949 quia
1279 2881 1368 2949 qui
1392 2880 1625 2934 ambulat
1651 2881 1704 2934 in
1725 2881 1970 2945 tenebris,
1993 2881 2154 2933 nrsrit

563 2985 668 3040 quo
711 2969 875 3024 radit.
916 2969 1056 3022 Dum
1085 2968 1254 3023 lucent
1295 2968 1511 3037 habeas,
1559 2971 1710 3024 crede
1757 2972 1810 3025 in
1856 2970 2045 3036 lucem,
2100 2980 2153 3023 ut

561 3065 705 3137 ﬁlius
728 3067 800 3120 sis
829 3064 960 3120 luris
983 3059 1164 3137 (Joan.
1183 3082 1279 3130 xII,
1299 3065 1390 3132 35,
1408 3066 1522 3137 56).
1552 3065 1824 3139 Quidquid
1852 3067 1907 3120 in
1928 3066 2152 3135 epistola

561 3154 731 3228 882
761 3165 852 3210 tua
884 3156 950 3212 dc
987 3157 1274 3212 tenebroso
1311 3157 1491 3212 cordis
1524 3158 1603 3214 tui
1641 3174 1804 3214 sensu
1831 3159 2154 3229 produxisti,

562 3256 739 3303 totout
773 3264 842 3304 ex
877 3247 1270 3304 maledictionis
1291 3249 1375 3305 vel
1404 3247 1661 3306 falsitatis
1693 3249 1814 3306 felle
1850 3251 2156 3307 derivatum

563 3351 690 3397 esse
728 3339 1086 3412 dignoscitur.
1128 3340 1236 3397 Sed
1272 3341 1412 3397 forte
1447 3342 1703 3414 ignorans
1724 3343 2032 3408 veritatem,
2059 3343 2158 3396 fal-

565 3432 782 3487 sitatem
823 3432 1113 3502 protulisti.
1160 3433 1314 3488 Disce
1356 3433 1528 3504 prius,
1567 3442 1624 3490 et
1663 3443 1853 3504 postea
1893 3436 2046 3500 doce,
2089 3451 2157 3490 ne

568 3522 828 3594 magister
863 3521 1117 3578 cﬂiciaris
1155 3524 1379 3580 erroris.
1429 3524 1618 3581 Melior
1654 3535 1740 3582 est
1773 3527 2052 3582 humilitas
2076 3525 2160 3579 di-

570 3615 755 3672 scendi
779 3657 795 3682 ,
837 3631 1000 3686 quam
1043 3616 1324 3672 temeritas
1361 3617 1611 3672 docendi.
1674 3612 1792 3672 Noli
1836 3617 1892 3672 in
1933 3617 2158 3673 scientia

571 3716 664 3763 tua
687 3706 898 3764 extolli.
941 3706 1176 3763 Scientia
1205 3707 1387 3778 inﬂat,
1419 3709 1650 3764 citat-itas
1679 3708 1909 3779 wdiﬁcut
1949 3707 2000 3780 (Ι
2031 3707 2155 3762 Cor.

570 3820 692 3870 vIII,
724 3804 798 3875 l).
835 3799 903 3858 Et
929 3805 1019 3876 qui
1047 3820 1102 3858 se
1126 3802 1344 3867 exultat,
1376 3801 1771 3869 humiliabitur,
1788 3812 1837 3858 et
1864 3803 1953 3874 qui
1980 3820 2034 3857 se
2060 3803 2160 3856 ltu-

570 3897 765 3964 miliat,
789 3895 1108 3952 multabitur
1132 3895 1349 3968 (Matth.
1376 3913 1534 3963 xxIII,
1561 3895 1672 3969 12).

641 3985 782 4044 XVI.
821 3985 1097 4044 Admones
1132 4003 1220 4044 me
1260 4004 1367 4045 non
1409 3988 1518 4058 pio,
1565 3997 1626 4042 ut
1664 3987 1898 4055 videtur,
1939 3989 2157 4052 animo,

573 4081 670 4136 sed
695 4095 883 4136 severa
907 4079 1227 4135 iuvectiouis
1247 4081 1625 4149 castigatione,
1654 4079 1949 4152 gloriosum
1979 4095 2160 4150 regem

571 4168 825 4228 Carolutn
866 4188 972 4227 non
1009 4184 1377 4242 eort'umpere.
1423 4168 1539 4225 Non
1578 4186 1678 4242 ego
1718 4170 1868 4225 illum
1909 4185 2159 4226 corrum-

569 4275 702 4337 pere
741 4263 862 4320 vcni
907 4264 962 4320 iu
1001 4260 1305 4326 Franciam,
1353 4263 1446 4332 qui
1487 4263 1766 4334 corrumpi
1807 4257 1917 4319 non
1949 4257 2157 4333 potest,

572 4359 672 4415 sed
703 4358 958 4430 adjuvare
992 4358 1048 4411 in
1082 4352 1184 4412 ﬁde
1206 4357 1492 4421 catholica,
1523 4356 1575 4409 in
1602 4372 1709 4426 qua
1733 4355 1823 4410 ille
1849 4357 1916 4410 ab
1941 4355 2163 4410 ineunte

576 4461 736 4509 actate
787 4450 1024 4506 nutritus
1063 4449 1164 4504 fuit
1189 4490 1203 4512 ,
1263 4457 1316 4504 et
1359 4449 1562 4519 optime
1609 4463 1640 4501 a
1681 4447 2164 4503 Christianissimis
2192 4489 2241 4547 ο

574 4543 892 4615 parentibus
931 4551 987 4596 et
1026 4540 1302 4613 magistris
1344 4539 1629 4593 catholicis
1667 4537 1909 4591 edoctus.
1957 4537 2163 4607 Impos-

577 4635 734 4693 sibile
775 4644 858 4691 est
895 4636 1063 4699 enim,
1101 4643 1161 4688 ut
1199 4642 1580 4702 corrumpatur
1621 4648 1652 4686 a
1697 4647 1990 4701 quoquam,
2035 4631 2162 4702 quia

576 4728 879 4786 catholicus
919 4736 1004 4782 est
1045 4727 1100 4782 in
1143 4725 1285 4792 fide,
1331 4741 1426 4780 rex
1470 4725 1525 4779 in
1568 4733 1872 4794 potestate,
1919 4723 2165 4794 pontifex

578 4825 632 4879 in
666 4820 1069 4895 praedicatione,
1106 4819 1271 4892 iudex
1314 4820 1369 4873 in
1410 4819 1684 4888 :eqoitatc,
1725 4818 2074 4889 philosophus
2111 4819 2164 4873 in

577 4916 894 4973 liberalibus
935 4911 1167 4980 studiis,
1218 4913 1450 4986 inclytus
1494 4914 1548 4968 in
1592 4913 1876 4979 moribus,
1922 4922 1978 4968 et
2016 4915 2165 4970 omni

577 5008 864 5066 honestate
886 5005 1210 5078 pracipuos.
1256 5004 1557 5077 Antequam
1589 5021 1712 5077 ego,
1737 5006 1926 5061 eodem
1953 5006 2169 5077 sapien-

579 5101 792 5157 tissimo
831 5114 956 5169 rege
985 5096 1180 5152 Carolo
1209 5095 1452 5165 iubente,
1479 5097 1747 5151 venissem
1776 5097 1829 5151 in
1854 5095 2167 5160 Frauciam,

583 5195 702 5251 hinc
745 5191 936 5248 eadem
979 5191 1145 5245 vestri
1192 5191 1587 5270 erroris'secta
1615 5231 1630 5254 ,
1690 5191 1879 5246 eodem
1932 5190 2170 5260 glorioso

579 5284 826 5357 principe
866 5281 1213 5352 priesidente,
1238 5291 1502 5350 praesente
1528 5280 1726 5346 Felice,
1754 5297 1914 5350 quem
1943 5281 2168 5339 multum

585 5375 808 5432 laudare
847 5373 1023 5438 soles,
1071 5382 1267 5428 vesti-.e
1305 5373 1473 5442 partis
1513 5380 1642 5427 tunc
1682 5371 1943 5440 temporis
1979 5368 2168 5426 defen-

585 5483 729 5534 sore,
766 5466 1022 5523 ventilata
1064 5473 1147 5521 est
1191 5465 1244 5519 in
1281 5464 1636 5520 celeberrimo
1675 5462 1812 5529 loco,
1849 5462 1941 5532 qui
1975 5461 2175 5516 dicitur

589 5555 1028 5633 ltaiginis-Burg,
1076 5567 1133 5615 et
1173 5557 1416 5628 synodali
1461 5555 1786 5611 auctoritate
1828 5555 2169 5610 sacerdotum

589 5676 732 5744 quod
773 5675 841 5730 ad
883 5672 976 5728 Dei
1008 5672 1169 5730 Verbi
1213 5670 1608 5746 copulationcm
1651 5676 1705 5727 ct
1749 5668 2169 5726 dominationem

590 5748 936 5821 participans.
970 5765 989 5799 ι

2248 1869 2426 1924 libello
2451 1868 2567 1935 eius
2591 1878 2797 1938 septem
2838 1878 3036 1924 nostra:
3060 1869 3363 1923 devotionis
3388 1867 3585 1923 libellis
3611 1881 3836 1936 respon-

2249 1961 2453 2024 dimus,
2476 1976 2668 2014 omnes
2693 1969 2883 2015 vestrae
2920 1960 3200 2029 pravitatis
3233 1973 3504 2014 evacuans
3536 1958 3834 2011 doctrinas.

2251 2054 2350 2116 Qui
2391 2053 2553 2105 etiam
2591 2062 2790 2106 Imstme
2822 2053 3124 2107 devotionis
3155 2065 3436 2106 St'ﬂlIOIlCS
3472 2050 3596 2104 lecti
3631 2057 3758 2103 sunt
3781 2057 3837 2104 et

2251 2144 2462 2212 probati
2514 2144 2566 2196 in
2614 2145 2900 2212 praesentia
2952 2144 3134 2198 «limini
3191 2146 3333 2211 regis
3387 2151 3442 2199 et
3495 2144 3836 2198 sacerdotum

2250 2238 2475 2293 Christi.
2537 2238 2644 2295 Sed
2687 2247 2742 2292 et
2789 2237 2929 2291 idem
2976 2237 3124 2291 Felix
3172 2253 3316 2292 anno
3363 2237 3571 2308 praefati
3619 2237 3839 2307 gloriosi

2252 2335 2509 2404 principis
2568 2335 2847 2387 tricesimo
2897 2335 3136 2387 seetmdo
3189 2335 3486 2388 advocatus
3533 2331 3840 2387 voluntarie

2252 2425 2475 2477 venit-ns
2525 2425 2591 2476 ad
2634 2423 2804 2492 Aquis
2857 2421 3156 2486 Palatium,
3221 2422 3402 2490 ibique
3455 2422 3508 2476 in
3553 2421 3839 2490 prteseutia

2253 2515 2434 2568 donmi
2464 2515 2604 2580 regis
2627 2524 2682 2567 et
2704 2513 3026 2582 optimatum
3067 2514 3209 2568 illius
3243 2514 3354 2568 sive
3381 2515 3720 2570 sacerdotum
3745 2513 3840 2568 Dei

2255 2608 2653 2661 rationabiliter
2691 2607 2926 2670 auditus,
2969 2616 3024 2660 et
3057 2607 3322 2661 veraciter
3350 2607 3650 2671 convictus,
3678 2617 3842 2677 atque

2256 2701 2366 2753 lico
2409 2699 2545 2752 dans
2583 2697 2846 2763 gloriam,
2893 2713 3183 2766 veramque
3222 2697 3502 2753 (tookssus
3544 2699 3740 2763 Iidem,
3785 2698 3840 2752 in

2255 2805 2444 2858 ιιιιιῖιήι
2477 2789 2758 2841 catholicae
2792 2789 3165 2842 unanimitatis
3191 2803 3440 2843 reversus
3475 2799 3560 2843 est
3582 2806 3704 2844 cum
3731 2791 3846 2845 suis

2256 2881 2551 2948 discipulis,
2598 2881 2690 2950 qui
2731 2880 2801 2933 ihi
2847 2889 2973 2934 tunc
3018 2882 3274 2949 temporis
3313 2891 3469 2936 erant
3511 2889 3841 2950 praesentes:

2257 2975 2410 3042 Cujus
2455 2985 2505 3029 te
2547 2991 2669 3028 cum
2713 2977 2820 3027 tuis
2858 2973 3162 3042 discipulis,
3197 2973 3499 3028 venerande
3536 2976 3720 3038 Pater,
3747 2975 3847 3029 Im-

2260 3070 2545 3123 militatem
2571 3068 2769 3122 sectari
2799 3069 3027 3121 suadeo.

2334 3161 2492 3216 XVII.
2531 3161 2774 3233 Aggrega
2799 3162 3030 3227 leipstlttt
3055 3175 3176 3212 cum
3203 3159 3394 3212 ovibus
3424 3158 3518 3214 tibi
3543 3157 3850 3214 commissis

2263 3257 2314 3309 in
2345 3256 2486 3308 mih-
2508 3255 2830 3310 ChI'istiante
2859 3252 3161 3315 tltaritatis,
3192 3268 3287 3320 per
3313 3268 3438 3315 eum
3469 3253 3560 3320 qui
3587 3253 3700 3306 ait:
3733 3251 3849 3324 Ego

2259 3365 2375 3400 sum
2403 3348 2614 3410 ostium,
2655 3363 2747 3415 per
2787 3363 2866 3398 me
2904 3345 2950 3397 si
2983 3345 3099 3413 quis
3128 3343 3416 3408 intraverit,
3449 3343 3754 3408 mirabitur,
3801 3354 3850 3398 et

2260 3440 2581 3507 ingredietur
2609 3449 2658 3492 et
2690 3437 2984 3507 egredietur
3013 3436 3196 3506 (Joutt.
3229 3453 3280 3499 λ,
3310 3438 3387 3506 9).
3437 3435 3849 3492 Praevitlcntlum

2260 3543 2344 3587 est
2377 3533 2470 3586 tibi
2498 3540 2655 3586 unita
2683 3531 3064 3594 sollicitudine,
3097 3547 3163 3584 ne
3190 3529 3265 3584 sis
3292 3546 3358 3584 ex
3385 3544 3571 3584 eorum
3599 3547 3848 3597 numero,

2261 3624 2329 3677 de
2369 3625 2568 3692 quibus
2615 3622 2726 3690 ipsa
2763 3622 2975 3676 Veritas
3021 3621 3076 3674 in
3121 3622 3312 3675 eodem
3361 3620 3640 3690 subiunxit
3689 3621 3846 3678 loco:

2265 3717 2478 3779 Unnu's,
2509 3715 2776 3783 inquiens,
2829 3723 3078 3784 quotquot
3128 3722 3396 3778 venerunt,
3444 3713 3588 3783 [ures
3633 3723 3754 3770 sunt
3799 3725 3850 3768 et

2261 3805 2492 3859 latrones
2521 3804 2709 3875 (lbid.,
2739 3807 2826 3876 8);
2879 3805 2973 3874 qui
3002 3813 3286 3869 venerunt,
3314 3806 3411 3870 ait,
3441 3822 3546 3860 non
3577 3806 3670 3877 qui
3701 3806 3853 3861 missi

2263 3907 2408 3954 sunt.
2445 3899 2511 3951 lit
2538 3897 2825 3967 Apostolus
2851 3916 2863 3951 :
2899 3898 3175 3964 Quomodo
3198 3899 3578 3968 prtrdicubunt,
3611 3901 3714 3956 nisi
3739 3903 3855 3956 mit-

2263 4003 2446 4048 tuntur
2467 3992 2641 4063 (lieni.
2669 4008 2719 4057 χ,
2748 3992 2873 4060 l5)?
2900 3992 3034 4058 Quis
3061 3998 3132 4056 te,
3156 4008 3191 4046 o
3212 3989 3373 4046 Pater
3397 3991 3681 4062 Elipande,
3704 3993 3852 4048 misit

2264 4085 2562 4154 prtedicare
2591 4083 2935 4152 adoptionem
2968 4082 3020 4136 in
3048 4082 3268 4138 Christo
3295 4081 3390 4138 Dei
3417 4082 3593 4139 Filio?
3631 4085 3772 4154 Ergo
3803 4084 3851 4140 si

2265 4178 2414 4232 nullo
2438 4177 2683 4230 mittente
2707 4191 2806 4246 per
2831 4183 2883 4230 te
2917 4175 3107 4229 venisti
3144 4183 3198 4229 et
3224 4175 3556 4246 pnedicasti,
3583 4176 3670 4231 fur
3695 4185 3752 4231 et
3775 4177 3855 4233 la-

2265 4279 2352 4326 tro
2378 4271 2717 4326 couvinccris
2744 4285 2886 4324 esse.
2940 4266 3056 4322 Fur
3081 4287 3184 4323 non
3212 4270 3376 4334 venit,
3416 4270 3516 4323 nisi
3542 4280 3598 4323 ut
3627 4270 3850 4339 furatur,

2267 4374 2456 4416 mactet
2487 4371 2537 4416 et
2560 4362 2765 4433 perdat.
2797 4361 3037 4416 Caveant
3065 4361 3314 4431 discipuli
3342 4361 3438 4425 tui,
3463 4375 3531 4416 ne
3559 4376 3657 4431 per
3686 4369 3737 4415 te
3762 4377 3856 4416 oc-

2267 4457 2521 4511 cidantur
2554 4465 2610 4510 et
2647 4463 2892 4526 pereant.
2946 4453 3137 4509 Melius
3163 4461 3248 4509 est
3279 4453 3384 4508 illis
3416 4454 3635 4508 oculum
3663 4470 3856 4511 eruere

2269 4549 2369 4603 sibi
2395 4549 2646 4603 dextrum
2667 4589 2681 4610 ,
2717 4563 2881 4617 quam
2911 4547 3120 4616 integro
3149 4561 3375 4615 corpore
3400 4545 3541 4599 mitti
3569 4546 3622 4599 in
3651 4545 3856 4615 gehenc

2269 4660 2395 4699 nam
2445 4641 2605 4712 ignis.
2647 4641 2837 4696 Ctecus
2867 4642 2912 4695 si
2943 4657 3143 4695 (meum
3170 4640 3350 4703 ducit,
3385 4641 3587 4693 cadunt
3609 4640 3770 4694 ambo
3800 4638 3856 4694 in

2269 4733 2483 4790 foveam
2509 4732 2726 4805 (Matth.
2753 4749 2848 4798 xv,
2874 4732 2984 4803 Η).
3022 4732 3162 4785 Audi
3190 4733 3356 4786 etiam
3382 4732 3602 4786 beatum
3629 4729 3860 4801 Aposto-

2271 4825 2381 4880 lonI
2424 4824 2567 4879 inter
2604 4823 2840 4893 Moysem
2879 4830 2936 4877 et
2969 4821 3247 4876 Christum
3279 4821 3700 4886 discernentem,
3722 4837 3859 4890 quos

2272 4925 2330 4971 tu
2355 4915 2558 4970 similes
2575 4913 2799 4977 asseris,
2821 4911 2914 4966 ubi
2938 4911 3315 4968 excellentiam
3340 4911 3638 4982 maiestatis
3657 4911 3858 4966 Christi

2270 5006 2508 5078 pmtulit
2542 5005 2748 5060 famulo
2785 5019 2882 5059 suo
2909 5004 3100 5074 Moysi.
3154 5001 3359 5073 Moyses
3387 5013 3600 5068 autent,
3648 5003 3855 5072 inquit,

2270 5108 2521 5168 tanquam
2543 5093 2774 5168 famulus
2795 5096 2964 5164 ﬁdelis
2986 5096 3085 5166 fuit
3106 5095 3159 5148 in
3180 5105 3287 5149 tota
3309 5095 3464 5149 domo
3485 5095 3860 5161 sua,Christus

2272 5201 2444 5244 autem
2480 5200 2734 5261 tanquam
2761 5189 2906 5258 [ilius
2943 5187 2996 5241 in
3033 5187 3186 5240 domo
3223 5205 3318 5241 sua
3348 5186 3536 5258 (Hebr.
3564 5204 3644 5250 ιιι,
3677 5189 3730 5250 .‘i,
3761 5187 3815 5258 6)
3842 5206 3855 5241 ;

2273 5279 2491 5353 Moysen
2536 5279 2798 5336 famulum
2844 5279 3170 5345 nominans,
3219 5286 3276 5333 et
3317 5279 3596 5334 Christum
3641 5279 3858 5334 Filium.

2276 5372 2547 5441 Quantum
2575 5381 2660 5426 est
2686 5372 2830 5426 inter
2856 5370 3114 5425 famulum
3141 5369 3547 5440 patrisfamilias
3575 5378 3629 5424 ct
3655 5369 3825 5423 lilium
3844 5408 3860 5436 ,

2276 5473 2484 5518 tantum
2507 5471 2588 5516 est
2611 5463 2752 5516 inter
2776 5461 2994 5534 Moysen
3016 5469 3072 5515 et
3089 5461 3382 5516 Christum.
3405 5460 3693 5531 Nunquam
3715 5459 3862 5516 enim

2275 5557 2341 5610 de
2383 5554 2566 5624 Moyse
2607 5554 2748 5609 idem
2783 5552 3093 5624 Apostolus,
3141 5553 3234 5607 sed
3280 5554 3344 5606 de
3379 5551 3600 5608 Christo
3639 5551 3860 5622 inquit?

2348 5681 2374 5711 ι
2400 5669 2531 5726 Vide
2557 5669 2698 5725 hanc
2725 5667 3007 5739 epistolam
3035 5667 3235 5724 Pattol.
3275 5676 3314 5722 t.
3347 5665 3531 5732 XCVI,
3556 5665 3661 5722 col.
3689 5664 3815 5724 880.
