  <div class='ocr_page' id='page_1' title='image "/cluster/home/n/w/nwhite01/storage/ocr_20150623/101/umn.31951002477394h/141.png"; bbox 0 0 4136 6582; ppageno 0'>
   <div class='ocr_carea' id='block_1_1' title="bbox 514 373 2138 466">
    <p class='ocr_par' dir='ltr' id='par_1_1' title="bbox 514 393 2138 466">
     <span class='ocr_line' id='line_1_1' title="bbox 514 393 2138 466; baseline -0.011 -1"><span class='ocrx_word' id='word_1_1' title='bbox 514 407 623 466; x_wconf 66' lang='grc' dir='ltr'><strong>’ὶδῦ</strong></span> <span class='ocrx_word' id='word_1_2' title='bbox 1353 393 1426 460; x_wconf 81' lang='grc' dir='ltr'><strong>Β.</strong></span> <span class='ocrx_word' id='word_1_3' title='bbox 1467 403 1531 461; x_wconf 82' lang='lat' dir='ltr'><strong>F.</strong></span> <span class='ocrx_word' id='word_1_4' title='bbox 1571 401 1797 458; x_wconf 72' lang='lat' dir='ltr'><strong>ALBlNl</strong></span> <span class='ocrx_word' id='word_1_5' title='bbox 1837 396 1967 454; x_wconf 80' lang='lat' dir='ltr'><strong>SEU</strong></span> <span class='ocrx_word' id='word_1_6' title='bbox 2009 394 2138 449; x_wconf 69' lang='lat' dir='ltr'><strong>ALC</strong></span> 
     </span>
    </p>
   </div>
   <div class='ocr_carea' id='block_1_2' title="bbox 2237 373 3806 466">
    <p class='ocr_par' dir='ltr' id='par_1_2' title="bbox 2237 373 3806 446">
     <span class='ocr_line' id='line_1_2' title="bbox 2237 373 3806 446; baseline -0.008 0"><span class='ocrx_word' id='word_1_7' title='bbox 2237 391 2289 445; x_wconf 50' lang='grc' dir='ltr'><strong>»ει</strong></span> <span class='ocrx_word' id='word_1_8' title='bbox 2329 388 2613 446; x_wconf 68' lang='grc' dir='ltr'><strong>ΟΡΕΚΕΜ</strong></span> <span class='ocrx_word' id='word_1_9' title='bbox 2660 387 2842 442; x_wconf 64' lang='lat' dir='ltr'><strong>PARS</strong></span> <span class='ocrx_word' id='word_1_10' title='bbox 2878 385 2958 440; x_wconf 86' lang='lat' dir='ltr'><strong>Ill.</strong></span> <span class='ocrx_word' id='word_1_11' title='bbox 3691 373 3806 435; x_wconf 59' lang='lat'><strong>9.36</strong></span> 
     </span>
    </p>
   </div>
   <div class='ocr_carea' id='block_1_3' title="bbox 516 488 3807 587">
    <p class='ocr_par' dir='ltr' id='par_1_3' title="bbox 516 488 3807 587">
     <span class='ocr_line' id='line_1_3' title="bbox 516 488 3807 587; baseline -0.003 -14"><span class='ocrx_word' id='word_1_12' title='bbox 516 519 663 573; x_wconf 87' lang='lat' dir='ltr'><strong>enim</strong></span> <span class='ocrx_word' id='word_1_13' title='bbox 709 515 1007 572; x_wconf 74' lang='lat' dir='ltr'><strong>dixerimus</strong></span> <span class='ocrx_word' id='word_1_14' title='bbox 1051 517 1180 587; x_wconf 88' lang='lat' dir='ltr'><strong>quia</strong></span> <span class='ocrx_word' id='word_1_15' title='bbox 1224 516 1465 573; x_wconf 87' lang='lat' dir='ltr'><strong>Verbum</strong></span> <span class='ocrx_word' id='word_1_16' title='bbox 1510 514 1606 570; x_wconf 88' lang='lat' dir='ltr'><strong>Dei</strong></span> <span class='ocrx_word' id='word_1_17' title='bbox 1645 514 1827 585; x_wconf 88' lang='lat' dir='ltr'><strong>posuit</strong></span> <span class='ocrx_word' id='word_1_18' title='bbox 1869 509 2108 564; x_wconf 87' lang='lat' dir='ltr'><strong>animam</strong></span> <span class='ocrx_word' id='word_1_19' title='bbox 2139 507 2184 561; x_wconf 71' lang='grc' dir='ltr'><strong>Δ</strong></span> <span class='ocrx_word' id='word_1_20' title='bbox 2214 499 2392 553; x_wconf 70' lang='lat' dir='ltr'><strong>Patris</strong></span> <span class='ocrx_word' id='word_1_21' title='bbox 2420 500 2487 553; x_wconf 76' lang='lat' dir='ltr'><strong>de</strong></span> <span class='ocrx_word' id='word_1_22' title='bbox 2533 496 2673 552; x_wconf 57' lang='lat' dir='ltr'><strong>C0910</strong></span> <span class='ocrx_word' id='word_1_23' title='bbox 2718 495 2946 587; x_wconf 54' lang='grc' dir='ltr'><strong>είίιῐηᾏιν</strong></span> <span class='ocrx_word' id='word_1_24' title='bbox 2992 500 3270 587; x_wconf 58' lang='lat'><strong>&#39;&quot;91135_‘“</strong></span> <span class='ocrx_word' id='word_1_25' title='bbox 3297 493 3361 546; x_wconf 68' lang='grc' dir='ltr'><strong>δε</strong></span> <span class='ocrx_word' id='word_1_26' title='bbox 3397 503 3559 587; x_wconf 47' lang='grc' dir='ltr'><strong>ιοτῖθ-</strong></span> <span class='ocrx_word' id='word_1_27' title='bbox 3576 488 3807 587; x_wconf 47' lang='grc' dir='ltr'><strong>εξθηιδξν</strong></span> 
     </span>
    </p>
   </div>
   <div class='ocr_carea' id='block_1_4' title="bbox 519 580 3802 680">
    <p class='ocr_par' dir='ltr' id='par_1_4' title="bbox 519 580 3802 680">
     <span class='ocr_line' id='line_1_4' title="bbox 519 580 3802 680; baseline -0.002 -15"><span class='ocrx_word' id='word_1_28' title='bbox 519 626 676 666; x_wconf 86' lang='lat' dir='ltr'><strong>suam</strong></span> <span class='ocrx_word' id='word_1_29' title='bbox 717 617 776 665; x_wconf 91' lang='lat' dir='ltr'><strong>et</strong></span> <span class='ocrx_word' id='word_1_30' title='bbox 821 609 1015 664; x_wconf 90' lang='lat' dir='ltr'><strong>iterum</strong></span> <span class='ocrx_word' id='word_1_31' title='bbox 1063 580 1296 680; x_wconf 79' lang='lat' dir='ltr'><strong>sumpsit</strong></span> <span class='ocrx_word' id='word_1_32' title='bbox 1332 624 1476 674; x_wconf 90' lang='lat' dir='ltr'><strong>eam,</strong></span> <span class='ocrx_word' id='word_1_33' title='bbox 1525 580 1873 664; x_wconf 71' lang='lat' dir='ltr'><strong>metnendum</strong></span> <span class='ocrx_word' id='word_1_34' title='bbox 1920 611 2005 658; x_wconf 87' lang='lat' dir='ltr'><strong>est</strong></span> <span class='ocrx_word' id='word_1_35' title='bbox 2042 616 2110 655; x_wconf 90' lang='lat' dir='ltr'><strong>ne</strong></span> <span class='ocrx_word' id='word_1_36' title='bbox 2211 606 2318 645; x_wconf 81' lang='lat' dir='ltr'><strong>non</strong></span> <span class='ocrx_word' id='word_1_37' title='bbox 2347 598 2493 644; x_wconf 77' lang='lat' dir='ltr'><strong>luus-</strong></span> <span class='ocrx_word' id='word_1_38' title='bbox 2523 586 2780 680; x_wconf 47' lang='grc' dir='ltr'><strong>Ουᾶέξίδξ</strong></span> <span class='ocrx_word' id='word_1_39' title='bbox 2805 583 3248 680; x_wconf 59' lang='grc' dir='ltr'><strong>ξξιιῑιδξῐξθτεξξιάδ</strong></span> <span class='ocrx_word' id='word_1_40' title='bbox 3394 622 3418 680; x_wconf 42' lang='grc' dir='ltr'><strong>ν.</strong></span> <span class='ocrx_word' id='word_1_41' title='bbox 3449 583 3494 637; x_wconf 66' lang='grc' dir='ltr'><strong>εί</strong></span> <span class='ocrx_word' id='word_1_42' title='bbox 3522 580 3620 636; x_wconf 68' lang='lat' dir='ltr'><strong>Dei</strong></span> <span class='ocrx_word' id='word_1_43' title='bbox 3651 580 3802 637; x_wconf 68' lang='grc' dir='ltr'>ιθδίί⁹</span> 
     </span>
    </p>
   </div>
   <div class='ocr_carea' id='block_1_5' title="bbox 521 673 3810 770">
    <p class='ocr_par' dir='ltr' id='par_1_5' title="bbox 521 673 3810 770">
     <span class='ocr_line' id='line_1_5' title="bbox 521 673 3810 770; baseline -0.004 -16"><span class='ocrx_word' id='word_1_44' title='bbox 521 699 793 754; x_wconf 86' lang='lat' dir='ltr'><strong>subintret</strong></span> <span class='ocrx_word' id='word_1_45' title='bbox 835 713 1004 769; x_wconf 85' lang='lat' dir='ltr'><strong>prava</strong></span> <span class='ocrx_word' id='word_1_46' title='bbox 1053 673 1332 770; x_wconf 71' lang='lat' dir='ltr'><strong>cogitatio,</strong></span> <span class='ocrx_word' id='word_1_47' title='bbox 1383 705 1441 752; x_wconf 87' lang='lat' dir='ltr'><strong>et</strong></span> <span class='ocrx_word' id='word_1_48' title='bbox 1464 673 1691 754; x_wconf 12' lang='lat' dir='ltr'><strong>itlicatur</strong></span> <span class='ocrx_word' id='word_1_49' title='bbox 1736 695 1893 750; x_wconf 89' lang='lat' dir='ltr'><strong>nobis</strong></span> <span class='ocrx_word' id='word_1_50' title='bbox 1922 710 1935 747; x_wconf 89' lang='lat'><strong>:</strong></span> <span class='ocrx_word' id='word_1_51' title='bbox 1969 692 2111 761; x_wconf 79' lang='lat' dir='ltr'><strong>Ergo</strong></span> <span class='ocrx_word' id='word_1_52' title='bbox 2215 681 2396 734; x_wconf 79' lang='grc' dir='ltr'>Ιιιοηὶο</span> <span class='ocrx_word' id='word_1_53' title='bbox 2423 696 2528 734; x_wconf 82' lang='grc' dir='ltr'><strong>ηοη</strong></span> <span class='ocrx_word' id='word_1_54' title='bbox 2559 677 2775 770; x_wconf 56' lang='grc' dir='ltr'><strong>αι’θιῖξεῖ</strong></span> <span class='ocrx_word' id='word_1_55' title='bbox 2805 673 2916 730; x_wconf 69' lang='lat' dir='ltr'><strong>Nec</strong></span> <span class='ocrx_word' id='word_1_56' title='bbox 3079 674 3256 770; x_wconf 50' lang='lat' dir='ltr'><strong>adit“?</strong></span> <span class='ocrx_word' id='word_1_57' title='bbox 3287 673 3375 728; x_wconf 69' lang='lat' dir='ltr'><strong>hic</strong></span> <span class='ocrx_word' id='word_1_58' title='bbox 3404 673 3556 728; x_wconf 61' lang='lat' dir='ltr'><strong>locus</strong></span> <span class='ocrx_word' id='word_1_59' title='bbox 3589 686 3810 770; x_wconf 52' lang='grc' dir='ltr'><strong>θερδζξι·</strong></span> 
     </span>
    </p>
   </div>
   <div class='ocr_carea' id='block_1_6' title="bbox 523 764 3808 866">
    <p class='ocr_par' dir='ltr' id='par_1_6' title="bbox 523 764 3808 866">
     <span class='ocr_line' id='line_1_6' title="bbox 523 764 3808 866; baseline -0.002 -20"><span class='ocrx_word' id='word_1_60' title='bbox 523 764 861 866; x_wconf 71' lang='lat' dir='ltr'><strong>[aliquando]</strong></span> <span class='ocrx_word' id='word_1_61' title='bbox 906 793 1086 847; x_wconf 84' lang='lat' dir='ltr'><strong>anima</strong></span> <span class='ocrx_word' id='word_1_62' title='bbox 1118 764 1207 846; x_wconf 74' lang='lat' dir='ltr'><strong>illa</strong></span> <span class='ocrx_word' id='word_1_63' title='bbox 1249 799 1498 862; x_wconf 88' lang='lat' dir='ltr'><strong>separata</strong></span> <span class='ocrx_word' id='word_1_64' title='bbox 1519 797 1606 845; x_wconf 87' lang='lat' dir='ltr'><strong>est</strong></span> <span class='ocrx_word' id='word_1_65' title='bbox 1641 804 1672 843; x_wconf 88' lang='lat' dir='ltr'><strong>a</strong></span> <span class='ocrx_word' id='word_1_66' title='bbox 1711 786 1907 849; x_wconf 88' lang='lat' dir='ltr'><strong>Verbo,</strong></span> <span class='ocrx_word' id='word_1_67' title='bbox 1935 797 1992 840; x_wconf 88' lang='lat' dir='ltr'><strong>et</strong></span> <span class='ocrx_word' id='word_1_68' title='bbox 2017 784 2114 838; x_wconf 89' lang='lat' dir='ltr'><strong>ali-</strong></span> <span class='ocrx_word' id='word_1_69' title='bbox 2215 771 2381 866; x_wconf 50' lang='grc' dir='ltr'><strong>ῑῖοηίξ</strong></span> <span class='ocrx_word' id='word_1_70' title='bbox 2411 771 2611 866; x_wconf 40' lang='lat' dir='ltr'><strong>flatur;</strong></span> <span class='ocrx_word' id='word_1_71' title='bbox 2789 782 2896 866; x_wconf 58' lang='lat' dir='ltr'><strong>&quot;11f</strong></span> <span class='ocrx_word' id='word_1_72' title='bbox 2943 766 3083 821; x_wconf 66' lang='lat' dir='ltr'><strong>Fui&quot;</strong></span> <span class='ocrx_word' id='word_1_73' title='bbox 3127 764 3288 828; x_wconf 59' lang='grc' dir='ltr'><strong>δίκην</strong></span> <span class='ocrx_word' id='word_1_74' title='bbox 3335 778 3500 866; x_wconf 60' lang='grc' dir='ltr'><strong>υ¹ξ¹¹¹η</strong></span> <span class='ocrx_word' id='word_1_75' title='bbox 3547 764 3808 829; x_wconf 66' lang='grc' dir='ltr'><strong>οδιε⁰ἀί¹ν</strong></span> 
     </span>
    </p>
   </div>
   <div class='ocr_carea' id='block_1_7' title="bbox 523 876 2112 954">
    <p class='ocr_par' dir='ltr' id='par_1_7' title="bbox 523 876 2112 954">
     <span class='ocr_line' id='line_1_7' title="bbox 523 876 2112 954; baseline -0.006 -17"><span class='ocrx_word' id='word_1_76' title='bbox 523 883 742 954; x_wconf 80' lang='lat' dir='ltr'><strong>quando</strong></span> <span class='ocrx_word' id='word_1_77' title='bbox 765 883 1002 939; x_wconf 88' lang='lat' dir='ltr'><strong>Verbum</strong></span> <span class='ocrx_word' id='word_1_78' title='bbox 1024 882 1172 947; x_wconf 89' lang='lat' dir='ltr'><strong>illud,</strong></span> <span class='ocrx_word' id='word_1_79' title='bbox 1199 897 1266 936; x_wconf 78' lang='lat' dir='ltr'><strong>ex</strong></span> <span class='ocrx_word' id='word_1_80' title='bbox 1291 896 1399 952; x_wconf 85' lang='lat' dir='ltr'><strong>quo</strong></span> <span class='ocrx_word' id='word_1_81' title='bbox 1424 881 1664 950; x_wconf 91' lang='lat' dir='ltr'><strong>suscepit</strong></span> <span class='ocrx_word' id='word_1_82' title='bbox 1683 877 1830 934; x_wconf 81' lang='lat' dir='ltr'><strong>illam</strong></span> <span class='ocrx_word' id='word_1_83' title='bbox 1853 876 2112 939; x_wconf 86' lang='lat' dir='ltr'><strong>animam,</strong></span> 
     </span>
    </p>
   </div>
   <div class='ocr_carea' id='block_1_8' title="bbox 527 971 2114 1032">
    <p class='ocr_par' dir='ltr' id='par_1_8' title="bbox 527 971 2114 1032">
     <span class='ocr_line' id='line_1_8' title="bbox 527 971 2114 1032; baseline -0.004 -4"><span class='ocrx_word' id='word_1_84' title='bbox 527 975 630 1030; x_wconf 76' lang='lat' dir='ltr'><strong>fuit</strong></span> <span class='ocrx_word' id='word_1_85' title='bbox 654 976 773 1032; x_wconf 85' lang='lat' dir='ltr'><strong>sine</strong></span> <span class='ocrx_word' id='word_1_86' title='bbox 805 975 1009 1029; x_wconf 88' lang='lat' dir='ltr'><strong>anima.</strong></span> <span class='ocrx_word' id='word_1_87' title='bbox 1048 974 1219 1030; x_wconf 81' lang='lat' dir='ltr'><strong>Video</strong></span> <span class='ocrx_word' id='word_1_88' title='bbox 1258 975 1404 1029; x_wconf 89' lang='lat' dir='ltr'><strong>enim</strong></span> <span class='ocrx_word' id='word_1_89' title='bbox 1433 973 1599 1028; x_wconf 80' lang='lat' dir='ltr'><strong>fuisse</strong></span> <span class='ocrx_word' id='word_1_90' title='bbox 1642 973 1759 1027; x_wconf 84' lang='lat' dir='ltr'><strong>sine</strong></span> <span class='ocrx_word' id='word_1_91' title='bbox 1801 972 1980 1025; x_wconf 91' lang='lat' dir='ltr'><strong>anima</strong></span> <span class='ocrx_word' id='word_1_92' title='bbox 2009 971 2114 1024; x_wconf 90' lang='lat' dir='ltr'><strong>hu-</strong></span> 
     </span>
    </p>
   </div>
   <div class='ocr_carea' id='block_1_9' title="bbox 526 1066 2114 1138">
    <p class='ocr_par' dir='ltr' id='par_1_9' title="bbox 526 1066 2114 1138">
     <span class='ocr_line' id='line_1_9' title="bbox 526 1066 2114 1138; baseline -0.004 -14"><span class='ocrx_word' id='word_1_93' title='bbox 526 1085 686 1126; x_wconf 88' lang='lat' dir='ltr'><strong>mana</strong></span> <span class='ocrx_word' id='word_1_94' title='bbox 720 1069 986 1135; x_wconf 82' lang='lat' dir='ltr'><strong>Verbum;</strong></span> <span class='ocrx_word' id='word_1_95' title='bbox 1031 1067 1128 1123; x_wconf 89' lang='lat' dir='ltr'><strong>sed</strong></span> <span class='ocrx_word' id='word_1_96' title='bbox 1159 1084 1281 1123; x_wconf 89' lang='lat' dir='ltr'><strong>cum</strong></span> <span class='ocrx_word' id='word_1_97' title='bbox 1327 1068 1380 1123; x_wconf 90' lang='lat' dir='ltr'><strong>in</strong></span> <span class='ocrx_word' id='word_1_98' title='bbox 1418 1066 1685 1138; x_wconf 72' lang='lat' dir='ltr'><strong>principio</strong></span> <span class='ocrx_word' id='word_1_99' title='bbox 1713 1075 1834 1121; x_wconf 89' lang='lat' dir='ltr'><strong>erat</strong></span> <span class='ocrx_word' id='word_1_100' title='bbox 1857 1066 2114 1126; x_wconf 81' lang='lat' dir='ltr'><strong>Verbum,</strong></span> 
     </span>
    </p>
   </div>
   <div class='ocr_carea' id='block_1_10' title="bbox 525 1159 2116 1229">
    <p class='ocr_par' dir='ltr' id='par_1_10' title="bbox 525 1159 2116 1229">
     <span class='ocr_line' id='line_1_10' title="bbox 525 1159 2116 1229; baseline -0.002 -16"><span class='ocrx_word' id='word_1_101' title='bbox 525 1168 583 1214; x_wconf 91' lang='lat' dir='ltr'><strong>et</strong></span> <span class='ocrx_word' id='word_1_102' title='bbox 611 1159 847 1215; x_wconf 85' lang='lat' dir='ltr'><strong>Verbum</strong></span> <span class='ocrx_word' id='word_1_103' title='bbox 874 1171 996 1213; x_wconf 89' lang='lat' dir='ltr'><strong>erat</strong></span> <span class='ocrx_word' id='word_1_104' title='bbox 1029 1159 1169 1229; x_wconf 86' lang='lat' dir='ltr'><strong>apud</strong></span> <span class='ocrx_word' id='word_1_105' title='bbox 1200 1159 1390 1226; x_wconf 91' lang='lat' dir='ltr'><strong>Deum,</strong></span> <span class='ocrx_word' id='word_1_106' title='bbox 1430 1167 1486 1215; x_wconf 90' lang='lat' dir='ltr'><strong>et</strong></span> <span class='ocrx_word' id='word_1_107' title='bbox 1534 1160 1677 1214; x_wconf 89' lang='lat' dir='ltr'><strong>Deus</strong></span> <span class='ocrx_word' id='word_1_108' title='bbox 1714 1166 1834 1213; x_wconf 90' lang='lat' dir='ltr'><strong>erat</strong></span> <span class='ocrx_word' id='word_1_109' title='bbox 1857 1159 2116 1214; x_wconf 82' lang='lat' dir='ltr'><strong>Verbum.</strong></span> 
     </span>
    </p>
   </div>
   <div class='ocr_carea' id='block_1_11' title="bbox 527 1249 2123 1324">
    <p class='ocr_par' dir='ltr' id='par_1_11' title="bbox 527 1249 2123 1324">
     <span class='ocr_line' id='line_1_11' title="bbox 527 1249 2123 1324; baseline -0.003 -16"><span class='ocrx_word' id='word_1_110' title='bbox 527 1252 610 1308; x_wconf 81' lang='lat' dir='ltr'><strong>Ex</strong></span> <span class='ocrx_word' id='word_1_111' title='bbox 654 1267 761 1322; x_wconf 89' lang='lat' dir='ltr'><strong>quo</strong></span> <span class='ocrx_word' id='word_1_112' title='bbox 807 1261 986 1308; x_wconf 84' lang='lat' dir='ltr'><strong>autem</strong></span> <span class='ocrx_word' id='word_1_113' title='bbox 1024 1250 1209 1324; x_wconf 74' lang='lat' dir='ltr'><strong>[.tug.,</strong></span> <span class='ocrx_word' id='word_1_114' title='bbox 1255 1266 1322 1306; x_wconf 80' lang='lat' dir='ltr'><strong>ex</strong></span> <span class='ocrx_word' id='word_1_115' title='bbox 1364 1266 1471 1320; x_wconf 92' lang='lat' dir='ltr'><strong>quo</strong></span> <span class='ocrx_word' id='word_1_116' title='bbox 1507 1249 1676 1322; x_wconf 86' lang='lat' dir='ltr'><strong>enim]</strong></span> <span class='ocrx_word' id='word_1_117' title='bbox 1709 1251 1945 1306; x_wconf 89' lang='lat' dir='ltr'><strong>Verbum</strong></span> <span class='ocrx_word' id='word_1_118' title='bbox 1991 1263 2123 1304; x_wconf 83' lang='lat' dir='ltr'><strong>caro</strong></span> 
     </span>
    </p>
   </div>
   <div class='ocr_carea' id='block_1_12' title="bbox 527 1344 2120 1415">
    <p class='ocr_par' dir='ltr' id='par_1_12' title="bbox 527 1344 2120 1415">
     <span class='ocr_line' id='line_1_12' title="bbox 527 1344 2120 1415; baseline -0.001 -16"><span class='ocrx_word' id='word_1_119' title='bbox 527 1344 734 1401; x_wconf 78' lang='lat' dir='ltr'><strong>factum</strong></span> <span class='ocrx_word' id='word_1_120' title='bbox 766 1352 870 1410; x_wconf 90' lang='lat' dir='ltr'><strong>est,</strong></span> <span class='ocrx_word' id='word_1_121' title='bbox 902 1353 962 1400; x_wconf 88' lang='lat' dir='ltr'><strong>ut</strong></span> <span class='ocrx_word' id='word_1_122' title='bbox 987 1345 1259 1401; x_wconf 81' lang='lat' dir='ltr'><strong>habitaret</strong></span> <span class='ocrx_word' id='word_1_123' title='bbox 1287 1346 1342 1399; x_wconf 90' lang='lat' dir='ltr'><strong>in</strong></span> <span class='ocrx_word' id='word_1_124' title='bbox 1372 1345 1550 1410; x_wconf 88' lang='lat' dir='ltr'><strong>nobis,</strong></span> <span class='ocrx_word' id='word_1_125' title='bbox 1587 1353 1644 1400; x_wconf 93' lang='lat' dir='ltr'><strong>et</strong></span> <span class='ocrx_word' id='word_1_126' title='bbox 1665 1351 1948 1415; x_wconf 89' lang='lat' dir='ltr'><strong>susceptus</strong></span> <span class='ocrx_word' id='word_1_127' title='bbox 1977 1353 2062 1399; x_wconf 88' lang='lat' dir='ltr'><strong>est</strong></span> <span class='ocrx_word' id='word_1_128' title='bbox 2089 1359 2120 1398; x_wconf 93' lang='lat' dir='ltr'><strong>a</strong></span> 
     </span>
    </p>
   </div>
   <div class='ocr_carea' id='block_1_13' title="bbox 527 1436 2125 1508">
    <p class='ocr_par' dir='ltr' id='par_1_13' title="bbox 527 1436 2125 1508">
     <span class='ocr_line' id='line_1_13' title="bbox 527 1436 2125 1508; baseline -0.002 -15"><span class='ocrx_word' id='word_1_129' title='bbox 527 1437 707 1493; x_wconf 90' lang='lat' dir='ltr'><strong>Verbo</strong></span> <span class='ocrx_word' id='word_1_130' title='bbox 727 1439 913 1503; x_wconf 89' lang='lat' dir='ltr'><strong>homo,</strong></span> <span class='ocrx_word' id='word_1_131' title='bbox 940 1437 992 1494; x_wconf 85' lang='lat' dir='ltr'><strong>id</strong></span> <span class='ocrx_word' id='word_1_132' title='bbox 1021 1446 1106 1494; x_wconf 91' lang='lat' dir='ltr'><strong>est</strong></span> <span class='ocrx_word' id='word_1_133' title='bbox 1133 1445 1280 1494; x_wconf 88' lang='lat' dir='ltr'><strong>totus</strong></span> <span class='ocrx_word' id='word_1_134' title='bbox 1307 1439 1490 1504; x_wconf 90' lang='lat' dir='ltr'><strong>homo,</strong></span> <span class='ocrx_word' id='word_1_135' title='bbox 1517 1436 1696 1492; x_wconf 87' lang='lat' dir='ltr'><strong>anima</strong></span> <span class='ocrx_word' id='word_1_136' title='bbox 1724 1446 1779 1493; x_wconf 89' lang='lat' dir='ltr'><strong>et</strong></span> <span class='ocrx_word' id='word_1_137' title='bbox 1800 1452 1962 1501; x_wconf 89' lang='lat' dir='ltr'><strong>caro;</strong></span> <span class='ocrx_word' id='word_1_138' title='bbox 1993 1437 2125 1508; x_wconf 89' lang='lat' dir='ltr'><strong>quid</strong></span> 
     </span>
    </p>
   </div>
   <div class='ocr_carea' id='block_1_14' title="bbox 530 1527 2121 1602">
    <p class='ocr_par' dir='ltr' id='par_1_14' title="bbox 530 1527 2121 1602">
     <span class='ocr_line' id='line_1_14' title="bbox 530 1527 2121 1602; baseline 0.001 -19"><span class='ocrx_word' id='word_1_139' title='bbox 530 1527 659 1585; x_wconf 79' lang='lat' dir='ltr'><strong>fecit</strong></span> <span class='ocrx_word' id='word_1_140' title='bbox 682 1532 886 1601; x_wconf 88' lang='lat' dir='ltr'><strong>passio,</strong></span> <span class='ocrx_word' id='word_1_141' title='bbox 929 1531 1062 1602; x_wconf 89' lang='lat' dir='ltr'><strong>quid</strong></span> <span class='ocrx_word' id='word_1_142' title='bbox 1103 1529 1234 1586; x_wconf 81' lang='lat' dir='ltr'><strong>fecit</strong></span> <span class='ocrx_word' id='word_1_143' title='bbox 1264 1546 1432 1594; x_wconf 87' lang='lat' dir='ltr'><strong>mors,</strong></span> <span class='ocrx_word' id='word_1_144' title='bbox 1470 1530 1575 1585; x_wconf 87' lang='lat' dir='ltr'><strong>nisi</strong></span> <span class='ocrx_word' id='word_1_145' title='bbox 1609 1545 1806 1599; x_wconf 89' lang='lat' dir='ltr'><strong>corpus</strong></span> <span class='ocrx_word' id='word_1_146' title='bbox 1846 1530 1914 1584; x_wconf 91' lang='lat' dir='ltr'><strong>ab</strong></span> <span class='ocrx_word' id='word_1_147' title='bbox 1941 1531 2121 1584; x_wconf 88' lang='lat' dir='ltr'><strong>anima</strong></span> 
     </span>
    </p>
   </div>
   <div class='ocr_carea' id='block_1_15' title="bbox 527 1620 2124 1692">
    <p class='ocr_par' dir='ltr' id='par_1_15' title="bbox 527 1620 2124 1692">
     <span class='ocr_line' id='line_1_15' title="bbox 527 1620 2124 1692; baseline -0.002 -15"><span class='ocrx_word' id='word_1_148' title='bbox 527 1623 823 1692; x_wconf 82' lang='lat' dir='ltr'><strong>separavit,</strong></span> <span class='ocrx_word' id='word_1_149' title='bbox 866 1623 1102 1680; x_wconf 87' lang='lat' dir='ltr'><strong>animam</strong></span> <span class='ocrx_word' id='word_1_150' title='bbox 1135 1637 1266 1677; x_wconf 89' lang='lat' dir='ltr'><strong>vero</strong></span> <span class='ocrx_word' id='word_1_151' title='bbox 1309 1636 1341 1676; x_wconf 89' lang='lat' dir='ltr'><strong>a</strong></span> <span class='ocrx_word' id='word_1_152' title='bbox 1366 1621 1546 1677; x_wconf 89' lang='lat' dir='ltr'><strong>Verbo</strong></span> <span class='ocrx_word' id='word_1_153' title='bbox 1579 1636 1686 1676; x_wconf 92' lang='lat' dir='ltr'><strong>non</strong></span> <span class='ocrx_word' id='word_1_154' title='bbox 1712 1620 2021 1690; x_wconf 75' lang='lat' dir='ltr'><strong>separavit?</strong></span> <span class='ocrx_word' id='word_1_155' title='bbox 2064 1620 2124 1675; x_wconf 89' lang='lat' dir='ltr'><strong>Si</strong></span> 
     </span>
    </p>
   </div>
   <div class='ocr_carea' id='block_1_16' title="bbox 529 1708 2125 1780">
    <p class='ocr_par' dir='ltr' id='par_1_16' title="bbox 529 1708 2125 1780">
     <span class='ocr_line' id='line_1_16' title="bbox 529 1708 2125 1780; baseline -0.003 -12"><span class='ocrx_word' id='word_1_156' title='bbox 529 1713 677 1768; x_wconf 84' lang='lat' dir='ltr'><strong>enim</strong></span> <span class='ocrx_word' id='word_1_157' title='bbox 708 1722 955 1768; x_wconf 89' lang='lat' dir='ltr'><strong>mortuus</strong></span> <span class='ocrx_word' id='word_1_158' title='bbox 989 1723 1072 1767; x_wconf 90' lang='lat' dir='ltr'><strong>est</strong></span> <span class='ocrx_word' id='word_1_159' title='bbox 1102 1713 1392 1774; x_wconf 87' lang='lat' dir='ltr'><strong>Dominus,</strong></span> <span class='ocrx_word' id='word_1_160' title='bbox 1437 1712 1546 1766; x_wconf 89' lang='lat' dir='ltr'><strong>imo</strong></span> <span class='ocrx_word' id='word_1_161' title='bbox 1571 1711 1698 1780; x_wconf 85' lang='lat' dir='ltr'><strong>quia</strong></span> <span class='ocrx_word' id='word_1_162' title='bbox 1744 1718 1991 1765; x_wconf 88' lang='lat' dir='ltr'><strong>mortuus</strong></span> <span class='ocrx_word' id='word_1_163' title='bbox 2024 1708 2125 1764; x_wconf 90' lang='lat' dir='ltr'><strong>Do-</strong></span> 
     </span>
    </p>
   </div>
   <div class='ocr_carea' id='block_1_17' title="bbox 531 1801 2121 1874">
    <p class='ocr_par' dir='ltr' id='par_1_17' title="bbox 531 1801 2121 1874">
     <span class='ocr_line' id='line_1_17' title="bbox 531 1801 2121 1874; baseline -0.002 -15"><span class='ocrx_word' id='word_1_164' title='bbox 531 1801 711 1860; x_wconf 81' lang='lat' dir='ltr'><strong>minus</strong></span> <span class='ocrx_word' id='word_1_165' title='bbox 744 1805 1015 1871; x_wconf 88' lang='lat' dir='ltr'><strong>(mortuus</strong></span> <span class='ocrx_word' id='word_1_166' title='bbox 1039 1813 1124 1859; x_wconf 90' lang='lat' dir='ltr'><strong>est</strong></span> <span class='ocrx_word' id='word_1_167' title='bbox 1160 1805 1306 1861; x_wconf 85' lang='lat' dir='ltr'><strong>enim</strong></span> <span class='ocrx_word' id='word_1_168' title='bbox 1333 1819 1433 1874; x_wconf 93' lang='lat' dir='ltr'><strong>pro</strong></span> <span class='ocrx_word' id='word_1_169' title='bbox 1463 1805 1620 1860; x_wconf 86' lang='lat' dir='ltr'><strong>nobis</strong></span> <span class='ocrx_word' id='word_1_170' title='bbox 1664 1804 1720 1858; x_wconf 91' lang='lat' dir='ltr'><strong>in</strong></span> <span class='ocrx_word' id='word_1_171' title='bbox 1760 1801 1969 1874; x_wconf 90' lang='lat' dir='ltr'><strong>cruce),</strong></span> <span class='ocrx_word' id='word_1_172' title='bbox 2003 1803 2121 1858; x_wconf 90' lang='lat' dir='ltr'><strong>sine</strong></span> 
     </span>
    </p>
   </div>
   <div class='ocr_carea' id='block_1_18' title="bbox 529 1894 2121 1966">
    <p class='ocr_par' dir='ltr' id='par_1_18' title="bbox 529 1894 2121 1966">
     <span class='ocr_line' id='line_1_18' title="bbox 529 1894 2121 1966; baseline -0.001 -16"><span class='ocrx_word' id='word_1_173' title='bbox 529 1895 697 1951; x_wconf 90' lang='lat' dir='ltr'><strong>dubio</strong></span> <span class='ocrx_word' id='word_1_174' title='bbox 720 1911 851 1951; x_wconf 88' lang='lat' dir='ltr'><strong>caro</strong></span> <span class='ocrx_word' id='word_1_175' title='bbox 874 1897 1041 1966; x_wconf 89' lang='lat' dir='ltr'><strong>ipsius</strong></span> <span class='ocrx_word' id='word_1_176' title='bbox 1066 1896 1365 1966; x_wconf 80' lang='lat' dir='ltr'><strong>exspiravit</strong></span> <span class='ocrx_word' id='word_1_177' title='bbox 1388 1896 1656 1959; x_wconf 87' lang='lat' dir='ltr'><strong>animam;</strong></span> <span class='ocrx_word' id='word_1_178' title='bbox 1681 1894 1748 1948; x_wconf 92' lang='lat' dir='ltr'><strong>ad</strong></span> <span class='ocrx_word' id='word_1_179' title='bbox 1767 1902 1979 1963; x_wconf 87' lang='lat' dir='ltr'><strong>tempus</strong></span> <span class='ocrx_word' id='word_1_180' title='bbox 2000 1894 2121 1948; x_wconf 82' lang='lat' dir='ltr'><strong>exi—</strong></span> 
     </span>
    </p>
   </div>
   <div class='ocr_carea' id='block_1_19' title="bbox 532 1985 2126 2055">
    <p class='ocr_par' dir='ltr' id='par_1_19' title="bbox 532 1985 2126 2055">
     <span class='ocr_line' id='line_1_19' title="bbox 532 1985 2126 2055; baseline -0.002 -16"><span class='ocrx_word' id='word_1_181' title='bbox 532 1999 695 2055; x_wconf 68' lang='lat' dir='ltr'><strong>guum</strong></span> <span class='ocrx_word' id='word_1_182' title='bbox 722 1985 902 2040; x_wconf 87' lang='lat' dir='ltr'><strong>anima</strong></span> <span class='ocrx_word' id='word_1_183' title='bbox 925 1986 1168 2041; x_wconf 84' lang='lat' dir='ltr'><strong>deseruit</strong></span> <span class='ocrx_word' id='word_1_184' title='bbox 1187 2001 1428 2049; x_wconf 86' lang='lat' dir='ltr'><strong>carnem,</strong></span> <span class='ocrx_word' id='word_1_185' title='bbox 1457 1994 1512 2040; x_wconf 88' lang='lat' dir='ltr'><strong>et</strong></span> <span class='ocrx_word' id='word_1_186' title='bbox 1543 1985 1800 2039; x_wconf 83' lang='lat' dir='ltr'><strong>redeunte</strong></span> <span class='ocrx_word' id='word_1_187' title='bbox 1831 1985 2009 2040; x_wconf 89' lang='lat' dir='ltr'><strong>anima</strong></span> <span class='ocrx_word' id='word_1_188' title='bbox 2041 1999 2126 2037; x_wconf 88' lang='lat' dir='ltr'><strong>re-</strong></span> 
     </span>
    </p>
   </div>
   <div class='ocr_carea' id='block_1_20' title="bbox 531 2075 2127 2149">
    <p class='ocr_par' dir='ltr' id='par_1_20' title="bbox 531 2075 2127 2149">
     <span class='ocr_line' id='line_1_20' title="bbox 531 2075 2127 2149; baseline 0.002 -21"><span class='ocrx_word' id='word_1_189' title='bbox 531 2076 773 2130; x_wconf 78' lang='lat' dir='ltr'><strong>surrexit</strong></span> <span class='ocrx_word' id='word_1_190' title='bbox 798 2075 980 2147; x_wconf 74' lang='lat' dir='ltr'><strong>[Ang.,</strong></span> <span class='ocrx_word' id='word_1_191' title='bbox 1015 2076 1495 2149; x_wconf 74' lang='lat' dir='ltr'><strong>resurrecturum].</strong></span> <span class='ocrx_word' id='word_1_192' title='bbox 1528 2077 1572 2131; x_wconf 79' lang='grc' dir='ltr'><strong>Α</strong></span> <span class='ocrx_word' id='word_1_193' title='bbox 1599 2077 1777 2132; x_wconf 80' lang='lat' dir='ltr'><strong>Verbo</strong></span> <span class='ocrx_word' id='word_1_194' title='bbox 1803 2085 1986 2132; x_wconf 85' lang='lat' dir='ltr'><strong>autem</strong></span> <span class='ocrx_word' id='word_1_195' title='bbox 2009 2078 2127 2131; x_wconf 83' lang='lat' dir='ltr'><strong>ani-</strong></span> 
     </span>
    </p>
   </div>
   <div class='ocr_carea' id='block_1_21' title="bbox 534 2168 2128 2236">
    <p class='ocr_par' dir='ltr' id='par_1_21' title="bbox 534 2168 2128 2236">
     <span class='ocr_line' id='line_1_21' title="bbox 534 2168 2128 2236; baseline 0.003 -19"><span class='ocrx_word' id='word_1_196' title='bbox 534 2180 678 2220; x_wconf 88' lang='lat' dir='ltr'><strong>mam</strong></span> <span class='ocrx_word' id='word_1_197' title='bbox 704 2176 1013 2236; x_wconf 83' lang='lat' dir='ltr'><strong>separatam</strong></span> <span class='ocrx_word' id='word_1_198' title='bbox 1053 2184 1174 2223; x_wconf 90' lang='lat' dir='ltr'><strong>esse</strong></span> <span class='ocrx_word' id='word_1_199' title='bbox 1200 2184 1305 2222; x_wconf 90' lang='lat' dir='ltr'><strong>non</strong></span> <span class='ocrx_word' id='word_1_200' title='bbox 1345 2169 1582 2222; x_wconf 89' lang='lat' dir='ltr'><strong>dico.....</strong></span> <span class='ocrx_word' id='word_1_201' title='bbox 1626 2168 1827 2224; x_wconf 86' lang='lat' dir='ltr'><strong>Omnes</strong></span> <span class='ocrx_word' id='word_1_202' title='bbox 1859 2169 2005 2223; x_wconf 87' lang='lat' dir='ltr'><strong>enim</strong></span> <span class='ocrx_word' id='word_1_203' title='bbox 2033 2170 2128 2222; x_wconf 89' lang='lat' dir='ltr'><strong>ho-</strong></span> 
     </span>
    </p>
   </div>
   <div class='ocr_carea' id='block_1_22' title="bbox 531 2255 2128 2329">
    <p class='ocr_par' dir='ltr' id='par_1_22' title="bbox 531 2255 2128 2329">
     <span class='ocr_line' id='line_1_22' title="bbox 531 2255 2128 2329; baseline 0.003 -19"><span class='ocrx_word' id='word_1_204' title='bbox 531 2255 728 2323; x_wconf 80' lang='lat' dir='ltr'><strong>mines,</strong></span> <span class='ocrx_word' id='word_1_205' title='bbox 757 2257 974 2329; x_wconf 77' lang='lat' dir='ltr'><strong>quando</strong></span> <span class='ocrx_word' id='word_1_206' title='bbox 1000 2260 1328 2323; x_wconf 89' lang='lat' dir='ltr'><strong>moriuntur,</strong></span> <span class='ocrx_word' id='word_1_207' title='bbox 1356 2269 1565 2329; x_wconf 88' lang='lat' dir='ltr'><strong>ponunt</strong></span> <span class='ocrx_word' id='word_1_208' title='bbox 1594 2261 1868 2326; x_wconf 87' lang='lat' dir='ltr'><strong>animam;</strong></span> <span class='ocrx_word' id='word_1_209' title='bbox 1898 2261 1992 2316; x_wconf 86' lang='lat' dir='ltr'><strong>sed</strong></span> <span class='ocrx_word' id='word_1_210' title='bbox 2018 2277 2128 2315; x_wconf 87' lang='lat' dir='ltr'><strong>non</strong></span> 
     </span>
    </p>
   </div>
   <div class='ocr_carea' id='block_1_23' title="bbox 531 2348 2131 2423">
    <p class='ocr_par' dir='ltr' id='par_1_23' title="bbox 531 2348 2131 2423">
     <span class='ocr_line' id='line_1_23' title="bbox 531 2348 2131 2423; baseline 0 -19"><span class='ocrx_word' id='word_1_211' title='bbox 531 2364 724 2405; x_wconf 89' lang='lat' dir='ltr'><strong>onmes</strong></span> <span class='ocrx_word' id='word_1_212' title='bbox 751 2366 850 2420; x_wconf 91' lang='lat' dir='ltr'><strong>pro</strong></span> <span class='ocrx_word' id='word_1_213' title='bbox 877 2348 1093 2405; x_wconf 89' lang='lat' dir='ltr'><strong>Christo</strong></span> <span class='ocrx_word' id='word_1_214' title='bbox 1131 2358 1359 2418; x_wconf 89' lang='lat' dir='ltr'><strong>ponunt.</strong></span> <span class='ocrx_word' id='word_1_215' title='bbox 1402 2351 1470 2404; x_wconf 82' lang='lat' dir='ltr'><strong>Et</strong></span> <span class='ocrx_word' id='word_1_216' title='bbox 1500 2367 1660 2405; x_wconf 85' lang='lat' dir='ltr'><strong>nemo</strong></span> <span class='ocrx_word' id='word_1_217' title='bbox 1688 2352 1853 2405; x_wconf 89' lang='lat' dir='ltr'><strong>habet</strong></span> <span class='ocrx_word' id='word_1_218' title='bbox 1887 2359 2131 2423; x_wconf 88' lang='lat' dir='ltr'><strong>potesta-</strong></span> 
     </span>
    </p>
   </div>
   <div class='ocr_carea' id='block_1_24' title="bbox 532 2442 2134 2512">
    <p class='ocr_par' dir='ltr' id='par_1_24' title="bbox 532 2442 2134 2512">
     <span class='ocr_line' id='line_1_24' title="bbox 532 2442 2134 2512; baseline 0.003 -17"><span class='ocrx_word' id='word_1_219' title='bbox 532 2449 646 2497; x_wconf 91' lang='lat' dir='ltr'><strong>tem</strong></span> <span class='ocrx_word' id='word_1_220' title='bbox 716 2456 971 2504; x_wconf 88' lang='lat' dir='ltr'><strong>sumere,</strong></span> <span class='ocrx_word' id='word_1_221' title='bbox 1030 2443 1174 2512; x_wconf 82' lang='lat' dir='ltr'><strong>quod</strong></span> <span class='ocrx_word' id='word_1_222' title='bbox 1230 2443 1490 2512; x_wconf 84' lang='lat' dir='ltr'><strong>posuerit.</strong></span> <span class='ocrx_word' id='word_1_223' title='bbox 1523 2442 1775 2499; x_wconf 88' lang='lat' dir='ltr'><strong>Christus</strong></span> <span class='ocrx_word' id='word_1_224' title='bbox 1834 2455 2014 2500; x_wconf 89' lang='lat' dir='ltr'><strong>autem</strong></span> <span class='ocrx_word' id='word_1_225' title='bbox 2075 2454 2134 2502; x_wconf 90' lang='lat' dir='ltr'><strong>et</strong></span> 
     </span>
    </p>
   </div>
   <div class='ocr_carea' id='block_1_25' title="bbox 531 2536 2133 2609">
    <p class='ocr_par' dir='ltr' id='par_1_25' title="bbox 531 2536 2133 2609">
     <span class='ocr_line' id='line_1_25' title="bbox 531 2536 2133 2609; baseline 0.001 -15"><span class='ocrx_word' id='word_1_226' title='bbox 531 2552 634 2609; x_wconf 84' lang='lat' dir='ltr'><strong>pro</strong></span> <span class='ocrx_word' id='word_1_227' title='bbox 681 2536 841 2594; x_wconf 89' lang='lat' dir='ltr'><strong>nobis</strong></span> <span class='ocrx_word' id='word_1_228' title='bbox 893 2538 1110 2607; x_wconf 83' lang='lat' dir='ltr'><strong>posuit,</strong></span> <span class='ocrx_word' id='word_1_229' title='bbox 1163 2545 1218 2592; x_wconf 87' lang='lat' dir='ltr'><strong>et</strong></span> <span class='ocrx_word' id='word_1_230' title='bbox 1271 2539 1488 2608; x_wconf 84' lang='lat' dir='ltr'><strong>quando</strong></span> <span class='ocrx_word' id='word_1_231' title='bbox 1543 2538 1750 2604; x_wconf 83' lang='lat' dir='ltr'><strong>voluit,</strong></span> <span class='ocrx_word' id='word_1_232' title='bbox 1799 2539 2020 2608; x_wconf 87' lang='lat' dir='ltr'><strong>posuit,</strong></span> <span class='ocrx_word' id='word_1_233' title='bbox 2076 2549 2133 2595; x_wconf 91' lang='lat' dir='ltr'><strong>et</strong></span> 
     </span>
    </p>
   </div>
   <div class='ocr_carea' id='block_1_26' title="bbox 535 2618 2133 2702">
    <p class='ocr_par' dir='ltr' id='par_1_26' title="bbox 535 2618 2133 2702">
     <span class='ocr_line' id='line_1_26' title="bbox 535 2618 2133 2702; baseline 0.002 -18"><span class='ocrx_word' id='word_1_234' title='bbox 535 2629 755 2702; x_wconf 83' lang='lat' dir='ltr'><strong>quando</strong></span> <span class='ocrx_word' id='word_1_235' title='bbox 790 2631 991 2692; x_wconf 89' lang='lat' dir='ltr'><strong>voluit,</strong></span> <span class='ocrx_word' id='word_1_236' title='bbox 1029 2618 1281 2699; x_wconf 68' lang='lat' dir='ltr'><strong>sumpsit.</strong></span> <span class='ocrx_word' id='word_1_237' title='bbox 1316 2630 1524 2685; x_wconf 88' lang='lat' dir='ltr'><strong>Ponere</strong></span> <span class='ocrx_word' id='word_1_238' title='bbox 1549 2647 1680 2702; x_wconf 76' lang='lat' dir='ltr'><strong>ergo</strong></span> <span class='ocrx_word' id='word_1_239' title='bbox 1720 2633 1956 2687; x_wconf 90' lang='lat' dir='ltr'><strong>animam</strong></span> <span class='ocrx_word' id='word_1_240' title='bbox 1994 2633 2133 2687; x_wconf 89' lang='lat' dir='ltr'><strong>mori</strong></span> 
     </span>
    </p>
   </div>
   <div class='ocr_carea' id='block_1_27' title="bbox 534 2720 2135 2796">
    <p class='ocr_par' dir='ltr' id='par_1_27' title="bbox 534 2720 2135 2796">
     <span class='ocr_line' id='line_1_27' title="bbox 534 2720 2135 2796; baseline -0.001 -18"><span class='ocrx_word' id='word_1_241' title='bbox 534 2729 642 2778; x_wconf 76' lang='lat' dir='ltr'><strong>est.</strong></span> <span class='ocrx_word' id='word_1_242' title='bbox 693 2720 787 2777; x_wconf 85' lang='lat' dir='ltr'><strong>Sic</strong></span> <span class='ocrx_word' id='word_1_243' title='bbox 830 2721 1024 2778; x_wconf 83' lang='lat' dir='ltr'><strong>Petrus</strong></span> <span class='ocrx_word' id='word_1_244' title='bbox 1073 2721 1303 2778; x_wconf 90' lang='lat' dir='ltr'><strong>Domino</strong></span> <span class='ocrx_word' id='word_1_245' title='bbox 1342 2723 1521 2778; x_wconf 76' lang='lat' dir='ltr'><strong>dixit:</strong></span> <span class='ocrx_word' id='word_1_246' title='bbox 1554 2724 1799 2778; x_wconf 80' lang='lat' dir='ltr'><strong>Animam</strong></span> <span class='ocrx_word' id='word_1_247' title='bbox 1837 2734 2047 2796; x_wconf 85' lang='lat' dir='ltr'><strong>praptcr</strong></span> <span class='ocrx_word' id='word_1_248' title='bbox 2087 2735 2135 2778; x_wconf 81' lang='lat' dir='ltr'><strong>te</strong></span> 
     </span>
    </p>
   </div>
   <div class='ocr_carea' id='block_1_28' title="bbox 537 2810 2138 2884">
    <p class='ocr_par' dir='ltr' id='par_1_28' title="bbox 537 2810 2138 2884">
     <span class='ocr_line' id='line_1_28' title="bbox 537 2810 2138 2884; baseline 0.002 -18"><span class='ocrx_word' id='word_1_249' title='bbox 537 2829 734 2884; x_wconf 74' lang='lat' dir='ltr'><strong>ponam</strong></span> <span class='ocrx_word' id='word_1_250' title='bbox 761 2810 947 2884; x_wconf 80' lang='lat' dir='ltr'><strong>(Joan.</strong></span> <span class='ocrx_word' id='word_1_251' title='bbox 980 2829 1078 2866; x_wconf 81' lang='lat' dir='ltr'><strong>xm</strong></span> <span class='ocrx_word' id='word_1_252' title='bbox 1104 2853 1117 2877; x_wconf 96' lang='lat'><strong>,</strong></span> <span class='ocrx_word' id='word_1_253' title='bbox 1143 2812 1256 2883; x_wconf 76' lang='lat'><strong>37),</strong></span> <span class='ocrx_word' id='word_1_254' title='bbox 1283 2814 1337 2867; x_wconf 91' lang='lat' dir='ltr'><strong>id</strong></span> <span class='ocrx_word' id='word_1_255' title='bbox 1366 2823 1449 2868; x_wconf 82' lang='lat' dir='ltr'><strong>est</strong></span> <span class='ocrx_word' id='word_1_256' title='bbox 1474 2854 1489 2877; x_wconf 95' lang='lat'><strong>,</strong></span> <span class='ocrx_word' id='word_1_257' title='bbox 1522 2830 1623 2884; x_wconf 90' lang='lat' dir='ltr'><strong>pro</strong></span> <span class='ocrx_word' id='word_1_258' title='bbox 1653 2821 1708 2871; x_wconf 87' lang='lat' dir='ltr'><strong>te</strong></span> <span class='ocrx_word' id='word_1_259' title='bbox 1734 2816 1938 2869; x_wconf 88' lang='lat' dir='ltr'><strong>moriar</strong></span> <span class='ocrx_word' id='word_1_260' title='bbox 1968 2830 2138 2870; x_wconf 87' lang='lat' dir='ltr'><strong>carne</strong></span> 
     </span>
    </p>
   </div>
   <div class='ocr_carea' id='block_1_29' title="bbox 543 2904 2137 2978">
    <p class='ocr_par' dir='ltr' id='par_1_29' title="bbox 543 2904 2137 2978">
     <span class='ocr_line' id='line_1_29' title="bbox 543 2904 2137 2978; baseline 0.001 -19"><span class='ocrx_word' id='word_1_261' title='bbox 543 2904 692 2978; x_wconf 76' lang='lat' dir='ltr'><strong>[Vox</strong></span> <span class='ocrx_word' id='word_1_262' title='bbox 715 2919 881 2960; x_wconf 88' lang='lat' dir='ltr'><strong>carne</strong></span> <span class='ocrx_word' id='word_1_263' title='bbox 904 2905 1044 2959; x_wconf 80' lang='lat' dir='ltr'><strong>deest</strong></span> <span class='ocrx_word' id='word_1_264' title='bbox 1066 2905 1208 2976; x_wconf 82' lang='lat' dir='ltr'><strong>apud</strong></span> <span class='ocrx_word' id='word_1_265' title='bbox 1231 2904 1413 2978; x_wconf 80' lang='lat' dir='ltr'><strong>Aug.].</strong></span> <span class='ocrx_word' id='word_1_266' title='bbox 1429 2927 1447 2958; x_wconf 79' lang='grc' dir='ltr'><strong>ι</strong></span> <span class='ocrx_word' id='word_1_267' title='bbox 1480 2905 1549 2960; x_wconf 80' lang='lat' dir='ltr'><strong>Et</strong></span> <span class='ocrx_word' id='word_1_268' title='bbox 1575 2905 1736 2976; x_wconf 87' lang='lat' dir='ltr'><strong>paulo</strong></span> <span class='ocrx_word' id='word_1_269' title='bbox 1759 2914 1883 2976; x_wconf 86' lang='lat' dir='ltr'><strong>post</strong></span> <span class='ocrx_word' id='word_1_270' title='bbox 1907 2926 1921 2960; x_wconf 88' lang='lat'><strong>:</strong></span> <span class='ocrx_word' id='word_1_271' title='bbox 1945 2925 1965 2956; x_wconf 77' lang='grc' dir='ltr'><strong>ι</strong></span> <span class='ocrx_word' id='word_1_272' title='bbox 1986 2905 2137 2973; x_wconf 82' lang='lat' dir='ltr'><strong>Quo-</strong></span> 
     </span>
    </p>
   </div>
   <div class='ocr_carea' id='block_1_30' title="bbox 539 2996 2140 3068">
    <p class='ocr_par' dir='ltr' id='par_1_30' title="bbox 539 2996 2140 3068">
     <span class='ocr_line' id='line_1_30' title="bbox 539 2996 2140 3068; baseline -0.001 -14"><span class='ocrx_word' id='word_1_273' title='bbox 539 2997 704 3054; x_wconf 79' lang='lat' dir='ltr'><strong>modo</strong></span> <span class='ocrx_word' id='word_1_274' title='bbox 733 2996 984 3052; x_wconf 83' lang='lat' dir='ltr'><strong>Christus</strong></span> <span class='ocrx_word' id='word_1_275' title='bbox 1009 2998 1245 3052; x_wconf 87' lang='lat' dir='ltr'><strong>animam</strong></span> <span class='ocrx_word' id='word_1_276' title='bbox 1270 2999 1491 3068; x_wconf 87' lang='lat' dir='ltr'><strong>posuit?</strong></span> <span class='ocrx_word' id='word_1_277' title='bbox 1517 2997 1632 3053; x_wconf 75' lang='lat' dir='ltr'><strong>Non</strong></span> <span class='ocrx_word' id='word_1_278' title='bbox 1653 2997 1800 3053; x_wconf 86' lang='lat' dir='ltr'><strong>enim</strong></span> <span class='ocrx_word' id='word_1_279' title='bbox 1828 3013 1957 3052; x_wconf 85' lang='lat' dir='ltr'><strong>caro</strong></span> <span class='ocrx_word' id='word_1_280' title='bbox 1983 2996 2140 3054; x_wconf 84' lang='lat' dir='ltr'><strong>Chri-</strong></span> 
     </span>
    </p>
   </div>
   <div class='ocr_carea' id='block_1_31' title="bbox 539 3087 2141 3161">
    <p class='ocr_par' dir='ltr' id='par_1_31' title="bbox 539 3087 2141 3161">
     <span class='ocr_line' id='line_1_31' title="bbox 539 3087 2141 3161; baseline -0.001 -16"><span class='ocrx_word' id='word_1_281' title='bbox 539 3088 693 3145; x_wconf 77' lang='lat' dir='ltr'><strong>stus?</strong></span> <span class='ocrx_word' id='word_1_282' title='bbox 741 3087 824 3143; x_wconf 75' lang='lat' dir='ltr'><strong>Ita</strong></span> <span class='ocrx_word' id='word_1_283' title='bbox 865 3088 1026 3157; x_wconf 88' lang='lat' dir='ltr'><strong>plane</strong></span> <span class='ocrx_word' id='word_1_284' title='bbox 1075 3104 1204 3144; x_wconf 86' lang='lat' dir='ltr'><strong>caro</strong></span> <span class='ocrx_word' id='word_1_285' title='bbox 1245 3090 1432 3161; x_wconf 70' lang='lat' dir='ltr'><strong>[Aug.,</strong></span> <span class='ocrx_word' id='word_1_286' title='bbox 1478 3098 1534 3143; x_wconf 89' lang='lat' dir='ltr'><strong>et</strong></span> <span class='ocrx_word' id='word_1_287' title='bbox 1579 3088 1732 3161; x_wconf 85' lang='lat' dir='ltr'><strong>caro]</strong></span> <span class='ocrx_word' id='word_1_288' title='bbox 1773 3087 2042 3151; x_wconf 85' lang='lat' dir='ltr'><strong>Christus.</strong></span> <span class='ocrx_word' id='word_1_289' title='bbox 2085 3095 2141 3143; x_wconf 86' lang='lat' dir='ltr'><strong>et</strong></span> 
     </span>
    </p>
   </div>
   <div class='ocr_carea' id='block_1_32' title="bbox 543 3182 2138 3246">
    <p class='ocr_par' dir='ltr' id='par_1_32' title="bbox 543 3182 2138 3246">
     <span class='ocr_line' id='line_1_32' title="bbox 543 3182 2138 3246; baseline -0.002 -9"><span class='ocrx_word' id='word_1_290' title='bbox 543 3184 727 3239; x_wconf 85' lang='lat' dir='ltr'><strong>anima</strong></span> <span class='ocrx_word' id='word_1_291' title='bbox 764 3182 1034 3246; x_wconf 86' lang='lat' dir='ltr'><strong>Christus,</strong></span> <span class='ocrx_word' id='word_1_292' title='bbox 1084 3193 1140 3237; x_wconf 92' lang='lat' dir='ltr'><strong>et</strong></span> <span class='ocrx_word' id='word_1_293' title='bbox 1189 3183 1426 3238; x_wconf 85' lang='lat' dir='ltr'><strong>Verbum</strong></span> <span class='ocrx_word' id='word_1_294' title='bbox 1452 3182 1706 3239; x_wconf 88' lang='lat' dir='ltr'><strong>Christus</strong></span> <span class='ocrx_word' id='word_1_295' title='bbox 1751 3200 1764 3236; x_wconf 92' lang='lat'>:</span> <span class='ocrx_word' id='word_1_296' title='bbox 1813 3196 1916 3237; x_wconf 89' lang='lat' dir='ltr'><strong>nec</strong></span> <span class='ocrx_word' id='word_1_297' title='bbox 1955 3191 2138 3236; x_wconf 88' lang='lat' dir='ltr'><strong>tamen</strong></span> 
     </span>
    </p>
   </div>
   <div class='ocr_carea' id='block_1_33' title="bbox 545 3277 2142 3342">
    <p class='ocr_par' dir='ltr' id='par_1_33' title="bbox 545 3277 2142 3342">
     <span class='ocr_line' id='line_1_33' title="bbox 545 3277 2142 3342; baseline -0.003 -9"><span class='ocrx_word' id='word_1_298' title='bbox 545 3279 652 3334; x_wconf 82' lang='lat' dir='ltr'><strong>tria</strong></span> <span class='ocrx_word' id='word_1_299' title='bbox 681 3280 800 3335; x_wconf 59' lang='lat' dir='ltr'><strong>haec</strong></span> <span class='ocrx_word' id='word_1_300' title='bbox 839 3286 950 3333; x_wconf 89' lang='lat' dir='ltr'><strong>tres</strong></span> <span class='ocrx_word' id='word_1_301' title='bbox 978 3277 1204 3342; x_wconf 89' lang='lat' dir='ltr'><strong>Christi,</strong></span> <span class='ocrx_word' id='word_1_302' title='bbox 1242 3280 1337 3331; x_wconf 89' lang='lat' dir='ltr'><strong>sed</strong></span> <span class='ocrx_word' id='word_1_303' title='bbox 1369 3293 1509 3332; x_wconf 90' lang='lat' dir='ltr'><strong>unus</strong></span> <span class='ocrx_word' id='word_1_304' title='bbox 1553 3277 1822 3342; x_wconf 89' lang='lat' dir='ltr'><strong>Christus,</strong></span> <span class='ocrx_word' id='word_1_305' title='bbox 1864 3295 1883 3328; x_wconf 82' lang='grc' dir='ltr'><strong>ι</strong></span> <span class='ocrx_word' id='word_1_306' title='bbox 1919 3284 1975 3330; x_wconf 81' lang='lat' dir='ltr'><strong>et</strong></span> <span class='ocrx_word' id='word_1_307' title='bbox 2001 3291 2142 3329; x_wconf 90' lang='lat' dir='ltr'><strong>unus</strong></span> 
     </span>
    </p>
   </div>
   <div class='ocr_carea' id='block_1_34' title="bbox 544 3371 2141 3443">
    <p class='ocr_par' dir='ltr' id='par_1_34' title="bbox 544 3371 2141 3443">
     <span class='ocr_line' id='line_1_34' title="bbox 544 3371 2141 3443; baseline -0.001 -17"><span class='ocrx_word' id='word_1_308' title='bbox 544 3373 855 3443; x_wconf 79' lang='lat' dir='ltr'><strong>nuigenitus</strong></span> <span class='ocrx_word' id='word_1_309' title='bbox 883 3372 1024 3426; x_wconf 90' lang='lat' dir='ltr'><strong>Deus</strong></span> <span class='ocrx_word' id='word_1_310' title='bbox 1047 3379 1104 3426; x_wconf 88' lang='lat' dir='ltr'><strong>et</strong></span> <span class='ocrx_word' id='word_1_311' title='bbox 1145 3372 1326 3426; x_wconf 87' lang='lat' dir='ltr'><strong>homo.</strong></span> <span class='ocrx_word' id='word_1_312' title='bbox 1365 3371 1554 3427; x_wconf 81' lang='lat' dir='ltr'><strong>Nonne</strong></span> <span class='ocrx_word' id='word_1_313' title='bbox 1578 3371 1696 3437; x_wconf 89' lang='lat' dir='ltr'><strong>tibi,</strong></span> <span class='ocrx_word' id='word_1_314' title='bbox 1725 3388 1759 3427; x_wconf 91' lang='grc' dir='ltr'>ο</span> <span class='ocrx_word' id='word_1_315' title='bbox 1801 3387 1974 3427; x_wconf 88' lang='lat' dir='ltr'><strong>novus</strong></span> <span class='ocrx_word' id='word_1_316' title='bbox 2012 3387 2141 3425; x_wconf 88' lang='lat' dir='ltr'><strong>san-</strong></span> 
     </span>
    </p>
   </div>
   <div class='ocr_carea' id='block_1_35' title="bbox 544 3460 2145 3532">
    <p class='ocr_par' dir='ltr' id='par_1_35' title="bbox 544 3460 2145 3532">
     <span class='ocr_line' id='line_1_35' title="bbox 544 3460 2145 3532; baseline -0.002 -15"><span class='ocrx_word' id='word_1_317' title='bbox 544 3472 760 3518; x_wconf 86' lang='lat' dir='ltr'><strong>ctarum</strong></span> <span class='ocrx_word' id='word_1_318' title='bbox 808 3463 1078 3531; x_wconf 82' lang='lat' dir='ltr'><strong>interpres</strong></span> <span class='ocrx_word' id='word_1_319' title='bbox 1129 3462 1554 3531; x_wconf 88' lang='lat' dir='ltr'><strong>Scripturarum,</strong></span> <span class='ocrx_word' id='word_1_320' title='bbox 1597 3478 1759 3532; x_wconf 84' lang='lat' dir='ltr'><strong>prava</strong></span> <span class='ocrx_word' id='word_1_321' title='bbox 1817 3460 2145 3518; x_wconf 79' lang='lat' dir='ltr'><strong>subintravit</strong></span> 
     </span>
    </p>
   </div>
   <div class='ocr_carea' id='block_1_36' title="bbox 543 3551 2142 3626">
    <p class='ocr_par' dir='ltr' id='par_1_36' title="bbox 543 3551 2142 3626">
     <span class='ocr_line' id='line_1_36' title="bbox 543 3551 2142 3626; baseline -0.003 -17"><span class='ocrx_word' id='word_1_322' title='bbox 543 3553 824 3626; x_wconf 72' lang='lat' dir='ltr'><strong>cogitatio,</strong></span> <span class='ocrx_word' id='word_1_323' title='bbox 847 3554 992 3624; x_wconf 88' lang='lat' dir='ltr'><strong>quod</strong></span> <span class='ocrx_word' id='word_1_324' title='bbox 1011 3554 1192 3608; x_wconf 88' lang='lat' dir='ltr'><strong>anima</strong></span> <span class='ocrx_word' id='word_1_325' title='bbox 1217 3554 1419 3608; x_wconf 84' lang='lat' dir='ltr'><strong>Christi</strong></span> <span class='ocrx_word' id='word_1_326' title='bbox 1450 3562 1699 3624; x_wconf 84' lang='lat' dir='ltr'><strong>separata</strong></span> <span class='ocrx_word' id='word_1_327' title='bbox 1719 3563 1865 3609; x_wconf 89' lang='lat' dir='ltr'><strong>esset</strong></span> <span class='ocrx_word' id='word_1_328' title='bbox 1893 3570 1925 3608; x_wconf 89' lang='lat' dir='ltr'><strong>a</strong></span> <span class='ocrx_word' id='word_1_329' title='bbox 1941 3551 2142 3618; x_wconf 87' lang='lat' dir='ltr'><strong>Verbo,</strong></span> 
     </span>
    </p>
   </div>
   <div class='ocr_carea' id='block_1_37' title="bbox 545 3644 2145 3710">
    <p class='ocr_par' dir='ltr' id='par_1_37' title="bbox 545 3644 2145 3710">
     <span class='ocr_line' id='line_1_37' title="bbox 545 3644 2145 3710; baseline 0.001 -10"><span class='ocrx_word' id='word_1_330' title='bbox 545 3645 676 3700; x_wconf 89' lang='lat' dir='ltr'><strong>dum</strong></span> <span class='ocrx_word' id='word_1_331' title='bbox 701 3645 872 3710; x_wconf 85' lang='lat' dir='ltr'><strong>dicis,</strong></span> <span class='ocrx_word' id='word_1_332' title='bbox 917 3645 1211 3702; x_wconf 88' lang='lat' dir='ltr'><strong>secundum</strong></span> <span class='ocrx_word' id='word_1_333' title='bbox 1239 3646 1577 3700; x_wconf 71' lang='lat' dir='ltr'><strong>divinitatem</strong></span> <span class='ocrx_word' id='word_1_334' title='bbox 1608 3646 1724 3702; x_wconf 65' lang='lat' dir='ltr'><strong>haec</strong></span> <span class='ocrx_word' id='word_1_335' title='bbox 1761 3646 1954 3701; x_wconf 88' lang='lat' dir='ltr'><strong>eadem</strong></span> <span class='ocrx_word' id='word_1_336' title='bbox 1980 3644 2145 3702; x_wconf 85' lang='lat' dir='ltr'><strong>verba</strong></span> 
     </span>
    </p>
   </div>
   <div class='ocr_carea' id='block_1_38' title="bbox 548 3735 2146 3808">
    <p class='ocr_par' dir='ltr' id='par_1_38' title="bbox 548 3735 2146 3808">
     <span class='ocr_line' id='line_1_38' title="bbox 548 3735 2146 3808; baseline -0.001 -14"><span class='ocrx_word' id='word_1_337' title='bbox 548 3739 837 3794; x_wconf 83' lang='lat' dir='ltr'><strong>Dominum</strong></span> <span class='ocrx_word' id='word_1_338' title='bbox 873 3737 1198 3808; x_wconf 82' lang='lat' dir='ltr'><strong>protulisse?</strong></span> <span class='ocrx_word' id='word_1_339' title='bbox 1234 3738 1377 3807; x_wconf 83' lang='lat' dir='ltr'><strong>quod</strong></span> <span class='ocrx_word' id='word_1_340' title='bbox 1423 3737 1583 3792; x_wconf 83' lang='lat' dir='ltr'><strong>valde</strong></span> <span class='ocrx_word' id='word_1_341' title='bbox 1628 3735 1975 3792; x_wconf 89' lang='lat' dir='ltr'><strong>metuendum</strong></span> <span class='ocrx_word' id='word_1_342' title='bbox 2023 3751 2146 3792; x_wconf 84' lang='lat' dir='ltr'><strong>esse</strong></span> 
     </span>
    </p>
   </div>
   <div class='ocr_carea' id='block_1_39' title="bbox 553 3829 2146 3901">
    <p class='ocr_par' dir='ltr' id='par_1_39' title="bbox 553 3829 2146 3901">
     <span class='ocr_line' id='line_1_39' title="bbox 553 3829 2146 3901; baseline 0.001 -16"><span class='ocrx_word' id='word_1_343' title='bbox 553 3829 652 3885; x_wconf 92' lang='lat' dir='ltr'><strong>tibi</strong></span> <span class='ocrx_word' id='word_1_344' title='bbox 692 3830 794 3886; x_wconf 91' lang='lat' dir='ltr'><strong>iste</strong></span> <span class='ocrx_word' id='word_1_345' title='bbox 823 3829 1128 3901; x_wconf 54' lang='lat' dir='ltr'><strong>praecipuus</strong></span> <span class='ocrx_word' id='word_1_346' title='bbox 1157 3829 1348 3885; x_wconf 92' lang='lat' dir='ltr'><strong>doctor</strong></span> <span class='ocrx_word' id='word_1_347' title='bbox 1380 3829 1690 3885; x_wconf 86' lang='lat' dir='ltr'><strong>rationabili</strong></span> <span class='ocrx_word' id='word_1_348' title='bbox 1726 3831 1930 3901; x_wconf 83' lang='lat' dir='ltr'><strong>pietate</strong></span> <span class='ocrx_word' id='word_1_349' title='bbox 1960 3831 2146 3887; x_wconf 91' lang='lat' dir='ltr'><strong>admo-</strong></span> 
     </span>
    </p>
   </div>
   <div class='ocr_carea' id='block_1_40' title="bbox 552 3919 690 3974">
    <p class='ocr_par' dir='ltr' id='par_1_40' title="bbox 552 3919 690 3974">
     <span class='ocr_line' id='line_1_40' title="bbox 552 3919 690 3974; baseline -0.007 0"><span class='ocrx_word' id='word_1_350' title='bbox 552 3919 690 3974; x_wconf 87' lang='lat' dir='ltr'><strong>nuit.</strong></span> 
     </span>
    </p>
   </div>
   <div class='ocr_carea' id='block_1_41' title="bbox 623 4009 2150 4083">
    <p class='ocr_par' dir='ltr' id='par_1_41' title="bbox 623 4009 2150 4083">
     <span class='ocr_line' id='line_1_41' title="bbox 623 4009 2150 4083; baseline 0.001 -18"><span class='ocrx_word' id='word_1_351' title='bbox 623 4009 744 4065; x_wconf 76' lang='lat' dir='ltr'><strong>XX.</strong></span> <span class='ocrx_word' id='word_1_352' title='bbox 786 4009 961 4066; x_wconf 87' lang='lat' dir='ltr'><strong>Simili</strong></span> <span class='ocrx_word' id='word_1_353' title='bbox 990 4027 1206 4083; x_wconf 87' lang='lat' dir='ltr'><strong>quoque</strong></span> <span class='ocrx_word' id='word_1_354' title='bbox 1229 4012 1589 4081; x_wconf 84' lang='lat' dir='ltr'><strong>perversitate</strong></span> <span class='ocrx_word' id='word_1_355' title='bbox 1618 4013 1861 4070; x_wconf 72' lang='lat' dir='ltr'><strong>dividere</strong></span> <span class='ocrx_word' id='word_1_356' title='bbox 1890 4016 1972 4070; x_wconf 89' lang='lat' dir='ltr'><strong>vis</strong></span> <span class='ocrx_word' id='word_1_357' title='bbox 1994 4014 2150 4071; x_wconf 89' lang='lat' dir='ltr'><strong>Chri-</strong></span> 
     </span>
    </p>
   </div>
   <div class='ocr_carea' id='block_1_42' title="bbox 550 4102 2149 4174">
    <p class='ocr_par' dir='ltr' id='par_1_42' title="bbox 550 4102 2149 4174">
     <span class='ocr_line' id='line_1_42' title="bbox 550 4102 2149 4174; baseline 0.002 -16"><span class='ocrx_word' id='word_1_358' title='bbox 550 4111 696 4158; x_wconf 77' lang='lat' dir='ltr'><strong>stum</strong></span> <span class='ocrx_word' id='word_1_359' title='bbox 726 4102 781 4157; x_wconf 90' lang='lat' dir='ltr'><strong>in</strong></span> <span class='ocrx_word' id='word_1_360' title='bbox 810 4117 876 4158; x_wconf 91' lang='lat' dir='ltr'><strong>ca</strong></span> <span class='ocrx_word' id='word_1_361' title='bbox 905 4118 1059 4169; x_wconf 87' lang='lat' dir='ltr'><strong>voce,</strong></span> <span class='ocrx_word' id='word_1_362' title='bbox 1097 4121 1259 4174; x_wconf 90' lang='lat' dir='ltr'><strong>quam</strong></span> <span class='ocrx_word' id='word_1_363' title='bbox 1293 4103 1452 4160; x_wconf 87' lang='lat' dir='ltr'><strong>Pater</strong></span> <span class='ocrx_word' id='word_1_364' title='bbox 1483 4105 1536 4159; x_wconf 89' lang='lat' dir='ltr'><strong>in</strong></span> <span class='ocrx_word' id='word_1_365' title='bbox 1560 4114 1742 4160; x_wconf 84' lang='lat' dir='ltr'><strong>monte</strong></span> <span class='ocrx_word' id='word_1_366' title='bbox 1770 4116 1960 4162; x_wconf 90' lang='lat' dir='ltr'><strong>sancto</strong></span> <span class='ocrx_word' id='word_1_367' title='bbox 1988 4105 2149 4163; x_wconf 83' lang='lat' dir='ltr'><strong>disci-</strong></span> 
     </span>
    </p>
   </div>
   <div class='ocr_carea' id='block_1_43' title="bbox 551 4195 2149 4269">
    <p class='ocr_par' dir='ltr' id='par_1_43' title="bbox 551 4195 2149 4269">
     <span class='ocr_line' id='line_1_43' title="bbox 551 4195 2149 4269; baseline 0.004 -20"><span class='ocrx_word' id='word_1_368' title='bbox 551 4195 697 4265; x_wconf 87' lang='lat' dir='ltr'><strong>pulis</strong></span> <span class='ocrx_word' id='word_1_369' title='bbox 748 4196 1095 4253; x_wconf 85' lang='lat' dir='ltr'><strong>audientibus</strong></span> <span class='ocrx_word' id='word_1_370' title='bbox 1145 4200 1370 4269; x_wconf 89' lang='lat' dir='ltr'><strong>protulit</strong></span> <span class='ocrx_word' id='word_1_371' title='bbox 1421 4201 1651 4255; x_wconf 87' lang='lat' dir='ltr'><strong>dicens:</strong></span> <span class='ocrx_word' id='word_1_372' title='bbox 1695 4200 1798 4256; x_wconf 80' lang='lat' dir='ltr'><strong>llic</strong></span> <span class='ocrx_word' id='word_1_373' title='bbox 1843 4212 1919 4255; x_wconf 82' lang='lat' dir='ltr'><strong>est</strong></span> <span class='ocrx_word' id='word_1_374' title='bbox 1976 4200 2149 4256; x_wconf 78' lang='lat' dir='ltr'><strong>Filias</strong></span> 
     </span>
    </p>
   </div>
   <div class='ocr_carea' id='block_1_44' title="bbox 551 4287 2150 4365">
    <p class='ocr_par' dir='ltr' id='par_1_44' title="bbox 551 4287 2150 4365">
     <span class='ocr_line' id='line_1_44' title="bbox 551 4287 2150 4365; baseline 0.004 -24"><span class='ocrx_word' id='word_1_375' title='bbox 551 4302 700 4342; x_wconf 78' lang='lat' dir='ltr'><strong>meus</strong></span> <span class='ocrx_word' id='word_1_376' title='bbox 750 4287 994 4354; x_wconf 75' lang='lat' dir='ltr'><strong>dilectus,</strong></span> <span class='ocrx_word' id='word_1_377' title='bbox 1037 4289 1096 4344; x_wconf 83' lang='lat' dir='ltr'><strong>in</strong></span> <span class='ocrx_word' id='word_1_378' title='bbox 1128 4307 1235 4360; x_wconf 82' lang='lat' dir='ltr'><strong>quo</strong></span> <span class='ocrx_word' id='word_1_379' title='bbox 1263 4290 1394 4345; x_wconf 76' lang='lat' dir='ltr'><strong>mihi</strong></span> <span class='ocrx_word' id='word_1_380' title='bbox 1432 4292 1560 4346; x_wconf 76' lang='lat' dir='ltr'><strong>bene</strong></span> <span class='ocrx_word' id='word_1_381' title='bbox 1584 4292 1903 4363; x_wconf 78' lang='lat' dir='ltr'><strong>complacuit</strong></span> <span class='ocrx_word' id='word_1_382' title='bbox 1931 4308 1949 4345; x_wconf 94' lang='lat'><strong><em>:</em></strong></span> <span class='ocrx_word' id='word_1_383' title='bbox 1976 4293 2150 4365; x_wconf 79' lang='lat' dir='ltr'><strong>ipsum</strong></span> 
     </span>
    </p>
   </div>
   <div class='ocr_carea' id='block_1_45' title="bbox 553 4376 2152 4453">
    <p class='ocr_par' dir='ltr' id='par_1_45' title="bbox 553 4376 2152 4453">
     <span class='ocr_line' id='line_1_45' title="bbox 553 4376 2152 4453; baseline 0.004 -22"><span class='ocrx_word' id='word_1_384' title='bbox 553 4377 736 4432; x_wconf 80' lang='lat' dir='ltr'><strong>audite</strong></span> <span class='ocrx_word' id='word_1_385' title='bbox 763 4376 978 4450; x_wconf 72' lang='lat' dir='ltr'><strong>(Matth.</strong></span> <span class='ocrx_word' id='word_1_386' title='bbox 1008 4395 1148 4442; x_wconf 77' lang='lat' dir='ltr'><strong>xvn,</strong></span> <span class='ocrx_word' id='word_1_387' title='bbox 1182 4380 1271 4453; x_wconf 77' lang='lat'><strong>5);</strong></span> <span class='ocrx_word' id='word_1_388' title='bbox 1307 4384 1463 4451; x_wconf 87' lang='lat' dir='ltr'><strong>quasi</strong></span> <span class='ocrx_word' id='word_1_389' title='bbox 1494 4382 1598 4439; x_wconf 88' lang='lat' dir='ltr'><strong>hoc</strong></span> <span class='ocrx_word' id='word_1_390' title='bbox 1627 4384 1694 4438; x_wconf 87' lang='lat' dir='ltr'><strong>de</strong></span> <span class='ocrx_word' id='word_1_391' title='bbox 1719 4383 2002 4440; x_wconf 83' lang='lat' dir='ltr'><strong>divinitate</strong></span> <span class='ocrx_word' id='word_1_392' title='bbox 2034 4395 2152 4438; x_wconf 87' lang='lat' dir='ltr'><strong>tan-</strong></span> 
     </span>
    </p>
   </div>
   <div class='ocr_carea' id='block_1_46' title="bbox 553 4472 2147 4545">
    <p class='ocr_par' dir='ltr' id='par_1_46' title="bbox 553 4472 2147 4545">
     <span class='ocr_line' id='line_1_46' title="bbox 553 4472 2147 4545; baseline 0.003 -20"><span class='ocrx_word' id='word_1_393' title='bbox 553 4472 835 4528; x_wconf 85' lang='lat' dir='ltr'><strong>tummodo</strong></span> <span class='ocrx_word' id='word_1_394' title='bbox 883 4472 1084 4527; x_wconf 90' lang='lat' dir='ltr'><strong>dictum</strong></span> <span class='ocrx_word' id='word_1_395' title='bbox 1115 4474 1208 4540; x_wconf 90' lang='lat' dir='ltr'><strong>sit,</strong></span> <span class='ocrx_word' id='word_1_396' title='bbox 1240 4483 1295 4528; x_wconf 88' lang='lat' dir='ltr'><strong>et</strong></span> <span class='ocrx_word' id='word_1_397' title='bbox 1333 4491 1439 4529; x_wconf 89' lang='lat' dir='ltr'><strong>non</strong></span> <span class='ocrx_word' id='word_1_398' title='bbox 1471 4477 1644 4545; x_wconf 77' lang='lat' dir='ltr'><strong>magis</strong></span> <span class='ocrx_word' id='word_1_399' title='bbox 1680 4475 1749 4530; x_wconf 84' lang='lat' dir='ltr'><strong>de</strong></span> <span class='ocrx_word' id='word_1_400' title='bbox 1789 4477 2147 4532; x_wconf 86' lang='lat' dir='ltr'><strong>humanitate.</strong></span> 
     </span>
    </p>
   </div>
   <div class='ocr_carea' id='block_1_47' title="bbox 2214 854 3812 931">
    <p class='ocr_par' dir='ltr' id='par_1_47' title="bbox 2214 854 3812 931">
     <span class='ocr_line' id='line_1_47' title="bbox 2214 854 3812 931; baseline -0.004 -16"><span class='ocrx_word' id='word_1_401' title='bbox 2214 863 2368 931; x_wconf 80' lang='lat' dir='ltr'><strong>quasi</strong></span> <span class='ocrx_word' id='word_1_402' title='bbox 2393 861 2618 916; x_wconf 63' lang='lat' dir='ltr'><strong>dixisset</strong></span> <span class='ocrx_word' id='word_1_403' title='bbox 2642 874 2656 912; x_wconf 91' lang='lat'>:</span> <span class='ocrx_word' id='word_1_404' title='bbox 2685 857 2796 914; x_wconf 76' lang='lat' dir='ltr'><strong>Nec</strong></span> <span class='ocrx_word' id='word_1_405' title='bbox 2816 858 2981 912; x_wconf 90' lang='lat' dir='ltr'><strong>alium</strong></span> <span class='ocrx_word' id='word_1_406' title='bbox 3006 871 3251 928; x_wconf 65' lang='lat' dir='ltr'><strong>qumras;</strong></span> <span class='ocrx_word' id='word_1_407' title='bbox 3278 869 3378 910; x_wconf 93' lang='lat' dir='ltr'><strong>nec</strong></span> <span class='ocrx_word' id='word_1_408' title='bbox 3399 854 3542 910; x_wconf 91' lang='lat' dir='ltr'><strong>hunc</strong></span> <span class='ocrx_word' id='word_1_409' title='bbox 3561 869 3669 908; x_wconf 88' lang='lat' dir='ltr'><strong>non</strong></span> <span class='ocrx_word' id='word_1_410' title='bbox 3689 869 3812 909; x_wconf 84' lang='lat' dir='ltr'><strong>esse</strong></span> 
     </span>
    </p>
   </div>
   <div class='ocr_carea' id='block_1_48' title="bbox 2217 945 3810 1011">
    <p class='ocr_par' dir='ltr' id='par_1_48' title="bbox 2217 945 3810 1011">
     <span class='ocr_line' id='line_1_48' title="bbox 2217 945 3810 1011; baseline -0.004 -5"><span class='ocrx_word' id='word_1_411' title='bbox 2217 953 2429 1006; x_wconf 81' lang='lat' dir='ltr'><strong>credas.</strong></span> <span class='ocrx_word' id='word_1_412' title='bbox 2479 951 2588 1004; x_wconf 80' lang='lat' dir='ltr'><strong>Aut</strong></span> <span class='ocrx_word' id='word_1_413' title='bbox 2621 950 2665 1004; x_wconf 92' lang='lat' dir='ltr'><strong>si</strong></span> <span class='ocrx_word' id='word_1_414' title='bbox 2697 948 2835 1004; x_wconf 81' lang='lat' dir='ltr'><strong>forte</strong></span> <span class='ocrx_word' id='word_1_415' title='bbox 2866 949 2964 1004; x_wconf 91' lang='lat' dir='ltr'><strong>tibi</strong></span> <span class='ocrx_word' id='word_1_416' title='bbox 2991 947 3257 1004; x_wconf 85' lang='lat' dir='ltr'><strong>dubitatio</strong></span> <span class='ocrx_word' id='word_1_417' title='bbox 3286 947 3376 1011; x_wconf 89' lang='lat' dir='ltr'><strong>sit,</strong></span> <span class='ocrx_word' id='word_1_418' title='bbox 3404 945 3450 1003; x_wconf 91' lang='lat' dir='ltr'><strong>si</strong></span> <span class='ocrx_word' id='word_1_419' title='bbox 3472 948 3536 1002; x_wconf 88' lang='lat' dir='ltr'><strong>de</strong></span> <span class='ocrx_word' id='word_1_420' title='bbox 3567 945 3810 1001; x_wconf 87' lang='lat' dir='ltr'><strong>humana</strong></span> 
     </span>
    </p>
   </div>
   <div class='ocr_carea' id='block_1_49' title="bbox 2217 1037 3813 1109">
    <p class='ocr_par' dir='ltr' id='par_1_49' title="bbox 2217 1037 3813 1109">
     <span class='ocr_line' id='line_1_49' title="bbox 2217 1037 3813 1109; baseline -0.004 -12"><span class='ocrx_word' id='word_1_421' title='bbox 2217 1042 2424 1097; x_wconf 83' lang='lat' dir='ltr'><strong>Christi</strong></span> <span class='ocrx_word' id='word_1_422' title='bbox 2469 1049 2664 1095; x_wconf 88' lang='lat' dir='ltr'><strong>natura</strong></span> <span class='ocrx_word' id='word_1_423' title='bbox 2711 1041 2828 1096; x_wconf 72' lang='lat' dir='ltr'><strong>htee</strong></span> <span class='ocrx_word' id='word_1_424' title='bbox 2870 1039 3016 1094; x_wconf 87' lang='lat' dir='ltr'><strong>dicta</strong></span> <span class='ocrx_word' id='word_1_425' title='bbox 3053 1039 3182 1103; x_wconf 90' lang='lat' dir='ltr'><strong>sint,</strong></span> <span class='ocrx_word' id='word_1_426' title='bbox 3216 1037 3334 1109; x_wconf 82' lang='lat' dir='ltr'><strong>lege</strong></span> <span class='ocrx_word' id='word_1_427' title='bbox 3379 1038 3522 1093; x_wconf 90' lang='lat' dir='ltr'><strong>beati</strong></span> <span class='ocrx_word' id='word_1_428' title='bbox 3557 1037 3813 1109; x_wconf 73' lang='lat' dir='ltr'><strong>Gregorii</strong></span> 
     </span>
    </p>
   </div>
   <div class='ocr_carea' id='block_1_50' title="bbox 2219 1130 3812 1206">
    <p class='ocr_par' dir='ltr' id='par_1_50' title="bbox 2219 1130 3812 1206">
     <span class='ocr_line' id='line_1_50' title="bbox 2219 1130 3812 1206; baseline -0.002 -18"><span class='ocrx_word' id='word_1_429' title='bbox 2219 1133 2431 1206; x_wconf 78' lang='lat' dir='ltr'><strong>pnefati</strong></span> <span class='ocrx_word' id='word_1_430' title='bbox 2464 1132 2644 1186; x_wconf 84' lang='lat' dir='ltr'><strong>Patris</strong></span> <span class='ocrx_word' id='word_1_431' title='bbox 2673 1133 2726 1186; x_wconf 94' lang='lat' dir='ltr'><strong>in</strong></span> <span class='ocrx_word' id='word_1_432' title='bbox 2758 1131 2997 1187; x_wconf 88' lang='lat' dir='ltr'><strong>homiliis</strong></span> <span class='ocrx_word' id='word_1_433' title='bbox 3026 1130 3328 1185; x_wconf 83' lang='lat' dir='ltr'><strong>Ezechielis</strong></span> <span class='ocrx_word' id='word_1_434' title='bbox 3359 1131 3425 1186; x_wconf 91' lang='lat' dir='ltr'><strong>de</strong></span> <span class='ocrx_word' id='word_1_435' title='bbox 3457 1131 3559 1186; x_wconf 88' lang='lat' dir='ltr'><strong>hac</strong></span> <span class='ocrx_word' id='word_1_436' title='bbox 3584 1139 3812 1202; x_wconf 89' lang='lat' dir='ltr'><strong>paterna</strong></span> 
     </span>
    </p>
   </div>
   <div class='ocr_carea' id='block_1_51' title="bbox 2222 1221 3817 1294">
    <p class='ocr_par' dir='ltr' id='par_1_51' title="bbox 2222 1221 3817 1294">
     <span class='ocr_line' id='line_1_51' title="bbox 2222 1221 3817 1294; baseline -0.001 -16"><span class='ocrx_word' id='word_1_437' title='bbox 2222 1239 2356 1279; x_wconf 79' lang='lat' dir='ltr'><strong>voce</strong></span> <span class='ocrx_word' id='word_1_438' title='bbox 2393 1239 2609 1287; x_wconf 89' lang='lat' dir='ltr'><strong>sensus,</strong></span> <span class='ocrx_word' id='word_1_439' title='bbox 2641 1223 2733 1294; x_wconf 90' lang='lat' dir='ltr'><strong>qui</strong></span> <span class='ocrx_word' id='word_1_440' title='bbox 2771 1231 2896 1293; x_wconf 89' lang='lat' dir='ltr'><strong>post</strong></span> <span class='ocrx_word' id='word_1_441' title='bbox 2935 1221 3164 1292; x_wconf 90' lang='lat' dir='ltr'><strong>plurima</strong></span> <span class='ocrx_word' id='word_1_442' title='bbox 3215 1222 3571 1277; x_wconf 83' lang='lat' dir='ltr'><strong>humanitatis</strong></span> <span class='ocrx_word' id='word_1_443' title='bbox 3610 1221 3817 1279; x_wconf 87' lang='lat' dir='ltr'><strong>Christi</strong></span> 
     </span>
    </p>
   </div>
   <div class='ocr_carea' id='block_1_52' title="bbox 2224 1311 3819 1384">
    <p class='ocr_par' dir='ltr' id='par_1_52' title="bbox 2224 1311 3819 1384">
     <span class='ocr_line' id='line_1_52' title="bbox 2224 1311 3819 1384; baseline -0.001 -15"><span class='ocrx_word' id='word_1_444' title='bbox 2224 1323 2566 1370; x_wconf 85' lang='lat' dir='ltr'><strong>sacramenta</strong></span> <span class='ocrx_word' id='word_1_445' title='bbox 2597 1323 2652 1368; x_wconf 89' lang='lat' dir='ltr'><strong>et</strong></span> <span class='ocrx_word' id='word_1_446' title='bbox 2699 1313 3030 1384; x_wconf 61' lang='lat' dir='ltr'><strong>prophetica</strong></span> <span class='ocrx_word' id='word_1_447' title='bbox 3059 1315 3284 1368; x_wconf 89' lang='lat' dir='ltr'><strong>visionis</strong></span> <span class='ocrx_word' id='word_1_448' title='bbox 3324 1315 3586 1384; x_wconf 86' lang='lat' dir='ltr'><strong>mysteria</strong></span> <span class='ocrx_word' id='word_1_449' title='bbox 3608 1355 3622 1378; x_wconf 94' lang='lat'><strong>,</strong></span> <span class='ocrx_word' id='word_1_450' title='bbox 3657 1311 3819 1383; x_wconf 82' lang='lat' dir='ltr'><strong>hujus</strong></span> 
     </span>
    </p>
   </div>
   <div class='ocr_carea' id='block_1_53' title="bbox 2225 1401 3816 1477">
    <p class='ocr_par' dir='ltr' id='par_1_53' title="bbox 2225 1401 3816 1477">
     <span class='ocr_line' id='line_1_53' title="bbox 2225 1401 3816 1477; baseline -0.001 -20"><span class='ocrx_word' id='word_1_451' title='bbox 2225 1415 2466 1477; x_wconf 70' lang='lat' dir='ltr'><strong>patcmte</strong></span> <span class='ocrx_word' id='word_1_452' title='bbox 2525 1403 2674 1459; x_wconf 87' lang='lat' dir='ltr'><strong>vocis</strong></span> <span class='ocrx_word' id='word_1_453' title='bbox 2732 1403 3107 1458; x_wconf 72' lang='lat' dir='ltr'><strong>excellentiam</strong></span> <span class='ocrx_word' id='word_1_454' title='bbox 3159 1401 3424 1458; x_wconf 79' lang='lat' dir='ltr'><strong>subinfert</strong></span> <span class='ocrx_word' id='word_1_455' title='bbox 3482 1403 3671 1458; x_wconf 87' lang='lat' dir='ltr'><strong>dicens</strong></span> <span class='ocrx_word' id='word_1_456' title='bbox 3719 1413 3745 1443; x_wconf 72' lang='grc' dir='ltr'><strong>ι</strong></span> <span class='ocrx_word' id='word_1_457' title='bbox 3801 1420 3816 1456; x_wconf 89' lang='lat'><strong>:</strong></span> 
     </span>
    </p>
   </div>
   <div class='ocr_carea' id='block_1_54' title="bbox 2232 1495 3823 1567">
    <p class='ocr_par' dir='ltr' id='par_1_54' title="bbox 2232 1495 3823 1567">
     <span class='ocr_line' id='line_1_54' title="bbox 2232 1495 3823 1567; baseline -0.001 -17"><span class='ocrx_word' id='word_1_458' title='bbox 2232 1517 2250 1550; x_wconf 82' lang='grc' dir='ltr'><strong>ι</strong></span> <span class='ocrx_word' id='word_1_459' title='bbox 2289 1499 2399 1554; x_wconf 77' lang='lat' dir='ltr'><strong>Vox</strong></span> <span class='ocrx_word' id='word_1_460' title='bbox 2422 1539 2436 1563; x_wconf 94' lang='lat'><strong>,</strong></span> <span class='ocrx_word' id='word_1_461' title='bbox 2469 1499 2678 1567; x_wconf 87' lang='lat' dir='ltr'><strong>inquit,</strong></span> <span class='ocrx_word' id='word_1_462' title='bbox 2709 1512 2872 1566; x_wconf 85' lang='lat' dir='ltr'><strong>super</strong></span> <span class='ocrx_word' id='word_1_463' title='bbox 2911 1496 3314 1551; x_wconf 69' lang='lat' dir='ltr'><strong>[irritamentum</strong></span> <span class='ocrx_word' id='word_1_464' title='bbox 3364 1495 3506 1551; x_wconf 80' lang='lat' dir='ltr'><strong>facta</strong></span> <span class='ocrx_word' id='word_1_465' title='bbox 3545 1505 3658 1559; x_wconf 89' lang='lat' dir='ltr'><strong>est,</strong></span> <span class='ocrx_word' id='word_1_466' title='bbox 3699 1509 3823 1565; x_wconf 70' lang='lat' dir='ltr'><strong>quae</strong></span> 
     </span>
    </p>
   </div>
   <div class='ocr_carea' id='block_1_55' title="bbox 2227 1585 3818 1659">
    <p class='ocr_par' dir='ltr' id='par_1_55' title="bbox 2227 1585 3818 1659">
     <span class='ocr_line' id='line_1_55' title="bbox 2227 1585 3818 1659; baseline -0.003 -16"><span class='ocrx_word' id='word_1_467' title='bbox 2227 1604 2391 1659; x_wconf 91' lang='lat' dir='ltr'><strong>super</strong></span> <span class='ocrx_word' id='word_1_468' title='bbox 2410 1590 2747 1657; x_wconf 87' lang='lat' dir='ltr'><strong>baptizatum</strong></span> <span class='ocrx_word' id='word_1_469' title='bbox 2773 1587 3060 1641; x_wconf 90' lang='lat' dir='ltr'><strong>Dominum</strong></span> <span class='ocrx_word' id='word_1_470' title='bbox 3090 1587 3157 1640; x_wconf 87' lang='lat' dir='ltr'><strong>de</strong></span> <span class='ocrx_word' id='word_1_471' title='bbox 3193 1585 3332 1642; x_wconf 69' lang='lat' dir='ltr'><strong>caalo</strong></span> <span class='ocrx_word' id='word_1_472' title='bbox 3370 1587 3553 1642; x_wconf 89' lang='lat' dir='ltr'><strong>sonuit</strong></span> <span class='ocrx_word' id='word_1_473' title='bbox 3589 1585 3776 1640; x_wconf 87' lang='lat' dir='ltr'><strong>dicens</strong></span> <span class='ocrx_word' id='word_1_474' title='bbox 3807 1604 3818 1639; x_wconf 89' lang='lat'><strong>:</strong></span> 
     </span>
    </p>
   </div>
   <div class='ocr_carea' id='block_1_56' title="bbox 2233 1675 3822 1747">
    <p class='ocr_par' dir='ltr' id='par_1_56' title="bbox 2233 1675 3822 1747">
     <span class='ocr_line' id='line_1_56' title="bbox 2233 1675 3822 1747; baseline -0.001 -15"><span class='ocrx_word' id='word_1_475' title='bbox 2233 1677 2308 1732; x_wconf 82' lang='lat' dir='ltr'><strong>Tu</strong></span> <span class='ocrx_word' id='word_1_476' title='bbox 2330 1696 2382 1733; x_wconf 84' lang='lat' dir='ltr'><strong>es</strong></span> <span class='ocrx_word' id='word_1_477' title='bbox 2409 1678 2456 1731; x_wconf 81' lang='lat' dir='ltr'><em>F</em></span> <span class='ocrx_word' id='word_1_478' title='bbox 2459 1679 2581 1732; x_wconf 79' lang='lat' dir='ltr'><strong>ilius</strong></span> <span class='ocrx_word' id='word_1_479' title='bbox 2609 1695 2750 1732; x_wconf 80' lang='lat' dir='ltr'><strong>meas</strong></span> <span class='ocrx_word' id='word_1_480' title='bbox 2779 1677 3022 1742; x_wconf 80' lang='lat' dir='ltr'><strong>dilectus,</strong></span> <span class='ocrx_word' id='word_1_481' title='bbox 3055 1678 3108 1729; x_wconf 85' lang='lat' dir='ltr'><strong>in</strong></span> <span class='ocrx_word' id='word_1_482' title='bbox 3138 1687 3184 1730; x_wconf 90' lang='lat' dir='ltr'><strong>te</strong></span> <span class='ocrx_word' id='word_1_483' title='bbox 3219 1675 3513 1746; x_wconf 84' lang='lat' dir='ltr'><strong>complacui</strong></span> <span class='ocrx_word' id='word_1_484' title='bbox 3545 1675 3698 1747; x_wconf 85' lang='lat' dir='ltr'><strong>(Luc.</strong></span> <span class='ocrx_word' id='word_1_485' title='bbox 3731 1691 3822 1740; x_wconf 84' lang='grc' dir='ltr'>ιιι,</span> 
     </span>
    </p>
   </div>
   <div class='ocr_carea' id='block_1_57' title="bbox 2229 1766 3827 1840">
    <p class='ocr_par' dir='ltr' id='par_1_57' title="bbox 2229 1766 3827 1840">
     <span class='ocr_line' id='line_1_57' title="bbox 2229 1766 3827 1840; baseline -0.001 -17"><span class='ocrx_word' id='word_1_486' title='bbox 2229 1769 2353 1840; x_wconf 72' lang='lat'><strong>22);</strong></span> <span class='ocrx_word' id='word_1_487' title='bbox 2384 1770 2468 1824; x_wconf 90' lang='lat' dir='ltr'><strong>vel</strong></span> <span class='ocrx_word' id='word_1_488' title='bbox 2499 1771 2639 1825; x_wconf 89' lang='lat' dir='ltr'><strong>sicut</strong></span> <span class='ocrx_word' id='word_1_489' title='bbox 2667 1785 2765 1840; x_wconf 90' lang='lat' dir='ltr'><strong>per</strong></span> <span class='ocrx_word' id='word_1_490' title='bbox 2792 1769 3190 1837; x_wconf 82' lang='lat' dir='ltr'><strong>Evangelistam</strong></span> <span class='ocrx_word' id='word_1_491' title='bbox 3227 1769 3392 1822; x_wconf 89' lang='lat' dir='ltr'><strong>alium</strong></span> <span class='ocrx_word' id='word_1_492' title='bbox 3431 1768 3632 1823; x_wconf 87' lang='lat' dir='ltr'><strong>dicitur</strong></span> <span class='ocrx_word' id='word_1_493' title='bbox 3665 1782 3679 1821; x_wconf 90' lang='lat'><strong>:</strong></span> <span class='ocrx_word' id='word_1_494' title='bbox 3721 1766 3827 1823; x_wconf 85' lang='lat' dir='ltr'><strong>Hic</strong></span> 
     </span>
    </p>
   </div>
   <div class='ocr_carea' id='block_1_58' title="bbox 2157 1859 3820 1932">
    <p class='ocr_par' dir='ltr' id='par_1_58' title="bbox 2157 1859 3820 1932">
     <span class='ocr_line' id='line_1_58' title="bbox 2157 1859 3820 1932; baseline -0.003 -15"><span class='ocrx_word' id='word_1_495' title='bbox 2157 1871 2198 1929; x_wconf 72' lang='grc' dir='ltr'>Ιι</span> <span class='ocrx_word' id='word_1_496' title='bbox 2228 1874 2300 1917; x_wconf 84' lang='lat' dir='ltr'><strong>est</strong></span> <span class='ocrx_word' id='word_1_497' title='bbox 2328 1862 2503 1918; x_wconf 84' lang='lat' dir='ltr'><strong>Filius</strong></span> <span class='ocrx_word' id='word_1_498' title='bbox 2527 1880 2672 1916; x_wconf 79' lang='lat' dir='ltr'><strong>meus</strong></span> <span class='ocrx_word' id='word_1_499' title='bbox 2693 1863 2935 1927; x_wconf 84' lang='lat' dir='ltr'><strong>dilectus,</strong></span> <span class='ocrx_word' id='word_1_500' title='bbox 2963 1863 3017 1915; x_wconf 85' lang='lat' dir='ltr'><strong>in</strong></span> <span class='ocrx_word' id='word_1_501' title='bbox 3033 1879 3134 1932; x_wconf 85' lang='lat' dir='ltr'><strong>quo</strong></span> <span class='ocrx_word' id='word_1_502' title='bbox 3151 1862 3277 1914; x_wconf 82' lang='lat' dir='ltr'><strong>mihi</strong></span> <span class='ocrx_word' id='word_1_503' title='bbox 3306 1861 3434 1914; x_wconf 81' lang='lat' dir='ltr'><strong>bene</strong></span> <span class='ocrx_word' id='word_1_504' title='bbox 3454 1859 3769 1924; x_wconf 79' lang='lat' dir='ltr'><strong>complacuit</strong></span> <span class='ocrx_word' id='word_1_505' title='bbox 3800 1880 3820 1912; x_wconf 80' lang='grc' dir='ltr'><strong>ι</strong></span> 
     </span>
    </p>
   </div>
   <div class='ocr_carea' id='block_1_59' title="bbox 2231 1952 3826 2024">
    <p class='ocr_par' dir='ltr' id='par_1_59' title="bbox 2231 1952 3826 2024">
     <span class='ocr_line' id='line_1_59' title="bbox 2231 1952 3826 2024; baseline 0 -18"><span class='ocrx_word' id='word_1_506' title='bbox 2231 1953 2447 2024; x_wconf 75' lang='lat' dir='ltr'><strong>(Matth.</strong></span> <span class='ocrx_word' id='word_1_507' title='bbox 2499 1972 2581 2018; x_wconf 91' lang='grc' dir='ltr'>ιιι,</span> <span class='ocrx_word' id='word_1_508' title='bbox 2619 1953 2728 2024; x_wconf 84' lang='lat' dir='ltr'><strong>l7).</strong></span> <span class='ocrx_word' id='word_1_509' title='bbox 2801 1954 2865 2007; x_wconf 84' lang='lat' dir='ltr'><strong>Et</strong></span> <span class='ocrx_word' id='word_1_510' title='bbox 2917 1962 3042 2023; x_wconf 90' lang='lat' dir='ltr'><strong>post</strong></span> <span class='ocrx_word' id='word_1_511' title='bbox 3097 1969 3266 2024; x_wconf 88' lang='lat' dir='ltr'><strong>pauca</strong></span> <span class='ocrx_word' id='word_1_512' title='bbox 3298 1968 3311 2005; x_wconf 89' lang='lat'><strong>:</strong></span> <span class='ocrx_word' id='word_1_513' title='bbox 3350 1971 3368 2002; x_wconf 78' lang='grc' dir='ltr'><strong>ι</strong></span> <span class='ocrx_word' id='word_1_514' title='bbox 3406 1952 3465 2006; x_wconf 85' lang='grc' dir='ltr'><strong>ιιι</strong></span> <span class='ocrx_word' id='word_1_515' title='bbox 3494 1953 3611 2007; x_wconf 91' lang='lat' dir='ltr'><strong>solo</strong></span> <span class='ocrx_word' id='word_1_516' title='bbox 3641 1961 3826 2007; x_wconf 89' lang='lat' dir='ltr'><strong>autem</strong></span> 
     </span>
    </p>
   </div>
   <div class='ocr_carea' id='block_1_60' title="bbox 2231 2046 3828 2118">
    <p class='ocr_par' dir='ltr' id='par_1_60' title="bbox 2231 2046 3828 2118">
     <span class='ocr_line' id='line_1_60' title="bbox 2231 2046 3828 2118; baseline 0 -17"><span class='ocrx_word' id='word_1_517' title='bbox 2231 2048 2333 2101; x_wconf 83' lang='lat' dir='ltr'><strong>sibi</strong></span> <span class='ocrx_word' id='word_1_518' title='bbox 2367 2048 2643 2118; x_wconf 73' lang='lat' dir='ltr'><strong>unigenito</strong></span> <span class='ocrx_word' id='word_1_519' title='bbox 2668 2049 2899 2102; x_wconf 88' lang='lat' dir='ltr'><strong>Domino</strong></span> <span class='ocrx_word' id='word_1_520' title='bbox 2938 2048 3048 2102; x_wconf 88' lang='lat' dir='ltr'><strong>Deo</strong></span> <span class='ocrx_word' id='word_1_521' title='bbox 3075 2057 3262 2102; x_wconf 86' lang='lat' dir='ltr'><strong>nostro</strong></span> <span class='ocrx_word' id='word_1_522' title='bbox 3291 2046 3417 2102; x_wconf 82' lang='lat' dir='ltr'><strong>Jesu</strong></span> <span class='ocrx_word' id='word_1_523' title='bbox 3441 2046 3660 2103; x_wconf 87' lang='lat' dir='ltr'><strong>Christo</strong></span> <span class='ocrx_word' id='word_1_524' title='bbox 3682 2061 3828 2103; x_wconf 87' lang='lat' dir='ltr'><strong>com-</strong></span> 
     </span>
    </p>
   </div>
   <div class='ocr_carea' id='block_1_61' title="bbox 2232 2137 3829 2208">
    <p class='ocr_par' dir='ltr' id='par_1_61' title="bbox 2232 2137 3829 2208">
     <span class='ocr_line' id='line_1_61' title="bbox 2232 2137 3829 2208; baseline 0.003 -20"><span class='ocrx_word' id='word_1_525' title='bbox 2232 2139 2463 2207; x_wconf 70' lang='lat' dir='ltr'><strong>pEacuit,</strong></span> <span class='ocrx_word' id='word_1_526' title='bbox 2496 2139 2623 2208; x_wconf 78' lang='lat' dir='ltr'><strong>quia</strong></span> <span class='ocrx_word' id='word_1_527' title='bbox 2650 2139 2795 2192; x_wconf 90' lang='lat' dir='ltr'><strong>hunc</strong></span> <span class='ocrx_word' id='word_1_528' title='bbox 2828 2139 2974 2192; x_wconf 85' lang='lat' dir='ltr'><strong>inter</strong></span> <span class='ocrx_word' id='word_1_529' title='bbox 3016 2138 3264 2193; x_wconf 88' lang='lat' dir='ltr'><strong>homines</strong></span> <span class='ocrx_word' id='word_1_530' title='bbox 3306 2137 3585 2192; x_wconf 86' lang='lat' dir='ltr'><strong>hominem</strong></span> <span class='ocrx_word' id='word_1_531' title='bbox 3612 2152 3829 2192; x_wconf 84' lang='lat' dir='ltr'><strong>creasse</strong></span> 
     </span>
    </p>
   </div>
   <div class='ocr_carea' id='block_1_62' title="bbox 2231 2231 3831 2302">
    <p class='ocr_par' dir='ltr' id='par_1_62' title="bbox 2231 2231 3831 2302">
     <span class='ocr_line' id='line_1_62' title="bbox 2231 2231 3831 2302; baseline -0.002 -14"><span class='ocrx_word' id='word_1_532' title='bbox 2231 2249 2357 2288; x_wconf 90' lang='lat' dir='ltr'><strong>eum</strong></span> <span class='ocrx_word' id='word_1_533' title='bbox 2387 2248 2495 2286; x_wconf 87' lang='lat' dir='ltr'><strong>non</strong></span> <span class='ocrx_word' id='word_1_534' title='bbox 2535 2232 2788 2302; x_wconf 74' lang='lat' dir='ltr'><strong>pmnituit</strong></span> <span class='ocrx_word' id='word_1_535' title='bbox 2814 2273 2828 2296; x_wconf 96' lang='lat'><strong>,</strong></span> <span class='ocrx_word' id='word_1_536' title='bbox 2879 2231 2933 2285; x_wconf 90' lang='lat' dir='ltr'><strong>in</strong></span> <span class='ocrx_word' id='word_1_537' title='bbox 2969 2246 3077 2302; x_wconf 91' lang='lat' dir='ltr'><strong>quo</strong></span> <span class='ocrx_word' id='word_1_538' title='bbox 3107 2239 3391 2301; x_wconf 89' lang='lat' dir='ltr'><strong>peccatum</strong></span> <span class='ocrx_word' id='word_1_539' title='bbox 3423 2231 3629 2286; x_wconf 87' lang='lat' dir='ltr'><strong>nullum</strong></span> <span class='ocrx_word' id='word_1_540' title='bbox 3659 2232 3831 2285; x_wconf 89' lang='lat' dir='ltr'><strong>omni-</strong></span> 
     </span>
    </p>
   </div>
   <div class='ocr_carea' id='block_1_63' title="bbox 2233 2322 3827 2392">
    <p class='ocr_par' dir='ltr' id='par_1_63' title="bbox 2233 2322 3827 2392">
     <span class='ocr_line' id='line_1_63' title="bbox 2233 2322 3827 2392; baseline -0.003 -14"><span class='ocrx_word' id='word_1_541' title='bbox 2233 2324 2393 2378; x_wconf 85' lang='lat' dir='ltr'><strong>modo</strong></span> <span class='ocrx_word' id='word_1_542' title='bbox 2421 2324 2628 2377; x_wconf 86' lang='lat' dir='ltr'><strong>invenit</strong></span> <span class='ocrx_word' id='word_1_543' title='bbox 2649 2364 2663 2385; x_wconf 90' lang='lat'><strong>,</strong></span> <span class='ocrx_word' id='word_1_544' title='bbox 2697 2322 2841 2377; x_wconf 77' lang='lat' dir='ltr'><strong>situt</strong></span> <span class='ocrx_word' id='word_1_545' title='bbox 2867 2322 2934 2377; x_wconf 92' lang='lat' dir='ltr'><strong>de</strong></span> <span class='ocrx_word' id='word_1_546' title='bbox 2964 2322 3056 2378; x_wconf 90' lang='lat' dir='ltr'><strong>illo</strong></span> <span class='ocrx_word' id='word_1_547' title='bbox 3082 2337 3180 2392; x_wconf 89' lang='lat' dir='ltr'><strong>per</strong></span> <span class='ocrx_word' id='word_1_548' title='bbox 3207 2322 3548 2377; x_wconf 84' lang='lat' dir='ltr'><strong>Psalmistam</strong></span> <span class='ocrx_word' id='word_1_549' title='bbox 3581 2323 3783 2377; x_wconf 84' lang='lat' dir='ltr'><strong>dicitur</strong></span> <span class='ocrx_word' id='word_1_550' title='bbox 3814 2339 3827 2374; x_wconf 91' lang='lat'><strong>:</strong></span> 
     </span>
    </p>
   </div>
   <div class='ocr_carea' id='block_1_64' title="bbox 2233 2413 3833 2484">
    <p class='ocr_par' dir='ltr' id='par_1_64' title="bbox 2233 2413 3833 2484">
     <span class='ocr_line' id='line_1_64' title="bbox 2233 2413 3833 2484; baseline 0.001 -18"><span class='ocrx_word' id='word_1_551' title='bbox 2233 2413 2444 2467; x_wconf 79' lang='lat' dir='ltr'><strong>Jurarit</strong></span> <span class='ocrx_word' id='word_1_552' title='bbox 2474 2413 2752 2476; x_wconf 77' lang='lat' dir='ltr'><strong>Dominus,</strong></span> <span class='ocrx_word' id='word_1_553' title='bbox 2786 2422 2833 2468; x_wconf 92' lang='lat' dir='ltr'><strong>et</strong></span> <span class='ocrx_word' id='word_1_554' title='bbox 2867 2430 2971 2467; x_wconf 89' lang='lat' dir='ltr'><strong>non</strong></span> <span class='ocrx_word' id='word_1_555' title='bbox 2993 2415 3257 2484; x_wconf 76' lang='lat' dir='ltr'><strong>paenitebit</strong></span> <span class='ocrx_word' id='word_1_556' title='bbox 3284 2430 3402 2467; x_wconf 87' lang='lat' dir='ltr'><strong>eum</strong></span> <span class='ocrx_word' id='word_1_557' title='bbox 3427 2429 3442 2466; x_wconf 90' lang='lat'><strong><em>:</em></strong></span> <span class='ocrx_word' id='word_1_558' title='bbox 3473 2413 3548 2466; x_wconf 87' lang='lat' dir='ltr'><strong>Tu</strong></span> <span class='ocrx_word' id='word_1_559' title='bbox 3575 2431 3629 2468; x_wconf 80' lang='lat' dir='ltr'><strong>es</strong></span> <span class='ocrx_word' id='word_1_560' title='bbox 3659 2431 3833 2468; x_wconf 78' lang='lat' dir='ltr'><strong>sacer—</strong></span> 
     </span>
    </p>
   </div>
   <div class='ocr_carea' id='block_1_65' title="bbox 2235 2501 3832 2559">
    <p class='ocr_par' dir='ltr' id='par_1_65' title="bbox 2235 2501 3832 2559">
     <span class='ocr_line' id='line_1_65' title="bbox 2235 2501 3832 2559; baseline 0.003 -5"><span class='ocrx_word' id='word_1_561' title='bbox 2235 2501 2330 2555; x_wconf 78' lang='lat' dir='ltr'><strong>dos</strong></span> <span class='ocrx_word' id='word_1_562' title='bbox 2377 2503 2434 2556; x_wconf 82' lang='lat' dir='ltr'><strong>in</strong></span> <span class='ocrx_word' id='word_1_563' title='bbox 2501 2512 2756 2556; x_wconf 69' lang='lat' dir='ltr'><strong>mternum</strong></span> <span class='ocrx_word' id='word_1_564' title='bbox 2803 2503 3092 2557; x_wconf 79' lang='lat' dir='ltr'><strong>secundum</strong></span> <span class='ocrx_word' id='word_1_565' title='bbox 3156 2504 3391 2558; x_wconf 81' lang='lat' dir='ltr'><strong>ordinem</strong></span> <span class='ocrx_word' id='word_1_566' title='bbox 3451 2503 3832 2559; x_wconf 73' lang='lat' dir='ltr'><strong>Melchisedech</strong></span> 
     </span>
    </p>
   </div>
   <div class='ocr_carea' id='block_1_66' title="bbox 2237 2592 3837 2669">
    <p class='ocr_par' dir='ltr' id='par_1_66' title="bbox 2237 2592 3837 2669">
     <span class='ocr_line' id='line_1_66' title="bbox 2237 2592 3837 2669; baseline 0.005 -23"><span class='ocrx_word' id='word_1_567' title='bbox 2237 2592 2414 2664; x_wconf 75' lang='lat' dir='ltr'><strong>(Paul.</strong></span> <span class='ocrx_word' id='word_1_568' title='bbox 2443 2611 2556 2658; x_wconf 69' lang='lat' dir='ltr'><strong>cxx,</strong></span> <span class='ocrx_word' id='word_1_569' title='bbox 2587 2595 2665 2666; x_wconf 74' lang='grc'><strong>4).</strong></span> <span class='ocrx_word' id='word_1_570' title='bbox 2709 2594 2766 2650; x_wconf 80' lang='grc' dir='ltr'><strong>ιιι</strong></span> <span class='ocrx_word' id='word_1_571' title='bbox 2807 2596 2922 2652; x_wconf 91' lang='lat' dir='ltr'><strong>solo</strong></span> <span class='ocrx_word' id='word_1_572' title='bbox 2947 2610 3080 2667; x_wconf 81' lang='lat' dir='ltr'><strong>ergo</strong></span> <span class='ocrx_word' id='word_1_573' title='bbox 3112 2597 3215 2651; x_wconf 89' lang='lat' dir='ltr'><strong>sibi</strong></span> <span class='ocrx_word' id='word_1_574' title='bbox 3255 2596 3621 2669; x_wconf 83' lang='lat' dir='ltr'><strong>Redemptore</strong></span> <span class='ocrx_word' id='word_1_575' title='bbox 3647 2606 3837 2655; x_wconf 86' lang='lat' dir='ltr'><strong>nostro</strong></span> 
     </span>
    </p>
   </div>
   <div class='ocr_carea' id='block_1_67' title="bbox 2236 2686 3829 2761">
    <p class='ocr_par' dir='ltr' id='par_1_67' title="bbox 2236 2686 3829 2761">
     <span class='ocr_line' id='line_1_67' title="bbox 2236 2686 3829 2761; baseline 0.001 -19"><span class='ocrx_word' id='word_1_576' title='bbox 2236 2686 2538 2757; x_wconf 82' lang='lat' dir='ltr'><strong>cumplacet</strong></span> <span class='ocrx_word' id='word_1_577' title='bbox 2564 2686 2745 2753; x_wconf 88' lang='lat' dir='ltr'><strong>Pater,</strong></span> <span class='ocrx_word' id='word_1_578' title='bbox 2778 2689 2906 2759; x_wconf 91' lang='lat' dir='ltr'><strong>quia</strong></span> <span class='ocrx_word' id='word_1_579' title='bbox 2935 2690 2990 2744; x_wconf 91' lang='lat' dir='ltr'><strong>in</strong></span> <span class='ocrx_word' id='word_1_580' title='bbox 3020 2688 3136 2744; x_wconf 89' lang='lat' dir='ltr'><strong>solo</strong></span> <span class='ocrx_word' id='word_1_581' title='bbox 3159 2705 3266 2744; x_wconf 91' lang='lat' dir='ltr'><strong>non</strong></span> <span class='ocrx_word' id='word_1_582' title='bbox 3295 2689 3504 2745; x_wconf 90' lang='lat' dir='ltr'><strong>invenit</strong></span> <span class='ocrx_word' id='word_1_583' title='bbox 3533 2689 3770 2761; x_wconf 85' lang='lat' dir='ltr'><strong>culpam.</strong></span> <span class='ocrx_word' id='word_1_584' title='bbox 3811 2711 3829 2744; x_wconf 82' lang='grc' dir='ltr'><strong>ι</strong></span> 
     </span>
    </p>
   </div>
   <div class='ocr_carea' id='block_1_68' title="bbox 2236 2777 3839 2854">
    <p class='ocr_par' dir='ltr' id='par_1_68' title="bbox 2236 2777 3839 2854">
     <span class='ocr_line' id='line_1_68' title="bbox 2236 2777 3839 2854; baseline 0.004 -22"><span class='ocrx_word' id='word_1_585' title='bbox 2236 2777 2371 2833; x_wconf 74' lang='lat' dir='ltr'><strong>lzem</strong></span> <span class='ocrx_word' id='word_1_586' title='bbox 2402 2778 2456 2834; x_wconf 91' lang='lat' dir='ltr'><strong>in</strong></span> <span class='ocrx_word' id='word_1_587' title='bbox 2485 2780 2677 2835; x_wconf 90' lang='lat' dir='ltr'><strong>eadem</strong></span> <span class='ocrx_word' id='word_1_588' title='bbox 2718 2779 2938 2836; x_wconf 81' lang='lat' dir='ltr'><strong>humilia</strong></span> <span class='ocrx_word' id='word_1_589' title='bbox 2985 2798 2997 2834; x_wconf 91' lang='lat'>:</span> <span class='ocrx_word' id='word_1_590' title='bbox 3057 2799 3076 2830; x_wconf 76' lang='grc' dir='ltr'><strong>ι</strong></span> <span class='ocrx_word' id='word_1_591' title='bbox 3109 2779 3244 2836; x_wconf 91' lang='lat' dir='ltr'><strong>Cum</strong></span> <span class='ocrx_word' id='word_1_592' title='bbox 3289 2797 3417 2847; x_wconf 84' lang='lat' dir='ltr'><strong>vox,</strong></span> <span class='ocrx_word' id='word_1_593' title='bbox 3443 2782 3642 2853; x_wconf 90' lang='lat' dir='ltr'><strong>inquit,</strong></span> <span class='ocrx_word' id='word_1_594' title='bbox 3673 2799 3839 2854; x_wconf 88' lang='lat' dir='ltr'><strong>super</strong></span> 
     </span>
    </p>
   </div>
   <div class='ocr_carea' id='block_1_69' title="bbox 2239 2869 3840 2938">
    <p class='ocr_par' dir='ltr' id='par_1_69' title="bbox 2239 2869 3840 2938">
     <span class='ocr_line' id='line_1_69' title="bbox 2239 2869 3840 2938; baseline 0.004 -14"><span class='ocrx_word' id='word_1_595' title='bbox 2239 2869 2644 2926; x_wconf 76' lang='lat' dir='ltr'><strong>ﬁrmamentum</strong></span> <span class='ocrx_word' id='word_1_596' title='bbox 2669 2871 2762 2937; x_wconf 85' lang='lat' dir='ltr'><strong>sit,</strong></span> <span class='ocrx_word' id='word_1_597' title='bbox 2791 2879 2942 2927; x_wconf 88' lang='lat' dir='ltr'><strong>stant</strong></span> <span class='ocrx_word' id='word_1_598' title='bbox 2967 2872 3224 2927; x_wconf 87' lang='lat' dir='ltr'><strong>animalia</strong></span> <span class='ocrx_word' id='word_1_599' title='bbox 3244 2915 3257 2938; x_wconf 90' lang='lat'><strong>,</strong></span> <span class='ocrx_word' id='word_1_600' title='bbox 3293 2883 3349 2928; x_wconf 89' lang='lat' dir='ltr'><strong>et</strong></span> <span class='ocrx_word' id='word_1_601' title='bbox 3374 2873 3702 2930; x_wconf 89' lang='lat' dir='ltr'><strong>submittunt</strong></span> <span class='ocrx_word' id='word_1_602' title='bbox 3723 2874 3840 2930; x_wconf 84' lang='lat' dir='ltr'><strong>alas</strong></span> 
     </span>
    </p>
   </div>
   <div class='ocr_carea' id='block_1_70' title="bbox 2241 2963 3840 3039">
    <p class='ocr_par' dir='ltr' id='par_1_70' title="bbox 2241 2963 3840 3039">
     <span class='ocr_line' id='line_1_70' title="bbox 2241 2963 3840 3039; baseline 0.003 -20"><span class='ocrx_word' id='word_1_603' title='bbox 2241 2977 2392 3026; x_wconf 87' lang='lat' dir='ltr'><strong>suas,</strong></span> <span class='ocrx_word' id='word_1_604' title='bbox 2425 2963 2557 3032; x_wconf 91' lang='lat' dir='ltr'><strong>quia</strong></span> <span class='ocrx_word' id='word_1_605' title='bbox 2586 2964 2761 3018; x_wconf 88' lang='lat' dir='ltr'><strong>sancti</strong></span> <span class='ocrx_word' id='word_1_606' title='bbox 2789 2964 2990 3034; x_wconf 86' lang='lat' dir='ltr'><strong>quique</strong></span> <span class='ocrx_word' id='word_1_607' title='bbox 3030 2979 3154 3019; x_wconf 89' lang='lat' dir='ltr'><strong>cum</strong></span> <span class='ocrx_word' id='word_1_608' title='bbox 3191 2965 3366 3035; x_wconf 90' lang='lat' dir='ltr'><strong>ipsum</strong></span> <span class='ocrx_word' id='word_1_609' title='bbox 3406 2981 3622 3037; x_wconf 85' lang='lat' dir='ltr'><strong>quoque</strong></span> <span class='ocrx_word' id='word_1_610' title='bbox 3653 2968 3840 3039; x_wconf 74' lang='lat' dir='ltr'><strong>unige-</strong></span> 
     </span>
    </p>
   </div>
   <div class='ocr_carea' id='block_1_71' title="bbox 2241 3051 3842 3128">
    <p class='ocr_par' dir='ltr' id='par_1_71' title="bbox 2241 3051 3842 3128">
     <span class='ocr_line' id='line_1_71' title="bbox 2241 3051 3842 3128; baseline 0.003 -21"><span class='ocrx_word' id='word_1_611' title='bbox 2241 3052 2419 3107; x_wconf 91' lang='lat' dir='ltr'><strong>nitum</strong></span> <span class='ocrx_word' id='word_1_612' title='bbox 2445 3051 2772 3124; x_wconf 77' lang='lat' dir='ltr'><strong>ﬂagellatum</strong></span> <span class='ocrx_word' id='word_1_613' title='bbox 2801 3052 2856 3108; x_wconf 93' lang='lat' dir='ltr'><strong>in</strong></span> <span class='ocrx_word' id='word_1_614' title='bbox 2883 3053 2987 3109; x_wconf 91' lang='lat' dir='ltr'><strong>hoc</strong></span> <span class='ocrx_word' id='word_1_615' title='bbox 3015 3054 3218 3110; x_wconf 90' lang='lat' dir='ltr'><strong>mundo</strong></span> <span class='ocrx_word' id='word_1_616' title='bbox 3257 3055 3631 3127; x_wconf 87' lang='lat' dir='ltr'><strong>conspiciunt,</strong></span> <span class='ocrx_word' id='word_1_617' title='bbox 3677 3058 3842 3128; x_wconf 83' lang='lat' dir='ltr'><strong>depo-</strong></span> 
     </span>
    </p>
   </div>
   <div class='ocr_carea' id='block_1_72' title="bbox 2243 3141 3845 3216">
    <p class='ocr_par' dir='ltr' id='par_1_72' title="bbox 2243 3141 3845 3216">
     <span class='ocr_line' id='line_1_72' title="bbox 2243 3141 3845 3216; baseline 0.004 -19"><span class='ocrx_word' id='word_1_618' title='bbox 2243 3151 2401 3209; x_wconf 88' lang='lat' dir='ltr'><strong>nunt,</strong></span> <span class='ocrx_word' id='word_1_619' title='bbox 2431 3143 2477 3198; x_wconf 91' lang='lat' dir='ltr'><strong>si</strong></span> <span class='ocrx_word' id='word_1_620' title='bbox 2508 3141 2636 3213; x_wconf 82' lang='lat' dir='ltr'><strong>quid</strong></span> <span class='ocrx_word' id='word_1_621' title='bbox 2663 3144 2729 3200; x_wconf 89' lang='lat' dir='ltr'><strong>de</strong></span> <span class='ocrx_word' id='word_1_622' title='bbox 2764 3143 2879 3198; x_wconf 89' lang='lat' dir='ltr'><strong>suis</strong></span> <span class='ocrx_word' id='word_1_623' title='bbox 2922 3144 3136 3199; x_wconf 89' lang='lat' dir='ltr'><strong>meritis</strong></span> <span class='ocrx_word' id='word_1_624' title='bbox 3180 3156 3538 3216; x_wconf 74' lang='lat' dir='ltr'><strong>praesumunt.</strong></span> <span class='ocrx_word' id='word_1_625' title='bbox 3576 3165 3595 3199; x_wconf 84' lang='grc' dir='ltr'><strong>ι</strong></span> <span class='ocrx_word' id='word_1_626' title='bbox 3638 3145 3845 3204; x_wconf 85' lang='lat' dir='ltr'><strong>Certis-</strong></span> 
     </span>
    </p>
   </div>
   <div class='ocr_carea' id='block_1_73' title="bbox 2166 3232 3846 3304">
    <p class='ocr_par' dir='ltr' id='par_1_73' title="bbox 2166 3232 3846 3304">
     <span class='ocr_line' id='line_1_73' title="bbox 2166 3232 3846 3304; baseline 0.004 -16"><span class='ocrx_word' id='word_1_627' title='bbox 2166 3232 2212 3296; x_wconf 85' lang='lat' dir='ltr'><strong>C</strong></span> <span class='ocrx_word' id='word_1_628' title='bbox 2246 3233 2384 3288; x_wconf 88' lang='lat' dir='ltr'><strong>sime</strong></span> <span class='ocrx_word' id='word_1_629' title='bbox 2415 3235 2555 3289; x_wconf 90' lang='lat' dir='ltr'><strong>hanc</strong></span> <span class='ocrx_word' id='word_1_630' title='bbox 2584 3247 2774 3290; x_wconf 88' lang='lat' dir='ltr'><strong>vocem</strong></span> <span class='ocrx_word' id='word_1_631' title='bbox 2804 3247 2966 3303; x_wconf 87' lang='lat' dir='ltr'><strong>super</strong></span> <span class='ocrx_word' id='word_1_632' title='bbox 2995 3235 3333 3304; x_wconf 86' lang='lat' dir='ltr'><strong>baptizatum</strong></span> <span class='ocrx_word' id='word_1_633' title='bbox 3362 3234 3652 3293; x_wconf 87' lang='lat' dir='ltr'><strong>Dominum</strong></span> <span class='ocrx_word' id='word_1_634' title='bbox 3679 3239 3846 3294; x_wconf 88' lang='lat' dir='ltr'><strong>emis-</strong></span> 
     </span>
    </p>
   </div>
   <div class='ocr_carea' id='block_1_74' title="bbox 2246 3326 3846 3388">
    <p class='ocr_par' dir='ltr' id='par_1_74' title="bbox 2246 3326 3846 3388">
     <span class='ocr_line' id='line_1_74' title="bbox 2246 3326 3846 3388; baseline 0.004 -7"><span class='ocrx_word' id='word_1_635' title='bbox 2246 3341 2362 3381; x_wconf 90' lang='lat' dir='ltr'><strong>sam</strong></span> <span class='ocrx_word' id='word_1_636' title='bbox 2401 3341 2521 3381; x_wconf 88' lang='lat' dir='ltr'><strong>esse</strong></span> <span class='ocrx_word' id='word_1_637' title='bbox 2548 3326 2651 3380; x_wconf 89' lang='lat' dir='ltr'><strong>iste</strong></span> <span class='ocrx_word' id='word_1_638' title='bbox 2683 3326 2918 3382; x_wconf 78' lang='lat' dir='ltr'><strong>eximius</strong></span> <span class='ocrx_word' id='word_1_639' title='bbox 2938 3327 3128 3383; x_wconf 82' lang='lat' dir='ltr'><strong>doctor</strong></span> <span class='ocrx_word' id='word_1_640' title='bbox 3152 3328 3436 3385; x_wconf 80' lang='lat' dir='ltr'><strong>intellexit.</strong></span> <span class='ocrx_word' id='word_1_641' title='bbox 3462 3327 3661 3386; x_wconf 83' lang='lat' dir='ltr'><strong>Procul</strong></span> <span class='ocrx_word' id='word_1_642' title='bbox 3683 3331 3846 3388; x_wconf 90' lang='lat' dir='ltr'><strong>dubio</strong></span> 
     </span>
    </p>
   </div>
   <div class='ocr_carea' id='block_1_75' title="bbox 2245 3416 3849 3493">
    <p class='ocr_par' dir='ltr' id='par_1_75' title="bbox 2245 3416 3849 3493">
     <span class='ocr_line' id='line_1_75' title="bbox 2245 3416 3849 3493; baseline 0.004 -21"><span class='ocrx_word' id='word_1_643' title='bbox 2245 3417 2556 3472; x_wconf 83' lang='lat' dir='ltr'><strong>immanitas</strong></span> <span class='ocrx_word' id='word_1_644' title='bbox 2585 3416 2852 3488; x_wconf 85' lang='lat' dir='ltr'><strong>baptizari</strong></span> <span class='ocrx_word' id='word_1_645' title='bbox 2893 3419 3108 3488; x_wconf 87' lang='lat' dir='ltr'><strong>potuit,</strong></span> <span class='ocrx_word' id='word_1_646' title='bbox 3138 3435 3246 3474; x_wconf 92' lang='lat' dir='ltr'><strong>non</strong></span> <span class='ocrx_word' id='word_1_647' title='bbox 3287 3418 3581 3475; x_wconf 83' lang='lat' dir='ltr'><strong>divinitas:</strong></span> <span class='ocrx_word' id='word_1_648' title='bbox 3610 3436 3849 3493; x_wconf 82' lang='lat' dir='ltr'><strong>eumque</strong></span> 
     </span>
    </p>
   </div>
   <div class='ocr_carea' id='block_1_76' title="bbox 2244 3508 3849 3580">
    <p class='ocr_par' dir='ltr' id='par_1_76' title="bbox 2244 3508 3849 3580">
     <span class='ocr_line' id='line_1_76' title="bbox 2244 3508 3849 3580; baseline 0.004 -18"><span class='ocrx_word' id='word_1_649' title='bbox 2244 3508 2336 3579; x_wconf 83' lang='lat' dir='ltr'><strong>qui</strong></span> <span class='ocrx_word' id='word_1_650' title='bbox 2388 3509 2504 3563; x_wconf 86' lang='lat' dir='ltr'><strong>sine</strong></span> <span class='ocrx_word' id='word_1_651' title='bbox 2545 3517 2771 3578; x_wconf 78' lang='lat' dir='ltr'><strong>peccato</strong></span> <span class='ocrx_word' id='word_1_652' title='bbox 2796 3511 2964 3574; x_wconf 90' lang='lat' dir='ltr'><strong>venit,</strong></span> <span class='ocrx_word' id='word_1_653' title='bbox 2989 3517 3045 3564; x_wconf 92' lang='lat' dir='ltr'><strong>et</strong></span> <span class='ocrx_word' id='word_1_654' title='bbox 3069 3509 3278 3580; x_wconf 77' lang='lat' dir='ltr'><strong>ﬂagella</strong></span> <span class='ocrx_word' id='word_1_655' title='bbox 3316 3525 3416 3580; x_wconf 91' lang='lat' dir='ltr'><strong>pro</strong></span> <span class='ocrx_word' id='word_1_656' title='bbox 3454 3513 3659 3567; x_wconf 83' lang='lat' dir='ltr'><strong>nostris</strong></span> <span class='ocrx_word' id='word_1_657' title='bbox 3686 3515 3849 3569; x_wconf 82' lang='lat' dir='ltr'><strong>susti-</strong></span> 
     </span>
    </p>
   </div>
   <div class='ocr_carea' id='block_1_77' title="bbox 2245 3600 3842 3672">
    <p class='ocr_par' dir='ltr' id='par_1_77' title="bbox 2245 3600 3842 3672">
     <span class='ocr_line' id='line_1_77' title="bbox 2245 3600 3842 3672; baseline 0.004 -18"><span class='ocrx_word' id='word_1_658' title='bbox 2245 3600 2364 3654; x_wconf 89' lang='lat' dir='ltr'><strong>nuit</strong></span> <span class='ocrx_word' id='word_1_659' title='bbox 2403 3600 2676 3670; x_wconf 90' lang='lat' dir='ltr'><strong>peccatis,</strong></span> <span class='ocrx_word' id='word_1_660' title='bbox 2708 3600 3047 3672; x_wconf 77' lang='lat' dir='ltr'><strong>unigenitum</strong></span> <span class='ocrx_word' id='word_1_661' title='bbox 3092 3601 3376 3658; x_wconf 86' lang='lat' dir='ltr'><strong>nominare</strong></span> <span class='ocrx_word' id='word_1_662' title='bbox 3403 3617 3511 3658; x_wconf 91' lang='lat' dir='ltr'><strong>non</strong></span> <span class='ocrx_word' id='word_1_663' title='bbox 3545 3606 3745 3660; x_wconf 82' lang='lat' dir='ltr'><strong>timuit.</strong></span> <span class='ocrx_word' id='word_1_664' title='bbox 3783 3605 3842 3662; x_wconf 87' lang='lat' dir='ltr'><strong>Si</strong></span> 
     </span>
    </p>
   </div>
   <div class='ocr_carea' id='block_1_78' title="bbox 2244 3678 3505 3764">
    <p class='ocr_par' dir='ltr' id='par_1_78' title="bbox 2244 3678 3505 3764">
     <span class='ocr_line' id='line_1_78' title="bbox 2244 3678 3505 3764; baseline 0.003 -20"><span class='ocrx_word' id='word_1_665' title='bbox 2244 3689 2558 3758; x_wconf 76' lang='lat' dir='ltr'><strong>unigenitus</strong></span> <span class='ocrx_word' id='word_1_666' title='bbox 2580 3678 3060 3761; x_wconf 69' lang='lat' dir='ltr'><strong>est,&#39;nequaquam</strong></span> <span class='ocrx_word' id='word_1_667' title='bbox 3087 3692 3373 3764; x_wconf 82' lang='lat' dir='ltr'><strong>adoptivus</strong></span> <span class='ocrx_word' id='word_1_668' title='bbox 3400 3704 3505 3750; x_wconf 89' lang='lat' dir='ltr'><strong>est.</strong></span> 
     </span>
    </p>
   </div>
   <div class='ocr_carea' id='block_1_79' title="bbox 2319 3825 3844 3887">
    <p class='ocr_par' dir='ltr' id='par_1_79' title="bbox 2319 3825 3844 3887">
     <span class='ocr_line' id='line_1_79' title="bbox 2319 3825 3844 3887; baseline 0.003 -6"><span class='ocrx_word' id='word_1_669' title='bbox 2319 3825 2458 3881; x_wconf 66' lang='lat' dir='ltr'><strong>XXI.</strong></span> <span class='ocrx_word' id='word_1_670' title='bbox 2484 3827 2700 3882; x_wconf 84' lang='lat' dir='ltr'><strong>Scimus</strong></span> <span class='ocrx_word' id='word_1_671' title='bbox 2725 3828 2944 3882; x_wconf 89' lang='lat' dir='ltr'><strong>beatum</strong></span> <span class='ocrx_word' id='word_1_672' title='bbox 2962 3827 3230 3884; x_wconf 87' lang='lat' dir='ltr'><strong>lsidorum</strong></span> <span class='ocrx_word' id='word_1_673' title='bbox 3253 3830 3435 3885; x_wconf 87' lang='lat' dir='ltr'><strong>dicere</strong></span> <span class='ocrx_word' id='word_1_674' title='bbox 3458 3830 3524 3885; x_wconf 88' lang='lat' dir='ltr'><strong>de</strong></span> <span class='ocrx_word' id='word_1_675' title='bbox 3542 3829 3760 3887; x_wconf 79' lang='lat' dir='ltr'><strong>Christo</strong></span> <span class='ocrx_word' id='word_1_676' title='bbox 3777 3834 3801 3872; x_wconf 62' lang='grc' dir='ltr'>ιθ</span> <span class='ocrx_word' id='word_1_677' title='bbox 3834 3852 3844 3886; x_wconf 91' lang='lat'>:</span> 
     </span>
    </p>
   </div>
   <div class='ocr_carea' id='block_1_80' title="bbox 2253 3916 3848 3991">
    <p class='ocr_par' dir='ltr' id='par_1_80' title="bbox 2253 3916 3848 3991">
     <span class='ocr_line' id='line_1_80' title="bbox 2253 3916 3848 3991; baseline 0.006 -23"><span class='ocrx_word' id='word_1_678' title='bbox 2253 3936 2271 3968; x_wconf 85' lang='grc' dir='ltr'><strong>ι</strong></span> <span class='ocrx_word' id='word_1_679' title='bbox 2313 3916 2634 3989; x_wconf 77' lang='lat' dir='ltr'><strong>Unigenitus</strong></span> <span class='ocrx_word' id='word_1_680' title='bbox 2661 3920 2715 3972; x_wconf 91' lang='lat' dir='ltr'><strong>in</strong></span> <span class='ocrx_word' id='word_1_681' title='bbox 2748 3918 3054 3983; x_wconf 85' lang='lat' dir='ltr'><strong>divinitate,</strong></span> <span class='ocrx_word' id='word_1_682' title='bbox 3089 3920 3485 3991; x_wconf 72' lang='lat' dir='ltr'><strong>primogenitae</strong></span> <span class='ocrx_word' id='word_1_683' title='bbox 3515 3923 3567 3977; x_wconf 91' lang='lat' dir='ltr'><strong>in</strong></span> <span class='ocrx_word' id='word_1_684' title='bbox 3599 3925 3848 3980; x_wconf 85' lang='lat' dir='ltr'><strong>humani—</strong></span> 
     </span>
    </p>
   </div>
   <div class='ocr_carea' id='block_1_81' title="bbox 2252 4009 3845 4085">
    <p class='ocr_par' dir='ltr' id='par_1_81' title="bbox 2252 4009 3845 4085">
     <span class='ocr_line' id='line_1_81' title="bbox 2252 4009 3845 4085; baseline 0.004 -20"><span class='ocrx_word' id='word_1_685' title='bbox 2252 4020 2361 4065; x_wconf 85' lang='lat' dir='ltr'><strong>tate</strong></span> <span class='ocrx_word' id='word_1_686' title='bbox 2401 4027 2414 4063; x_wconf 91' lang='lat'><strong>:</strong></span> <span class='ocrx_word' id='word_1_687' title='bbox 2461 4026 2567 4064; x_wconf 90' lang='lat' dir='ltr'><strong>non</strong></span> <span class='ocrx_word' id='word_1_688' title='bbox 2615 4021 2799 4065; x_wconf 82' lang='lat' dir='ltr'><strong>tamen</strong></span> <span class='ocrx_word' id='word_1_689' title='bbox 2846 4009 3076 4082; x_wconf 79' lang='lat' dir='ltr'><strong>legimus</strong></span> <span class='ocrx_word' id='word_1_690' title='bbox 3117 4027 3243 4068; x_wconf 87' lang='lat' dir='ltr'><strong>eum</strong></span> <span class='ocrx_word' id='word_1_691' title='bbox 3283 4015 3663 4071; x_wconf 86' lang='lat' dir='ltr'><strong>contradicere</strong></span> <span class='ocrx_word' id='word_1_692' title='bbox 3703 4017 3845 4085; x_wconf 86' lang='lat' dir='ltr'><strong>quod</strong></span> 
     </span>
    </p>
   </div>
   <div class='ocr_carea' id='block_1_82' title="bbox 2250 4101 3844 4177">
    <p class='ocr_par' dir='ltr' id='par_1_82' title="bbox 2250 4101 3844 4177">
     <span class='ocr_line' id='line_1_82' title="bbox 2250 4101 3844 4177; baseline 0.003 -22"><span class='ocrx_word' id='word_1_693' title='bbox 2250 4101 2646 4172; x_wconf 73' lang='lat' dir='ltr'><strong>primogenitus</strong></span> <span class='ocrx_word' id='word_1_694' title='bbox 2687 4116 2903 4171; x_wconf 85' lang='lat' dir='ltr'><strong>quoque</strong></span> <span class='ocrx_word' id='word_1_695' title='bbox 2929 4110 3074 4157; x_wconf 88' lang='lat' dir='ltr'><strong>esset</strong></span> <span class='ocrx_word' id='word_1_696' title='bbox 3100 4102 3155 4156; x_wconf 89' lang='lat' dir='ltr'><strong>in</strong></span> <span class='ocrx_word' id='word_1_697' title='bbox 3179 4101 3484 4169; x_wconf 85' lang='lat' dir='ltr'><strong>divinitate,</strong></span> <span class='ocrx_word' id='word_1_698' title='bbox 3516 4113 3571 4159; x_wconf 88' lang='lat' dir='ltr'><strong>et</strong></span> <span class='ocrx_word' id='word_1_699' title='bbox 3601 4107 3844 4177; x_wconf 77' lang='lat' dir='ltr'><strong>unigeni-</strong></span> 
     </span>
    </p>
   </div>
   <div class='ocr_carea' id='block_1_83' title="bbox 2249 4194 3850 4270">
    <p class='ocr_par' dir='ltr' id='par_1_83' title="bbox 2249 4194 3850 4270">
     <span class='ocr_line' id='line_1_83' title="bbox 2249 4194 3850 4270; baseline 0.006 -22"><span class='ocrx_word' id='word_1_700' title='bbox 2249 4202 2338 4248; x_wconf 87' lang='lat' dir='ltr'><strong>tus</strong></span> <span class='ocrx_word' id='word_1_701' title='bbox 2365 4194 2420 4250; x_wconf 92' lang='lat' dir='ltr'><strong>in</strong></span> <span class='ocrx_word' id='word_1_702' title='bbox 2450 4196 2808 4262; x_wconf 84' lang='lat' dir='ltr'><strong>immanitate,</strong></span> <span class='ocrx_word' id='word_1_703' title='bbox 2831 4211 2901 4250; x_wconf 90' lang='lat' dir='ltr'><strong>ne</strong></span> <span class='ocrx_word' id='word_1_704' title='bbox 2927 4195 3045 4266; x_wconf 87' lang='lat' dir='ltr'><strong>ipse</strong></span> <span class='ocrx_word' id='word_1_705' title='bbox 3070 4195 3276 4265; x_wconf 89' lang='lat' dir='ltr'><strong>aliquid</strong></span> <span class='ocrx_word' id='word_1_706' title='bbox 3307 4208 3500 4253; x_wconf 83' lang='lat' dir='ltr'><strong>contra</strong></span> <span class='ocrx_word' id='word_1_707' title='bbox 3529 4199 3850 4270; x_wconf 83' lang='lat' dir='ltr'><strong>Seripturas</strong></span> 
     </span>
    </p>
   </div>
   <div class='ocr_carea' id='block_1_84' title="bbox 2251 4284 3852 4360">
    <p class='ocr_par' dir='ltr' id='par_1_84' title="bbox 2251 4284 3852 4360">
     <span class='ocr_line' id='line_1_84' title="bbox 2251 4284 3852 4360; baseline 0.006 -21"><span class='ocrx_word' id='word_1_708' title='bbox 2251 4293 2473 4341; x_wconf 78' lang='lat' dir='ltr'><strong>sanctas</strong></span> <span class='ocrx_word' id='word_1_709' title='bbox 2498 4284 2773 4341; x_wconf 81' lang='lat' dir='ltr'><strong>allirmare</strong></span> <span class='ocrx_word' id='word_1_710' title='bbox 2806 4287 3104 4343; x_wconf 83' lang='lat' dir='ltr'><strong>videretur.</strong></span> <span class='ocrx_word' id='word_1_711' title='bbox 3143 4288 3442 4360; x_wconf 88' lang='lat' dir='ltr'><strong>Utrumque</strong></span> <span class='ocrx_word' id='word_1_712' title='bbox 3470 4289 3730 4347; x_wconf 90' lang='lat' dir='ltr'><strong>Dominus</strong></span> <span class='ocrx_word' id='word_1_713' title='bbox 3757 4308 3852 4348; x_wconf 89' lang='lat' dir='ltr'><strong>no-</strong></span> 
     </span>
    </p>
   </div>
   <div class='ocr_carea' id='block_1_85' title="bbox 2253 4375 3850 4454">
    <p class='ocr_par' dir='ltr' id='par_1_85' title="bbox 2253 4375 3850 4454">
     <span class='ocr_line' id='line_1_85' title="bbox 2253 4375 3850 4454; baseline 0.006 -25"><span class='ocrx_word' id='word_1_714' title='bbox 2253 4384 2366 4430; x_wconf 82' lang='lat' dir='ltr'><strong>ster</strong></span> <span class='ocrx_word' id='word_1_715' title='bbox 2391 4375 2550 4431; x_wconf 82' lang='lat' dir='ltr'><strong>Jesus</strong></span> <span class='ocrx_word' id='word_1_716' title='bbox 2575 4376 2825 4432; x_wconf 80' lang='lat' dir='ltr'><strong>Christus</strong></span> <span class='ocrx_word' id='word_1_717' title='bbox 2851 4378 2905 4432; x_wconf 89' lang='lat' dir='ltr'><strong>in</strong></span> <span class='ocrx_word' id='word_1_718' title='bbox 2934 4387 3162 4449; x_wconf 85' lang='lat' dir='ltr'><strong>utraque</strong></span> <span class='ocrx_word' id='word_1_719' title='bbox 3194 4388 3392 4435; x_wconf 85' lang='lat' dir='ltr'><strong>natura</strong></span> <span class='ocrx_word' id='word_1_720' title='bbox 3423 4380 3544 4447; x_wconf 83' lang='lat' dir='ltr'><strong>luit,</strong></span> <span class='ocrx_word' id='word_1_721' title='bbox 3577 4391 3634 4437; x_wconf 89' lang='lat' dir='ltr'><strong>et</strong></span> <span class='ocrx_word' id='word_1_722' title='bbox 3660 4384 3850 4454; x_wconf 57' lang='lat' dir='ltr'><strong>unigco</strong></span> 
     </span>
    </p>
   </div>
   <div class='ocr_carea' id='block_1_86' title="bbox 2253 4472 3853 4547">
    <p class='ocr_par' dir='ltr' id='par_1_86' title="bbox 2253 4472 3853 4547">
     <span class='ocr_line' id='line_1_86' title="bbox 2253 4472 3853 4547; baseline 0.003 -21"><span class='ocrx_word' id='word_1_723' title='bbox 2253 4472 2421 4538; x_wconf 89' lang='lat' dir='ltr'><strong>nitus,</strong></span> <span class='ocrx_word' id='word_1_724' title='bbox 2446 4480 2503 4526; x_wconf 89' lang='lat' dir='ltr'><strong>et</strong></span> <span class='ocrx_word' id='word_1_725' title='bbox 2530 4472 2942 4542; x_wconf 77' lang='lat' dir='ltr'><strong>primogenitus.</strong></span> <span class='ocrx_word' id='word_1_726' title='bbox 2974 4472 3297 4546; x_wconf 74' lang='lat' dir='ltr'><strong>Unigenitus</strong></span> <span class='ocrx_word' id='word_1_727' title='bbox 3320 4473 3375 4528; x_wconf 90' lang='lat' dir='ltr'><strong>in</strong></span> <span class='ocrx_word' id='word_1_728' title='bbox 3399 4473 3702 4541; x_wconf 88' lang='lat' dir='ltr'><strong>divinitate,</strong></span> <span class='ocrx_word' id='word_1_729' title='bbox 3725 4477 3853 4547; x_wconf 85' lang='lat' dir='ltr'><strong>quia</strong></span> 
     </span>
    </p>
   </div>
   <div class='ocr_carea' id='block_1_87' title="bbox 552 4557 3854 4661">
    <p class='ocr_par' dir='ltr' id='par_1_87' title="bbox 552 4557 3854 4661">
     <span class='ocr_line' id='line_1_87' title="bbox 552 4557 3854 4661; baseline 0.004 -46"><span class='ocrx_word' id='word_1_730' title='bbox 552 4557 614 4615; x_wconf 86' lang='lat' dir='ltr'><strong>Si</strong></span> <span class='ocrx_word' id='word_1_731' title='bbox 634 4574 766 4632; x_wconf 82' lang='lat' dir='ltr'><strong>ergo</strong></span> <span class='ocrx_word' id='word_1_732' title='bbox 795 4560 862 4616; x_wconf 90' lang='lat' dir='ltr'><strong>de</strong></span> <span class='ocrx_word' id='word_1_733' title='bbox 891 4562 1173 4618; x_wconf 85' lang='lat' dir='ltr'><strong>divinitate</strong></span> <span class='ocrx_word' id='word_1_734' title='bbox 1201 4566 1576 4619; x_wconf 85' lang='lat' dir='ltr'><strong>tantummodo</strong></span> <span class='ocrx_word' id='word_1_735' title='bbox 1606 4565 1708 4620; x_wconf 89' lang='lat' dir='ltr'><strong>hoc</strong></span> <span class='ocrx_word' id='word_1_736' title='bbox 1733 4566 2004 4634; x_wconf 80' lang='lat' dir='ltr'><strong>prolatum</strong></span> <span class='ocrx_word' id='word_1_737' title='bbox 2027 4583 2146 4623; x_wconf 84' lang='lat' dir='ltr'><strong>esse</strong></span> <span class='ocrx_word' id='word_1_738' title='bbox 2177 4602 2224 4661; x_wconf 76' lang='grc' dir='ltr'>υ</span> <span class='ocrx_word' id='word_1_739' title='bbox 2255 4567 2403 4621; x_wconf 89' lang='lat' dir='ltr'><strong>solus</strong></span> <span class='ocrx_word' id='word_1_740' title='bbox 2433 4568 2650 4636; x_wconf 82' lang='lat' dir='ltr'><strong>genitus</strong></span> <span class='ocrx_word' id='word_1_741' title='bbox 2675 4581 2743 4620; x_wconf 68' lang='lat' dir='ltr'><strong>ex</strong></span> <span class='ocrx_word' id='word_1_742' title='bbox 2770 4566 3012 4637; x_wconf 79' lang='lat' dir='ltr'><strong>ingenito</strong></span> <span class='ocrx_word' id='word_1_743' title='bbox 3040 4567 3201 4624; x_wconf 82' lang='lat' dir='ltr'><strong>Patre</strong></span> <span class='ocrx_word' id='word_1_744' title='bbox 3237 4586 3250 4623; x_wconf 88' lang='lat'><strong>:</strong></span> <span class='ocrx_word' id='word_1_745' title='bbox 3299 4570 3430 4626; x_wconf 86' lang='lat' dir='ltr'><strong>item</strong></span> <span class='ocrx_word' id='word_1_746' title='bbox 3457 4571 3510 4626; x_wconf 90' lang='lat' dir='ltr'><strong>in</strong></span> <span class='ocrx_word' id='word_1_747' title='bbox 3541 4573 3731 4628; x_wconf 89' lang='lat' dir='ltr'><strong>eadem</strong></span> <span class='ocrx_word' id='word_1_748' title='bbox 3760 4592 3854 4629; x_wconf 86' lang='lat' dir='ltr'><strong>na-</strong></span> 
     </span>
    </p>
   </div>
   <div class='ocr_carea' id='block_1_88' title="bbox 552 4651 2145 4722">
    <p class='ocr_par' dir='ltr' id='par_1_88' title="bbox 552 4651 2145 4722">
     <span class='ocr_line' id='line_1_88' title="bbox 552 4651 2145 4722; baseline 0.007 -17"><span class='ocrx_word' id='word_1_749' title='bbox 552 4651 811 4717; x_wconf 69' lang='lat' dir='ltr'><strong>testimas,</strong></span> <span class='ocrx_word' id='word_1_750' title='bbox 846 4653 1087 4709; x_wconf 86' lang='lat' dir='ltr'><strong>dividere</strong></span> <span class='ocrx_word' id='word_1_751' title='bbox 1115 4657 1198 4710; x_wconf 87' lang='lat' dir='ltr'><strong>vis</strong></span> <span class='ocrx_word' id='word_1_752' title='bbox 1225 4655 1524 4722; x_wconf 87' lang='lat' dir='ltr'><strong>Christum,</strong></span> <span class='ocrx_word' id='word_1_753' title='bbox 1568 4666 1626 4712; x_wconf 92' lang='lat' dir='ltr'><strong>et</strong></span> <span class='ocrx_word' id='word_1_754' title='bbox 1667 4667 1918 4712; x_wconf 88' lang='lat' dir='ltr'><strong>naturam</strong></span> <span class='ocrx_word' id='word_1_755' title='bbox 1947 4661 2145 4716; x_wconf 88' lang='lat' dir='ltr'><strong>divini-</strong></span> 
     </span>
    </p>
   </div>
   <div class='ocr_carea' id='block_1_89' title="bbox 556 4743 2153 4821">
    <p class='ocr_par' dir='ltr' id='par_1_89' title="bbox 556 4743 2153 4821">
     <span class='ocr_line' id='line_1_89' title="bbox 556 4743 2153 4821; baseline 0.004 -21"><span class='ocrx_word' id='word_1_756' title='bbox 556 4743 684 4800; x_wconf 80' lang='lat' dir='ltr'><strong>tatis</strong></span> <span class='ocrx_word' id='word_1_757' title='bbox 721 4747 1096 4800; x_wconf 86' lang='lat' dir='ltr'><strong>tantummodo</strong></span> <span class='ocrx_word' id='word_1_758' title='bbox 1133 4760 1253 4802; x_wconf 86' lang='lat' dir='ltr'><strong>esse</strong></span> <span class='ocrx_word' id='word_1_759' title='bbox 1289 4747 1328 4801; x_wconf 81' lang='lat' dir='ltr'><strong>F</strong></span> <span class='ocrx_word' id='word_1_760' title='bbox 1334 4748 1517 4814; x_wconf 89' lang='lat' dir='ltr'><strong>ilium;</strong></span> <span class='ocrx_word' id='word_1_761' title='bbox 1567 4749 1712 4819; x_wconf 86' lang='lat' dir='ltr'><strong>quod</strong></span> <span class='ocrx_word' id='word_1_762' title='bbox 1739 4767 1901 4819; x_wconf 86' lang='lat' dir='ltr'><strong>quam</strong></span> <span class='ocrx_word' id='word_1_763' title='bbox 1931 4767 2153 4821; x_wconf 86' lang='lat' dir='ltr'><strong>perver-</strong></span> 
     </span>
    </p>
   </div>
   <div class='ocr_carea' id='block_1_90' title="bbox 553 4838 2149 4913">
    <p class='ocr_par' dir='ltr' id='par_1_90' title="bbox 553 4838 2149 4913">
     <span class='ocr_line' id='line_1_90' title="bbox 553 4838 2149 4913; baseline 0.003 -19"><span class='ocrx_word' id='word_1_764' title='bbox 553 4850 674 4894; x_wconf 74' lang='lat' dir='ltr'><strong>wm</strong></span> <span class='ocrx_word' id='word_1_765' title='bbox 699 4838 791 4902; x_wconf 81' lang='lat' dir='ltr'><strong>sit,</strong></span> <span class='ocrx_word' id='word_1_766' title='bbox 818 4838 996 4893; x_wconf 89' lang='lat' dir='ltr'><strong>nullus</strong></span> <span class='ocrx_word' id='word_1_767' title='bbox 1023 4840 1236 4910; x_wconf 81' lang='lat' dir='ltr'><strong>ignorat</strong></span> <span class='ocrx_word' id='word_1_768' title='bbox 1256 4840 1575 4895; x_wconf 86' lang='lat' dir='ltr'><strong>catholicus.</strong></span> <span class='ocrx_word' id='word_1_769' title='bbox 1599 4842 1768 4912; x_wconf 78' lang='grc'><strong>885</strong></span> <span class='ocrx_word' id='word_1_770' title='bbox 1790 4843 1965 4913; x_wconf 87' lang='lat' dir='ltr'><strong>Super</strong></span> <span class='ocrx_word' id='word_1_771' title='bbox 1985 4861 2149 4899; x_wconf 85' lang='lat' dir='ltr'><strong>unum</strong></span> 
     </span>
    </p>
   </div>
   <div class='ocr_carea' id='block_1_91' title="bbox 554 4925 2153 4995">
    <p class='ocr_par' dir='ltr' id='par_1_91' title="bbox 554 4925 2153 4995">
     <span class='ocr_line' id='line_1_91' title="bbox 554 4925 2153 4995; baseline 0.004 -13"><span class='ocrx_word' id='word_1_772' title='bbox 554 4925 751 4982; x_wconf 76' lang='lat' dir='ltr'><strong>Filium</strong></span> <span class='ocrx_word' id='word_1_773' title='bbox 785 4926 924 4982; x_wconf 79' lang='lat' dir='ltr'><strong>facta</strong></span> <span class='ocrx_word' id='word_1_774' title='bbox 953 4937 1038 4983; x_wconf 89' lang='lat' dir='ltr'><strong>est</strong></span> <span class='ocrx_word' id='word_1_775' title='bbox 1078 4930 1194 4983; x_wconf 66' lang='lat' dir='ltr'><strong>bmc</strong></span> <span class='ocrx_word' id='word_1_776' title='bbox 1222 4945 1322 4983; x_wconf 80' lang='lat' dir='ltr'><strong>vox</strong></span> <span class='ocrx_word' id='word_1_777' title='bbox 1365 4929 1540 4984; x_wconf 80' lang='lat' dir='ltr'><strong>Patris</strong></span> <span class='ocrx_word' id='word_1_778' title='bbox 1564 4931 1629 4984; x_wconf 87' lang='lat' dir='ltr'><strong>de</strong></span> <span class='ocrx_word' id='word_1_779' title='bbox 1658 4932 1825 4995; x_wconf 75' lang='lat' dir='ltr'><strong>etelo,</strong></span> <span class='ocrx_word' id='word_1_780' title='bbox 1862 4943 1918 4987; x_wconf 91' lang='lat' dir='ltr'><strong>et</strong></span> <span class='ocrx_word' id='word_1_781' title='bbox 1956 4934 2022 4988; x_wconf 92' lang='lat' dir='ltr'><strong>de</strong></span> <span class='ocrx_word' id='word_1_782' title='bbox 2063 4933 2153 4988; x_wconf 90' lang='lat' dir='ltr'><strong>illo</strong></span> 
     </span>
    </p>
   </div>
   <div class='ocr_carea' id='block_1_92' title="bbox 557 5019 2157 5092">
    <p class='ocr_par' dir='ltr' id='par_1_92' title="bbox 557 5019 2157 5092">
     <span class='ocr_line' id='line_1_92' title="bbox 557 5019 2157 5092; baseline 0.005 -20"><span class='ocrx_word' id='word_1_783' title='bbox 557 5034 666 5075; x_wconf 88' lang='lat' dir='ltr'><strong>uno</strong></span> <span class='ocrx_word' id='word_1_784' title='bbox 689 5019 828 5075; x_wconf 83' lang='lat' dir='ltr'><strong>Filio</strong></span> <span class='ocrx_word' id='word_1_785' title='bbox 853 5021 1053 5075; x_wconf 87' lang='lat' dir='ltr'><strong>dicitur</strong></span> <span class='ocrx_word' id='word_1_786' title='bbox 1081 5039 1094 5075; x_wconf 89' lang='lat'><strong>:</strong></span> <span class='ocrx_word' id='word_1_787' title='bbox 1131 5020 1234 5073; x_wconf 73' lang='lat' dir='ltr'><strong>Hic</strong></span> <span class='ocrx_word' id='word_1_788' title='bbox 1254 5031 1330 5075; x_wconf 79' lang='lat' dir='ltr'><strong>est</strong></span> <span class='ocrx_word' id='word_1_789' title='bbox 1355 5021 1528 5074; x_wconf 80' lang='lat' dir='ltr'><strong>Filias</strong></span> <span class='ocrx_word' id='word_1_790' title='bbox 1550 5040 1697 5076; x_wconf 85' lang='lat' dir='ltr'><strong>meus</strong></span> <span class='ocrx_word' id='word_1_791' title='bbox 1720 5023 1960 5078; x_wconf 82' lang='lat' dir='ltr'><strong>dilectus.</strong></span> <span class='ocrx_word' id='word_1_792' title='bbox 1993 5024 2157 5092; x_wconf 85' lang='lat' dir='ltr'><strong>Quid-</strong></span> 
     </span>
    </p>
   </div>
   <div class='ocr_carea' id='block_1_93' title="bbox 556 5112 2155 5191">
    <p class='ocr_par' dir='ltr' id='par_1_93' title="bbox 556 5112 2155 5191">
     <span class='ocr_line' id='line_1_93' title="bbox 556 5112 2155 5191; baseline 0.006 -26"><span class='ocrx_word' id='word_1_793' title='bbox 556 5112 686 5180; x_wconf 86' lang='lat' dir='ltr'><strong>quid</strong></span> <span class='ocrx_word' id='word_1_794' title='bbox 719 5113 773 5166; x_wconf 90' lang='lat' dir='ltr'><strong>in</strong></span> <span class='ocrx_word' id='word_1_795' title='bbox 803 5113 1020 5169; x_wconf 88' lang='lat' dir='ltr'><strong>Christo</strong></span> <span class='ocrx_word' id='word_1_796' title='bbox 1047 5124 1148 5176; x_wconf 85' lang='lat' dir='ltr'><strong>est,</strong></span> <span class='ocrx_word' id='word_1_797' title='bbox 1180 5125 1233 5168; x_wconf 90' lang='lat' dir='ltr'><strong>et</strong></span> <span class='ocrx_word' id='word_1_798' title='bbox 1265 5115 1386 5168; x_wconf 80' lang='lat' dir='ltr'><strong>Filii</strong></span> <span class='ocrx_word' id='word_1_799' title='bbox 1417 5132 1612 5170; x_wconf 83' lang='lat' dir='ltr'><strong>nomen</strong></span> <span class='ocrx_word' id='word_1_800' title='bbox 1639 5117 1820 5178; x_wconf 83' lang='lat' dir='ltr'><strong>habet,</strong></span> <span class='ocrx_word' id='word_1_801' title='bbox 1858 5116 1954 5191; x_wconf 82' lang='lat' dir='ltr'><strong>[et]</strong></span> <span class='ocrx_word' id='word_1_802' title='bbox 1984 5121 2155 5189; x_wconf 85' lang='lat' dir='ltr'><strong>ipsius</strong></span> 
     </span>
    </p>
   </div>
   <div class='ocr_carea' id='block_1_94' title="bbox 558 5201 2150 5277">
    <p class='ocr_par' dir='ltr' id='par_1_94' title="bbox 558 5201 2150 5277">
     <span class='ocr_line' id='line_1_94' title="bbox 558 5201 2150 5277; baseline 0.006 -20"><span class='ocrx_word' id='word_1_803' title='bbox 558 5201 740 5257; x_wconf 83' lang='lat' dir='ltr'><strong>Patris</strong></span> <span class='ocrx_word' id='word_1_804' title='bbox 765 5205 1076 5259; x_wconf 87' lang='lat' dir='ltr'><strong>testimonio</strong></span> <span class='ocrx_word' id='word_1_805' title='bbox 1095 5247 1108 5268; x_wconf 92' lang='lat'><strong>,</strong></span> <span class='ocrx_word' id='word_1_806' title='bbox 1141 5204 1312 5261; x_wconf 77' lang='lat' dir='ltr'><strong>Filius</strong></span> <span class='ocrx_word' id='word_1_807' title='bbox 1347 5225 1490 5262; x_wconf 80' lang='lat' dir='ltr'><strong>meus</strong></span> <span class='ocrx_word' id='word_1_808' title='bbox 1519 5208 1742 5262; x_wconf 75' lang='lat' dir='ltr'><strong>dilectus</strong></span> <span class='ocrx_word' id='word_1_809' title='bbox 1773 5211 1991 5276; x_wconf 84' lang='lat' dir='ltr'><strong>dicitur,</strong></span> <span class='ocrx_word' id='word_1_810' title='bbox 2022 5229 2150 5277; x_wconf 89' lang='lat' dir='ltr'><strong>non,</strong></span> 
     </span>
    </p>
   </div>
   <div class='ocr_carea' id='block_1_95' title="bbox 559 5297 2152 5371">
    <p class='ocr_par' dir='ltr' id='par_1_95' title="bbox 559 5297 2152 5371">
     <span class='ocr_line' id='line_1_95' title="bbox 559 5297 2152 5371; baseline 0.006 -23"><span class='ocrx_word' id='word_1_811' title='bbox 559 5302 621 5348; x_wconf 88' lang='lat' dir='ltr'><strong>ut</strong></span> <span class='ocrx_word' id='word_1_812' title='bbox 661 5302 716 5348; x_wconf 89' lang='lat' dir='ltr'><strong>tu</strong></span> <span class='ocrx_word' id='word_1_813' title='bbox 758 5297 978 5359; x_wconf 87' lang='lat' dir='ltr'><strong>asseris,</strong></span> <span class='ocrx_word' id='word_1_814' title='bbox 1015 5297 1322 5366; x_wconf 89' lang='lat' dir='ltr'><strong>adoptivus.</strong></span> <span class='ocrx_word' id='word_1_815' title='bbox 1367 5299 1493 5353; x_wconf 80' lang='lat' dir='ltr'><strong>Tria</strong></span> <span class='ocrx_word' id='word_1_816' title='bbox 1529 5316 1659 5355; x_wconf 84' lang='lat' dir='ltr'><strong>vero</strong></span> <span class='ocrx_word' id='word_1_817' title='bbox 1689 5303 1741 5355; x_wconf 91' lang='lat' dir='ltr'><strong>in</strong></span> <span class='ocrx_word' id='word_1_818' title='bbox 1772 5318 1903 5357; x_wconf 86' lang='lat' dir='ltr'><strong>voce</strong></span> <span class='ocrx_word' id='word_1_819' title='bbox 1929 5313 2152 5371; x_wconf 83' lang='lat' dir='ltr'><strong>paterna</strong></span> 
     </span>
    </p>
   </div>
   <div class='ocr_carea' id='block_1_96' title="bbox 559 5383 2157 5453">
    <p class='ocr_par' dir='ltr' id='par_1_96' title="bbox 559 5383 2157 5453">
     <span class='ocr_line' id='line_1_96' title="bbox 559 5383 2157 5453; baseline 0.008 -17"><span class='ocrx_word' id='word_1_820' title='bbox 559 5383 743 5438; x_wconf 82' lang='lat' dir='ltr'><strong>audita</strong></span> <span class='ocrx_word' id='word_1_821' title='bbox 771 5393 896 5439; x_wconf 86' lang='lat' dir='ltr'><strong>sunt</strong></span> <span class='ocrx_word' id='word_1_822' title='bbox 923 5404 933 5438; x_wconf 93' lang='lat'>:</span> <span class='ocrx_word' id='word_1_823' title='bbox 969 5383 1164 5451; x_wconf 76' lang='lat' dir='ltr'><strong>Filius,</strong></span> <span class='ocrx_word' id='word_1_824' title='bbox 1195 5398 1251 5442; x_wconf 86' lang='lat' dir='ltr'><strong>et</strong></span> <span class='ocrx_word' id='word_1_825' title='bbox 1281 5407 1446 5453; x_wconf 80' lang='lat' dir='ltr'><strong>meus,</strong></span> <span class='ocrx_word' id='word_1_826' title='bbox 1479 5399 1534 5443; x_wconf 80' lang='lat' dir='ltr'><strong>ct</strong></span> <span class='ocrx_word' id='word_1_827' title='bbox 1571 5391 1792 5445; x_wconf 79' lang='lat' dir='ltr'><strong>dilectus</strong></span> <span class='ocrx_word' id='word_1_828' title='bbox 1821 5393 2039 5449; x_wconf 82' lang='lat' dir='ltr'><strong>dicitur.</strong></span> <span class='ocrx_word' id='word_1_829' title='bbox 2088 5395 2157 5449; x_wconf 83' lang='lat' dir='ltr'><strong>Et</strong></span> 
     </span>
    </p>
   </div>
   <div class='ocr_carea' id='block_1_97' title="bbox 557 5475 2152 5550">
    <p class='ocr_par' dir='ltr' id='par_1_97' title="bbox 557 5475 2152 5550">
     <span class='ocr_line' id='line_1_97' title="bbox 557 5475 2152 5550; baseline 0.009 -22"><span class='ocrx_word' id='word_1_830' title='bbox 557 5475 739 5532; x_wconf 86' lang='lat' dir='ltr'><strong>adhuc</strong></span> <span class='ocrx_word' id='word_1_831' title='bbox 781 5477 1032 5534; x_wconf 84' lang='lat' dir='ltr'><strong>addidit:</strong></span> <span class='ocrx_word' id='word_1_832' title='bbox 1083 5478 1151 5534; x_wconf 79' lang='lat' dir='ltr'><strong>In</strong></span> <span class='ocrx_word' id='word_1_833' title='bbox 1192 5498 1293 5550; x_wconf 75' lang='grc' dir='ltr'><strong>ᾳ.ιο</strong></span> <span class='ocrx_word' id='word_1_834' title='bbox 1326 5484 1452 5536; x_wconf 78' lang='lat' dir='ltr'><strong>mihi</strong></span> <span class='ocrx_word' id='word_1_835' title='bbox 1490 5484 1614 5538; x_wconf 80' lang='lat' dir='ltr'><strong>bene</strong></span> <span class='ocrx_word' id='word_1_836' title='bbox 1658 5485 1993 5549; x_wconf 80' lang='lat' dir='ltr'><strong>complacuit.</strong></span> <span class='ocrx_word' id='word_1_837' title='bbox 2038 5488 2152 5542; x_wconf 77' lang='lat' dir='ltr'><strong>Vox</strong></span> 
     </span>
    </p>
   </div>
   <div class='ocr_carea' id='block_1_98' title="bbox 561 5609 2149 5691">
    <p class='ocr_par' dir='ltr' id='par_1_98' title="bbox 561 5609 2149 5691">
     <span class='ocr_line' id='line_1_98' title="bbox 561 5609 2149 5691; baseline 0.006 -20"><span class='ocrx_word' id='word_1_838' title='bbox 561 5609 758 5671; x_wconf 79' lang='lat' dir='ltr'><strong>iterum</strong></span> <span class='ocrx_word' id='word_1_839' title='bbox 803 5616 968 5691; x_wconf 84' lang='lat' dir='ltr'><strong>sumit</strong></span> <span class='ocrx_word' id='word_1_840' title='bbox 1013 5617 1172 5671; x_wconf 82' lang='lat' dir='ltr'><strong>eam?</strong></span> <span class='ocrx_word' id='word_1_841' title='bbox 1211 5617 1460 5673; x_wconf 82' lang='lat' dir='ltr'><strong>Christus</strong></span> <span class='ocrx_word' id='word_1_842' title='bbox 1491 5637 1555 5674; x_wconf 71' lang='lat' dir='ltr'><strong>ex</strong></span> <span class='ocrx_word' id='word_1_843' title='bbox 1600 5636 1684 5683; x_wconf 75' lang='lat' dir='ltr'><strong>eo,</strong></span> <span class='ocrx_word' id='word_1_844' title='bbox 1725 5625 1868 5691; x_wconf 86' lang='lat' dir='ltr'><strong>quod</strong></span> <span class='ocrx_word' id='word_1_845' title='bbox 1914 5626 2149 5680; x_wconf 85' lang='lat' dir='ltr'><strong>Verbum</strong></span> 
     </span>
    </p>
   </div>
   <div class='ocr_carea' id='block_1_99' title="bbox 562 5687 2147 5755">
    <p class='ocr_par' dir='ltr' id='par_1_99' title="bbox 562 5687 2147 5755">
     <span class='ocr_line' id='line_1_99' title="bbox 562 5687 2147 5755; baseline 0.009 -15"><span class='ocrx_word' id='word_1_846' title='bbox 562 5692 665 5747; x_wconf 88' lang='lat' dir='ltr'><strong>est,</strong></span> <span class='ocrx_word' id='word_1_847' title='bbox 694 5687 846 5755; x_wconf 91' lang='lat' dir='ltr'><strong>ponit</strong></span> <span class='ocrx_word' id='word_1_848' title='bbox 876 5688 1133 5753; x_wconf 87' lang='lat' dir='ltr'><strong>animam,</strong></span> <span class='ocrx_word' id='word_1_849' title='bbox 1163 5697 1216 5744; x_wconf 80' lang='lat' dir='ltr'><strong>et</strong></span> <span class='ocrx_word' id='word_1_850' title='bbox 1247 5692 1409 5745; x_wconf 72' lang='lat' dir='ltr'><strong>sumit</strong></span> <span class='ocrx_word' id='word_1_851' title='bbox 1440 5705 1560 5745; x_wconf 75' lang='lat' dir='ltr'><strong>0am</strong></span> <span class='ocrx_word' id='word_1_852' title='bbox 1589 5687 1817 5748; x_wconf 79' lang='lat' dir='ltr'><strong>iterum?</strong></span> <span class='ocrx_word' id='word_1_853' title='bbox 1842 5695 1922 5748; x_wconf 80' lang='lat' dir='ltr'><strong>An</strong></span> <span class='ocrx_word' id='word_1_854' title='bbox 1961 5711 2022 5749; x_wconf 77' lang='lat' dir='ltr'><strong>ex</strong></span> <span class='ocrx_word' id='word_1_855' title='bbox 2063 5712 2147 5755; x_wconf 84' lang='lat' dir='ltr'><strong>eo.</strong></span> 
     </span>
    </p>
   </div>
   <div class='ocr_carea' id='block_1_100' title="bbox 561 5759 2150 5834">
    <p class='ocr_par' dir='ltr' id='par_1_100' title="bbox 561 5759 2150 5834">
     <span class='ocr_line' id='line_1_100' title="bbox 561 5759 2150 5834; baseline 0.007 -24"><span class='ocrx_word' id='word_1_856' title='bbox 561 5759 708 5834; x_wconf 76' lang='lat' dir='ltr'><strong>quod</strong></span> <span class='ocrx_word' id='word_1_857' title='bbox 757 5759 934 5834; x_wconf 77' lang='lat' dir='ltr'><strong>anima</strong></span> <span class='ocrx_word' id='word_1_858' title='bbox 980 5759 1214 5834; x_wconf 77' lang='lat' dir='ltr'><strong>humana</strong></span> <span class='ocrx_word' id='word_1_859' title='bbox 1256 5770 1355 5824; x_wconf 80' lang='lat' dir='ltr'><strong>est,</strong></span> <span class='ocrx_word' id='word_1_860' title='bbox 1406 5762 1520 5830; x_wconf 79' lang='lat' dir='ltr'><strong>ipsa</strong></span> <span class='ocrx_word' id='word_1_861' title='bbox 1565 5779 1623 5817; x_wconf 87' lang='lat' dir='ltr'><strong>se</strong></span> <span class='ocrx_word' id='word_1_862' title='bbox 1667 5767 1838 5834; x_wconf 89' lang='lat' dir='ltr'><strong>ponit,</strong></span> <span class='ocrx_word' id='word_1_863' title='bbox 1868 5776 1924 5820; x_wconf 88' lang='lat' dir='ltr'><strong>et</strong></span> <span class='ocrx_word' id='word_1_864' title='bbox 1954 5766 2150 5821; x_wconf 89' lang='lat' dir='ltr'><strong>iterum</strong></span> 
     </span>
    </p>
   </div>
   <div class='ocr_carea' id='block_1_101' title="bbox 567 5829 2153 5905">
    <p class='ocr_par' dir='ltr' id='par_1_101' title="bbox 567 5829 2153 5905">
     <span class='ocr_line' id='line_1_101' title="bbox 567 5829 2153 5905; baseline 0.006 -22"><span class='ocrx_word' id='word_1_865' title='bbox 567 5831 687 5900; x_wconf 78' lang='lat' dir='ltr'><strong>ipsa</strong></span> <span class='ocrx_word' id='word_1_866' title='bbox 713 5842 772 5884; x_wconf 88' lang='lat' dir='ltr'><strong>se</strong></span> <span class='ocrx_word' id='word_1_867' title='bbox 799 5829 1007 5885; x_wconf 87' lang='lat' dir='ltr'><strong>sumit?</strong></span> <span class='ocrx_word' id='word_1_868' title='bbox 1050 5830 1132 5885; x_wconf 76' lang='lat' dir='ltr'><strong>An</strong></span> <span class='ocrx_word' id='word_1_869' title='bbox 1159 5846 1223 5887; x_wconf 81' lang='lat' dir='ltr'><strong>ex</strong></span> <span class='ocrx_word' id='word_1_870' title='bbox 1270 5848 1356 5897; x_wconf 78' lang='lat' dir='ltr'><strong>eo,</strong></span> <span class='ocrx_word' id='word_1_871' title='bbox 1403 5829 1542 5902; x_wconf 65' lang='lat' dir='ltr'><strong>quod</strong></span> <span class='ocrx_word' id='word_1_872' title='bbox 1573 5829 1697 5891; x_wconf 73' lang='lat' dir='ltr'><strong>caro</strong></span> <span class='ocrx_word' id='word_1_873' title='bbox 1727 5846 1830 5905; x_wconf 80' lang='lat' dir='ltr'><strong>est,</strong></span> <span class='ocrx_word' id='word_1_874' title='bbox 1878 5853 2006 5896; x_wconf 81' lang='lat' dir='ltr'><strong>caro</strong></span> <span class='ocrx_word' id='word_1_875' title='bbox 2038 5839 2153 5894; x_wconf 84' lang='lat' dir='ltr'><strong>ani-</strong></span> 
     </span>
    </p>
   </div>
   <div class='ocr_carea' id='block_1_102' title="bbox 2252 4657 3854 4736">
    <p class='ocr_par' dir='ltr' id='par_1_102' title="bbox 2252 4657 3854 4736">
     <span class='ocr_line' id='line_1_102' title="bbox 2252 4657 3854 4736; baseline 0.006 -26"><span class='ocrx_word' id='word_1_876' title='bbox 2252 4665 2372 4710; x_wconf 89' lang='lat' dir='ltr'><strong>tura</strong></span> <span class='ocrx_word' id='word_1_877' title='bbox 2395 4657 2809 4727; x_wconf 87' lang='lat' dir='ltr'><strong>primogenitus,</strong></span> <span class='ocrx_word' id='word_1_878' title='bbox 2837 4659 2978 4713; x_wconf 89' lang='lat' dir='ltr'><strong>sicut</strong></span> <span class='ocrx_word' id='word_1_879' title='bbox 3001 4658 3290 4729; x_wconf 79' lang='lat' dir='ltr'><strong>Apostolus</strong></span> <span class='ocrx_word' id='word_1_880' title='bbox 3315 4663 3392 4716; x_wconf 86' lang='lat' dir='ltr'><strong>ait</strong></span> <span class='ocrx_word' id='word_1_881' title='bbox 3416 4680 3428 4716; x_wconf 89' lang='lat'><strong>:</strong></span> <span class='ocrx_word' id='word_1_882' title='bbox 3462 4660 3854 4736; x_wconf 77' lang='lat' dir='ltr'><strong>Primogenilua</strong></span> 
     </span>
    </p>
   </div>
   <div class='ocr_carea' id='block_1_103' title="bbox 2253 4747 3856 4830">
    <p class='ocr_par' dir='ltr' id='par_1_103' title="bbox 2253 4747 3856 4830">
     <span class='ocr_line' id='line_1_103' title="bbox 2253 4747 3856 4830; baseline 0.006 -28"><span class='ocrx_word' id='word_1_883' title='bbox 2253 4751 2422 4803; x_wconf 83' lang='lat' dir='ltr'><strong>omnis</strong></span> <span class='ocrx_word' id='word_1_884' title='bbox 2467 4760 2722 4804; x_wconf 81' lang='lat' dir='ltr'><strong>creatura:</strong></span> <span class='ocrx_word' id='word_1_885' title='bbox 2758 4747 2894 4821; x_wconf 89' lang='lat' dir='ltr'><strong>(Col.</strong></span> <span class='ocrx_word' id='word_1_886' title='bbox 2924 4767 2965 4817; x_wconf 92' lang='grc' dir='ltr'><strong>ι,</strong></span> <span class='ocrx_word' id='word_1_887' title='bbox 3001 4751 3106 4824; x_wconf 79' lang='lat' dir='ltr'><strong>l5).</strong></span> <span class='ocrx_word' id='word_1_888' title='bbox 3162 4752 3294 4808; x_wconf 89' lang='lat' dir='ltr'><strong>Item</strong></span> <span class='ocrx_word' id='word_1_889' title='bbox 3325 4769 3392 4809; x_wconf 77' lang='lat' dir='ltr'><strong>ex</strong></span> <span class='ocrx_word' id='word_1_890' title='bbox 3426 4765 3600 4812; x_wconf 88' lang='lat' dir='ltr'><strong>matre</strong></span> <span class='ocrx_word' id='word_1_891' title='bbox 3638 4758 3856 4830; x_wconf 78' lang='lat' dir='ltr'><strong>Virgine</strong></span> 
     </span>
    </p>
   </div>
   <div class='ocr_carea' id='block_1_104' title="bbox 2255 4841 3855 4920">
    <p class='ocr_par' dir='ltr' id='par_1_104' title="bbox 2255 4841 3855 4920">
     <span class='ocr_line' id='line_1_104' title="bbox 2255 4841 3855 4920; baseline 0.006 -25"><span class='ocrx_word' id='word_1_892' title='bbox 2255 4841 2650 4912; x_wconf 80' lang='lat' dir='ltr'><strong>primogenitus</strong></span> <span class='ocrx_word' id='word_1_893' title='bbox 2674 4850 2836 4911; x_wconf 88' lang='lat' dir='ltr'><strong>atque</strong></span> <span class='ocrx_word' id='word_1_894' title='bbox 2885 4843 3200 4912; x_wconf 82' lang='lat' dir='ltr'><strong>unigenitus</strong></span> <span class='ocrx_word' id='word_1_895' title='bbox 3234 4864 3244 4898; x_wconf 74' lang='grc' dir='ltr'><strong>ε</strong></span> <span class='ocrx_word' id='word_1_896' title='bbox 3280 4847 3696 4919; x_wconf 79' lang='lat' dir='ltr'><strong>primogenitus,</strong></span> <span class='ocrx_word' id='word_1_897' title='bbox 3729 4852 3855 4920; x_wconf 83' lang='lat' dir='ltr'><strong>quia</strong></span> 
     </span>
    </p>
   </div>
   <div class='ocr_carea' id='block_1_105' title="bbox 2259 4933 3857 5016">
    <p class='ocr_par' dir='ltr' id='par_1_105' title="bbox 2259 4933 3857 5016">
     <span class='ocr_line' id='line_1_105' title="bbox 2259 4933 3857 5016; baseline 0.006 -28"><span class='ocrx_word' id='word_1_898' title='bbox 2259 4935 2418 4988; x_wconf 85' lang='lat' dir='ltr'><strong>beata</strong></span> <span class='ocrx_word' id='word_1_899' title='bbox 2445 4935 2607 5004; x_wconf 78' lang='lat' dir='ltr'><strong>Virgo</strong></span> <span class='ocrx_word' id='word_1_900' title='bbox 2634 4933 2841 4988; x_wconf 89' lang='lat' dir='ltr'><strong>nullum</strong></span> <span class='ocrx_word' id='word_1_901' title='bbox 2859 4946 2988 4990; x_wconf 90' lang='lat' dir='ltr'><strong>ante</strong></span> <span class='ocrx_word' id='word_1_902' title='bbox 3012 4952 3136 4991; x_wconf 90' lang='lat' dir='ltr'><strong>eum</strong></span> <span class='ocrx_word' id='word_1_903' title='bbox 3162 4938 3589 5009; x_wconf 80' lang='lat' dir='ltr'><strong>habuitFilium;</strong></span> <span class='ocrx_word' id='word_1_904' title='bbox 3617 4945 3857 5016; x_wconf 75' lang='lat' dir='ltr'><strong>unigeni-</strong></span> 
     </span>
    </p>
   </div>
   <div class='ocr_carea' id='block_1_106' title="bbox 2260 5027 3856 5110">
    <p class='ocr_par' dir='ltr' id='par_1_106' title="bbox 2260 5027 3856 5110">
     <span class='ocr_line' id='line_1_106' title="bbox 2260 5027 3856 5110; baseline 0.006 -28"><span class='ocrx_word' id='word_1_905' title='bbox 2260 5037 2413 5098; x_wconf 76' lang='lat' dir='ltr'><strong>tus,t;</strong></span> <span class='ocrx_word' id='word_1_906' title='bbox 2443 5029 2506 5081; x_wconf 86' lang='lat' dir='ltr'><strong>-ia</strong></span> <span class='ocrx_word' id='word_1_907' title='bbox 2532 5027 2736 5084; x_wconf 86' lang='lat' dir='ltr'><strong>nullum</strong></span> <span class='ocrx_word' id='word_1_908' title='bbox 2757 5038 2881 5099; x_wconf 89' lang='lat' dir='ltr'><strong>post</strong></span> <span class='ocrx_word' id='word_1_909' title='bbox 2900 5045 3022 5085; x_wconf 88' lang='lat' dir='ltr'><strong>eum</strong></span> <span class='ocrx_word' id='word_1_910' title='bbox 3038 5035 3224 5102; x_wconf 81' lang='lat' dir='ltr'><strong>genuit</strong></span> <span class='ocrx_word' id='word_1_911' title='bbox 3245 5032 3460 5088; x_wconf 84' lang='lat' dir='ltr'><strong>Filium.</strong></span> <span class='ocrx_word' id='word_1_912' title='bbox 3489 5035 3743 5108; x_wconf 83' lang='lat' dir='ltr'><strong>Idemque</strong></span> <span class='ocrx_word' id='word_1_913' title='bbox 3766 5041 3856 5110; x_wconf 84' lang='lat' dir='ltr'><strong>qui</strong></span> 
     </span>
    </p>
   </div>
   <div class='ocr_carea' id='block_1_107' title="bbox 2258 5117 3854 5196">
    <p class='ocr_par' dir='ltr' id='par_1_107' title="bbox 2258 5117 3854 5196">
     <span class='ocr_line' id='line_1_107' title="bbox 2258 5117 3854 5196; baseline 0.006 -22"><span class='ocrx_word' id='word_1_914' title='bbox 2258 5136 2326 5174; x_wconf 73' lang='lat' dir='ltr'><strong>ex</strong></span> <span class='ocrx_word' id='word_1_915' title='bbox 2345 5117 2566 5190; x_wconf 74' lang='lat' dir='ltr'><strong>Virgine</strong></span> <span class='ocrx_word' id='word_1_916' title='bbox 2585 5129 2743 5174; x_wconf 91' lang='lat' dir='ltr'><strong>natus</strong></span> <span class='ocrx_word' id='word_1_917' title='bbox 2767 5130 2869 5186; x_wconf 90' lang='lat' dir='ltr'><strong>est,</strong></span> <span class='ocrx_word' id='word_1_918' title='bbox 2898 5122 3210 5192; x_wconf 75' lang='lat' dir='ltr'><strong>unigenitus</strong></span> <span class='ocrx_word' id='word_1_919' title='bbox 3232 5134 3316 5179; x_wconf 92' lang='lat' dir='ltr'><strong>est</strong></span> <span class='ocrx_word' id='word_1_920' title='bbox 3340 5124 3437 5179; x_wconf 86' lang='lat' dir='ltr'><strong>Dei</strong></span> <span class='ocrx_word' id='word_1_921' title='bbox 3467 5124 3645 5182; x_wconf 87' lang='lat' dir='ltr'><strong>Patris</strong></span> <span class='ocrx_word' id='word_1_922' title='bbox 3666 5128 3854 5196; x_wconf 80' lang='lat' dir='ltr'><strong>Filius,</strong></span> 
     </span>
    </p>
   </div>
   <div class='ocr_carea' id='block_1_108' title="bbox 2259 5211 3853 5285">
    <p class='ocr_par' dir='ltr' id='par_1_108' title="bbox 2259 5211 3853 5285">
     <span class='ocr_line' id='line_1_108' title="bbox 2259 5211 3853 5285; baseline 0.007 -21"><span class='ocrx_word' id='word_1_923' title='bbox 2259 5222 2317 5264; x_wconf 87' lang='lat' dir='ltr'><strong>ut</strong></span> <span class='ocrx_word' id='word_1_924' title='bbox 2343 5211 2396 5265; x_wconf 91' lang='lat' dir='ltr'><strong>in</strong></span> <span class='ocrx_word' id='word_1_925' title='bbox 2432 5211 2725 5282; x_wconf 79' lang='lat' dir='ltr'><strong>Evangelio</strong></span> <span class='ocrx_word' id='word_1_926' title='bbox 2754 5212 2869 5281; x_wconf 90' lang='lat' dir='ltr'><strong>ipse</strong></span> <span class='ocrx_word' id='word_1_927' title='bbox 2901 5212 3162 5268; x_wconf 89' lang='lat' dir='ltr'><strong>Dominus</strong></span> <span class='ocrx_word' id='word_1_928' title='bbox 3191 5217 3259 5270; x_wconf 89' lang='lat' dir='ltr'><strong>de</strong></span> <span class='ocrx_word' id='word_1_929' title='bbox 3284 5231 3344 5271; x_wconf 89' lang='lat' dir='ltr'><strong>se</strong></span> <span class='ocrx_word' id='word_1_930' title='bbox 3375 5217 3491 5285; x_wconf 88' lang='lat' dir='ltr'><strong>ipso</strong></span> <span class='ocrx_word' id='word_1_931' title='bbox 3518 5219 3656 5274; x_wconf 79' lang='lat' dir='ltr'><strong>dixit</strong></span> <span class='ocrx_word' id='word_1_932' title='bbox 3699 5239 3712 5274; x_wconf 93' lang='lat'>:</span> <span class='ocrx_word' id='word_1_933' title='bbox 3765 5222 3853 5275; x_wconf 82' lang='lat' dir='ltr'><strong>Sic</strong></span> 
     </span>
    </p>
   </div>
   <div class='ocr_carea' id='block_1_109' title="bbox 2258 5304 3854 5386">
    <p class='ocr_par' dir='ltr' id='par_1_109' title="bbox 2258 5304 3854 5386">
     <span class='ocr_line' id='line_1_109' title="bbox 2258 5304 3854 5386; baseline 0.008 -29"><span class='ocrx_word' id='word_1_934' title='bbox 2258 5305 2397 5358; x_wconf 86' lang='lat' dir='ltr'><strong>enim</strong></span> <span class='ocrx_word' id='word_1_935' title='bbox 2424 5304 2607 5358; x_wconf 69' lang='lat' dir='ltr'><strong>dilexit</strong></span> <span class='ocrx_word' id='word_1_936' title='bbox 2631 5304 2776 5360; x_wconf 81' lang='lat' dir='ltr'><strong>Deus</strong></span> <span class='ocrx_word' id='word_1_937' title='bbox 2807 5306 3083 5372; x_wconf 82' lang='lat' dir='ltr'><strong>mundum,</strong></span> <span class='ocrx_word' id='word_1_938' title='bbox 3112 5317 3167 5362; x_wconf 81' lang='lat' dir='ltr'><strong>ut</strong></span> <span class='ocrx_word' id='word_1_939' title='bbox 3201 5306 3403 5364; x_wconf 77' lang='lat' dir='ltr'><strong>Filium</strong></span> <span class='ocrx_word' id='word_1_940' title='bbox 3433 5328 3587 5366; x_wconf 72' lang='lat' dir='ltr'><strong>suam</strong></span> <span class='ocrx_word' id='word_1_941' title='bbox 3614 5317 3854 5386; x_wconf 80' lang='lat' dir='ltr'><strong>unigeni-</strong></span> 
     </span>
    </p>
   </div>
   <div class='ocr_carea' id='block_1_110' title="bbox 2257 5393 3848 5473">
    <p class='ocr_par' dir='ltr' id='par_1_110' title="bbox 2257 5393 3848 5473">
     <span class='ocr_line' id='line_1_110' title="bbox 2257 5393 3848 5473; baseline 0.008 -24"><span class='ocrx_word' id='word_1_942' title='bbox 2257 5405 2368 5449; x_wconf 86' lang='lat' dir='ltr'><strong>tum</strong></span> <span class='ocrx_word' id='word_1_943' title='bbox 2393 5396 2540 5450; x_wconf 82' lang='lat' dir='ltr'><strong>daret</strong></span> <span class='ocrx_word' id='word_1_944' title='bbox 2569 5393 2751 5466; x_wconf 79' lang='lat' dir='ltr'><strong>(Joan.</strong></span> <span class='ocrx_word' id='word_1_945' title='bbox 2777 5412 2860 5462; x_wconf 90' lang='grc' dir='ltr'>ιιι,</span> <span class='ocrx_word' id='word_1_946' title='bbox 2887 5396 2997 5467; x_wconf 81' lang='grc'><strong>16).</strong></span> <span class='ocrx_word' id='word_1_947' title='bbox 3024 5396 3125 5464; x_wconf 88' lang='lat' dir='ltr'><strong>Qui</strong></span> <span class='ocrx_word' id='word_1_948' title='bbox 3148 5398 3306 5454; x_wconf 83' lang='lat' dir='ltr'><strong>datus</strong></span> <span class='ocrx_word' id='word_1_949' title='bbox 3326 5402 3500 5457; x_wconf 84' lang='lat' dir='ltr'><strong>estad</strong></span> <span class='ocrx_word' id='word_1_950' title='bbox 3521 5405 3848 5473; x_wconf 86' lang='lat' dir='ltr'><strong>passionem,</strong></span> 
     </span>
    </p>
   </div>
   <div class='ocr_carea' id='block_1_111' title="bbox 2257 5487 3846 5562">
    <p class='ocr_par' dir='ltr' id='par_1_111' title="bbox 2257 5487 3846 5562">
     <span class='ocr_line' id='line_1_111' title="bbox 2257 5487 3846 5562; baseline 0.007 -19"><span class='ocrx_word' id='word_1_951' title='bbox 2257 5488 2569 5559; x_wconf 74' lang='lat' dir='ltr'><strong>unigenitus</strong></span> <span class='ocrx_word' id='word_1_952' title='bbox 2607 5487 2828 5555; x_wconf 88' lang='lat' dir='ltr'><strong>dicitur,</strong></span> <span class='ocrx_word' id='word_1_953' title='bbox 2872 5487 3015 5544; x_wconf 87' lang='lat' dir='ltr'><strong>sicut</strong></span> <span class='ocrx_word' id='word_1_954' title='bbox 3055 5488 3185 5544; x_wconf 86' lang='lat' dir='ltr'><strong>olim</strong></span> <span class='ocrx_word' id='word_1_955' title='bbox 3235 5492 3497 5562; x_wconf 89' lang='lat' dir='ltr'><strong>propheta</strong></span> <span class='ocrx_word' id='word_1_956' title='bbox 3549 5495 3846 5556; x_wconf 75' lang='lat' dir='ltr'><strong>Zacharias</strong></span> 
     </span>
    </p>
   </div>
   <div class='ocr_carea' id='block_1_112' title="bbox 2260 5629 3781 5706">
    <p class='ocr_par' dir='ltr' id='par_1_112' title="bbox 2260 5629 3781 5706">
     <span class='ocr_line' id='line_1_112' title="bbox 2260 5629 3781 5706; baseline 0.007 -22"><span class='ocrx_word' id='word_1_957' title='bbox 2260 5645 2400 5684; x_wconf 87' lang='lat' dir='ltr'><strong>mam</strong></span> <span class='ocrx_word' id='word_1_958' title='bbox 2401 5631 2594 5706; x_wconf 55' lang='grc' dir='ltr'>Ροιιίι,</span> <span class='ocrx_word' id='word_1_959' title='bbox 2621 5629 2890 5706; x_wconf 79' lang='lat' dir='ltr'><strong>et_i_terum</strong></span> <span class='ocrx_word' id='word_1_960' title='bbox 2908 5632 3123 5706; x_wconf 71' lang='lat' dir='ltr'><strong>sumit?</strong></span> <span class='ocrx_word' id='word_1_961' title='bbox 3154 5631 3278 5706; x_wconf 51' lang='lat' dir='ltr'><strong>‘ljria</strong></span> <span class='ocrx_word' id='word_1_962' title='bbox 3301 5634 3578 5706; x_wconf 81' lang='lat' dir='ltr'><strong>proposui,</strong></span> <span class='ocrx_word' id='word_1_963' title='bbox 3609 5644 3719 5698; x_wconf 84' lang='lat' dir='ltr'><strong>etc.</strong></span> <span class='ocrx_word' id='word_1_964' title='bbox 3755 5655 3781 5696; x_wconf 72' lang='grc' dir='ltr'><strong>ι</strong></span> 
     </span>
    </p>
   </div>
   <div class='ocr_carea' id='block_1_113' title="bbox 2330 5699 3798 5772">
    <p class='ocr_par' dir='ltr' id='par_1_113' title="bbox 2330 5699 3798 5772">
     <span class='ocr_line' id='line_1_113' title="bbox 2330 5699 3798 5772; baseline 0.004 -18"><span class='ocrx_word' id='word_1_965' title='bbox 2330 5713 2354 5740; x_wconf 76' lang='grc' dir='ltr'><strong>ι</strong></span> <span class='ocrx_word' id='word_1_966' title='bbox 2399 5699 2455 5754; x_wconf 91' lang='lat' dir='ltr'><strong>S.</strong></span> <span class='ocrx_word' id='word_1_967' title='bbox 2481 5699 2645 5772; x_wconf 53' lang='grc' dir='ltr'><strong>(ἔραξε.</strong></span> <span class='ocrx_word' id='word_1_968' title='bbox 2677 5699 2873 5772; x_wconf 79' lang='lat' dir='ltr'><strong>llotnil.</strong></span> <span class='ocrx_word' id='word_1_969' title='bbox 2902 5703 2958 5765; x_wconf 89' lang='lat'><strong>8,</strong></span> <span class='ocrx_word' id='word_1_970' title='bbox 2991 5718 3137 5756; x_wconf 90' lang='lat' dir='ltr'><strong>num.</strong></span> <span class='ocrx_word' id='word_1_971' title='bbox 3172 5699 3424 5761; x_wconf 51' lang='grc'><strong>2144221</strong></span> <span class='ocrx_word' id='word_1_972' title='bbox 3563 5699 3576 5706; x_wconf 80' lang='grc'><em>’</em></span> <span class='ocrx_word' id='word_1_973' title='bbox 3793 5726 3798 5731; x_wconf 53' lang='grc' dir='ltr'><strong>ι</strong></span> 
     </span>
    </p>
   </div>
   <div class='ocr_carea' id='block_1_114' title="bbox 2328 5771 3577 5844">
    <p class='ocr_par' dir='ltr' id='par_1_114' title="bbox 2328 5771 3577 5844">
     <span class='ocr_line' id='line_1_114' title="bbox 2328 5771 3577 5844; baseline 0.006 -17"><span class='ocrx_word' id='word_1_974' title='bbox 2328 5772 2354 5813; x_wconf 59' lang='grc' dir='ltr'>δ</span> <span class='ocrx_word' id='word_1_975' title='bbox 2398 5772 2453 5827; x_wconf 89' lang='lat' dir='ltr'><strong>S.</strong></span> <span class='ocrx_word' id='word_1_976' title='bbox 2485 5771 2739 5840; x_wconf 79' lang='lat' dir='ltr'><strong>lsidOrus,</strong></span> <span class='ocrx_word' id='word_1_977' title='bbox 2767 5771 2888 5828; x_wconf 90' lang='lat' dir='ltr'><strong>libr.</strong></span> <span class='ocrx_word' id='word_1_978' title='bbox 2922 5789 2958 5828; x_wconf 91' lang='grc' dir='ltr'><strong>ιι</strong></span> <span class='ocrx_word' id='word_1_979' title='bbox 2992 5771 3294 5844; x_wconf 76' lang='lat' dir='ltr'><strong>Diﬂ&#39;erent.,</strong></span> <span class='ocrx_word' id='word_1_980' title='bbox 3317 5773 3490 5834; x_wconf 77' lang='lat' dir='ltr'><strong>differ.</strong></span> <span class='ocrx_word' id='word_1_981' title='bbox 3522 5775 3577 5836; x_wconf 75' lang='lat'><strong>5.</strong></span> 
     </span>
    </p>
   </div>
  </div>
