4136 6638
315 428 426 485 25⁷1

996 428 1417 489 DOGMATICA.
1456 460 1526 471 —-
1561 430 1722 486 ADV’.
1764 427 2166 486 ELlPA-NDUM
2206 431 2385 487 LIBRI
2426 432 2515 487 IV.
2553 462 2622 483 —-
2660 430 2788 488 LIB.
2830 430 2896 488 ll.

3493 436 3601 495 εδδ

317 546 572 619 prmdixit
602 564 616 600 :
662 545 930 616 Aspicient
980 548 1048 600 ad
1094 562 1198 611 ine,
1245 560 1398 617 quem
1441 544 1770 613 conﬁa'crnnt
1798 560 1817 597 :
1856 552 1903 595 et
1934 546 1982 606 λ
2008 542 2124 597 Νοη
2152 550 2332 613 potest
2356 542 2605 613 proprius
2626 558 2746 598 esse
2774 552 2828 597 et
2857 541 3164 613 adoptivus.
3200 542 3308 599 Aut
3337 550 3484 602 totus
3512 556 3601 603 est

318 638 566 709 plangant
595 654 712 692 cum
743 637 957 709 planctu
984 638 1139 708 quasi
1165 653 1321 707 super
1349 636 1673 707 unigenitum
1698 652 1715 699 ;
1744 642 1794 689 et
1815 635 1911 688 do-

320 730 495 786 lebant
544 747 663 785 eum
689 771 708 797 ,
772 741 828 785 ut
878 728 1047 785 doleri
1086 729 1215 785 solet
1256 731 1311 783 in
1365 739 1530 784 morte
1578 727 1910 800 primogeniti

322 819 508 890 (Zaclt.
542 838 640 886 sit,
678 820 788 890 10).
839 820 1012 888 Quem
1059 821 1323 892 propheta
1372 830 1534 890 atque
1579 819 1911 890 evangelista

321 915 658 985 unigenitum
714 914 1152 979 nominaverunt,
1206 914 1353 969 hunc
1394 913 1684 984 Apostolus
1719 913 1912 968 doctor

320 1005 563 1077 gentium
594 1007 873 1078 proprium
912 1006 1108 1068 Filium
1134 1007 1338 1078 absque
1363 1005 1700 1061 dubitatione
1736 1005 1913 1060 nomi-

321 1114 458 1155 nare
483 1099 652 1154 voluit
679 1100 868 1155 dicens
899 1117 913 1152 :
944 1096 1049 1164 Qui
1069 1099 1280 1169 proprio
1310 1096 1453 1152 Filio
1483 1114 1580 1151 suo
1601 1114 1705 1152 non
1730 1113 1913 1168 peper-

320 1191 413 1257 cit,
444 1190 537 1245 sed
578 1207 676 1261 pro
721 1191 871 1244 nobis
911 1189 1131 1244 tradidit
1162 1205 1280 1243 eum
1307 1188 1547 1242 omnibus
1574 1185 1753 1259 (Rom.
1787 1202 1910 1253 vm,

320 1284 436 1357 39.).
480 1283 653 1340 Datus
688 1291 745 1339 et
784 1282 1015 1339 traditus
1041 1297 1209 1337 unum
1258 1279 1545 1352 signiﬁcat.
1593 1279 1914 1351 Unigenitus

320 1380 485 1434 datus
508 1383 593 1432 est
618 1391 719 1446 pro
754 1375 939 1431 mundi
968 1373 1164 1441 salute,
1191 1384 1245 1428 et
1273 1373 1527 1445 proprius
1548 1371 1718 1427 Filius
1748 1370 1915 1426 tradi-

320 1480 413 1526 tus
437 1468 505 1524 ad
537 1474 789 1523 mortem.
820 1466 967 1522 ldem
1008 1465 1353 1537 unigenitus,
1403 1464 1498 1534 qui
1536 1471 1593 1519 et
1633 1462 1911 1534 proprius,

320 1561 466 1617 idem
494 1559 772 1631 passibilis
796 1570 852 1613 et
877 1556 1244 1626 impassibilis,
1273 1557 1416 1611 idem
1455 1555 1600 1611 Deus
1635 1563 1692 1610 et
1728 1556 1909 1620 homo,

320 1667 466 1707 unus
487 1650 661 1707 Filius
686 1658 744 1706 et
764 1665 909 1706 unus
930 1646 1180 1704 Christus
1208 1647 1263 1701 in
1292 1664 1399 1703 una
1427 1663 1678 1719 persona.
1706 1666 1724 1699 ο

396 1730 561 1799 XXII.
602 1742 721 1809 Dic,
769 1742 859 1797 die
898 1740 1114 1796 auditor
1156 1754 1467 1795 sermonum
1510 1738 1630 1805 Dei,
1658 1738 1753 1811 qui
1791 1753 1914 1793 cum

320 1832 544 1890 Baalam
575 1832 768 1890 oculos
794 1832 961 1888 habes
991 1839 1233 1902 apertos,
1259 1839 1316 1885 et
1343 1846 1449 1886 non
1478 1831 1666 1896 vides;
1699 1846 1794 1887 cor
1820 1846 1913 1885 ra-

321 1922 614 1987 tionabile,
642 1930 700 1979 et
726 1937 834 1978 non
862 1921 1141 1993 intelligis,
1170 1937 1291 1992 quae
1312 1923 1383 1976 sit
1408 1936 1639 1992 persona
1662 1920 1757 1975 Dei
1787 1919 1911 1975 Filii
1946 1904 1986 1964 Β

320 2014 657 2071 mternaliter
678 2030 747 2070 ex
791 2012 906 2069 Deo
933 2012 1094 2069 Patre
1134 2014 1268 2079 nati,
1298 2030 1367 2069 an
1393 2014 1614 2085 propria
1637 2013 1723 2068 vel
1748 2013 1916 2083 adop-

320 2109 456 2162 tiva.
489 2105 606 2162 Non
630 2107 843 2162 aestimo
871 2107 947 2163 ita
973 2113 1025 2161 te
1061 2122 1089 2160 a
1144 2105 1246 2161 ﬁde
1273 2120 1525 2161 aversum
1555 2120 1698 2173 esse,
1727 2113 1788 2159 ut
1814 2120 1914 2158 au-

320 2198 457 2253 deas
493 2197 677 2254 dicere
712 2197 1018 2268 adoptivum
1050 2210 1172 2252 esse
1198 2211 1486 2266 personam
1512 2203 1731 2251 aeternae
1767 2194 1914 2250 nati-

319 2291 509 2347 vitatis
531 2289 704 2362 886
741 2287 861 2343 Filii
893 2289 986 2344 Dei
1017 2288 1299 2359 unigeniti,
1333 2303 1399 2343 ne
1428 2296 1482 2343 te
1507 2294 1655 2343 totus
1680 2286 1917 2342 mundus

321 2385 717 2443 damuetcum
765 2382 920 2438 Ario.
964 2380 1281 2437 Certissime
1321 2382 1492 2447 scito,
1544 2388 1600 2435 et
1631 2379 1915 2437 verisaime

321 2473 507 2538 crede,
534 2471 682 2545 quod
706 2473 761 2528 in
788 2471 935 2527 illam
959 2485 1247 2543 personam
1271 2469 1512 2535 omnino,
1540 2483 1706 2540 quam
1726 2466 1917 2523 habuit

322 2572 455 2618 ante
487 2562 722 2627 secula,
767 2562 1060 2634 assumpsit
1093 2570 1347 2617 naturam
1386 2562 1678 2616 humanam
1703 2556 1800 2613 Dei
1824 2558 1916 2614 Fi-

322 2653 452 2720 lius,
485 2661 545 2709 ut
589 2662 736 2710 esset
775 2661 928 2709 totus
952 2668 1061 2709 una
1106 2667 1338 2725 persona
1372 2663 1429 2707 et
1449 2653 1672 2723 propria
1700 2659 1756 2707 et
1793 2666 1916 2723 pcr-

323 2740 471 2800 fecta
514 2742 575 2799 in
610 2742 732 2799 Filii
762 2743 1058 2815 dignitate,
1092 2742 1229 2797 nihil
1270 2742 1581 2812 adoptionis
1616 2742 1824 2798 habens
1860 2740 1917 2796 in

322 2839 615 2896 divinitate
638 2839 724 2895 vel
764 2837 1125 2905 humanitate,
1158 2852 1298 2893 unus
1333 2835 1504 2892 Filius
1524 2834 1687 2891 unius
1712 2834 1915 2891 Patris.

2013 637 2282 707 proprius,
2330 645 2425 691 aut
2469 644 2614 691 totus
2650 646 2735 693 est
2778 637 3082 707 adoptivus.
3129 636 3239 692 Aut
3284 638 3419 694 duos
3460 640 3602 697 ﬁlios

2010 728 2286 785 Christum
2312 745 2432 785 esse
2464 742 2685 785 necesse
2709 738 2795 785 est
2821 727 3043 784 fatearis
3080 730 3134 784 in
3161 731 3373 787 duabus
3417 747 3608 804 perso-

2011 821 2118 885 nis,
2161 822 2512 890 proprietatis
2550 830 2607 875 et
2652 820 2981 890 adoptionis,
3022 823 3317 879 secundum
3366 823 3606 880 Nestorii

2012 915 2344 985 impietatem
2378 930 2393 968 :
2426 923 2520 969 aut
2545 915 2591 970 si
2634 914 2914 969 Christum
2945 930 3111 969 tilium
3142 918 3449 983 censentis,
3474 932 3606 988 pro-

2010 1007 2190 1077 prium
2233 1005 2426 1059 Filium
2456 1021 2576 1060 esse
2619 1005 2672 1059 in
2704 1021 2809 1059 una
2860 1020 3093 1077 persona
3139 1022 3264 1061 eum
3295 1008 3606 1072 catholicis,
3648 1080 3651 1081 ν

2010 1112 2234 1151 necesse
2258 1103 2342 1150 cst
2362 1096 2456 1151 tibi
2484 1105 2654 1152 totum
2694 1096 2975 1167 proprium
2999 1096 3248 1151 conﬁteri
3279 1096 3477 1152 Filium
3502 1095 3605 1152 Dei

2012 1190 2067 1245 in
2096 1206 2202 1245 una
2228 1205 2459 1261 persona
2485 1206 2711 1245 summae
2738 1191 3004 1257 veritatis,
3032 1192 3158 1262 quia
3188 1192 3368 1248 omnis
3394 1192 3605 1249 veritas

2012 1282 2066 1336 in
2093 1298 2159 1337 eo
2185 1291 2288 1347 est,
2317 1290 2372 1338 et
2401 1283 2531 1338 nihil
2561 1284 2987 1356 imaginationis,
3014 1286 3156 1340 sicut
3182 1286 3236 1340 in
3270 1285 3397 1342 ﬁliis
3431 1286 3603 1357 adop-

2014 1372 2179 1428 tionis
2218 1373 2355 1429 solet
2391 1390 2532 1429 esse.
2588 1374 2808 1431 Natura:
2850 1383 3048 1431 nostra:
3078 1378 3371 1447 assumpsit
3406 1379 3608 1434 verita-

2012 1472 2142 1529 tem,
2187 1480 2295 1519 non
2324 1466 2635 1537 adoptionis
2663 1473 2863 1522 nostrae
2890 1483 3179 1536 personam
3212 1486 3224 1521 :
3254 1484 3362 1524 non
3389 1477 3610 1526 mutans

2012 1562 2265 1611 naturam
2302 1556 2658 1612 humanitatis
2709 1566 2908 1613 nostra!
2935 1559 2991 1614 in
3026 1567 3278 1615 naturam
3307 1560 3608 1617 divinitatis

2011 1662 2144 1710 sum,
2191 1647 2284 1703 sed
2332 1648 2563 1703 mutavit
2604 1663 2894 1720 personam
2940 1649 3249 1721 adoptionis
3297 1660 3499 1707 nostra:
3545 1652 3603 1710 in

2012 1753 2300 1809 personam
2329 1739 2677 1810 proprietatis
2715 1756 2827 1795 suae
2851 1781 2867 1808 ,
2918 1756 3017 1798 sua
3054 1757 3163 1798 non
3190 1742 3473 1809 minuens,
3510 1743 3608 1801 sed

2015 1840 2201 1887 nostra
2229 1846 2453 1902 augens.
2487 1831 2797 1889 Permansit
2826 1833 2974 1905 quod
2998 1843 3139 1900 erat.
3163 1834 3292 1891 dum
3314 1837 3614 1909 assumpsit

2014 1923 2159 1993 quod
2187 1937 2293 1976 non
2318 1930 2455 1977 erat.
2485 1921 2543 1977 Si
2564 1933 2787 1995 propter
2813 1926 3260 1995 assumptionem,
3292 1926 3605 2000 adoptivum

2015 2014 2220 2085 putatis
2242 2013 2658 2080 humanitatem,
2690 2023 2753 2070 ut
2775 2016 3080 2073 audivimus
3102 2033 3133 2073 a
3161 2016 3365 2084 Felice,
3394 2019 3524 2075 dum
3553 2019 3610 2076 in

2017 2106 2333 2163 defensione
2360 2116 2557 2163 vestras
2587 2108 2925 2166 inﬁdelitatis
2944 2111 3208 2182 perstitit,
3236 2125 3369 2183 ergo
3392 2112 3611 2183 adopti—

2016 2214 2119 2253 vus
2145 2206 2231 2253 est
2262 2196 2408 2254 illius
2437 2213 2704 2269 persona),
2740 2199 2831 2269 qui
2863 2200 3259 2257 humanitatem
3295 2203 3613 2273 assumpsit.

2018 2296 2076 2345 et
2126 2299 2213 2346 est
2258 2305 2428 2361 nepos
2473 2290 2651 2347 Patris
2694 2304 2794 2361 per
2841 2293 3189 2362 adoptionem
3239 2291 3362 2349 Filii
3400 2312 3416 2349 :
3462 2293 3611 2366 quod

2018 2394 2184 2451 quam
2225 2379 2521 2437 nefandum
2547 2382 2621 2437 sit
2657 2383 2948 2448 :estimare,
2983 2397 3145 2439 nemo
3170 2393 3432 2450 vestrum,
3462 2399 3608 2451 reor.

2017 2474 2251 2544 ignorat.
2300 2472 2408 2529 Sed
2449 2489 2518 2528 ne
2546 2472 2831 2544 prolixitas
2879 2476 3149 2532 sermonis
3195 2475 3302 2533 mei
3332 2474 3610 2534 fastidium

2017 2573 2241 2637 generet
2266 2564 2489 2637 legenti.
2532 2566 2623 2622 hic
2649 2565 2811 2635 hujus
2847 2562 3016 2623 libelli
3046 2564 3313 2623 faciamus
3340 2564 3527 2633 ﬁnem,
3552 2575 3612 2624 et

2018 2657 2310 2728 resumptis
2330 2672 2430 2730 per
2453 2658 2551 2714 Dei
2575 2658 2806 2731 gratiam
2834 2651 3043 2716 vii-ibus
3059 2701 3077 2728 ,
3121 2659 3192 2716 ab
3217 2658 3327 2717 alio
3361 2659 3613 2727 exordio,

2020 2763 2143 2820 quae
2169 2750 2396 2807 dicenda
2420 2757 2569 2816 sunt,
2599 2749 2828 2809 liberius
2851 2744 3197 2825 incipiamus.

1609 3016 1847 3079 LIBER
1899 3014 2304 3079 SECUNDUS

401 3222 445 3277 ι,
469 3220 613 3277 οηηι
642 3218 827 3287 itaque
847 3214 902 3269 in
925 3211 1122 3284 populo
1140 3210 1234 3267 Dei
1256 3209 1479 3265 fuerunt
1496 3206 1673 3262 sancti
1696 3207 1923 3278 praphe-
1946 3209 1995 3273 c
2025 3206 2238 3263 tholiee
2295 3205 2419 3262 ﬁdei
2476 3215 2787 3264 sanctarum
2854 3212 3158 3268 sententias
3208 3212 3616 3286 Scripturamm

327 3325 422 3381 tae,
436 3314 490 3370 in
508 3311 707 3383 quibus
720 3318 775 3365 et
792 3321 893 3379 per
901 3321 1040 3378 quos
1059 3304 1295 3377 Spiritus
1313 3301 1411 3357 Dei
1429 3302 1767 3373 loquebatur.
1786 3299 1922 3355 Fue-

329 3413 461 3463 runt
482 3412 539 3460 et
570 3398 1074 3476 pseudopmphetat,
1108 3394 1203 3466 qui
1234 3392 1517 3465 arreptitio
1554 3390 1750 3463 spiritu
1782 3389 1920 3445 falsa

326 3497 803 3558 vaticinaverunt;
837 3502 1069 3561 quorum
1096 3484 1509 3542 similitudinem
1534 3489 1730 3553 gemat
1758 3480 1924 3536 modo

329 3600 601 3645 novarum
625 3580 873 3655 magistri
897 3587 1192 3644 sectarum,
1219 3575 1312 3646 qui
1341 3574 1575 3645 speciem
1596 3572 1818 3643 pietatis
1846 3572 1925 3626 in-

332 3677 643 3746 duunt,sed
670 3676 930 3732 virtutem
956 3670 1075 3741 ejus
1104 3671 1392 3741 abnegant,
1425 3666 1737 3724 scindentes
1758 3666 1921 3722 desu-

331 3777 757 3847 pereontestam
768 3767 971 3825 Christi
985 3768 1245 3830 tunicam,
1256 3778 1358 3819 nec
1368 3760 1804 3833 cruciﬁgentium
1823 3758 1923 3816 Dei

332 3862 535 3921 Filium
545 3876 699 3918 more
712 3859 965 3923 militum,
974 3865 1175 3913 norunt
1184 3860 1385 3911 sortem
1401 3852 1524 3909 ﬁdei
1536 3852 1751 3907 mittere
1761 3865 1927 3923 super

334 3972 485 4023 eam,
509 3952 666 4027 cujus
695 3954 798 4021 sit;
828 3950 924 4008 sed
957 3949 1120 4021 impia
1143 3948 1453 4004 temeritate
1474 3959 1688 4002 sacram
1723 3942 1923 3999 Christi

336 4048 587 4121 corporis
610 4047 874 4103 unitatem
900 4040 1229 4099 schismatici
1257 4039 1463 4094 erroris
1490 4035 1705 4109 ungulis
1725 4034 1925 4091 discin-

338 4143 469 4197 dere
497 4138 849 4203 contendunt,
880 4143 1044 4205 atque
1072 4134 1125 4188 in
1152 4146 1218 4189 eo
1247 4132 1391 4202 quod
1416 4138 1693 4188 auctorem
1713 4130 1840 4185 vita:
1869 4128 1924 4185 in

338 4234 497 4297 duas,
523 4227 876 4301 proprietatis
902 4223 1151 4280 videlicet
1175 4230 1341 4293 atque
1377 4219 1698 4292 adoptionis,
1736 4233 1925 4291 perso-

342 4338 444 4379 nas
487 4320 728 4378 dividere
758 4314 968 4381 volunt,
1000 4315 1206 4385 seipsos
1240 4328 1273 4367 a
1315 4311 1582 4369 catholica
1614 4324 1764 4380 pace,
1809 4309 1928 4365 sine

342 4432 450 4488 qua
475 4413 611 4471 nihil
642 4410 753 4466 Deo
787 4409 1043 4480 placitum
1073 4420 1193 4463 esse
1224 4403 1443 4475 poterit,
1474 4403 1815 4472 disrumpere
1839 4401 1929 4455 ni—

347 4516 538 4565 tuntur
573 4522 587 4558 :
622 4519 730 4560 non
760 4500 1141 4570 intelligentes,
1174 4512 1274 4552 nec
1301 4512 1422 4565 qua:
1448 4496 1650 4566 legunt,
1684 4507 1783 4548 nec
1809 4508 1930 4563 qua:

2020 3307 2270 3355 avertere
2310 3308 2623 3369 praesumat.
2655 3301 2949 3360 Videamus
2989 3304 3285 3375 siquidem,
3316 3308 3420 3364 iste
3444 3323 3619 3366 novus

2022 3394 2292 3466 interpres
2328 3394 2566 3465 qualiter
2602 3394 2954 3465 propheticus
2983 3396 3051 3453 de
3079 3395 3301 3455 Christo
3333 3414 3615 3460 sermones

2021 3484 2431 3556 interpretetur.
3478 3526 3479 3529 η

2092 3576 2157 3633 ll.
2194 3577 2332 3635 Dum
2357 3576 2525 3634 multa
2563 3580 2806 3635 cucurrit
2844 3581 3153 3651 quaerendo,
3187 3581 3618 3647 subitoqoﬂ'endit

2021 3669 2079 3729 in
2111 3668 2437 3727 versiculum
2490 3669 2685 3741 psalmi
2735 3685 2907 3737 nxvu,
2950 3671 3005 3727 in
3054 3678 3162 3742 quo
3195 3673 3462 3745 Propheta
3497 3674 3614 3745 glo-

2021 3761 2159 3818 riam
2188 3760 2525 3829 ascensionis
2562 3761 2777 3819 Domini
2809 3764 2987 3819 nostri
3023 3763 3152 3820 Jesu
3183 3763 3387 3821 Christi
3412 3766 3617 3824 decan-

2022 3862 2146 3911 tans
2170 3853 2303 3913 dicit
2330 3872 2345 3907 :
2370 3853 2675 3910 ΑωεηιίεηεΔ
2696 3855 2753 3911 in
2780 3855 2947 3910 altum
2975 3858 3236 3929 captivam
3263 3858 3418 3914 duit
3446 3860 3617 3932 capti-

2022 3945 2233 4000 vitatem
2272 3941 2447 4015 (Psal.
2494 3960 2661 4011 valr,
2694 3944 2812 4017 19).
2858 3943 3118 4017 Adiungit
3149 3961 3363 4017 quoque
3407 3962 3478 4004 ex
3516 3963 3619 4005 suo

2024 4049 2186 4093 sensu
2217 4054 2232 4091 :
2270 4054 2288 4086 ι
2328 4035 2470 4091 Ecce
2497 4036 2748 4105 captivus
2783 4036 2986 4093 dicitur
3010 4052 3166 4100 esse.
3209 4046 3264 4094 et
3301 4055 3473 4110 quare
3506 4055 3619 4097 non

2024 4127 2238 4183 dicatur
2266 4142 2431 4182 carne
2471 4125 2794 4197 adoptivus?
2830 4146 2851 4181 ι
2901 4124 3070 4196 Cujus
3100 4127 3352 4185 versiculi
3392 4143 3614 4187 sensum

2024 4220 2182 4293 longe
2225 4220 2385 4276 aliter
2409 4219 2584 4276 sancti
2626 4220 2815 4276 Patres
2843 4220 3185 4291 interpretati
3229 4228 3374 4277 sunt.
3413 4219 3618 4278 Beatus

2026 4308 2358 4380 Augustinus
2402 4308 2478 4363 ita
2537 4308 2684 4365 hunc
2726 4308 2895 4381 887
2950 4324 3169 4364 versum
3228 4310 3480 4381 exposuit
3529 4323 3554 4352 ο
3599 4326 3617 4366 :

2033 4419 2052 4452 ι
2081 4399 2221 4469 Quid
2250 4408 2355 4466 est,
2374 4399 2571 4470 inquit,
2596 4400 2740 4471 quod
2768 4400 2920 4465 dicit,
2954 4400 3227 4471 captivitati
3244 4402 3619 4474 captivitatem,

2028 4492 2133 4547 nisi
2158 4491 2286 4563 quia
2318 4492 2515 4560 captivi
2542 4532 2557 4555 ,
2590 4490 2683 4563 qui
2710 4491 2813 4546 sub
2838 4491 3056 4547 diabolo
3085 4493 3427 4557 tenebantur,
3456 4494 3622 4550 abso-

344 4600 602 4672 leguntur
630 4592 788 4669 [Cod.
832 4592 1035 4656 Pm‘is.,
1062 4605 1241 4660 neque
1283 4588 1565 4654 locuntur;
1618 4586 1753 4657 forte
1797 4584 1923 4656 Ieg.,
1959 4571 2126 4640 Dluti
2152 4590 2279 4638 sunt
2297 4583 2365 4635 ab
2393 4582 2494 4637 eo?
2520 4602 2538 4635 ι
2574 4581 2720 4672 Item,
2740 4581 2932 4637 beatus
2964 4580 3329 4655 Hieronymus
3352 4582 3379 4623 δ
3408 4596 3424 4637 :
3469 4602 3488 4635 ι
3520 4583 3623 4640 As-

347 4709 449 4749 nec
483 4708 604 4763 quae
627 4684 965 4759 loquuntur].
996 4684 1204 4753 Quibus
1222 4682 1413 4739 melius
1439 4689 1585 4738 esset
1604 4680 1756 4750 juxta
1786 4679 1931 4736 beati

346 4786 497 4846 l‘etri
520 4780 1153 4858 principisapostolorum
1171 4792 1379 4841 vocem,
1397 4776 1540 4831 viam
1560 4773 1807 4830 veritatis
1827 4788 1934 4828 non

349 4892 670 4954 agnoscere,
714 4889 876 4945 quam
923 4878 1047 4944 post
1092 4869 1423 4940 agnitionem
1468 4876 1764 4922 retrorsum
1805 4880 1937 4920 con-

351 4974 512 5030 verti.
555 4968 745 5025 Melius
771 4974 915 5023 esset
940 4962 1092 5019 Iuda:
1124 4958 1389 5031 proditori
1417 4972 1691 5028 nunquam
1717 4964 1936 5027 aposto-

350 5066 517 5122 licum
548 5074 744 5116 nomen
773 5056 1049 5119 habuisse,
1077 5066 1242 5124 quam
1285 5048 1382 5105 Dei
1411 5048 1605 5105 Filium
1636 5048 1817 5117 impiis
1839 5045 1936 5101 Ju-

351 5160 595 5215 datorum
626 5152 874 5208 manibus
900 5147 1225 5204 vendidisse.
1271 5144 1363 5200 Sic
1398 5142 1582 5213 pravis
1629 5140 1942 5197 doctoribus

354 5248 529 5305 satius
555 5253 697 5301 esset
726 5255 1001 5311 nunquam
1028 5237 1248 5293 honoris
1276 5251 1492 5299 nomen,
1524 5234 1609 5290 vel
1637 5235 1819 5289 sedem
1842 5234 1937 5288 do-

355 5337 528 5395 ctoris
544 5335 821 5406 possidere
848 5332 902 5386 in
927 5329 1187 5393 Ecclesia,
1203 5341 1363 5399 quam
1389 5340 1568 5396 prava:
1585 5324 1706 5379 ﬁdei
1727 5324 1945 5394 dogma-

360 5431 507 5485 tibus
533 5427 742 5495 seipsos
784 5438 909 5478 cum
955 5420 1154 5492 populo
1194 5418 1296 5475 sibi
1344 5415 1585 5484 subjecto
1622 5414 1942 5484 perdidisse.

361 5521 521 5578 l’atet
544 5520 726 5589 itaque
751 5526 967 5571 nostras
985 5512 1071 5568 vel
1096 5512 1308 5567 illorum
1329 5509 1631 5580 legentibus
1658 5506 1946 5572 litterulas,

362 5612 487 5686 quis
514 5620 759 5667 nostrum
789 5607 1085 5665 catholicos
1114 5611 1427 5660 sanctorum
1457 5600 1679 5656 Patrum
1709 5598 1762 5652 in
1802 5597 1949 5653 Scri-

363 5706 543 5782 pturis
572 5702 770 5760 divinis
796 5698 1042 5772 sequitur
1062 5712 1275 5764 sensus,
1299 5692 1383 5751 vel
1408 5693 1532 5763 quis
1554 5707 1584 5746 a
1614 5691 1832 5745 tramite
1857 5703 1949 5744 ea-

390 5835 393 5837 ‘
438 5836 463 5865 ο
510 5820 569 5877 S.
601 5821 736 5891 Aug.
770 5819 998 5874 Enarrat
1046 5815 1098 5891 in
1123 5811 1268 5891 Psal.
1298 5825 1465 5891 txvu,
1495 5824 1547 5862 ν.
1579 5806 1667 5891 19..
1699 5806 1797 5891 ilic
1821 5821 1952 5871 vero

366 5892 629 5953 Alcuinus
672 5878 889 5949 sensum
937 5886 1109 5959 magis
1156 5882 1321 5941 refert
1358 5896 1519 5953 quam
1547 5878 1711 5936 verba
1740 5878 1875 5949 Aug.

2028 4673 2281 4740 cendisti,
2306 4672 2505 4742 inquit,
2532 4672 2586 4727 in
2621 4670 2810 4737 etelos,
2840 4672 3127 4743 captivasti
3149 4687 3267 4738 nos,
3304 4672 3395 4743 qui
3421 4674 3622 4743 cap'ivi

2033 4766 2352 4820 tenebamur
2377 4780 2407 4817 a
2434 4762 2668 4819 diabolo.
2712 4761 2816 4832 Qui
2837 4762 3113 4833 quondam
3142 4764 3196 4819 in
3222 4763 3372 4820 Sinat
3400 4765 3630 4822 descen-

2035 4854 2169 4910 dens
2195 4854 2369 4927 legem
2396 4853 2596 4925 populo
2620 4854 2917 4922 distribuit,
2942 4856 3058 4927 ipse
3077 4872 3222 4912 nunc
3252 4856 3308 4912 in
3334 4865 3543 4923 sancto,
3573 4856 3630 4913 id

2036 4954 2143 5012 est,
2177 4947 2233 5001 in
2283 4955 2559 5016 assumpto
2609 4947 2849 5013 homine,
2883 4949 2950 5006 de
2995 4963 3105 5018 quo
3153 4947 3377 5019 angelus
3420 4948 3489 5003 ad
3520 4948 3633 5004 Ma-

2039 5040 2175 5095 riam
2209 5057 2222 5091 :
2257 5038 2411 5106 Quod
2442 5049 2683 5095 nascetur
2705 5056 2769 5096 ea:
2793 5048 2842 5094 te
2870 5049 3131 5105 sanctum,
3160 5041 3431 5097 vocabitur
3456 5038 3507 5093 F
3509 5040 3634 5095 ilius

2040 5133 2138 5189 Dei
2167 5132 2319 5206 (Luc.
2350 5149 2391 5199 I,
2419 5132 2532 5204 35).
2560 5148 2678 5199 eos,
2707 5134 2799 5203 qui
2828 5133 2882 5188 in
2908 5134 3223 5204 captivitate
3252 5132 3450 5190 diaboli
3484 5142 3635 5189 tene-

2042 5228 2260 5292 bantur,
2304 5226 2551 5288 absolvit,
2580 5243 2643 5283 ac
2678 5234 2797 5298 post
2827 5241 2887 5282 se
2912 5235 3171 5297 tanquam
3197 5226 3439 5297 captivos
3469 5226 3637 5282 dedu-

2042 5328 2161 5375 ctos
2203 5328 2419 5375 aeterna:
2471 5320 2598 5374 vitae
2652 5318 2908 5375 restituit.
2954 5337 2973 5371 ›
3027 5316 3387 5374 Cassiodorus
3436 5316 3570 5372 dicit
3620 5334 3633 5370 :

2051 5430 2069 5463 ι
2099 5410 2256 5467 Jesus
2298 5412 2444 5466 enim
2494 5409 2753 5466 Dominus
2790 5409 2935 5466 Deus
2974 5418 3161 5465 noster
3200 5408 3494 5465 cruciﬁxus
3545 5407 3641 5463 de-

2047 5501 2257 5557 scendit
2286 5500 2353 5554 ad
2384 5498 2610 5566 inferos,
2642 5507 2697 5555 et
2720 5498 2980 5555 liberatas
3007 5514 3038 5554 a
3081 5499 3397 5569 captivitate
3441 5495 3655 5554 diaboli

2048 5596 2262 5651 animas
2308 5594 2563 5663 perduxit
2612 5594 2680 5649 ad
2728 5592 2915 5648 cmlos.
2974 5612 2992 5645 ι
3047 5591 3219 5660 Quom
3276 5602 3333 5647 tu
3386 5593 3644 5662 perversa

2051 5698 2253 5748 mente,
2293 5685 2461 5742 frater
2501 5685 2794 5757 Elipande,
2835 5685 3108 5757 captivum
3141 5683 3310 5742 audes
3334 5682 3641 5749 nuntiante,

2122 5804 2153 5845 δ
2192 5803 2250 5859 S.
2278 5801 2425 5858 llier.
2459 5802 2738 5859 Dreviario
2766 5801 2822 5857 in
2840 5799 3187 5858 Psalterium.
