4136 6586
454 339 563 395 ἓϐἳῑ

1275 330 1336 386 Β.
1375 329 1440 385 F.
1481 324 1709 382 ALBlNl
1745 322 1878 380 SEU
1913 320 2197 377 ALCUINI
2236 318 2528 377 OPERUM
2562 315 2743 374 PARS
2781 314 2868 372 Ill.

3621 306 3727 364 26$

456 470 565 511 una
604 462 833 523 persona
862 446 954 511 sit,
981 459 1103 517 qua:
1143 438 1575 512 inseparabiliter
1602 444 1767 506 atque
1809 433 2039 491 indivise
2068 436 2113 493 Α
2141 431 2247 503 Ipsi
2275 442 2403 523 sunt
2429 448 2497 489 ιι
2520 430 2690 523 fortes
2717 446 2783 486 ex
2810 427 3119 523 fortissimis
3146 424 3333 491 Israel,
3357 425 3451 498 qui
3487 424 3735 523 ambiunt

457 515 775 603 communes
822 515 1021 596 habeat
1076 534 1342 597 actiones,
1398 540 1507 586 etc.
1555 548 1577 581 ›
1636 527 1827 583 Nonne
1877 538 2046 580 unum
2144 521 2401 579 lectulum
2448 525 2563 577 veri
2607 520 2934 585 Salomonis,
2980 533 3173 575 omnes
3213 524 3460 574 tenentes
3498 515 3735 587 gladium

459 638 819 707 eumdemque
860 646 1051 688 verum
1079 628 1173 683 Dci
1212 627 1431 689 Filium,
1480 631 1535 678 ct
1576 636 1767 677 verum
1812 616 2049 674 hominis
2147 615 2301 707 verbi
2329 612 2447 678 Dei,
2476 624 2545 707 et.
2560 614 2627 667 ad
2656 610 2795 666 bella
2841 608 3232 707 promptissimi
3266 626 3279 663 :
3310 604 3740 675 uniuscujusque

460 731 660 788 Filium
686 700 874 785 contra
904 723 984 780 tui
1017 720 1225 778 erroris
1252 718 1585 789 impietatem
1616 715 1703 769 his
1728 711 1907 768 verbis
1946 710 2050 766 istc
2149 704 2298 761 ensis
2324 718 2486 775 super
2522 702 2698 757 femur
2737 718 2895 757 suum
2922 708 3145 771 propter
3176 700 3405 755 timores
3444 706 3740 789 nocturnos

461 822 765 882 catholicus
782 820 992 883 doctor,
1013 829 1175 888 quem
1201 820 1257 868 tu
1282 812 1397 882 ipse
1420 811 1474 865 in
1496 807 1733 863 medium
1755 802 2049 867 deduxisti,

463 913 733 971 attineat?
759 909 827 967 Et
852 918 974 982 post
999 921 1171 979 pauca
1201 904 1397 959 iterum
1424 919 1437 955 :
1461 900 1630 971 390
1656 916 1674 947 ι
1702 894 1838 952 Cum
1866 894 2054 951 catho-

2152 795 2331 870 (Cant.
2373 812 2454 859 Ill,
2489 794 2521 843 7
2558 805 2606 849 et
2648 793 2803 865 αφ).
2850 792 2931 848 Ad
2975 792 3078 848 hos
3126 789 3373 861 Sponsus
3418 790 3486 847 de
3530 788 3744 845 emicstt

2155 888 2391 942 thalamo
2418 885 2621 942 clamat
2648 902 2662 940 :
2691 882 2873 956 Capite
2895 884 3045 939 nobis
3067 882 3244 956 vulpes
3262 881 3509 956 pusillas,
3529 882 3624 955 qui
3651 882 3744 936 de.

465 1009 590 1071 lica,
642 972 872 1075 inquit;
895 972 1033 1056 ﬁdes
1076 1006 1367 1065 utrumque
1412 990 1704 1061 suscipiat,
1763 995 2055 1055 utrumque
2152 978 2448 1075 utalia-nlui:
2471 977 2667 1075 vineas.
2702 975 2847 1030 Nam
2872 977 3022 1075 vinea
3053 984 3233 1029 nostra
3261 975 3443 1075 {forsit
3467 972 3648 1075 (Cant:
3678 989 3742 1041 Il,

469 1098 747 1162 defendat,
772 1110 894 1166 qua:
942 1090 1238 1148 secundum
1285 1083 1682 1143 confessionem
1724 1080 1869 1137 beati
1904 1076 2053 1133 Petri

467 1189 696 1267 apostoli
727 1202 891 1244 unum
914 1182 1190 1240 Christum
1213 1179 1311 1235 Dei
1337 1178 1444 1234 vivi
1469 1175 1668 1231 Filium
1699 1179 1754 1228 ct
1778 1169 2056 1267 hominem

466 1261 642 1344 credit
674 1290 731 1340 et
752 1278 1011 1336 Verbum.
1047 1295 1068 1330 ι
1119 1272 1415 1330 Considera
1465 1278 1519 1325 te
1560 1268 1756 1337 ipsum,
1788 1273 1843 1319 ct
1870 1278 1938 1318 cx
1974 1261 2060 1316 his

468 1380 650 1438 verbis
676 1385 798 1433 tuos
825 1386 1017 1431 sensus
1043 1369 1272 1437 corrige,
1301 1372 1358 1420 et
1381 1362 1493 1418 noli
1514 1359 1790 1416 Christum
1839 1356 1893 1410 in
1924 1354 2059 1408 duos

470 1470 713 1527 dividere
760 1464 921 1528 ﬁlios,
967 1475 1136 1516 unum
1182 1456 1518 1526 adoptivum,
1563 1458 1620 1506 et
1667 1447 1895 1503 alterum
1930 1458 2063 1513 pro-

467 1564 651 1636 prium
679 1579 694 1614 :
723 1558 818 1616 sed
864 1569 989 1613 cum
1016 1554 1178 1609 beato
1205 1548 1370 1605 Petro
1398 1543 1642 1615 principe
1670 1536 2059 1636 apostolorum,

470 1633 770 1720 secundum
816 1668 1035 1711 sensum
1083 1648 1242 1706 istius
1293 1640 1623 1699 sanctissimi
1654 1633 1853 1699 Patris,
1894 1645 2063 1689 unum

471 1753 751 1812 Christum
783 1747 944 1805 crede
967 1753 1023 1801 et
1049 1756 1218 1798 unum
1238 1738 1335 1794 Dei
1366 1735 1473 1791 vivi
1502 1732 1719 1791 Filium,
1738 1727 1976 1783 Verbum
2008 1730 2065 1777 et

474 1845 750 1906 hominem
772 1838 1031 1914 praedica.
1060 1836 1197 1891 item
1233 1831 1378 1888 inter
1400 1836 1597 1883 czctera
1632 1819 1916 1878 catholica:
1939 1815 2064 1871 ﬁdei

472 1940 819 1998 hortamenta
837 1933 942 1990 hoc
958 1942 1173 2001 quoque
1191 1921 1438 1993 adjunxit
1459 1920 1601 1991 (cap.
1619 1916 1674 1988 8)
1694 1935 1736 1969 ει
1756 1914 1954 1970 Forma
1971 1925 2068 1966 au-

476 2040 589 2087 tem
607 2025 773 2090 servi,
790 2038 893 2096 per
910 2036 1076 2094 quam
1096 2012 1446 2088 impassihilis
1463 2011 1645 2066 Deitas
1668 2008 2069 2104 sacramentum

474 2136 686 2196 magna
697 2116 917 2192 pietatis
928 2110 1191 2186 implevit,
1206 2109 1440 2164 humana
1461 2100 1737 2199 humilitas
1752 2103 1857 2159 est,
1872 2109 1992 2199 qua:
2015 2100 2068 2199 in

476 2192 708 2290 gloriam
735 2210 933 2268 divina
956 2203 1245 2281 potestatis
1274 2205 1462 2256 evecta
1486 2203 1589 2259 est,
1614 2194 1670 2248 in
1692 2192 2072 2290 tanta-unitate

478 2278 565 2384 ῖε.
579 2305 705 2371 Leo,
724 2304 781 2360 in
798 2278 1006 2358 tantam
1026 2290 1312 2367 unitatem]
1336 2292 1405 2347 ah
1420 2291 1540 2384 ipso
1554 2291 1820 2384 conceptu
1834 2278 2076 2384 Virginis

475 2369 758 2459 deitateret
772 2394 982 2451 unitate
1002 2393 1276 2447 conserta.
1294 2390 1357 2439 ut
1376 2396 1478 2439 nec
1496 2378 1615 2436 sine
1631 2373 1850 2433 homine
1869 2369 2069 2434 divina,

480 2507 587 2550 nec
607 2489 726 2547 sine
742 2486 854 2543 Deo
874 2465 1164 2558 agerentur
1181 2478 1442 2536 humana.
1468 2493 1490 2527 ο
1524 2471 1650 2528 iizec
1668 2480 1895 2541 prorsus
1910 2463 2077 2519 verba

480 2593 539 2642 te
576 2597 688 2639 non
715 2576 1072 2640 intellexisse,
1100 2571 1185 2627 vel
1214 2585 1346 2626 vera
1378 2583 1487 2623 non
1514 2563 1832 2629 credidisse,
1871 2558 2079 2628 absque

480 2670 820 2733 dubitatione
846 2667 902 2724 in
928 2666 1042 2723 tuis
1066 2662 1265 2719 litteris
1292 2658 1532 2731 reperire
1556 2664 1660 2713 est.
1689 2649 1946 2721 Nunquid
1966 2661 2077 2703 non

482 2764 780 2823 humanam
824 2755 1188 2814 humilitatem
1229 2751 1286 2807 in
1321 2749 1558 2808 divinam
1600 2758 1722 2802 esse
1756 2746 2079 2813 potestatem

488 2861 728 2916 testatur
762 2858 1033 2915 evectam,
1063 2860 1230 2917 quam
1268 2852 1325 2900 tu
1362 2841 1633 2913 captivam
1665 2836 1946 2893 nominare
1972 2847 2083 2889 non

492 2941 798 3004 horruisti?
844 2939 913 2995 Et
953 2935 1116 3010 paulo
1139 2942 1305 3009 post:
1334 2952 1353 2984 ι
1387 2927 1843 3001 lnseparabiliter,
1883 2922 2081 2993 inquit,

2156 1069 2266 1142 15).
2300 1069 2406 1126 Per
2433 1068 2534 1123 hos
2562 1068 2903 1124 obstructum
2929 1066 3036 1122 erit
3058 1080 3122 1121 os
3142 1064 3383 1121 omnium
3408 1063 3745 1136 loquentium

2157 1163 2343 1232 iniqua
2369 1158 2546 1233 (Psal.
2578 1176 2714 1226 Lm,
2740 1158 2828 1233 i2)
2865 1177 2879 1213 :
2922 1158 2979 1214 bi
3008 1159 3173 1214 unius
3204 1159 3358 1215 vocis
3376 1167 3441 1233 et
3466 1155 3592 1215 ﬁdei
3618 1174 3750 1216 con-

2158 1255 2342 1311 cordia
2382 1252 2621 1308 clamant
2642 1268 2767 1308 cum
2795 1250 3065 1323 Propheta
3098 1266 3114 1304 :
3144 1250 3459 1306 Benedictus
3487 1249 3749 1307 Dominus

2158 1348 2303 1404 Deus
2330 1366 2497 1414 meus,
2519 1350 2609 1420 qui
2634 1347 2782 1402 docet
2812 1362 3003 1401 manus
3034 1362 3177 1400 meas
3204 1346 3275 1400 ad
3294 1344 3557 1417 praelium,
3588 1359 3637 1400 et
3666 1345 3752 1401 di-

2160 1443 2297 1515 gitos
2333 1459 2476 1497 meos
2511 1443 2582 1496 ad
2616 1440 2806 1496 bellum
2848 1436 3024 1512 (Paul.
3079 1454 3274 1505 exuti,
3328 1437 3406 1511 1).
3457 1439 3753 1511 Persequar

2162 1536 2401 1591 inimicos
2429 1551 2590 1599 meos,
2621 1542 2667 1588 ct
2697 1530 3134 1605 comprehendam
3162 1529 3302 1596 illos,
3331 1540 3383 1586 et
3409 1548 3515 1587 non
3541 1548 3755 1587 conuer-

2166 1641 2271 1695 tar,
2305 1628 2470 1683 donec
2513 1626 2785 1697 deﬁciant.
2827 1622 3173 1697 Confringant
3204 1621 3355 1691 illos,
3390 1640 3484 1678 nec
3508 1632 3753 1696 poterunt

2165 1730 2306 1774 stare
2334 1716 2507 1789 (Psal.
2539 1732 2674 1779 xvtl,
2701 1712 2814 1786 38).
2850 1712 3002 1768 Muta
3040 1712 3335 1784 efﬁciuntur
3372 1711 3516 1768 labia
3544 1712 3752 1777 dolosa,

2096 1781 2143 1845 Β
2166 1824 2285 1882 quo:
2318 1781 2604 1878 loquuntur
2639 1781 2888 1860 adversus
2901 1781 3113 1875 just-nt
3143 1804 3471 1876 iniquitatem
3498 1812 3549 1861 et
3572 1820 3758 1878 super-

2171 1901 2311 1955 biam
2350 1897 2522 1972 (Psal.
2561 1913 2697 1965 xxx,
2726 1897 2840 1971 l9).

2244 1991 2331 2046 Vl.
2359 1990 2576 2046 Miraris
2589 1990 2943 2047 vehementer
2958 1989 3232 2062 quomodo
3246 1990 3315 2047 de
3325 1987 3496 2046 David
3505 1988 3761 2060 adoptivo

2172 2084 2323 2141 nasci
2369 2083 2635 2155 potuisset
2660 2082 2932 2151 Christus,
2954 2092 3015 2141 ct
3054 2084 3339 2156 adoptivus
3368 2098 3477 2140 non
3506 2097 3629 2140 esse
3656 2099 3673 2139 :
3703 2091 3766 2140 et

2171 2188 2283 2227 non
2305 2172 2541 2235 miraris,
2567 2171 2837 2244 quomodo
2873 2173 2942 2229 de
2968 2172 3139 2229 David
3180 2182 3465 2247 peccatore
3490 2173 3641 2231 nasci
3667 2189 3767 2246 po-

2176 2263 2369 2319 tuisset
2410 2261 2661 2329 Christus
2704 2262 2823 2319 sine
2869 2264 3137 2333 peccato?
3184 2264 3262 2319 Ea
3301 2271 3610 2337 potestate,
3654 2277 3766 2335 qua

2174 2358 2352 2430 potuit
2380 2357 2499 2414 sine
2514 2364 2744 2428 peccato
2764 2356 2977 2428 concipi
3000 2363 3056 2412 et
3073 2356 3249 2421 nasci,
3266 2369 3334 2412 ea
3358 2356 3557 2411 divina:
3577 2354 3769 2412 volun-

2177 2450 2305 2505 tatis
2360 2450 2582 2515 virtute,
2637 2447 2842 2520 Spin’lu
2885 2455 3076 2503 sancto
3134 2456 3418 2518 operante,
3470 2447 3650 2519 potuit
3699 2445 3771 2504 de

2178 2538 2432 2610 adoptivo
2457 2538 2576 2593 sine
2602 2537 2893 2609 adoptione
2926 2536 3135 2608 concipi
3160 2545 3217 2593 et
3240 2536 3413 2593 nasci.
3440 2535 3597 2593 Sicut
3620 2538 3769 2593 enim

2179 2630 2248 2687 de
2274 2628 2437 2685 debili
2465 2636 2643 2700 patre,
2672 2629 2759 2684 vel
2800 2627 3089 2698 cujuslibet
3114 2629 3345 2685 membri
3374 2628 3591 2701 privato
3631 2629 3772 2684 inte-

2180 2720 2397 2794 gritate,
2417 2727 2592 2793 potest
2621 2721 2831 2793 integra
2863 2722 3231 2778 membrorum
3258 2719 3595 2793 perfectione
3628 2721 3775 2778 ﬁlius

2182 2816 2355 2880 nasci,
2379 2815 2455 2870 ita
2475 2813 2727 2872 Christus
2750 2830 2816 2871 ex
2844 2815 3155 2887 integritate
3188 2824 3396 2873 naturtc
3418 2816 3667 2872 humana:
3685 2815 3773 2871 fa-

2183 2913 2305 2961 ctus
2315 2916 2401 2962 est
2416 2921 2582 2962 verus
2604 2907 2789 2970 homo,
2807 2914 2859 2962 et
2881 2922 3041 2961 verus
3061 2906 3231 2962 Filius
3257 2907 3374 2975 Dei,
3393 2907 3469 2963 nil
3487 2908 3775 2965 vetustatis

781 2998 991 3087 ωειεῷ
1029 2998 1292 3099 pergo“,
1334 3038 1475 3079 unus
1509 2998 1681 3094 imque
1722 3016 1867 3075 idem
1906 3022 1993 3073 αι
2029 3022 2090 3073 οι
2184 2998 2278 3099 vel
2293 2999 2409 3055 vitii
2440 3000 3777 3099 habens,-trahenspulchritudinemnaturte,non

494 3066 1117 3184 magi-Frui;
1410 3066 1651 3178 carnem,
1695 3120 1753 3167 et
1798 3117 1947 3167 totus
1982 3108 2081 3164 Dei

2187 3091 2442 3147 vitiorum
2465 3092 2883 3149 deformitatem.
2913 3066 3067 3161 Quod
3092 3095 3295 3147 creavit
3330 3090 3384 3146 in
3405 3066 3646 3157 homine,
3671 3091 3777 3148 hoc

494 3141 642 3184 unus
667 3141 906 3181 nonum
944 3141 1114 3176 l'lllllS
1154 3141 1374 3190 propter
1410 3141 1651 3178 ωηιιτιιι,
1695 3141 1753 3167 τι
1802 3141 1947 3167 ιυιιιυ
1985 3141 2081 3164 uel
2108 3141 2157 3207 ε
2470 3141 2883 3149 ν---υ--ην---η-
2921 3141 3075 3197 κη-..
3097 3141 3141 3197 -ῖ
3157 3141 3384 3199 Wa-.-"
3406 3141 3646 3198 ....-------,
3671 3141 3776 3148 η--

494 3216 667 3277 Filius
699 3221 927 3287 propter
975 3225 1141 3269 unam
1189 3225 1315 3266 cum
1359 3206 1524 3265 Patre
1550 3204 1844 3262 Deitatem.
1876 3223 1896 3257 ι
1937 3199 2083 3258 Nihil
2187 3193 2567 3287 aquatum
2593 3186 2737 3287 quod
2763 3185 2927 3287 hoAmo
2955 3184 3168 3287 addidit
3188 3200 3262 3287 er
3278 3184 3559 3287 diabolicae
3583 3198 3781 3287 sugge-

490 3308 641 3370 ωίιιι
665 3277 770 3364 hbe
794 3277 917 3363 foco
943 3302 1254 3362 ίοηηωινίι
1294 3300 1584 3359 emendem
1621 3298 1813 3354 beatus
1851 3296 1961 3352 ιεο
1986 3294 2083 3351 do-
2188 3279 2380 3336 stionis
2423 3278 2760 3349 deceptione.
2809 3277 3091 3348 Quomodo
3134 3278 3203 3336 de
3247 3278 3435 3370 herbis
3476 3277 3782 3370 virentibus

493 3368 615 3463 ξωιι
647 3400 973 3463 catholicus,
1014 3396 1287 3453 Christum
1323 3402 1500 3452 ιοιιιω
1524 3391 1616 3448 Dei
1641 3388 1840 3446 Filium
1873 3400 1995 3444 esse
2029 3394 2087 3443 ει
2189 3370 2351 3428 flores
2371 3370 2573 3427 diversi
2595 3371 2797 3427 coloris
2816 3379 3145 3438 nascuntur;
3167 3370 3310 3426 sicut
3334 3368 3401 3425 de
3423 3369 3596 3441 spinis
3617 3383 3778 3436 rosm,

496 3501 670 3553 totum
683 3490 880 3549 Filium
904 3488 1173 3554 hominis;
1206 3502 1367 3558 quem
1386 3493 1444 3542 tu
1461 3498 1713 3556 separare
1736 3497 1845 3537 non
1868 3479 2085 3546 metuis,
2190 3473 2245 3558 et
2275 3466 2341 3521 de
2360 3465 2523 3537 891
2550 3464 2761 3520 calamo
2788 3464 2947 3522 viridi
2975 3464 3387 3558 candidissimus
3412 3463 3508 3558 lilii
3532 3463 3667 3558 llos:
3700 3463 3784 3520 sic

499 3583 779 3643 affirmans
802 3589 1012 3654 partem
1041 3552 1167 3648 eius
1188 3552 1309 3635 esse
1344 3579 1399 3635 in
1429 3552 1690 3649 dignitate
1715 3573 1919 3645 proprii
1942 3570 2085 3637 Filii,
2190 3556 2400 3654 fructus
2442 3558 2687 3654 omnium
2721 3558 2977 3654 arborum
3005 3556 3151 3654 aliud
3178 3554 3465 3654 proferunt
3490 3552 3780 3654 infracta.

497 3684 709 3750 partem
754 3646 821 3731 in'
856 3646 1147 3743 “apud”,
1192 3686 1313 3741 φη
1356 3646 1511 3725 sole"
1543 3670 1613 3725 ab
1658 3676 1920 3723 εχιηιηεε,
1969 3664 2087 3719 ποτε
2189 3649 2336 3750 aliud
2363 3650 2417 3705 in
2461 3649 2643 3750 radice
2669 3648 3184 3750 osten:lunt._Tot-u_s
3221 3648 3455 3703 mundus
3502 3646 3785 3750 miraculis

496 3734 749 3841 iam“.
806 3734 979 3835 ρειαί
1011 3734 1368 3836 ίηωηῧςιηυηι
1414 3760 1572 3816 “me
1623 3766 1708 3816 εει
1759 3758 1827 3813 de
1872 3757 2090 3814 ειη-εειο
2189 3741 2475 3841 estplenus
2494 3739 2633 3810 ejus,
2659 3742 2754 3841 qui
2774 3742 2903 3841 facit
2934 3738 3200 3841 mirabilia
3436 3737 3580 3841 solus
3599 3734 3781 3841 .(Psal.

388 3885 413 3904 ο
498 3828 726 3916 credere
779 3828 856 3913 ut
881 3869 1119 3927 unquam
1161 3828 1456 3911 extraneas
1501 3858 1649 3908 esset
1690 3852 1798 3906 Deo
1834 3850 2010 3917 Patri,
2036 3857 2093 3904 et

2189 3846 2387 3897 cxxxv,
2417 3829 2497 3903 4),
2524 3838 2579 3885 et
2606 3832 2783 3887 adhuc
2809 3829 3089 3885 incredula
3112 3841 3265 3884 mens
3295 3828 3533 3894 dubitat,
3568 3828 3616 3884 si
3657 3844 3786 3900 pro-

505 3950 633 4007 inde
677 3922 1028 4021 adoptaretur
1069 3948 1123 4004 in
1175 3947 1365 4001 ﬁlium.
1422 3944 1576 4003 Hanc
1624 3959 1757 3999 vero
1803 3944 1964 3999 talem
2010 3942 2087 3996 tui

2192 3923 2367 3994 prium
2410 3924 2513 3979 sibi
2543 3923 2739 3978 Filium
2781 3938 3074 3994 procreare
3117 3922 3382 3993 potuisset
3415 3936 3482 3977 ex
3530 3922 3782 3993 virginali

499 4041 706 4098 erroris
750 4014 1097 4112 partitionem
1128 4037 1210 4093 vel
1249 4037 1568 4094 divisionem
1612 4037 1679 4092 de
1717 4037 1999 4092 divinitate
2037 4043 2093 4090 et

2194 4026 2374 4083 utero,
2398 4015 2552 4084 cujus
2573 4018 2747 4073 virtus
2768 4017 3128 4087 omnipotens,
3157 4014 3312 4084 cujus
3338 4014 3591 4069 voluntas
3608 4016 3786 4071 omnis

505 4105 842 4193 humanitate
876 4131 1251 4201 Redemptoris
1298 4130 1468 4186 nostri
1522 4129 1827 4186 certissime
1875 4128 2094 4183 univcr-

2193 4108 2430 4163 bonitas.
2463 4108 2565 4175 Qui
2592 4108 2755 4162 etiam
2782 4114 2962 4178 potest
2987 4122 3055 4161 ex
3079 4120 3217 4177 aqua
3252 4114 3307 4161 et
3333 4106 3527 4176 spiritu
3565 4106 3633 4161 de
3661 4105 3785 4161 ﬁliis

505 4223 637 4280 salis
667 4231 853 4279 sancta
884 4222 976 4279 Dei
1014 4196 1253 4277 Ecclesia
1285 4222 1485 4289 ubique
1529 4220 1735 4290 respuit
1762 4229 1818 4274 ct
1846 4220 2089 4284 damnat,
2194 4198 2392 4255 ἀῖδδοῖί
2417 4199 2520 4253 Sibi
2546 4199 2649 4270 iPsi
2680 4197 2894 4255 emcel‘e
2922 4197 3063 4252 ωίοδ
3087 4197 3390 4267 adoptivos»
3420 4196 3593 4290 "limo
3615 4198 3787 4269 πιδείε

506 4316 812 4388 pmdimns
862 4313 1189 4370 ﬁducialiler
1252 4329 1379 4367 cum
1430 4313 1590 4369 beam
1625 4289 1823 4368 Leone
1874 4312 2096 4369 doctore
2196 4291 2368 4361 potuit
2386 4306 2453 4345 ex
2474 4298 2631 4347 utero
2653 4290 2922 4362 virginali,
2948 4306 3060 4345 suae
3081 4290 3440 4345 sanctissima
3463 4289 3787 4346 Paternitati

505 4405 745 4479 egregio,
769 4403 1045 4460 Christum
1075 4412 1248 4459 totum
1276 4403 1371 4459 Dei
1395 4402 1621 4473 Filium,
1636 4413 1691 4458 et
1719 4412 1891 4458 totum
1922 4404 2095 4458 homi-

2198 4381 2483 4437 ineﬁ‘abilis
2512 4383 2755 4453 potentia
2791 4382 3050 4438 bonitatis
3072 4382 3355 4453 proprium
3383 4396 3676 4451 procreare
3698 4380 3788 4435 Fi-

508 4471 594 4555 nis
636 4471 870 4565 Piliam;
910 4506 1192 4567 totumque
1238 4496 1516 4569 proprium
1544 4471 1762 4562 Filium,
1812 4504 2093 4569 totumque
2124 4501 2173 4561 ι)
2196 4472 2350 4569 “Mf,
2377 4480 2439 4527 ιιι
2460 4484 2605 4528 ess“
2629 4474 2769 4569 De“?
2808 4483 2866 4528 ⁸⁸
2895 4473 3056 4528 homo
3095 4474 3285 4569 i"_“"“
3315 4487 3570 4543 Ρθτδοηδν
3599 4471 3687 4526 in"
3715 4472 3788 4526 δί’

508 4588 813 4658 perfectum
857 4587 1050 4645 Deum.
1102 4586 1301 4644 lterum
1349 4595 1511 4658 atque
1563 4587 1759 4642 iterum
1810 4589 2094 4655 erubescc,

512 4680 789 4750 Elipande,
809 4690 868 4736 et
889 4680 1105 4737 tandem
1136 4680 1425 4753 aliquando
1455 4689 1577 4737 tuos
1602 4696 1830 4753 agnosce
1858 4697 2095 4747 errores,

455 4801 459 4805 -
512 4773 605 4845 qui
651 4786 753 4829 nec
795 4787 984 4829 eorum
1031 4773 1358 4829 testimoniis
1405 4774 1603 4836 credis,
1636 4789 1773 4845 quos
1808 4774 1861 4829 in
1902 4774 2099 4829 suffra—

513 4867 661 4937 gium
691 4874 798 4922 true
823 4874 988 4923 secta?
1013 4865 1282 4923 advocare
1318 4866 1553 4922 voluisti.
1590 4867 1942 4937 Perspicuum
1970 4883 2099 4939 pro-

514 4957 605 5015 cul
635 4957 798 5013 dubio
840 4966 945 5023 est,
993 4965 1046 5014 te
1097 4973 1203 5015 non
1249 4958 1552 5031 intelligere
1597 4976 1717 5031 qua:
1754 4960 1908 5031 legis,
1938 4970 2102 5032 atque

517 5048 642 5105 ideo
672 5063 779 5105 non
824 5050 1079 5115 credere,
1110 5050 1253 5105 sicut
1296 5049 1479 5106 debes.
1514 5049 1621 5106 Sed
1662 5053 1909 5121 quamvis
1953 5059 2118 5111 tene-.

516 5138 679 5194 brosa
722 5139 917 5210 caligo,
947 5139 1041 5195 ubi
1084 5140 1285 5196 occidit
1322 5139 1402 5196 sol
1449 5139 1679 5195 visibilis
1709 5148 1871 5210 atque
1914 5141 2103 5196 invisi-

519 5231 665 5293 bilis,
694 5240 903 5289 vestras
930 5232 1174 5289 obtineat
1207 5242 1451 5300 mentes;
1491 5241 1671 5288 tamen
1706 5234 1882 5287 adhuc
1917 5241 2106 5290 sancta

524 5321 616 5376 Dei
646 5321 887 5378 Ecclesia
929 5323 1094 5379 habet
1134 5324 1415 5379 catholica:
1457 5324 1781 5380 eruditionis
1819 5324 1977 5390 ﬁlios.
2011 5340 2110 5395 per

522 5428 661 5482 quius
697 5414 943 5469 veritatis
988 5414 1102 5480 lux,
1132 5416 1311 5471 divina
1348 5414 1648 5486 opitulante
1677 5415 1876 5486 gratia,
1914 5415 2107 5474 claris-

524 5509 661 5563 sime
685 5506 907 5579 fulgeat,
940 5523 1077 5578 quos
1105 5516 1469 5579 expavescent
1511 5507 1864 5564 tabernacula
1887 5507 2109 5565 Ethio-

508 5616 515 5622 ·
525 5613 654 5671 pum
677 5609 732 5653 et
757 5597 1105 5657 tabernacula
1127 5608 1286 5655 terra:
1316 5599 1549 5656 Madian.
1594 5599 1697 5667 Qui
1726 5600 1781 5656 in
1803 5598 1922 5656 luce
1944 5602 2112 5673 sagit-

528 5701 707 5746 tarum
733 5690 827 5745 Dei
854 5690 1030 5756 ibunt,
1063 5690 1387 5761 fulgurantis
1414 5691 1584 5749 hasta:
1606 5692 1909 5750 vibramine
1934 5697 2108 5765 parati

529 5782 692 5841 ferire
717 5783 1057 5841 adversarios
1086 5781 1208 5838 ﬁdei
1237 5774 1518 5840 catholica:
1540 5782 1769 5873 (Hahae.
1797 5801 1883 5852 lli,
1910 5787 1968 5871 7,
1998 5786 2108 5843 ill.

1002 5883 1053 5915 δ

2199 4566 2417 4636 quidem
2446 4575 2558 4621 tota
2579 4567 2821 4636 propria,
2852 4582 2957 4621 non
2985 4566 3256 4636 adoptiva.

2276 4679 2382 4733 VII.
2432 4678 2566 4731 Dum
2602 4689 2705 4731 tum
2746 4677 3069 4744 inﬁdelitati,
3098 4693 3134 4733 ο
3177 4679 3484 4734 venerande
3508 4677 3696 4744 frater,
3722 4694 3789 4734 ex

2201 4771 2323 4827 aliis
2335 4770 2699 4824 Ecclesiarum
2715 4767 2917 4825 Christi
2940 4770 3253 4826 doctoribus
3273 4779 3439 4828 testes
3459 4770 3790 4837 defecerunt,

2203 4861 2387 4918 subito
2405 4860 2710 4925 Toletanos,
2734 4869 2793 4915 ut
2813 4862 2914 4927 ais,
2939 4862 3276 4918 venerabiles
3291 4862 3481 4918 Patres
3496 4863 3789 4935 protulisti,

2205 4964 2262 5011 et
2287 4954 2500 5009 illorum
2542 4954 2597 5008 in
2628 4955 2915 5008 missarum
2944 4954 3220 5010 solemniis
3243 4955 3519 5011 orationes
3560 4955 3615 5009 in
3640 4954 3795 5008 auxi-

2204 5046 2337 5102 lium
2380 5054 2484 5101 tua:
2513 5054 2676 5100 sectae
2704 5046 3072 5116 adsumpsisti.
3106 5047 3270 5114 Dicis,
3302 5047 3355 5100 in
3386 5047 3552 5103 Cmna
3581 5047 3793 5102 Domini

2206 5137 2511 5207 hujusmodi
2546 5139 2734 5194 haberi
2762 5140 3063 5195 orationem
3094 5141 3149 5196 in
3177 5155 3366 5197 eorum
3395 5141 3791 5197 sacramentis:

2211 5229 2317 5298 Qui
2334 5246 2427 5301 per
2450 5231 2679 5301 adoptivi
2706 5232 2931 5285 hominis
2958 5233 3278 5304 passionem,
3307 5234 3433 5287 dum
3458 5250 3556 5288 suo
3585 5251 3688 5289 non
3717 5234 3797 5289 in-

2208 5324 2386 5396 dulget
2408 5325 2637 5395 corpori,
2666 5336 2841 5382 nostro
2863 5326 3093 5392 demunt,
3122 5328 3176 5381 id
3207 5337 3303 5395 est,
3328 5329 3539 5393 iterum,
3571 5345 3676 5381 non
3702 5344 3795 5399 pe-

2207 5421 2389 5491 percit.
2427 5418 2594 5489 Cujus
2617 5420 2898 5491 petitionis
2922 5420 3087 5475 verba
3116 5420 3220 5477 sibi
3242 5419 3463 5477 omnino
3487 5435 3595 5475 non
3623 5420 3803 5475 cohae-

2211 5518 2333 5565 rent
2356 5550 2371 5575 ,
2427 5520 2483 5566 et
2530 5512 2745 5567 videtur
2791 5525 2824 5565 a
2869 5510 3191 5582 quibusdam
3244 5512 3654 5582 corruptoribus
3702 5526 3802 5583 pro

2211 5603 2467 5673 assumpti
2512 5598 2760 5666 hominis,
2803 5601 3033 5672 adoptiri
3076 5602 3313 5673 positum
3354 5616 3514 5666 esse;
3551 5601 3835 5674 quodque.

2213 5697 2460 5767 sequitur
2490 5712 2505 5749 :
2533 5706 2712 5751 nostro
2732 5697 2962 5761 demunt,
2984 5695 3041 5749 id
3063 5706 3159 5761 est,
3190 5697 3397 5761 iterum,
3425 5712 3531 5752 non
3552 5697 3803 5767 pepercit,

2214 5802 2375 5843 sensu
2400 5786 2651 5843 videlicet
2672 5796 2843 5853 caret,
2871 5801 2971 5843 nec
3001 5787 3133 5843 satis
3158 5786 3319 5853 lueet,
3354 5786 3486 5859 quid
3513 5786 3598 5843 his
3621 5786 3801 5844 verbis

2026 6474 2577 6483 ᾉβ
