4136 6524
226 383 326 439 ξω

898 379 1315 437 ΠΟΟΜᾹἹῚΕΑ.
1358 411 1427 420 -
1464 378 1626 433 AD‘v’.
1671 376 1839 435 ELiP.‘

1942 375 2067 432 Π]λί
2104 374 2282 431 LIBRI
2324 375 2414 431 ιν.
2452 405 2521 414 ~—
2560 374 2687 428 ΗΒ.
2729 372 2793 427 il.

3392 371 3497 430 266

224 490 517 566 signiﬁcari
556 489 745 555 voluit,
793 489 883 559 qui
930 491 1043 546 haec
1088 489 1256 545 verba
1302 490 1370 545 ad
1409 490 1807 561 deprecandum
1834 491 1883 547 Α
1911 503 2007 543 eos
2033 502 2173 543 esse.
2193 485 2345 545 Beati
2377 491 2555 558 itaque
2584 486 2772 543 isidori
2805 485 3093 541 clarissimi
3123 487 3361 542 doctoris
3390 505 3496 543 non

226 583 395 640 Deum
433 580 752 652 composuit.
785 579 959 635 Aliam
1005 581 1162 651 ponis
1198 581 1497 637 orationem
1530 595 1545 635 :
1574 579 1815 653 Respice,

228 675 472 739 Domine,
501 673 705 743 inquis,
726 670 961 742 ﬁdelium
987 680 1197 726 tuorum
1225 670 1629 736 multitudinem,
1656 689 1816 743 quam

228 784 321 839 per
346 765 641 837 adoptionis
689 766 915 836 gratiam
965 763 1105 818 Filio
1141 775 1232 819 tuo
1278 767 1452 836 facere
1488 765 1735 836 dignatus
1759 782 1816 820 es

230 856 573 911 colitvr-edem.
614 855 681 910 Et
719 855 808 909 hic
845 852 1130 925 perspicue
1173 855 1476 925 adoptionis
1522 870 1717 910 nomen
1746 854 1817 910 ad

232 948 629 1003 multitudinem
662 946 920 1009 fidelium,
944 962 1108 1017 quam
1148 946 1282 1000 Filio
1307 962 1405 1002 suo
1435 962 1532 1017 per
1574 947 1819 1016 adoptio-

231 1053 358 1092 nem
394 1036 579 1108 gratiae
626 1036 769 1090 Deus
805 1034 934 1091 fecit
972 1035 1328 1097 cohteredem,
1358 1051 1462 1090 non
1503 1036 1571 1089 ad
1614 1034 1816 1090 Christi

232 1126 357 1186 Filii
394 1127 488 1182 Dei
530 1141 819 1197 personam
853 1127 1106 1195 pertinet.
1155 1124 1415 1180 Similiter
1457 1125 1601 1197 quod
1643 1124 1727 1179 ais
1762 1125 1818 1179 in

231 1218 341 1274 alia
374 1219 665 1273 oratione:
701 1215 974 1270 I’srcessit
1020 1217 1075 1270 in
1124 1216 1404 1285 adoptione
1451 1217 1681 1279 donum,
1729 1216 1819 1270 sed

231 1310 408 1365 adhuc
433 1317 593 1362 restat
620 1309 675 1361 in
700 1308 1087 1361 conversatione
1101 1306 1389 1377 judicium,
1412 1314 1468 1361 et
1488 1307 1578 1360 hic
1601 1306 1823 1361 omnino

232 1400 454 1471 adoptio
484 1399 551 1454 ad
593 1399 779 1455 ﬁdeles
805 1400 1063 1470 pertinet,
1098 1400 1189 1469 qui
1215 1398 1493 1468 iudicandi
1529 1407 1684 1463 sunt;
1714 1411 1822 1452 non

233 1492 305 1548 ad
347 1508 471 1547 eum
505 1491 598 1561 qui
626 1489 966 1560 iudicaturus
994 1499 1094 1545 est.
1141 1490 1201 1545 in
1233 1488 1550 1560 prmiatione
1575 1504 1707 1544 vero
1730 1488 1821 1543 ubi

233 1583 372 1641 dicis
405 1602 417 1637 :
448 1582 517 1638 Et
546 1583 672 1636 Jesu
698 1579 909 1637 Christo
949 1580 1091 1634 Filio
1130 1591 1223 1635 tuo
1264 1579 1489 1634 Domino
1514 1589 1713 1643 nostro,
1733 1579 1824 1649 qui

231 1675 419 1746 pietati
444 1684 550 1728 tua:
593 1689 686 1743 per
726 1672 958 1741 ad0ptivi
988 1671 1214 1726 hominis
1253 1672 1573 1741 passionem,
1600 1678 1656 1725 et
1687 1668 1826 1725 forte

233 1765 309 1821 ibi
357 1767 410 1821 in
450 1764 848 1835 antiquioribus
894 1762 1257 1833 exempl-ariis.
1289 1762 1544 1831 assumpti
1576 1760 1823 1825 hominis,

230 1857 473 1927 pasitum
506 1831 632 1920 fuii;
666 1856 759 1910 sed
802 1831 1115 1925 corruptum
1164 1862 1372 1924 postea.
1418 1853 1556 1921 Quid
1588 1862 1674 1908 est
1699 1867 1827 1908 vero
1862 1831 1904 1893 θ

234 1950 381 2019 quod
415 1948 659 2017 sequitur
691 1965 703 2001 :
736 1936 889 2000 Cum
908 1962 1011 1999 non
1042 1945 1228 1999 exierit
1249 1961 1276 1998 e
1300 1943 1449 2009 ccelo,
1477 1943 1765 1998 exhibuerit
1801 1958 1831 1996 e

233 2040 544 2110 triumpho?
578 2038 818 2093 Obscurc
859 2038 1058 2113 dictum
1090 2044 1205 2101 est,
1235 2035 1281 2091 si
1317 2045 1497 2091 tamen
1539 2049 1735 2090 sensus
1775 2034 1831 2089 in

235 2133 323 2187 his
370 2132 551 2187 verbis
596 2132 789 2202 dignus
829 2129 1054 2184 inveniri
1100 2128 1317 2200 poterit.
1343 2141 1367 2169 ι
1396 2127 1529 2183 item
1558 2127 1614 2180 in
1649 2141 1717 2183 eo
1739 2126 1831 2181 ubi

236 2222 320 2275 ais
353 2239 365 2273 :
401 2219 573 2274 Hodie
604 2220 853 2275 Salvator
898 2228 1075 2272 noster
1110 2214 1227 2289 post
1273 2217 1606 2288 adoptionem
1656 2216 1833 2271 carnis

235 2312 415 2367 sedem
458 2313 659 2381 repetiit
702 2311 959 2373 Deitatis,
1000 2310 1195 2365 melius
1233 2308 1405 2363 multo
1439 2308 1694 2365 convenit
1743 2307 1835 2365 hic

235 2403 348 2457 dici
388 2402 796 2473 assumptionem
846 2401 1055 2464 carnis,
1101 2415 1261 2471 quam
1313 2399 1667 2469 adoptionem,
1706 2398 1833 2468 quia

235 2495 410 2549 Filio:
436 2495 524 2548 Dei
547 2494 843 2563 assumpsit
868 2505 1245 2557 carnem,,non
1273 2489 1569 2559 adoptavit.
1594 2488 1661 2543 Et
1688 2488 1835 2560 quod

239 2585 494 2655 sequitur
524 2602 535 2636 :
568 2582 727 2637 Hunc
752 2581 999 2637 exultavit
1022 2583 1078 2635 in
1102 2580 1265 2645 ctelis,
1297 2596 1449 2651 quem
1470 2578 1836 2634 humiliarerat

236 2676 297 2729 in
330 2673 577 2743 infernis,
599 2687 721 2742 qua:
745 2680 829 2727 est
859 2670 1162 2725 humiliatio
1185 2668 1385 2724 Christi
1425 2669 1564 2739 apud
1594 2666 1836 2723 inferos?

235 2764 497 2835 Nunquid
523 2780 630 2818 non
656 2762 850 2816 fortem
879 2760 1215 2832 alligaverat,
1238 2770 1293 2815 et
1321 2760 1491 2833 spolia
1515 2762 1632 2832 ejus
1656 2760 1834 2816 distri-

182 2889 191 2895 -
236 2859 458 2920 buerat,
490 2863 542 2911 et
572 2864 820 2925 potenter
843 2853 1111 2925 captivam
1135 2848 1428 2923 Captivavit
1442 2852 1835 2923 captivitatem,

238 2957 297 3004 et
321 2962 506 3003 secum
537 2947 589 2999 in
614 2945 889 3015 triumpho
912 2941 1097 3015 gloria:
1128 2942 1337 2998 revexit
1366 2943 1420 2997 in
1451 2942 1650 2997 oculos?
1676 2941 1839 2999 Vide-

241 3048 340 3093 tur
363 3037 508 3090 enim
539 3035 640 3090 hoc
669 3035 842 3104 magis
873 3048 995 3088 esse
1021 3031 1364 3103 gloriﬁcatio,
1392 3047 1554 3102 quam
1588 3029 1840 3087 humilia-

239 3128 324 3182 tio
344 3127 470 3182 dum
498 3125 748 3181 Christus
775 3125 827 3179 in
852 3124 1080 3179 victoria
1103 3123 1371 3179 exaltatus
1385 3132 1488 3188 est,
1514 3131 1571 3179 et
1591 3122 1838 3180 diabolus

241 3220 300 3276 in
330 3218 548 3273 miseria
580 3218 887 3273 damnatus.
917 3216 1070 3285 Quod
1095 3217 1201 3284 ais,
1233 3218 1287 3272 in
1314 3218 1479 3273 missa
1508 3218 1682 3273 sancti
1705 3216 1841 3290 Spe-

242 3310 355 3368 rati
383 3310 637 3379 martyris
664 3308 966 3380 :Adoptivi,
994 3309 1190 3380 inquit,
1211 3308 1436 3363 hominis
1459 3325 1565 3362 non
1588 3307 1843 3363 horruisti

239 3401 611 3458 vestimentum
651 3416 855 3455 sumere
894 3402 1093 3465 carnis,
1125 3400 1508 3455 inconveniens
1546 3399 1710 3454 dictio
1734 3407 1839 3465 est,

244 3493 483 3565 adaptiei
519 3493 748 3547 hominis
792 3493 1150 3546 vestimentum
1184 3491 1379 3545 carnis.
1411 3488 1617 3545 Tamen
1648 3488 1843 3544 melius

245 3582 479 3654 intelligi
501 3591 699 3653 potest,
725 3586 865 3654 quod
896 3580 1137 3636 Christus
1158 3590 1351 3635 nostra
1369 3580 1666 3652 adoptionis
1691 3580 1845 3636 resti-

247 3680 483 3726 mentum
502 3679 808 3734 assumeret,
834 3668 890 3724 id
908 3676 1013 3729 est,
1036 3683 1257 3724 carnem
1274 3675 1539 3734 nostram,
1565 3684 1672 3724 non
1698 3671 1845 3739 quod

248 3764 344 3821 ille
393 3761 703 3832 adoptivum
754 3761 1134 3816 vestimentum
1173 3759 1474 3815 habuisset.
1530 3758 1589 3813 in
1636 3767 1845 3817 tantum

248 3854 402 3911 enim
443 3853 599 3908 vobis
642 3853 819 3923 placet
866 3853 1171 3923 adoptionis
1195 3868 1414 3919 nomen,
1445 3862 1504 3909 ut
1539 3853 1848 3925 ubicunque

250 3945 388 4002 illud
416 3944 707 4000 inveniatis
752 3944 1038 4013 scriptum,
1075 3945 1194 3999 sine
1220 3943 1368 4000 omni
1409 3945 1731 4010 reverentia,
1763 3945 1848 4001 vel

250 4036 692 4093 consideratione
747 4035 814 4090 ad
868 4036 1287 4107 itcdcmptorem
1340 4045 1586 4093 nostrum
1642 4036 1849 4095 referre

251 4128 607 4191 contenditis,
640 4143 746 4182 non
783 4126 1143 4198 intelligentes
1186 4142 1307 4197 qua:
1340 4128 1536 4196 legitis.
1568 4126 1851 4199 1tinsuper

253 4231 317 4277 et
342 4229 551 4275 vestros
577 4228 759 4289 patres
794 4227 848 4273 et
872 4220 1248 4289 progenitores
1269 4220 1324 4274 in
1358 4218 1594 4282 Christo,
1617 4234 1755 4290 quos
1782 4219 1851 4275 ad

255 4319 443 4366 vestra
475 4324 646 4377 usque
670 4317 909 4379 tempora
942 4308 1180 4363 Ecclesia
1203 4308 1297 4363 Dei
1324 4310 1546 4378 recepit,
1572 4310 1855 4365 bzereticos

254 4403 476 4458 edicere
506 4401 753 4456 studetis.
787 4399 940 4466 Quod
971 4416 1135 4470 quam
1179 4399 1400 4471 impium
1430 4403 1499 4455 sit
1526 4409 1581 4456 et
1629 4400 1855 4456 inhone—

1919 578 2094 633 solum
2134 578 2439 648 Hispaniae,
2485 593 2675 633 verum
2721 578 2885 634 etiam
2930 588 3246 634 cunctarum
3295 580 3500 635 Latinae

1917 669 2236 739 eloquentia:
2259 668 2623 724 Ecclesiarum
2651 669 2979 741 perplurima
3009 670 3318 742 legebamus
3338 685 3502 740 opus-

1918 761 2062 826 cuia,
2090 766 2145 815 et
2181 760 2238 815 in
2264 774 2458 828 magna
2490 761 2752 816 habemus
2785 762 3163 825 veneratione;
3212 763 3268 817 in
3304 763 3504 831 quibus

1918 866 2183 922 nusquam
2207 852 2275 906 de
2299 850 2677 922 Redemptoris
2707 852 3232 906 nostrilnnnanitate
3260 852 3505 921 adoptio-

1918 943 2005 998 nis
2057 958 2254 997 nomen
2294 950 2581 996 exaratum
2638 943 2960 997 invenimus.
3012 942 3118 997 Sed
3172 952 3229 997 et
3277 942 3502 1000 iuvenci

1917 1033 2220 1104 presbyteri
2248 1039 2410 1102 atque
2430 1032 2596 1102 892
2622 1033 2811 1103 Optimi
2839 1034 3171 1096 scholastici,
3195 1048 3355 1103 quem
3377 1034 3504 1088 bca-

1921 1134 2008 1179 tus
2028 1123 2386 1194 iiicronymus
2407 1122 2607 1188 laudat,
2635 1124 2875 1178 carmina
2897 1123 3233 1194 Evangelica:
3254 1124 3508 1179 Historia:

1919 1217 2296 1290 prospeximus
2326 1212 2400 1288 [F
2401 1224 2533 1281 orte,
2561 1213 2999 1288 perspeximus],
3040 1217 3131 1285 qui
3173 1216 3226 1270 in
3271 1217 3505 1287 quodam

1920 1325 2083 1365 versu
2112 1308 2387 1366 Christum
2416 1309 2697 1379 proprium
2739 1307 2936 1363 Filium
2972 1308 3067 1365 Dei
3111 1310 3379 1366 catholico
3412 1324 3508 1367 ore

1923 1416 2032 1457 non
2064 1399 2378 1456 formidavit
2399 1399 2691 1472 appellare.
2721 1400 2812 1454 Ait
2848 1401 2993 1456 enim
3022 1413 3042 1438 ε
3081 1419 3096 1456 :

2045 1569 2166 1636 [iam
2191 1570 2384 1633 (Quen,
2408 1571 2536 1632 Non)
2558 1581 2638 1621 tua
2663 1572 2935 1636 concipient
2954 1572 3142 1625 cu-lestl
3164 1576 3355 1625 viscera
3374 1575 3513 1636 jussu

2051 1631 2250 1696 ﬂatum.
2273 1645 2421 1693 quem
2447 1631 2657 1696 regnare
2684 1631 2816 1682 Deus
2839 1648 2927 1695 per
2949 1636 3128 1696 saacula
3152 1642 3343 1693 cuncta,

2050 1694 2112 1759 iit
2131 1697 2369 1759 propriam
2384 1694 2531 1759 credi
2555 1696 2773 1759 subolem
2795 1694 3073 1759 gaudetque
3090 1694 3357 1759 iubetque,

2051 1754 2194 1805 Hunc
2215 1754 2296 1805 ubi
2321 1756 2416 1805 sub
2440 1755 2602 1819 legem
2629 1757 2767 1807 tJur.
2782 1754 2876 1806 sub
2896 1754 3325 1819 iucémfdedeﬂs,
3343 1754 3410 1806 sit
3432 1771 3514 1806 no-

3171 1819 3329 1880 [mine
3349 1820 3514 1869 Jcsus.

3200 1832 3329 1868 mli)?
3349 1832 3515 1869 JCSIIS.

1933 1952 2130 2012 Iuliani
2154 1972 2373 2028 quoque
2400 1958 2635 2016 Pomerii
2669 1960 2694 2001 ιι
2726 1959 3078 2031 Prognostica
3112 1977 3178 2017 ex
3207 1972 3518 2019 sanctorum

1932 2045 2156 2105 ﬂoribus
2199 2050 2423 2106 collecta
2473 2052 2695 2107 Patrum
2750 2053 3247 2121 consideravimus,
3296 2070 3396 2111 nec
3443 2055 3519 2110 ibi

1934 2137 2136 2209 aliquid
2158 2140 2319 2209 hujus
2353 2149 2547 2197 vestra:
2572 2143 2876 2199 invenimus
2904 2154 3065 2201 sectae
3100 2146 3391 2215 depictum.
3420 2145 3521 2201 Ve-

1934 2231 2358 2301 nerabiliumque
2400 2234 2623 2289 Patrum
2665 2236 2717 2289 in
2752 2234 2939 2293 Toleto
2984 2237 3271 2308 synodales
3313 2239 3380 2293 ad
3419 2254 3522 2294 nos

1934 2333 2297 2393 pervenerunt
2312 2326 2644 2389 sanctiones,
2674 2327 2726 2380 in
2749 2342 2978 2397 quorum
3001 2327 3197 2383 litteris
3217 2329 3349 2383 nihil
3372 2330 3521 2394 novi,

1934 2416 2022 2471 vel
2053 2418 2293 2487 antiquis
2315 2421 2645 2475 contrarium
2672 2418 2957 2486 Pati-ibus;
2998 2422 3094 2476 sed
3119 2422 3300 2476 omnia
3335 2423 3521 2477 catho~

1934 2507 2041 2565 lico
2060 2508 2203 2579 stylo
2226 2510 2523 2581 perscripta
2548 2510 2884 2581 agnovimus.
2906 2510 3032 2567 ideo
3056 2512 3230 2582 magis
3249 2513 3523 2566 aestiman-

1936 2600 2067 2656 dum
2093 2607 2178 2656 est
2203 2600 2445 2669 iuniores
2480 2602 2751 2673 quoslibet
2795 2602 2958 2671 hujus
2998 2616 3151 2657 nova;
3192 2602 3527 2658 inﬁdelitatis

1937 2690 2146 2746 catenis
2174 2690 2473 2762 colligatos,
2506 2693 2573 2747 ad
2602 2691 2959 2763 perditionem
3004 2693 3085 2747 sui
3113 2693 3351 2762 ipsorum
3382 2693 3527 2748 dicta

1938 2788 2250 2837 sanctorum
2277 2797 2628 2852 corrumpere
2651 2784 2955 2849 doctorum,
2976 2792 3034 2840 et
3050 2799 3269 2840 suorum
3292 2786 3529 2855 pessima

1938 2872 2240 2943 pertinacia
2282 2872 2555 2928 maculare
2595 2888 2790 2928 nomen
2833 2882 3143 2943 parentum,
3174 2876 3260 2930 cui
3290 2876 3529 2932 audacia:

1940 2961 2017 3017 nil
2046 2962 2327 3019 scelestius
2356 2963 2440 3018 vel
2470 2964 2709 3020 atrocius
2732 2979 2854 3019 esse
2878 2966 3097 3035 poterit.
3126 2966 3191 3019 Et
3228 2966 3330 3021 hoc
3361 2982 3424 3022 cx
3462 2982 3529 3022 eo

1938 3049 2063 3108 veri
2099 3066 2222 3109 esse
2252 3051 2429 3107 simile
2468 3052 2701 3119 videtur,
2749 3056 2875 3124 quia
2921 3054 3424 3123 probatissimorum
3474 3058 3529 3112 in

1941 3142 2145 3201 Christi
2179 3144 2421 3200 Ecclesia
2446 3145 2727 3200 doctorum
2754 3154 2808 3200 et
2834 3146 3087 3200 omnibus
3115 3148 3529 3217 acceptabilium

1942 3235 2242 3291 catholicas
2258 3236 2574 3297 sententias,
2595 3234 2677 3290 vel
2700 3251 2956 3305 perverso
2976 3237 3321 3306 interpretari
3343 3254 3530 3302 sensu,

1941 3325 2026 3379 vel
2054 3325 2257 3396 perfida
2286 3341 2385 3382 vos
2409 3326 2698 3382 immutare
2722 3328 3030 3383 temeritate
3052 3327 3367 3400 agnovimus
3392 3349 3405 3384 :
3434 3330 3536 3387 vci-

1943 3414 2021 3470 uti
2051 3414 2107 3470 in
2138 3416 2409 3486 aliquibus
2459 3418 2809 3488 probavimus
2849 3418 3005 3483 locis,
3044 3420 3172 3474 dum
3215 3419 3282 3474 ad
3312 3436 3410 3475 nos
3441 3436 3538 3491 per

1944 3504 2178 3560 Felicem
2215 3507 2347 3561 olim
2391 3515 2663 3573 vestrum,
2698 3523 2845 3563 nunc
2884 3519 3065 3563 autem
3104 3519 3349 3565 nostrum
3388 3525 3540 3564 com-

1944 3597 2244 3652 militonem
2284 3596 2469 3667 plures
2513 3598 2677 3653 vestri
2731 3598 2936 3655 erroris
2978 3609 3344 3669 pervenerunt
3388 3600 3537 3655 litte»

1945 3687 2097 3743 ruite.

2017 3777 2109 3834 ix.
2152 3777 2258 3834 Sed
2312 3778 2590 3835 sciendum
2635 3790 2721 3835 est
2758 3779 2945 3845 vobis,
2992 3782 3135 3851 quod
3175 3781 3333 3851 longe
3381 3780 3542 3837 aliter

1950 3867 2145 3924 beatus
2172 3866 2468 3937 Gregorius
2502 3868 2827 3925 venerabilis
2845 3878 2902 3924 et
2922 3872 3334 3943 probatissimus
3358 3872 3412 3925 in
3434 3871 3541 3925 ﬁde

1948 3958 2217 4015 catholica
2242 3960 2434 4014 doctor
2465 3960 2742 4016 orationes
2765 3960 2821 4015 in
2849 3962 3215 4017 celebratione
3231 3971 3286 4017 et
3305 3962 3543 4017 oraculis

1951 4056 2267 4116 missarum,
2298 4051 2365 4106 ad
2394 4051 2795 4122 deprecandum
2830 4050 2925 4108 Dei
2973 4054 3131 4108 nobis
3172 4054 3541 4118 clementiam,

1951 4143 2199 4215 plurimis
2227 4146 2530 4216 composuit
2572 4144 2624 4199 in
2665 4144 2831 4210 locis;
2867 4154 3029 4216 atque
3073 4162 3222 4211 eum,
3258 4164 3357 4218 per
3388 4147 3542 4215 cujus

1954 4236 2296 4308 adoptionem
2332 4236 2501 4291 vestri
2550 4238 2859 4293 sacerdotes
2906 4254 3034 4294 suas
3080 4255 3270 4309 preces
3309 4241 3545 4296 oderunt

1955 4325 2089 4390 Deo,
2116 4340 2330 4396 semper
2350 4325 2698 4396 Unigenitum
2728 4337 2919 4383 sancto
2949 4345 3013 4384 ac
3039 4332 3300 4400 singulari
3327 4332 3544 4386 nomine

1957 4424 2325 4489 perpetuaque
2346 4417 2695 4471 veneratione
2717 4418 2986 4487 appellare
3011 4435 3115 4473 non
3147 4422 3429 4475 dubitavit.
3455 4422 3546 4475 Ait

258 4506 432 4561 stum,
461 4507 623 4548 nemo
656 4506 793 4564 pene
826 4491 1018 4546 doctus
1045 4490 1127 4546 vel
1159 4491 1406 4546 indoctus
1432 4492 1646 4563 ignorat
1672 4509 1688 4546 :
1717 4508 1839 4563 quo-

1957 4509 2104 4563 euim
2135 4509 2190 4563 in
2216 4509 2380 4564 missa
2406 4509 2474 4562 ad
2499 4508 2714 4564 Palmas
2740 4510 2791 4563 in
2820 4512 3066 4567 oratione
3093 4515 3324 4582 quadam
3350 4526 3373 4554 ε
3402 4529 3416 4567 :
3439 4514 3542 4578 Da,

260 4606 386 4648 rum
434 4588 669 4658 plurima
712 4586 780 4639 ad
826 4600 925 4640 nos
963 4592 1325 4654 pervenerunt
1357 4585 1559 4655 scripta
1588 4586 1839 4643 catholic:

1957 4615 2285 4671 qutrsumus,
2310 4602 2634 4672 omnipotens
2661 4601 2824 4666 Deus,
2849 4613 2903 4655 ut
2928 4607 3018 4673 qui
3038 4605 3090 4658 in
3120 4616 3194 4659 tot
3230 4607 3460 4661 adversis
3480 4623 3546 4660 ea:

260 4680 372 4735 ﬁde
412 4676 745 4738 veneranda,
796 4684 852 4729 et
889 4675 1116 4729 summis
1161 4675 1471 4731 doctoribus
1518 4684 1717 4732 sanet-.1:
1760 4675 1857 4730 Dei

264 4770 525 4826 Ecclesia:
549 4767 947 4822 convenientia.

340 4860 474 4917 Vili.
512 4859 809 4927 QuieScite,
856 4858 960 4911 νει-ί
1007 4854 1226 4923 fratres,
1269 4858 1552 4929 quiescite,
1597 4866 1652 4912 et
1698 4858 1862 4914 nolite

266 4951 438 5006 vestri
460 4948 847 5019 blasphemiam
870 4948 1075 5002 erroris
1090 4946 1339 5017 patribus
1359 4947 1624 5017 imputare
1645 4949 1861 5002 vestris.

268 5040 352 5095 liii
394 5055 490 5094 sua
542 5037 851 5095 habuerunt
883 5047 1148 5106 tempora,
1179 5038 1443 5107 nobisque
1472 5038 1731 5109 prmclara
1780 5039 1862 5094 sui

271 5130 491 5185 sudoris
526 5130 580 5183 in
610 5136 796 5184 sancta
825 5129 1237 5184 conversatione
1264 5129 1596 5199 reliquerunt
1618 5131 1865 5202 vestigia,

269 5208 415 5293 quos
458 5220 763 5282 laudamus,
815 5234 1079 5273 amamus.
1125 5219 1231 5273 Sed
1260 5219 1417 5283 tales,
1448 5220 1634 5290 quales
1681 5236 1780 5275 nos
1812 5222 1864 5274 in

276 5313 499 5384 scriptis
523 5312 636 5367 suis
660 5326 756 5366 eos
780 5311 1119 5380 agnovimus,
1151 5325 1258 5365 non
1292 5312 1479 5381 quales
1515 5327 1610 5366 vos
1654 5311 1869 5367 refertis

352 5514 379 5542 ι
422 5502 558 5558 Vide
583 5500 747 5573 Card.
768 5500 942 5573 Bona,
968 5501 1171 5573 Rerum
1205 5501 1412 5573 Liturg.
1445 5502 1535 5555 lib.
1563 5518 1604 5566 ι,
1630 5517 1751 5573 cap.
1780 5502 1870 5565 ii,

281 5573 312 5646 δ
340 5573 400 5646 2,,
431 5582 554 5646 1‘9"
581 5572 634 5634 θ’
676 5581 733 5626 εί
760 5571 789 5643 §
900 5581 1012 5626 "0"
1042 5572 1095 5646 δέ

357 5645 385 5683 δ
429 5644 560 5698 Vide
595 5640 782 5711 supra;
811 5640 904 5694 lib.
932 5658 1002 5696 vn
1027 5644 1287 5711 adversus
1304 5641 1565 5704 Felicem,
1596 5658 1745 5695 num.
1782 5644 1868 5696 13.

282 5782 300 5840 1
357 5725 389 5793 ε.
413 5710 705 5775 Iuvencus,
734 5712 987 5781 Evangel.
1013 5710 1152 5765 iiist.
1181 5713 1307 5767 libr.
1329 5729 1368 5777 ι,
1393 5722 1522 5767 tom.
1549 5712 1670 5766 XIX
1689 5713 1876 5768 Patro-

305 5798 461 5840 oatm.
1410 5798 1411 5801 ‘

305 5798 461 5855 ogim.
1410 5798 1411 5801 η

731 5876 1003 5935 Ρλτειοι.
1046 5873 1143 5935 Ci.

1962 4699 2140 4743 nostra
2164 4690 2467 4759 inﬁrmitate
2490 4690 2786 4759 deﬁcimus,
2814 4693 3160 4749 intercedente
3176 4695 3447 4767 .Unigeniti
3469 4699 3546 4751 tui

1964 4778 2094 4833 Filii
2118 4781 2380 4851 passione,
2407 4781 2736 4849 respiramus.
2764 4782 2895 4839 item
2911 4794 3102 4853 quarta
3132 4785 3266 4840 feria
3309 4785 3546 4854 ejusdem

1964 4871 2318 4927 hebdomadis
2346 4889 2359 4923 :
2392 4870 2617 4934 Prtesta,
2658 4889 2981 4943 qutesumus,
3016 4877 3339 4946 omnipotens
3384 4876 3549 4939 Deus,

1967 4971 2025 5014 ut
2058 4961 2148 5032 qui
2183 4962 2374 5016 nostris
2416 4963 2711 5017 excessibus
2751 4964 3073 5017 incessanter
3116 4966 3413 5035 affligimur,
3460 4983 3553 5035 per

1969 5050 2234 5122 Unigeniti
2253 5053 2332 5105 tui
2350 5052 2647 5122 passionem
2663 5052 2963 5108 liberemur.
2990 5055 3120 5109 item
3140 5056 3194 5110 in
3218 5046 3550 5112 Ascensione

1968 5141 2220 5196 Domini:
2248 5138 2507 5207 Concede,
2552 5159 2874 5213 qna'sumus,
2926 5146 3249 5216 omnipotens
3285 5146 3445 5213 Deus,
3494 5156 3551 5200 ut

1965 5233 2057 5301 qui
2082 5232 2335 5287 hodierna
2370 5233 2456 5287 die
2497 5230 2836 5305 Unigenitum
2858 5244 3008 5289 tuum
3037 5233 3426 5306 Redemptorem
3456 5254 3551 5292 no-

1966 5334 2135 5380 strum
2176 5324 2246 5378 ad
2286 5324 2438 5379 ctelos
2482 5324 2761 5379 ascendere
2788 5321 2953 5395 [Cod.
2991 5323 3192 5391 Paris,
3223 5326 3552 5403 ascendisse]

2044 5504 2068 5543 ἀ
2100 5501 2297 5557 Juliani
2321 5502 2554 5558 Pomerii
2574 5504 2963 5574 archiepiscOpi
2987 5503 3229 5559 Toletani
3253 5505 3352 5560 abs
3371 5503 3552 5574 dubio.

1974 5591 2134 5645 quem
2155 5574 2318 5627 etiam
2345 5574 2435 5628 alii
2454 5574 2670 5644 quidam
2694 5573 3223 5645 veteresscriptores
3247 5573 3554 5629 Pomerium

1975 5643 2421 5726 cognomina-runt
2460 5643 2668 5726 {cuius
2709 5643 3051 5715 Prognostica
3102 5645 3245 5698 edita
3291 5645 3557 5699 habentur

1976 5713 2108 5771 tom.
2132 5713 2302 5783 XCVI
2328 5713 2664 5783 Patrologim.

2057 5795 2079 5822 ο
2121 5782 2179 5838 S.
2206 5782 2367 5853 Greg.
2398 5782 3073 5840 l.ibr.’Sacramentorum.

3196 5874 3235 5933 9
