4136 6566
581 404 685 460 267
1435 388 1495 443 B.
1536 386 1597 442 F.
1630 381 1859 439 ALBlNl
1896 378 2028 436 SEU
2067 374 2345 434 ALCUINI
2383 369 2669 429 OPERUM
2706 366 2888 424 PARS
2924 366 3009 423 Ill.
3754 357 3870 412 2938

581 523 868 586 credimus.
891 516 1023 572 Item
1044 511 1114 567 ad
1133 506 1488 564 elevationem
1505 508 1707 557 sanctae
1725 495 1919 553 Crucis
1933 506 1958 535 ι
1991 511 2005 547 :
2029 492 2174 548 Deus
2201 494 2251 551 Α
2276 487 2513 544 hominis
2524 501 2622 558 per
2637 484 2832 539 Filium
2852 483 2947 538 Dei
2963 482 3016 536 in
3037 479 3173 536 Filio
3195 478 3290 535 Dei
3305 491 3426 533 esse
3444 473 3821 547 promeretur?
3840 496 3866 524 ο

1007 605 1085 660 tui
1113 601 1339 676 pretioso
1382 597 1638 668 sanguine
1682 592 1958 661 vivi/icatc
1998 587 2172 643 crucis
2275 582 2513 686 verbum
2540 591 2756 683 quoque
2799 584 3127 689 ρνῖιῗεγειὶιν
3158 573 3443 679 praesentis
3466 570 3725 676 temporis
3764 582 3871 639 po-

585 681 836 765 i'iwiuuai
854 698 1185 769 candiﬁcum
1208 691 1419 749 uoluisti
1431 707 1452 756 ,-
1474 686 1742 749 eumdem,
1770 685 1823 741 id
1846 693 1951 748 est,
1987 681 2174 739 Jesum

586 798 867 857 Christum
908 791 1106 849 Filium
1143 787 1263 853 Dei,
1293 784 1385 856 qui
1427 795 1620 853 passus
1664 785 1767 843 est,
1815 785 1872 833 et
1912 775 2172 831 mundum

587 888 809 963 proprio
830 883 1064 942 redemit
1082 877 1364 949 sanguine,
1386 870 1605 930 amabili
1633 878 1690 925 et
1710 866 1931 939 speciali
1955 864 2176 963 nomine

590 953 939 1049 Dnigenitum
978 970 1291 1045 appellans;
1336 972 1607 1049 quatenus
1654 961 1709 1015 in
1756 958 1874 1027 ejus
1915 953 2175 1049 singulari

588 1047 898 1136 dilectione,
926 1067 1020 1138 qui
1064 1063 1213 1120 solus
1239 1047 1431 1116 unicus
1451 1064 1508 1112 et
1537 1052 1845 1126 unlgenitus
1869 1048 1969 1104 Dei
1996 1047 2177 1103 Patris

590 1177 675 1225 est
701 1166 889 1229 Filius,
918 1161 987 1218 ad
1011 1174 1073 1216 se
1094 1151 1458 1216 clamantibus
1480 1146 1807 1204 misereatur
1830 1142 1973 1197 Deus
1997 1139 2175 1195 omni-

588 1268 801 1332 potens.
832 1254 943 1313 Sed
970 1254 1039 1309 de
1063 1249 1152 1307 his
1174 1249 1293 1304 haec
1319 1240 1609 1300 suﬁiciant.
1639 1235 1772 1303 Quae
1793 1241 2098 1303 sequuntur
2120 1230 2175 1284 in

590 1327 895 1410 litterarum
929 1354 1149 1403 tuarum
1183 1338 1461 1396 salebroso
1494 1330 1732 1402 eloquio,
1764 1327 2066 1383 videamus.

658 1440 731 1497 X.
769 1440 939 1510 lgitur
966 1435 1110 1490 sicut
1146 1428 1310 1501 paulo
1346 1433 1472 1480 ante
1499 1419 1868 1493 probavimus,
1914 1428 2087 1510 novos
2123 1420 2179 1468 te

592 1504 821 1605 repente
854 1521 1216 1583 introduxisse
1259 1516 1571 1589 prophetas,
1613 1512 1688 1566 ita
1716 1523 1884 1605 novas
1910 1504 2177 1605 siquidem

592 1593 673 1679 ex.
684 1618 996 1677 nominibus
1018 1619 1331 1670 sanctorum
1347 1606 1572 1662 Patrum
1598 1600 1758 1672 ﬁngis
1782 1597 1880 1653 tibi
1901 1593 2176 1666 epistolas,

593 1721 861 1786 quatenus
899 1723 970 1764 ex
1010 1716 1201 1762 earum
1245 1696 1530 1757 sententiis
1567 1703 1717 1749 tuum
1742 1688 2014 1786 potuisses
2037 1684 2182 1741 aﬁir—

2272 673 2451 739 suisti,
2484 671 2639 743 quasi
2680 685 2828 725 nunc
2875 667 3017 724 ﬁlius
3060 666 3296 723 hominis
3346 664 3555 720 meritis
3596 661 3711 718 suis
3768 676 3875 732 per

2273 764 2469 820 Filium
2494 762 2590 818 Dei
2631 762 2685 817 in
2712 761 2848 816 Filio
2878 759 2974 815 Dei
3000 774 3120 817 esse
3147 765 3489 829 promeretur
3518 773 3532 809 :
3560 753 3705 826 quod
3739 768 3873 825 pro-

2275 856 2363 913 cul
2391 855 2555 911 dubio
2580 862 2767 909 sancta
2792 860 2847 908 et
2875 850 3143 907 catholica
3165 848 3298 904 ﬁdes
3326 848 3624 904 fortissim
3646 854 3868 901 contra-

2275 948 2427 1014 dicit,
2456 954 2517 1001 ut
2541 945 2666 1002 ullis
2692 945 2900 1001 meritis
2928 942 3361 1015 praecedentibus
3388 941 3681 996 meruisset
3704 939 3873 994 homo

2276 1046 2587 1109 assumptus
2612 1052 2642 1092 a
2670 1036 2851 1093 Verbo
2884 1034 3001 1101 Dei,
3033 1042 3094 1090 ut
3114 1032 3285 1089 Filius
3304 1031 3399 1088 Dei
3425 1040 3589 1097 esset,
3618 1032 3755 1087 sicut
3780 1046 3872 1086 so-

2274 1133 2378 1187 lius
2409 1130 2778 1186 tantummodo
2803 1129 2949 1183 beati
2975 1126 3256 1197 Augustini
3287 1124 3596 1180 testimonio
3631 1123 3870 1195 proban-

2275 1226 2405 1281 dum
2427 1238 2548 1279 esse
2577 1222 2709 1277 satis
2750 1221 2981 1275 aestimo.
3011 1219 3102 1273 Ait
3125 1218 3268 1274 enim
3304 1224 3427 1287 post
3451 1216 3555 1271 alia
3582 1216 3870 1272 catholicae

2277 1315 2401 1370 ﬁdei
2427 1314 2676 1383 dogmata
2696 1311 2752 1366 in
2774 1310 2975 1375 libello,
2994 1310 3091 1380 qui
3112 1309 3309 1364 dicitur
3334 1306 3683 1363 Enchiridion
3708 1305 3869 1376 (Cap.

2276 1405 2368 1476 '56)
2401 1423 2414 1459 :
2447 1423 2467 1456 ι
2496 1403 2637 1472 Quid
2663 1402 2833 1466 enim,
2862 1401 3057 1470 inquit,
3084 1407 3279 1455 natura
3308 1399 3545 1455 humana
3574 1399 3628 1452 in
3650 1398 3876 1452 homine

2277 1496 2495 1553 Christo
2535 1494 2755 1558 meruit,
2794 1502 2853 1550 ut
2895 1494 2952 1549 in
2993 1494 3257 1551 unitatem
3301 1506 3547 1563 persona:
3573 1492 3719 1547 unici
3747 1490 3875 1546 Filii

2278 1587 2374 1643 Dei
2405 1585 2755 1657 singulariter
2782 1594 2929 1641 esset
2952 1585 3262 1656 assumpta?
3288 1584 3419 1652 Quae
3439 1586 3577 1639 bona
3597 1583 3877 1649 voluntas,

2279 1676 2435 1746 cujus
2462 1676 2592 1732 boni
2634 1676 2898 1746 propositi
2944 1674 3199 1737 studium,
3228 1689 3351 1745 qua:
3374 1674 3515 1730 bona
3539 1690 3705 1745 opera
3732 1690 3882 1745 prte-

596 1764 751 1861 In};
763 1764 1033 1855 errorem.
1073 1793 1184 1849 Nec
1224 1791 1330 1847 hoc
1368 1788 1584 1850 mirum,
1619 1784 1749 1839 dum
1796 1781 1911 1852 ipse
1948 1777 2183 1833 Satanas
2217 1840 2259 1861 ἢ
2282 1772 2582 1829 cesserunt,
2608 1765 2807 1835 quibus
2830 1772 3133 1821 mereretur
3158 1764 3259 1821 iste
3279 1766 3443 1821 homo
3464 1780 3571 1820 una
3610 1766 3727 1822 ﬁeri
3750 1782 3879 1837 per-

1462 1840 1619 1939 lucis,
1643 1873 1689 1929 si
1731 1840 2183 1943 pseudodoctores
2217 1840 2260 1901 θ
2285 1874 2417 1963 sona
2457 1873 2583 1915 cum
2604 1857 3036 1963 .Deo?ANunquid
3066 1866 3227 1915 antea
3257 1857 3360 1915 l‘uit
3394 1860 3578 1925 homo,
3609 1870 3665 1916 et
3693 1860 3798 1916 hoc
3823 1860 3880 1916 ei

597 1959 984 2055 transﬁgurent
1028 1991 1128 2033 sua
1173 1973 1316 2030 dicta
1357 1967 1514 2039 quasi
1552 1962 1951 2055 probabilium-
1979 1959 2185 2055 scripta

596 2047 896 2130 doctorum.
924 2068 1059 2123 Nam
1084 2062 1329 2120 falsidico
1354 2058 1511 2128 ﬁngis
1537 2054 1755 2110 ﬂamine
1782 2050 2044 2124 quasdam
2070 2047 2187 2119 cpi.

596 2164 763 2222 stolas
778 2164 993 2219 beatum
1020 2156 1409 2226 Hieronymum
1447 2147 1531 2203 vel
1558 2153 1806 2203 sanctum
1826 2138 2183 2213 Augustinum

597 2252 900 2325 scripsisse,
932 2249 989 2305 in
1022 2246 1221 2317 quibus
1249 2240 1493 2298 crebrius
1533 2233 1840 2306 adoptionis
1882 2232 2185 2287 immissum

597 2320 793 2403 nomen
819 2337 1207 2412 perspeximus,
1240 2331 1395 2404 quasi
1424 2328 1498 2385 illi
1540 2322 1869 2382 sanctissimi
1900 2329 1958 2378 et
1985 2320 2186 2391 proba—

598 2435 793 2495 tissimi
822 2432 1073 2488 doctores
1096 2442 1159 2483 ea
1183 2426 1249 2482 de
1276 2437 1421 2493 sepe
1448 2420 1589 2476 dicta
1614 2416 1901 2486 adoptione
1928 2412 2185 2478 dixerint,

597 2546 718 2601 qua:
746 2537 1020 2595 nunquam
1055 2520 1326 2581 dixerunt,
1354 2530 1454 2569 nec
1481 2525 1712 2582 usquam
1741 2510 1795 2563 in
1816 2521 2007 2563 eorum
2033 2519 2189 2575 repe-

603 2596 816 2676 riuntur
851 2614 1091 2685 scriptis,
1127 2626 1228 2665 nec
1266 2608 1481 2662 illorum
1525 2604 1672 2675 piam
1719 2608 1775 2656 et
1824 2596 2189 2655 venerabilem

602 2712 846 2769 redolent
872 2703 1267 2777 eloquentiam;
1300 2698 1393 2755 sed
1430 2706 1626 2752 vestrae
1671 2691 1955 2777 imperitia;
1996 2688 2194 2777 litteris

603 2811 657 2857 ct
682 2799 901 2875 syllabis
921 2775 1087 2867 893
1111 2792 1285 2860 magis
1312 2784 1595 2843 assimilari
1619 2789 1871 2875 quierunt
1897 2776 2051 2875 [Gods
2087 2775 2194 2832 Pa-

605 2870 727 2958 ris.,
737 2885 988 2962 queunt],
1006 2887 1117 2941 imo
1138 2898 1236 2939 nec
1256 2880 1467 2935 illarum
1490 2873 1821 2947 exemplaria
1842 2870 2191 2943 epistolarum

600 2982 796 3039 alicubi
819 2981 873 3034 in
902 2975 1184 3034 catholicis
1204 2971 1550 3026 inveniuntur
1569 2965 1818 3022 scrineis.
1841 2963 1972 3019 Tam
1998 2974 2195 3030 magna

600 3086 657 3132 et
685 3084 797 3129 tam
822 3066 1030 3142 prolixa
1058 3066 1230 3122 sancti
1257 3059 1592 3131 Hieronymi,
1620 3057 1705 3113 vel
1734 3058 1897 3112 etiam
1920 3054 2063 3110 beati
2085 3053 2197 3108 Au-

603 3162 801 3237 gustini
831 3156 1086 3231 opuscula
1126 3156 1459 3226 legebamus,
1485 3148 1845 3222 epistulasque
1871 3161 2010 3217 pene
2033 3145 2193 3201 innu-

2220 3197 2269 3262 C

2284 1954 2561 2023 singulare
2604 1950 2928 2008 beneﬁcium
2972 1952 3273 2021 praestitum
3312 1958 3414 2014 est,
3444 1961 3504 2007 ut
3530 1952 3885 2023 singulariter

2283 2053 2689 2116 promereretur
2704 2044 2907 2100 Deum?
2928 2043 3133 2115 Nempe
3151 2060 3216 2099 ex
3238 2060 3349 2115 quo
3369 2046 3532 2101 homo
3549 2060 3671 2101 esse
3688 2046 3883 2115 coepit,

2285 2154 2395 2195 non
2417 2138 2562 2193 aliud
2575 2136 2739 2207 cuipit
2769 2151 2891 2192 esse
2913 2152 3075 2206 quam
3102 2135 3197 2191 Dei
3219 2135 3406 2201 Filius,
3429 2144 3485 2191 et
3502 2134 3606 2192 hoc
3628 2137 3841 2191 unicus.
3859 2154 3881 2187 ι

2286 2230 2429 2300 Quid
2456 2231 2547 2286 hic
2576 2238 2750 2286 restat
2776 2230 3090 2292 dubietatis,
3136 2242 3207 2282 an
3248 2227 3501 2284 Christus
3550 2228 3605 2283 in
3650 2237 3889 2299 utraque

2287 2333 2486 2381 natura
2512 2339 2655 2380 unus
2678 2329 2733 2379 et
2768 2323 2964 2377 unicus
2990 2322 3061 2376 sit
3087 2320 3258 2376 Filius
3281 2319 3414 2375 Dei?
3439 2319 3593 2377 Sicut
3629 2321 3775 2377 enim
3802 2321 3893 2375 di-

2288 2418 2428 2473 vinae
2449 2424 2659 2472 naturae
2682 2416 2787 2471 iste
2810 2416 3114 2486 praecipuus
3134 2414 3324 2469 doctor
3352 2415 3497 2470 unici
3529 2414 3649 2469 Filii
3683 2430 3889 2470 nomen

2290 2507 2559 2578 apposuit,
2579 2506 2654 2562 ita
2674 2508 2839 2562 etiam
2867 2506 3135 2570 humanae,
3162 2506 3289 2560 dum
3311 2505 3425 2560 ait:
3452 2503 3655 2576 Nempe
3676 2521 3744 2561 ex
3770 2521 3888 2575 quo

2288 2602 2453 2658 homo
2480 2600 2647 2669 cepit
2674 2613 2813 2660 esse,
2856 2612 2964 2652 non
3014 2596 3158 2651 aliud
3194 2610 3318 2653 esse
3363 2597 3529 2667 cmpit
3572 2612 3735 2667 quam
3786 2596 3892 2653 Dei

2290 2691 2479 2755 Filius,
2511 2699 2566 2745 et
2612 2690 2718 2745 hoc
2760 2688 2972 2744 unicus.
3025 2689 3091 2743 Et
3133 2695 3258 2759 post
3290 2703 3461 2757 pauca
3506 2687 3775 2744 subinl'ert
3818 2690 3895 2745 de

2290 2781 2509 2837 Christo
2539 2796 2555 2834 :
2593 2799 2612 2833 ι
2642 2779 2835 2844 Homo,
2868 2779 3073 2849 inquit,
3112 2779 3272 2834 nullis
3307 2780 3735 2847 priocedentibus
3775 2794 3899 2836 me-

2295 2874 2415 2929 ritis
2454 2873 2508 2928 in
2538 2873 2655 2943 ipso
2691 2872 2917 2927 exordio
2954 2880 3163 2927 natum
3206 2888 3336 2937 sum,
3385 2887 3498 2942 quo
3541 2889 3663 2928 esse
3700 2874 3892 2945 erepit,

2294 2965 2475 3019 Verbo
2504 2962 2600 3017 Dei
2631 2962 2977 3034 copularetur
3004 2965 3056 3017 in
3085 2971 3292 3018 tantam
3322 2979 3570 3033 persona:
3601 2965 3895 3030 unitatem,

2294 3061 2355 3108 ut
2383 3054 2526 3109 idem
2556 3054 2670 3122 ipse
2714 3062 2862 3108 esset
2906 3053 3001 3107 Dei
3045 3052 3237 3118 Filius,
3267 3055 3358 3123 qui
3387 3054 3528 3109 ﬁlius
3559 3056 3813 3118 hominis.
3840 3067 3900 3110 et

2297 3145 2440 3200 ﬁlius
2482 3145 2738 3208 hominis,
2785 3146 2875 3213 qui
2906 3144 3076 3200 Filius
3110 3144 3225 3199 Dei.
3267 3165 3284 3197 ι
3318 3145 3432 3201 Hoc
3455 3145 3652 3216 saepius
3679 3157 3783 3202 tum
3809 3148 3900 3203 in-

604 3235 890 3313 nierabiles
912 3294 927 3320 ,
980 3252 1034 3307 in
1086 3250 1285 3321 quibus
1336 3258 1605 3314 nusquam
1654 3256 1843 3298 eorum
1899 3238 2195 3309 quemlibet
2221 3235 2269 3262 ν
2299 3237 2455 3292 culco
2480 3235 2758 3301 charitati,
2788 3244 2849 3290 ut
2874 3252 2940 3291 ex
2971 3237 3058 3292 bis
3080 3238 3258 3291 verbis
3287 3236 3447 3305 hujus
3471 3238 3767 3293 doctissimi
3792 3238 3901 3295 Pa-

604 3347 878 3403 Christum
900 3341 1203 3399 invenimus
1224 3336 1532 3407 adoptivum
1553 3333 1880 3395 nominasse,
1906 3345 2007 3384 nec
2025 3329 2194 3382 Deum

608 3435 1043 3507 nuncupativum,
1083 3429 1179 3489 sed
1208 3440 1421 3497 semper
1464 3425 1668 3495 absque
1706 3421 1813 3477 ulla
1860 3419 2197 3475 dubitatione

605 3542 796 3584 verum
821 3525 986 3579 Deum
1004 3562 1020 3587 ,
1050 3531 1345 3589 verumque
1368 3514 1465 3570 Dei
1492 3512 1686 3568 Filium
1712 3511 1987 3567 Christum
2015 3508 2197 3578 appel-

609 3618 750 3673 lasse
773 3623 827 3669 et
849 3612 1193 3684 praedicasse,
1225 3608 1371 3679 quod
1396 3605 1517 3660 loco
1542 3609 1866 3676 opportuno,
1896 3600 2198 3671 opitulante

614 3706 746 3770 Deo,
772 3698 1284 3759 demonstrabimus.

688 3794 777 3850 XI.
817 3794 1086 3849 Ponamus
1113 3799 1292 3843 tamen
1318 3786 1528 3855 aliquas
1555 3799 1624 3839 ex
1657 3782 1763 3838 illis
1793 3780 2054 3837 falsidicis
2078 3780 2195 3851 epi-

613 3885 768 3941 stolis
820 3881 1140 3944 sententias,
1169 3893 1304 3948 quas
1356 3890 1454 3931 vos
1491 3874 1546 3929 in
1590 3881 1771 3930 vestro
1815 3873 1999 3930 libello
2041 3873 2199 3928 nobis

614 3976 905 4039 direxistis,
939 3982 998 4029 ut
1045 3972 1215 4028 lector
1257 3974 1513 4040 agnoscat
1550 3981 1714 4037 quam
1760 3966 2201 4022 iuconveuienter

614 4083 798 4141 partes
835 4066 1097 4122 orationis
1140 4064 1329 4135 posita:
1368 4060 1479 4117 sint
1522 4060 1576 4115 in
1620 4059 1725 4124 eis,
1758 4067 1815 4113 et
1842 4073 2004 4128 quam
2036 4058 2201 4126 impio

615 4178 777 4219 sensu
804 4174 970 4232 prava
997 4152 1314 4227 compositio
1333 4152 1625 4208 verborum
1648 4147 1907 4205 redoleat.
1936 4147 2005 4203 Et
2024 4148 2201 4218 primo

618 4271 737 4311 eam
784 4252 1109 4309 sententiam
1162 4248 1492 4303 deducamus
1535 4246 1588 4298 in
1640 4243 1908 4306 medium,
1940 4256 2103 4311 quam
2144 4249 2200 4295 tu

617 4363 782 4420 pravo
812 4359 962 4399 more
1001 4342 1143 4398 beati
1188 4338 1503 4408 Hieronymi
1553 4336 1753 4391 asseris
1797 4350 1936 4390 esse.
1996 4334 2203 4389 Putasti

621 4440 703 4494 vel
734 4438 905 4509 magis
934 4450 1034 4489 nos
1072 4439 1263 4504 putare
1304 4428 1520 4484 voluisti
1546 4442 1669 4482 eum
1701 4426 1880 4482 dicere
1909 4444 1920 4478 :
1958 4444 1975 4476 ι
2012 4425 2200 4491 Filius,

2297 3327 2396 3381 tris
2420 3336 2475 3382 te
2498 3328 2839 3391 admoneam,
2870 3331 3015 3397 quod
3042 3328 3184 3382 idem
3208 3326 3340 3398 ipse,
3364 3327 3455 3397 qui
3480 3336 3623 3383 totus
3640 3332 3900 3401 proprius

2295 3424 2382 3472 est
2405 3416 2577 3472 beatae
2606 3417 2847 3487 Virginis
2875 3417 3040 3482 ﬁlius,
3070 3426 3214 3473 totus
3257 3418 3423 3472 etiam
3452 3419 3524 3473 sit
3570 3418 3665 3474 Dei
3714 3419 3899 3477 Patris

2297 3509 2486 3565 Filius.
2518 3509 2634 3565 Hoc
2658 3511 2821 3565 etiam
2848 3525 2912 3563 ex
2941 3511 3366 3579 reciprocatione
3388 3510 3580 3565 horum
3604 3511 3898 3568 verborum

2298 3602 2571 3666 facillime,
2630 3602 2863 3657 ﬁdeliter
2916 3604 3116 3673 legenti
3169 3612 3225 3657 et
3266 3604 3535 3659 veraciter
3574 3604 3898 3677 intelligenti

2298 3701 2467 3762 patet,
2495 3694 2621 3749 dum
2645 3694 2746 3749 iste
2764 3702 2985 3749 sanans
3011 3696 3203 3750 doctor
3224 3694 3453 3750 aﬂlrmat
3495 3698 3745 3753 eumdem
3775 3712 3901 3756 esse

2299 3786 2499 3841 Filium
2522 3786 2641 3851 Dei,
2670 3788 2763 3858 qui
2787 3787 2929 3843 illius
2950 3796 3035 3843 est
3063 3788 3323 3855 hominis,
3350 3797 3407 3843 et
3434 3788 3604 3844 ﬁlium
3636 3789 3895 3857 hominis,

2302 3881 2395 3950 qui
2426 3879 2599 3935 Filius
2625 3886 2712 3935 est
2737 3880 2856 3934 Dei.

2375 3970 2487 4027 Xll.
2510 3970 2914 4041 Perspiciamus
2932 3971 3098 4026 etiam
3126 3979 3181 4025 et
3204 3987 3268 4027 ea
3294 3972 3481 4039 verba,
3504 3986 3627 4043 qua:
3656 3982 3712 4028 tu
3736 3974 3899 4032 solita

2302 4062 2596 4119 calliditate
2625 4061 2912 4133 Augustini
2946 4062 3142 4117 scribis
3168 4078 3287 4119 esse
3314 4063 3369 4118 in
3398 4066 3632 4133 quadam
3659 4065 3900 4136 Epistola

2304 4157 2369 4211 ad
2399 4156 2682 4219 Evodium,
2727 4153 2975 4210 referens
3001 4171 3124 4210 eum
3154 4155 3358 4211 dixisse
3388 4155 3581 4227 (Epist.
3619 4157 3744 4223 169,
3774 4176 3897 4231 cap.

2304 4250 2357 4321 2)
2386 4268 2398 4303 :
2437 4268 2456 4300 ι
2487 4250 2638 4304 Sicut
2665 4248 2827 4302 Pater
2854 4249 2905 4302 in
2934 4264 3098 4311 voce,
3128 4264 3233 4318 qua
3276 4249 3457 4305 sonuit
3489 4269 3503 4303 :
3533 4248 3577 4304 Τ
3577 4268 3612 4305 u
3639 4267 3693 4306 es
3725 4249 3900 4309 Filius

2307 4358 2470 4406 meus,
2497 4349 2552 4394 et
2580 4340 2748 4395 Filius
2778 4340 2830 4393 in
2862 4340 3081 4395 homine
3122 4340 3397 4411 adoptivo,
3445 4357 3608 4412 quem
3660 4346 3902 4417 suscepit

2305 4449 2373 4488 ex
2407 4434 2637 4503 Virgine,
2663 4440 2718 4487 et
2759 4430 2996 4503 Spiritus
3041 4440 3261 4488 sanctus
3304 4434 3361 4488 in
3411 4432 3673 4491 columbae
3717 4437 3900 4508 specie

619 4532 814 4601 inquit,
842 4528 1075 4583 hominis
1103 4539 1200 4595 per
1225 4522 1319 4577 Dei
1350 4521 1542 4576 Filium
1566 4521 1620 4574 in
1652 4520 1745 4574 Dei
1767 4518 1903 4575 Filio
1927 4533 2048 4574 esse
2073 4534 2202 4589 pro-
2232 4552 2282 4612 n
2307 4524 2598 4595 corporali.
2629 4544 2648 4577 ι
2682 4522 2809 4579 Haec
2832 4523 3051 4594 quidem
3078 4526 3264 4589 verba,
3299 4528 3488 4581 nescio
3516 4528 3639 4598 quis
3675 4525 3901 4585 falsator

624 4632 862 4679 meretur
893 4639 904 4651 ·
938 4635 1037 4673 nec
1063 4617 1281 4686 adoptio
1302 4631 1330 4669 a
1356 4626 1547 4669 natura
1568 4621 1872 4683 separatur,
1894 4613 1989 4668 sed
2009 4621 2205 4667 natura

622 4730 744 4769 cum
793 4710 1080 4780 adoptione
1125 4703 1487 4775 conjungitur.
1528 4723 1546 4755 ι
1582 4702 1719 4772 Quid
1761 4712 1869 4769 est,
1900 4702 2043 4774 quod
2075 4703 2156 4757 ais
2190 4722 2202 4757 :

628 4824 644 4853 ι
677 4800 906 4869 Adoptio
931 4813 1053 4853 cum
1081 4805 1269 4850 natura
1286 4794 1626 4865 conjungitur
1642 4793 1692 4847 ἲ»
1723 4791 2017 4849 Considera
2042 4800 2098 4847 et
2124 4792 2208 4847 in-

625 4894 831 4963 tellige,
859 4891 904 4945 si
930 4889 1145 4959 adeptio
1173 4888 1326 4941 nobis
1360 4885 1620 4940 naturalis
1651 4885 1740 4940 sit.
1774 4884 1912 4952 Quid
1947 4883 2077 4938 facit
2112 4884 2209 4938 ba-

623 4985 804 5057 ptismi
836 4990 1256 5045 sacramentum,
1281 4988 1336 5033 et
1361 4967 1532 5034 sancti
1563 4978 1799 5048 Spiritus
1826 4978 2017 5047 gratia,
2043 4977 2088 5032 si
2111 4991 2210 5033 nos

626 5093 749 5131 cum
766 5074 1049 5142 adoptione
1071 5072 1344 5125 nascimur
1358 5085 1423 5123 ex
1438 5068 1751 5139 parentibus
1772 5068 2008 5123 nostris?
2029 5067 2209 5135 Quare

630 5168 817 5219 beatus
843 5162 1011 5217 David
1040 5163 1116 5215 ait
1142 5162 1205 5215 de
1230 5161 1482 5228 legitimis
1509 5166 1665 5213 natus
1692 5158 2005 5226 parentibus
2029 5172 2043 5210 :
2074 5156 2211 5211 Ecce

626 5258 763 5311 enim
793 5257 847 5309 in
873 5254 1234 5323 iniquitatibus
1260 5262 1534 5322 conceptus
1560 5268 1696 5313 sum,
1724 5260 1771 5303 et
1801 5251 1857 5304 in
1881 5252 2105 5320 peccatis
2124 5267 2210 5319 pe-

628 5346 761 5417 perit
791 5360 871 5398 me
899 5353 1066 5398 mater
1110 5360 1225 5396 mea
1257 5340 1427 5412 (Psal.
1483 5358 1535 5404 ι,
1569 5340 1643 5409 7).
1677 5338 1927 5410 Nunquid
1967 5355 2074 5396 non
2104 5348 2213 5394 tres

630 5437 901 5507 prioribus
939 5435 1121 5490 verbis
1165 5434 1365 5488 videris
1395 5432 1595 5501 ﬁngere
1638 5430 1797 5493 ﬁlios,
1828 5445 1994 5483 unum
2042 5430 2211 5484 tilium

630 5526 888 5591 hominis,
920 5533 975 5580 et
1017 5524 1151 5578 duos
1199 5520 1336 5577 ﬁlios
1371 5520 1489 5585 Dei,
1521 5520 1647 5574 dum
1676 5519 1812 5574 dicis
1842 5536 1855 5572 :
1896 5537 1914 5569 ι
1944 5517 2044 5574 Hic
2072 5517 2215 5574 ﬁlius

771 5664 901 5717 Ibid.
930 5662 1031 5717 Ubi
1063 5669 1240 5715 tamen
1270 5661 1442 5713 oratio
1473 5660 1543 5712 ita
1576 5668 1731 5715 sonat
1763 5676 1775 5712 :
1805 5657 1947 5713 Deus
1968 5659 2056 5728 qui
2085 5636 2239 5712 Uni-il

633 5733 792 5806 geniti
830 5734 929 5806 tui__
952 5732 1162 5806 Domini
1198 5732 1362 5784 nostri
1390 5731 1615 5799 pretioso
1644 5731 1897 5806 sanguine
1914 5728 2208 5806 [tamenaut

634 5799 795 5877 'genus
823 5803 1073 5857 redimere
1108 5802 1350 5873 dignatus
1375 5818 1448 5868 es,
1480 5802 1700 5856 concede
1734 5800 2007 5871 propitius,
2038 5808 2092 5851 ut
2120 5799 2209 5868 qui

2312 4612 2498 4668 furtim
2542 4613 2699 4669 unica
2729 4628 2891 4668 manu
2917 4612 3072 4687 (Cod.
3107 4613 3311 4681 Paris.,
3342 4631 3481 4671 unca
3509 4617 3693 4692 manu]
3721 4622 3902 4692 rapuit

2311 4706 2378 4760 de
2424 4705 2764 4760 sermonibus
2810 4705 2984 4760 sancti
3026 4705 3345 4776 Augustini,
3391 4717 3448 4762 et
3497 4709 3899 4779 supcraddidit,

2312 4798 2455 4869 quod
2486 4798 2575 4853 ille
2610 4812 2884 4868 nunquam
2913 4797 3051 4852 dixit
3080 4812 3095 4850 :
3126 4798 3181 4851 in
3208 4798 3416 4852 homine
3453 4800 3715 4871 adoptivo.
3746 4801 3903 4861 Inve-

2314 4889 2492 4942 nimus
2516 4902 2639 4942 eum
2677 4888 2839 4942 aliter
2877 4887 3022 4942 hunc
3052 4889 3302 4942 eumdem
3326 4888 3618 4958 protulisse
3654 4906 3901 4958 sensum,

2313 4982 2404 5037 ubi
2417 4983 2485 5038 de
2494 4982 2765 5051 singulare
2774 4998 2822 5036 m
2834 4981 3147 5051 operatione
3166 4996 3516 5050 personarum
3533 4982 3825 5053 disputavit
3839 4987 3865 5026 δ
3882 5005 3896 5041 :

2322 5070 2707 5142 «Singulorum
2749 5080 2952 5135 autem,
2989 5072 3184 5141 inquit,
3226 5086 3391 5143 opera
3440 5072 3904 5148 dicuntur,“

2316 5179 2436 5234 quae
2467 5163 2537 5217 ad
2580 5176 3017 5232 unamquamque
3051 5177 3240 5216 eorum
3282 5161 3702 5219 manifestantur
3730 5166 3901 5235 perti-

2318 5270 2448 5310 nere
2474 5268 2783 5323 personam.
2814 5250 2969 5313 Sicut
2997 5262 3155 5305 natus
3182 5268 3250 5306 ex
3281 5252 3505 5324 Virgine
3543 5269 3652 5308 non
3681 5255 3785 5309 nisi
3810 5254 3887 5311 Fi-

2317 5345 2422 5399 lius
2448 5344 2574 5408 Dei;
2604 5353 2658 5399 et
2685 5357 2787 5397 vox
2827 5342 2896 5396 de
2934 5343 3117 5398 nube:
3154 5342 3233 5395 Tu
3266 5359 3320 5397 es
3368 5339 3543 5399 Filius
3581 5360 3729 5399 meus
3770 5346 3901 5401 dile-

2319 5444 2433 5487 ctus
2480 5431 2701 5503 (Matth.
2734 5448 2824 5493 Ill,
2859 5429 2987 5501 17),
3017 5431 3083 5483 ad
3126 5431 3296 5485 solius
3340 5447 3627 5501 personam
3666 5437 3902 5505 pertinet

2318 5525 2525 5590 Patris;
2549 5535 2604 5579 et
2631 5526 2809 5594 specie
2834 5524 3102 5594 corporali
3130 5524 3271 5578 sicut
3291 5525 3540 5581 columba
3564 5526 3713 5583 solus
3739 5544 3903 5600 appa-

2319 5661 2389 5715 ad
2414 5661 2740 5715 adorandum
2768 5663 3024 5730 viri/icnm
3049 5663 3163 5731 ejus
3204 5681 3408 5718 crucem
3447 5665 3749 5731 adueniunt,
3788 5678 3897 5725 etc.

2392 5731 2419 5771 δ
2461 5732 2515 5785 S.
2536 5733 2696 5803 Aug.,
2722 5733 2842 5787 libr.
2869 5743 3054 5787 contra
3079 5734 3255 5790 Serm.
3280 5734 3626 5803 Arianorum,
3659 5752 3780 5808 cap.
3809 5739 3894 5795 15.
