4136 6604
581 414 685 474 271

599 540 1081 559 -—-——--———---"

1428 407 1491 461 B.
1533 407 1595 461 F.
1631 402 1855 461 ALBINI
1896 399 2026 458 SEU
2068 396 2343 453 ALCUINI
2382 391 2665 451 OPERUM
2701 389 2881 448 PARS
2918 388 3005 445 lli.

3548 500 3857 518 ...ι-ιιιῇ

3019 512 3479 523 _—.———-—————~—-~—
3497 511 3531 517 -—-

1777 607 2240 688 EIUSDEM
2321 601 2677 683 ALBINI

958 834 961 838 .
1018 773 1127 837 DE
1167 768 1768 836 INCARNATIONE
1808 765 2129 829 CHRISTI
2172 764 2275 825 ET
2320 764 2428 825 DE
2467 757 2781 824 DUABUS
2822 754 2903 817 IN
2948 752 3056 869 EQ
3098 749 3443 815 NATUHIS

2005 908 2270 967 LIBELLI
2310 908 2451 968 DUO

2093 1040 2372 1086 NECNON'

1565 1168 1681 1233 DE
1724 1160 2147 1229 VERITATE
2192 1164 2445 1227 UNIUS
2480 1158 2887 1227 PERSONA'I

1972 1290 2174 1347 LIBER
2216 1288 2472 1345 PRIMUS

1101 1422 1282 1521 QUI
1344 1421 1474 1498 ET
1530 1416 1978 1498 TERTIUS
2055 1417 2580 1497 ADVERSUS
2654 1410 3289 1493 ELIPANDUM.

650 1648 692 1705 1,
720 1647 857 1702 Dum
885 1642 1092 1717 Spiritu
1118 1646 1304 1696 sancto
1322 1636 1657 1712 gubernante
1674 1631 1939 1689 orationis
1973 1639 2171 1686 nostra:
2195 1636 2248 1692 Α
2272 1630 2654 1696 ascenderunt,
2700 1638 2757 1685 et
2794 1640 3101 1713 spectemus
3136 1632 3265 1701 quid
3309 1637 3640 1687 revertentes
3668 1648 3864 1690 renun-

582 1738 857 1808 navigium
881 1734 949 1789 de
976 1731 1206 1804 fragosis
1232 1728 1658 1799 disputationum
1688 1725 1829 1780 locis
1857 1722 1925 1779 ad
1954 1731 2171 1794 portum

582 1830 765 1887 liberte
784 1823 1071 1883 locutionis
1090 1821 1399 1893 perveniret
1425 1816 1581 1891 [ϐοά.
1632 1814 1830 1880 Paris.,
1859 1813 2126 1885 pervenit]
2151 1831 2167 1880 ;

580 1928 637 1979 et
662 1931 817 1975 rosea
840 1913 1047 1972 cmlesti
1069 1911 1271 1966 lumine
1289 1924 1483 1963 aurora
1504 1906 1675 1964 oculis
1697 1905 1925 1976 refulget
1944 1905 2166 1967 nostris,

580 2018 637 2067 et
675 2006 940 2077 ﬂorigeris
983 2004 1222 2073 riparum
1271 1999 1498 2057 collibus
1535 1999 1735 2054 diversi
1777 1998 1976 2054 coloris
2008 1997 2166 2052 nobis

579 2111 732 2173 prata
759 2104 1055 2169 apparent;
1093 2108 1279 2150 eamus
1311 2107 1409 2162 per
1431 2089 1823 2162 pulcherrimas
1860 2096 2169 2144 sanctorum

576 2193 799 2247 Patrum
827 2186 1193 2261 possessiones
1218 2183 1380 2240 liores
1416 2183 1692 2252 colligere,
1733 2176 1801 2237 ad
1839 2196 2169 2250 componen-

576 2283 702 2340 dam
723 2279 884 2350 Capiti
908 2284 1115 2340 nostro,
1148 2273 1203 2330 id
1230 2281 1315 2329 est
1338 2272 1557 2328 Christo
1593 2270 1754 2337 Jesu,
1784 2270 2167 2326 ecclesiastica:

576 2370 823 2427 veritatis
849 2380 1127 2423 coronam.
1160 2363 1227 2419 Et
1249 2362 1426 2434 primo
1452 2362 1695 2416 omnium
1725 2377 1822 2431 per
1858 2360 2167 2415 amoenissi-

576 2476 693 2517 mas
736 2458 1009 2515 Jordanici
1061 2455 1203 2511 ruris
1252 2455 1397 2524 ripas
1443 2452 1635 2506 humili
1669 2451 1870 2516 corde,
1912 2465 2044 2506 aure
2086 2450 2168 2503 in-

576 2561 739 2616 tenta,
765 2550 977 2605 cervice
1000 2546 1276 2607 inclinata.
1301 2544 1642 2600 sanctissima
1673 2541 1972 2597 Salvatoris
1994 2540 2166 2595 nostri

573 2641 880 2698 osculantes
915 2638 1162 2711 vestigia.
1211 2635 1542 2707 pedetentim
1583 2633 1941 2705 procedamus
1981 2634 2168 2687 audire

574 2740 811 2803 paterna:
845 2729 995 2786 vocis
1038 2726 1408 2783 testimonium
1436 2726 1505 2782 de
1544 2724 1774 2780 Domino
1816 2733 2004 2779 nostra
2038 2720 2165 2777 Jesu

571 2823 813 2889 Christo,
832 2822 933 2895 ,qui
956 2819 1230 2892 purissimi
1259 2817 1397 2873 alvei
1430 2816 1645 2873 undulis
1681 2832 1710 2871 a
1736 2817 1899 2873 beato
1924 2828 2164 2887 praeur-

572 2930 695 2972 sorc
719 2913 926 2970 Joanne
953 2911 1261 2981 baptizatus
1284 2918 1387 2965 est.

2272 1720 2410 1775 tient
2428 1720 2604 1784 nobis,
2623 1721 2754 1790 quid
2779 1708 3033 1787 viderint,
3055 1721 3139 1777 vel
3161 1722 3289 1793 quid
3310 1721 3600 1777 audierint.
3627 1722 3734 1778 Sed
3757 1724 3866 1781 illis

2270 1813 2722 1868 descendentibus
2749 1812 2873 1868 data
2898 1823 3026 1869 sunt
3047 1815 3128 1869 eis
3149 1823 3440 1885 praecepta,
3470 1816 3651 1871 celare
3672 1814 3787 1870 visa
3808 1823 3867 1871 et

2270 1907 2470 1969 audita,
2516 1906 2686 1961 donec
2735 1904 2877 1961 filius
2919 1905 3155 1961 hominis
3199 1921 3228 1959 a
3275 1906 3504 1962 mortuis
3554 1915 3867 1978 resurgeret

2268 1996 2487 2067 (Matth.
2514 1996 2668 2067 xvu).
2700 1996 2871 2051 Tanta
2902 1994 3003 2051 fuit
3038 1995 3210 2068 gloria
3239 1997 3465 2053 visionis
3503 2006 3560 2052 et
3603 1998 3865 2068 maiestas

2268 2087 2418 2143 vocis
2445 2096 2707 2156 paternae,
2736 2096 2798 2141 ut
2818 2101 2924 2141 non
2953 2086 3145 2143 liceret
3174 2088 3375 2143 mundo
3392 2087 3509 2143 hac
3536 2089 3860 2158 praedicare,

2266 2176 2439 2234 donec
2467 2178 2636 2249 gloria
2662 2179 3078 2234 resurrectionis
3104 2187 3325 2250 peracta
3354 2184 3515 2236 esset.
3541 2179 3681 2236 Ecce
3702 2179 3867 2235 modo

2265 2268 2515 2325 Christus
2543 2270 2689 2326 omni
2728 2270 3131 2341 dispensatione
3171 2271 3363 2326 salutis
3401 2280 3602 2327 nostra:
3640 2281 3863 2342 peracta

2267 2364 2419 2417 sedet
2446 2378 2477 2416 a
2505 2360 2711 2417 dextris
2754 2359 2893 2417 Dei:
2934 2362 3118 2417 dicant
3162 2363 3393 2434 apostoli
3432 2363 3603 2419 libera
3630 2379 3762 2418 voce
3805 2372 3866 2418 et

2267 2454 2479 2524 publica
2524 2453 2907 2525 praedicatione
2944 2452 3075 2524 quid
3116 2455 3390 2511 audierint
3430 2455 3510 2510 vel
3540 2457 3670 2527 quid
3706 2455 3862 2511 vide—

2269 2546 2377 2599 rint
2406 2563 2417 2598 :
2464 2542 2719 2609 Vidimus,
2749 2554 2970 2600 sanctus
2996 2546 3173 2617 inquit
3199 2545 3437 2603 Joannes
3464 2562 3607 2604 unus
3632 2549 3701 2603 de
3734 2547 3867 2604 filiis

2269 2636 2508 2699 tonitrui,
2538 2634 2759 2705 gloriam
2782 2636 2920 2706 ejus,
2958 2636 3181 2708 gloriam
3208 2639 3361 2709 quasi
3391 2638 3645 2709 unigeniti
3681 2658 3714 2694 a
3745 2637 3867 2695 Pa-

2266 2734 2366 2789 tre,
2399 2726 2609 2796 plenum
2642 2728 2819 2795 gratia
2850 2736 2899 2779 et
2931 2728 3145 2783 veritate
3168 2727 3351 2800 (locu.
3375 2743 3417 2794 t,
3448 2728 3569 2802 H);
3596 2747 3758 2786 unam
3786 2732 3868 2787 si-

2266 2820 2483 2888 quidem
2511 2818 2825 2889 signiﬁcans
2852 2833 3164 2889 personam,
3201 2821 3255 2874 in
3283 2835 3390 2892 qua
3432 2826 3517 2876 est
3541 2817 3719 2877 omnis
3744 2822 3864 2892 ple-

2266 2911 2454 2966 nitudo
2478 2912 2723 2967 veritatis
2749 2922 2804 2968 et
2840 2913 3052 2983 gratiae,
3096 2927 3260 2984 super
3284 2928 3448 2985 quam
3472 2915 3590 2971 haec
3616 2930 3721 2971 vox
3765 2931 3869 2986 pa-

640 3008 701 3064 li.
735 3003 921 3061 Refert
947 3004 1213 3074 siquidem
1251 3002 1459 3069 Lucas,
1489 3018 1629 3060 unus
1670 3004 1736 3059 de
1758 3005 1843 3060 his
1882 3004 2022 3059 binis
2048 3004 2165 3059 aui-
2193 2982 2241 3044 Β
2269 3012 2434 3057 tenue
2459 2982 2863 3059 testiﬁcationis
2884 3002 3043 3059 allata
3072 2982 3179 3059 est.
3207 2982 3625 3063 Consideremus
3644 2982 3868 3079 quoilue

573 3099 803 3157 malibus
833 3094 962 3152 olim
992 3095 1371 3168 praeordinatis
1404 3094 1782 3166 Redemptoris
1828 3096 2001 3151 nostri
2030 3096 2164 3150 scri-

569 3191 698 3247 bere
728 3186 1009 3254 miracula,
1039 3187 1183 3258 quod
1209 3187 1357 3242 omni
1399 3187 1596 3257 populo
1625 3189 1901 3260 baptizata
1919 3229 1936 3254 ,
1962 3190 2164 3259 et-ipso

567 3281 696 3337 Jesu
740 3280 1049 3351 baptizata,
1095 3280 1530 3349 ascendenteque
1574 3280 1640 3336 de
1684 3295 1826 3351 aqua
1852 3290 1911 3337 et
1942 3288 2159 3346 orante,

570 3374 803 3444 Spiritus
836 3380 1057 3428 sancuts
1080 3370 1136 3425 in
1175 3371 1359 3441 specie
1401 3371 1663 3429 columba:
1692 3373 1974 3431 descendit
1998 3389 2162 3444 super

568 3480 713 3530 eum,
753 3472 808 3518 et
847 3478 949 3518 vox
978 3461 1172 3517 ciet-ni
1213 3461 1393 3517 Patris
1432 3462 1500 3517 ad
1544 3475 1669 3519 eum
1709 3464 1775 3518 dc
1802 3465 1941 3519 caelo
1979 3464 2155 3519 facta:

574 3555 653 3609 Tu
697 3572 750 3610 es
791 3552 965 3610 Filius
1005 3570 1148 3611 meus
1185 3552 1428 3619 dilectus,
1477 3554 1532 3608 in
1579 3564 1629 3608 te
1676 3554 1988 3626 complacuit
2032 3557 2159 3611 mihi

570 3646 721 3719 (Luc.
749 3663 827 3708 ιιι,
853 3644 966 3717 22).
994 3643 1155 3700 Εῐίιε
1185 3643 1323 3699 forte
1348 3644 1570 3699 dubium
1600 3654 1744 3701 esset
1778 3646 1919 3701 inter
1947 3655 2157 3713 tantos,

566 3739 659 3809 qui
692 3738 764 3793 ibi
795 3745 922 3793 tunc
948 3735 1204 3805 temporis
1225 3734 1443 3791 fuerunt
1468 3750 1568 3806 pra
1580 3744 1781 3803 sentes,
1814 3750 1977 3807 super
1995 3752 2156 3806 quem

567 3830 685 3885 hac
705 3843 807 3883 vox
830 3826 975 3881 facta
1006 3825 1215 3891 fuisset,
1239 3827 1386 3882 dicat
1414 3827 1529 3897 ipse
1550 3828 1895 3898 beatissimus
1917 3828 2157 3898 Baptista

567 3922 696 3992 quid
720 3921 961 3986 vidisset,
991 3920 1119 3990 quid
1144 3921 1404 3983 audisset,
1432 3920 1525 3990 qui
1556 3920 1690 3975 vidit
1723 3920 1905 3975 Jcsum
1936 3922 2157 3977 venien-

568 4021 675 4068 tem
703 4012 770 4067 ad
791 4027 871 4074 se,
896 4019 951 4066 et
976 4011 1052 4065 ait
1076 4029 1089 4063 :
1132 4008 1267 4063 Ecce
1294 4011 1471 4081 Agnus
1493 4010 1609 4075 Dei,
1633 4028 1749 4065 ecce
1771 4014 1859 4081 qui
1887 4011 2018 4066 tollit
2037 4030 2157 4083 pec-

568 4116 685 4159 cata
726 4104 949 4158 mundi:
986 4103 1070 4156 hic
1102 4112 1175 4156 est
1212 4118 1365 4172 quem
1410 4102 1520 4156 dixi
1565 4102 1727 4167 vobis,
1755 4114 1869 4174 post
1895 4120 1976 4157 me
2017 4105 2154 4158 venit

570 4197 646 4249 vir
673 4194 851 4264 (Joan.
883 4210 920 4256 ι,
950 4193 1038 4259 29,
1064 4192 1173 4261 50).
1201 4193 1415 4261 Agnum
1443 4194 1595 4258 dixit,
1621 4193 1794 4249 virum
1825 4194 1981 4259 dixit,
2014 4195 2157 4250 etde

566 4304 632 4342 co
664 4286 1031 4341 testimonium
1079 4285 1388 4354 perhibuit:
1433 4283 1569 4350 Quia
1608 4285 1712 4338 vidi
1754 4284 2011 4355 Spiritum
2057 4286 2155 4341 Dei

2266 3095 2393 3165 quid
2417 3095 2557 3149 idem
2578 3096 2769 3151 beatus
2789 3095 3120 3167 evangelista
3137 3097 3367 3152 recuhns
3379 3098 3616 3167 pectoris
3630 3098 3835 3155 Christi
3847 3140 3867 3169 ,

2261 3186 2316 3244 in
2345 3187 2585 3258 Epistola
2611 3203 2708 3243 sua
2740 3190 2806 3243 de
2831 3189 3021 3244 eadem
3043 3188 3271 3245 sentiret
3292 3204 3447 3257 voce,
3472 3190 3589 3261 qui,
3610 3201 3735 3261 post
3754 3191 3865 3248 alia

2262 3277 2433 3333 multa
2472 3279 2721 3333 veritatis
2749 3280 3056 3335 testimonia
3096 3293 3215 3349 qua:
3258 3279 3325 3336 de
3354 3278 3573 3337 Christo
3599 3282 3863 3352 protulit:

2264 3366 2322 3421 Si
2343 3369 2716 3435 testimonium,
2753 3369 2946 3439 inquit,
2975 3369 3245 3424 hominum
3278 3372 3596 3442 accepimus,
3622 3374 3861 3429 testimo-

2261 3458 2406 3510 nium
2449 3457 2549 3512 Dei
2587 3458 2762 3528 majus
2806 3468 2916 3524 est,
2959 3460 3209 3528 quoniam
3250 3460 3347 3513 hoc
3376 3470 3455 3515 est
3500 3464 3862 3519 testimonium

2263 3545 2360 3601 Dei
2377 3548 2515 3617 quod
2549 3548 2724 3618 majus
2757 3559 2833 3603 est
2854 3590 2868 3614 ,
2896 3549 3020 3619 quia
3050 3550 3362 3620 testiﬁcatus
3380 3565 3455 3607 est
3480 3553 3545 3608 de
3574 3551 3717 3610 Filio
3737 3572 3858 3623 suo,
3929 3559 3936 3563 ’

2258 3640 2349 3709 qui
2378 3639 2543 3693 credit
2568 3639 2623 3693 in
2653 3637 2798 3693 Filio
2830 3640 2954 3705 Dei,
3005 3641 3157 3696 habet
3195 3645 3548 3700 testimonium
3593 3646 3691 3702 Dei
3722 3648 3776 3701 in
3805 3666 3861 3704 se

2260 3727 2315 3800 (Ι
2330 3729 2491 3784 Joan.
2506 3745 2563 3795 v,
2582 3728 2761 3801 9,10).
2779 3729 3028 3803 Magnum
3052 3739 3134 3788 est
3156 3734 3522 3790 testimonium
3547 3735 3862 3795 Praecurso-

2260 3820 2356 3883 ris,
2386 3821 2475 3888 qui
2507 3821 2705 3876 missus
2739 3832 2825 3876 est
2865 3832 2923 3876 ut
2963 3823 3317 3879 testimonium
3337 3827 3627 3898 perhiberet
3667 3830 3734 3885 de
3771 3829 3861 3885 lu-

2258 3914 2419 3979 mine,
2458 3924 2516 3968 ut
2555 3931 2732 3970 omnes
2780 3918 3048 3973 crederent
3089 3936 3183 3990 per
3223 3919 3395 3975 illum.
3436 3921 3527 3977 Ait
3562 3925 3706 3979 enim
3739 3927 3860 3982 viso

2258 4003 2465 4075 Spiritu
2491 4017 2680 4063 sancto
2709 4009 3072 4065 descendente
3098 4010 3153 4065 in
3191 4010 3523 4082 baptizatum
3548 4012 3734 4071 Jesum
3752 4057 3767 4082 .
3801 4026 3859 4072 et

2258 4098 2440 4152 audita
2467 4110 2601 4154 voce
2629 4107 2868 4168 pateram
2891 4086 3232 4171 maiestatis:
3265 4102 3335 4157 Et
3365 4120 3458 4175 ego
3484 4107 3613 4172 ridi,
3636 4117 3681 4161 et
3711 4110 3859 4163 testi-

2256 4189 2489 4242 monium
2509 4190 2771 4259 perhibui,
2793 4194 2919 4264 quia
2941 4192 3023 4247 hic
3045 4201 3122 4273 est
3151 4191 3325 4250 Filius
3350 4194 3450 4251 Dei
3470 4196 3653 4269 (Joau.
3676 4216 3716 4264 ι,
3736 4199 3855 4273 54).

2258 4276 2364 4332 Sed
2393 4279 2563 4333 multo
2589 4279 2762 4347 majus
2788 4291 2872 4335 est
2891 4281 2986 4339 Dei
3011 4284 3403 4351 testimonium,
3424 4288 3570 4357 quod
3595 4291 3857 4347 testifica-

567 4378 959 4432 descendemem
989 4395 1142 4448 super
1173 4395 1310 4432 eum,
1355 4379 1573 4433 Addidi;
1611 4394 1842 4449 quoque,
1878 4380 2018 4437 unde
2047 4381 2157 4435 sci-
2185 4358 2230 4420 C
2262 4377 2352 4425 tus
2392 4379 2478 4427 est
2521 4372 2587 4426 de
2628 4370 2768 4427 Filio
2817 4388 2941 4435 suo,
2976 4389 3101 4429 eum
3131 4375 3199 4432 de
3231 4376 3368 4432 ctelo
3396 4377 3547 4433 illum
3573 4380 3856 4451 alloquens

569 4476 670 4532 ret,
702 4469 823 4536 quis
842 4476 1008 4532 esset,
1031 4468 1097 4523 de
1121 4484 1226 4537 quo
1248 4469 1610 4524 testimonium
1638 4471 1938 4539 perhibuit:
1969 4470 2034 4524 Et
2064 4486 2157 4541 ego

570 4562 855 4615 nesciebam
895 4578 1012 4613 eum
1032 4602 1047 4624 ,
1086 4561 1174 4615 sed
1203 4563 1289 4631 qui
1316 4562 1482 4635 896
1506 4564 1646 4616 misit
1686 4580 1765 4619 me
1793 4564 2060 4633 baptizare
2102 4563 2155 4616 in

568 4671 727 4723 aqua.
759 4653 846 4706 ille
876 4654 1003 4707 mihi
1027 4653 1176 4718 dixit,
1207 4672 1362 4723 super
1381 4672 1533 4726 quem
1560 4656 1746 4711 videris
1777 4655 2033 4727 Spiritum
2062 4659 2153 4711 dc-

568 4745 920 4809 scendentcm,
948 4753 994 4797 et
1018 4757 1309 4798 manentem
1337 4763 1491 4815 super
1516 4764 1658 4811 eum,
1680 4748 1761 4802 hic
1783 4757 1857 4801 est
1878 4748 1967 4817 qui
1991 4748 2156 4818 bapti-

571 4845 653 4886 καί
684 4836 736 4887 in
765 4832 962 4904 Spiritu
985 4844 1163 4888 sancto
1188 4849 1204 4885 :
1229 4847 1277 4889 et
1306 4853 1397 4908 ego
1428 4837 1554 4902 vidi,
1588 4848 1636 4890 et
1663 4838 2015 4891 testimonium
2040 4854 2156 4908 per-

567 4924 734 4988 Itibui,
756 4925 881 4995 quia
903 4924 987 4977 hic
1014 4935 1088 4979 est
1112 4922 1281 4979 Filius
1310 4926 1403 4979 Dei
1430 4925 1592 4998 (Ibid.
1620 4944 1751 4982 vers.
1784 4928 1991 4999 51-54).
2016 4928 2156 4983 Ecce

567 5016 936 5072 testimonium
980 5016 1155 5073 Patris
1180 5018 1247 5072 de
1271 5034 1337 5075 eo
1374 5021 1464 5088 qui
1502 5020 1807 5091 baptizatus
1833 5031 1955 5077 est:
1998 5022 2076 5077 Tu
2102 5040 2155 5077 es

568 5110 742 5166 Filius
766 5128 910 5167 meus
932 5112 1174 5176 dilectus,
1198 5116 1250 5167 in
1270 5123 1316 5169 te
1337 5117 1466 5171 mihi
1490 5117 1822 5186 complacuit.
1848 5119 1984 5174 Ecce
2006 5122 2156 5174 testi-

570 5203 807 5257 monium
836 5201 980 5257 beati
1018 5200 1279 5258 Joannis:
1327 5204 1391 5258 Et
1428 5190 1521 5276 ego
1547 5206 1675 5271 vidi,
1712 5216 1763 5261 et
1803 5211 2154 5264 testimonium

567 5292 826 5363 perhibui,
856 5293 980 5362 quia
1009 5292 1092 5346 hic
1118 5303 1196 5347 est
1226 5292 1396 5349 Filius
1423 5295 1538 5349 Dei.
1577 5295 1749 5361 Quem
1778 5298 1989 5367 Agnum
2028 5302 2152 5367 Dei,

569 5398 731 5453 quem
777 5384 952 5437 virum
998 5385 1315 5450 nominavit,
1356 5387 1502 5442 hunc
1543 5404 1608 5442 ex
1649 5388 2001 5458 inspiratione
2028 5393 2155 5448 mit-

570 5474 734 5527 tentis
762 5489 821 5528 se
843 5475 910 5527 ad
939 5474 1317 5543 baptizandum
1343 5477 1460 5531 sine
1487 5478 1648 5533 dubio
1674 5477 1870 5536 Filium
1897 5481 1990 5537 Dei
2018 5500 2150 5553 prte-

572 5568 789 5625 dicavit.

640 5656 723 5710 lli.
757 5656 850 5711 llis
877 5658 930 5712 in
975 5658 1200 5713 collibus
1229 5656 1501 5715 Jordanici
1530 5658 1765 5717 lluniinis
1793 5663 2011 5727 auditis,
2060 5680 2118 5719 se
2138 5694 2150 5704 -

2261 4461 2333 4515 ait
2361 4480 2373 4515 :
2401 4460 2479 4515 Tu
2506 4479 2561 4517 es
2590 4460 2763 4518 Filius
2790 4480 2936 4519 meus
2956 4465 3197 4532 dilectus,
3220 4468 3275 4522 in
3296 4480 3345 4522 te
3363 4469 3678 4541 complacuit
3701 4474 3852 4527 mihi.

2260 4552 2557 4609 Audiamus
2581 4555 2745 4609 etiam
2789 4556 3060 4626 quomodo
3102 4558 3241 4613 idem
3284 4562 3615 4632 evangelista
3655 4567 3857 4621 terruit

2261 4659 2365 4698 non
2392 4645 2677 4700 credentes
2708 4647 2992 4702 veritatem
3029 4648 3081 4702 in
3119 4648 3254 4704 Filio
3282 4650 3396 4715 Dei,
3428 4654 3519 4723 qui
3543 4652 3853 4722 hujnsmodi

2258 4732 2523 4789 subinfert
2560 4734 2725 4789 verba
2766 4734 3105 4795 formidinis:
3142 4737 3248 4804 Qui
3287 4756 3389 4794 non
3428 4744 3590 4797 credit
3620 4746 3675 4798 in
3707 4744 3855 4801 Filio

2259 4823 2378 4891 Dei,
2408 4825 2711 4879 mendacem
2760 4824 2888 4895 facit
2926 4827 3118 4893 Deum,
3155 4834 3405 4899 quoniam
3450 4850 3554 4889 non
3601 4836 3769 4890 credit
3798 4840 3853 4892 iu

2257 4916 2551 4969 testimonio
2592 4916 2732 4988 quod
2777 4918 3087 4986 testiﬁcatus
3134 4929 3210 4974 est
3264 4920 3404 4977 Deus
3454 4925 3519 4978 de
3568 4923 3710 4981 Filio
3752 4946 3853 4983 suo

2258 5004 2312 5078 (Ι
2335 5008 2496 5062 Joan.
2524 5024 2581 5074 v,
2615 5008 2725 5080 10).
2758 5008 2896 5074 Quid
2942 5011 3170 5082 impius,
3214 5015 3345 5084 quid
3372 5016 3687 5083 scelestius,
3719 5023 3852 5090 qui!

2255 5098 2404 5154 omni
2452 5098 2659 5154 malitia
2697 5099 2884 5170 pejus,
2912 5116 3078 5171 quam
3117 5118 3226 5159 non
3268 5106 3492 5162 credere
3539 5109 3854 5166 testimonia

2256 5189 2387 5256 Dei;
2414 5206 2650 5246 renuens
2677 5206 2867 5246 verum
2896 5191 2988 5246 Dei
3011 5192 3206 5248 Filium
3234 5208 3379 5262 esse,
3405 5198 3471 5253 de
3492 5213 3599 5268 quo
3621 5212 3849 5271 pazerna

2256 5295 2358 5336 vox
2388 5280 2503 5334 ait:
2542 5280 2621 5335 Tu
2655 5298 2710 5337 es
2753 5280 2929 5338 Filius
2958 5300 3105 5338 meus
3145 5285 3415 5342 dilectus?
3460 5287 3612 5356 Quod
3659 5292 3851 5350 beatus

2254 5371 2582 5441 evangelista
2638 5372 2833 5427 iterum
2893 5375 3197 5445 iterumque.
3260 5379 3537 5438 inculcans
3581 5385 3851 5453 replicat:

2255 5458 2485 5525 Scimus,
2523 5461 2789 5531 inquiens,
2819 5465 3067 5535 quoniam
3097 5465 3274 5522 Filius
3304 5468 3402 5523 Dei
3432 5474 3590 5537 venit,
3627 5484 3676 5528 et
3705 5476 3849 5531 dedit

2255 5552 2403 5606 nobis
2430 5570 2658 5617 sensum,
2690 5566 2745 5607 ut
2772 5572 3144 5626 cognoscamus
3169 5576 3344 5614 verum
3385 5562 3577 5629 Deum,
3604 5576 3652 5619 et
3682 5568 3851 5624 simus

2254 5640 2309 5694 in
2333 5658 2452 5695 rera
2482 5641 2625 5697 Filio
2647 5647 2760 5715 ejus
2786 5646 2913 5700 Jesu
2953 5646 3165 5703 Christo
3192 5650 3378 5722 (Ibid.,
3408 5672 3536 5709 rcrs.
3567 5656 3681 5726 ⁴⁸20).
3707 5658 3850 5725 Quid

570 5760 819 5814 quam",
863 5746 988 5803 licet
1026 5764 1055 5802 ει
1096 5748 1271 5815 longe,
1307 5750 1533 5818 vestigia
1562 5749 1844 5805 beatorum
1885 5753 2153 5821 αροεωιο.
2184 5735 2231 5795 D
2256 5742 2396 5797 enim
2426 5744 2668 5813 apertius
2705 5746 2791 5800 his
2817 5746 3029 5814 verbis,
3076 5751 3205 5820 quit
3238 5754 3469 5820 dulcius,
3500 5758 3627 5827 quid
3656 5762 3850 5816 adver~

572 5849 712 5901 rum,
743 5838 982 5910 quicum
1012 5838 1227 5894 Christo
1262 5838 1589 5895 sanctissimi
1632 5844 1913 5898 cacumina
1954 5846 2153 5902 montis

2257 5860 2349 5900 sus
2376 5859 2565 5900 omnes
2600 5844 2834 5925 luercscs
2863 5846 3057 5907 fortius
3092 5855 3269 5921 potuit
3298 5853 3445 5911 dici?
3481 5858 3733 5916 Christus
3761 5871 3846 5919 est
