4136 6538
235 330 337 385 9.73

905 327 1326 384 DOGMATICA.
1368 357 1438 367 -—-
1476 328 1634 383 ADV’.
1675 324 2074 381 lILlPANDUM
2109 324 2290 380 LIBRI
2329 324 2417 381 ιν.
2455 354 2522 363 ν-
2552 323 2674 379 LlB.
2716 321 2801 377 Ill.

3390 322 3497 377 27$

235 458 395 498 verus
421 440 589 496 Filius
634 440 744 501 Dei,
779 449 831 495 et
863 441 1039 495 omnis
1082 441 1284 496 veritas
1319 440 1374 495 in
1409 456 1476 495 eo
1507 449 1631 507 est;
1676 442 1819 495 sicut
1842 438 1891 498 Α
1922 436 2096 509 Super
2122 456 2243 494 eam
2274 436 2538 509 siquidem
2574 447 2844 501 naturam,
2869 451 2988 506 qua:
3008 445 3132 490 ante
3158 436 3344 492 oculos
3367 454 3499 508 apo-

237 537 350 606 ipse
378 535 431 588 in
457 532 749 605 Evangelio
780 532 891 586 ait:
932 531 1043 600 Ego
1068 549 1185 586 sum
1210 533 1399 586 veritas
1422 542 1473 586 et
1502 533 1603 587 vita
1634 532 1815 604 (Joau.

238 640 346 688 xxv,
374 623 451 696 6).
489 622 567 678 De
596 623 825 677 veritate
846 622 1048 677 Chi-isti
1078 622 1170 676 Dci
1201 624 1371 677 nostri
1393 625 1587 693 smpius
1614 625 1704 694 qui
1732 641 1819 679 su-

238 730 335 787 pra
370 724 637 782 testatur;
680 715 757 770 ait
784 715 929 771 enim
974 716 1029 769 in
1068 713 1290 784 praefata
1323 715 1558 785 Epistola
1588 717 1820 786 quodam

238 805 393 862 loco:
436 804 505 860 Et
537 803 766 876 Spiritus
788 815 885 869 est,
913 805 1003 876 qui
1029 804 1357 872 testiﬁcatur,
1395 807 1642 875 quoniam
1668 803 1822 859 Chri-

240 908 347 952 stus
373 907 449 952 est
476 898 663 951 raritas
691 895 743 967 (Ι
770 894 930 950 Joan.
959 911 1014 960 v,
1039 892 1114 965 6).
1143 894 1311 948 Item:
1351 894 1661 966 Quicunque
1694 914 1821 950 con-

242 987 407 1057 fessus
437 986 864 1058 fuerit‘quoniam
885 987 1041 1041 Iesus
1069 999 1144 1042 est
1182 986 1353 1042 Filius
1379 987 1498 1053 Dei,
1528 987 1665 1042 Deus
1685 988 1740 1040 in
1763 1004 1821 1039 eo

240 1089 434 1145 inanet,
462 1090 511 1133 et
536 1080 643 1149 ipse
664 1079 718 1134 in
748 1077 859 1132 Deo
889 1077 941 1148 (1
969 1080 1128 1134 Joan.
1157 1097 1229 1145 tv,
1256 1080 1333 1153 5).
1360 1079 1529 1148 Quem
1553 1095 1683 1150 ergo
1704 1078 1825 1147 Spi-

244 1177 378 1231 ritus
423 1184 643 1230 sanetns
690 1175 975 1229 veritatem
1018 1175 1306 1245 praedicat,
1351 1174 1591 1244 Baptista
1627 1172 1823 1227 Filium

246 1266 337 1322 Dei
361 1281 552 1322 verum
596 1266 833 1338 agnovit,
877 1266 1209 1336 evangelista
1240 1265 1513 1321 multoties
1540 1265 1825 1321 veritatem

246 1358 512 1429 appellat;
554 1367 614 1413 ut
635 1358 922 1414 credamus
938 1356 1283 1427 lirmiterque
1308 1366 1586 1412 teneamus
1609 1370 1824 1411 omnem

248 1451 532 1506 veritatem
564 1463 687 1504 esse
718 1448 773 1504 in
807 1447 1023 1504 Christo
1051 1445 1198 1502 Jesu.
1232 1447 1470 1504 Taeeant
1492 1446 1788 1517 blasphemi
1810 1487 1825 1512 ,

253 1540 342 1610 qui
372 1540 517 1594 hunc
547 1552 740 1594 verum
781 1538 950 1593 Deum
975 1536 1061 1592 vel
1100 1552 1288 1592 verum
1316 1537 1412 1593 Dei
1436 1536 1632 1592 Filium
1661 1537 1826 1592 dene-

252 1638 415 1700 gant;
450 1638 747 1699 pereatque
772 1625 1034 1682 memoria
1062 1640 1252 1681 eorum
1281 1626 1348 1681 de
1378 1632 1544 1689 terra,
1573 1625 1664 1694 qui
1696 1624 1830 1680 scri-

1923 528 2183 584 slolorum
2214 528 2594 598 transﬁgurata
2619 533 2724 589 est,
2753 526 2867 579 hcec
2892 539 2995 579 vox
3023 524 3161 580 facta
3190 535 3294 590 est,
3318 537 3374 580 ut
3396 529 3504 582 sci-

1923 632 2043 675 rent
2087 620 2366 674 audientcs
2389 634 2509 687 quae
2543 616 2820 672 distinctio
2866 624 3010 670 esset
3054 616 3195 670 inter
3235 616 3378 670 illum
3402 660 3415 682 ,
3443 627 3500 671 et

1924 711 2142 783 Moysen
2218 711 2533 780 Etiamque,
2593 709 2686 779 qui
2735 724 2858 764 cum
2912 724 2977 763 eo
3034 719 3399 778 apparuerunt
3449 712 3502 764 in

1943 811 2144 868 noute;
2177 801 2258 855 vel
2292 816 2455 871 quem
2496 801 2720 856 credere
2755 800 3060 870 mundoque
3088 802 3380 870 prredicarc
3408 803 3501 856 dc-

1922 893 2187 947 buisseut.
2218 890 2373 945 Nulla
2401 890 2563 958 igitur
2587 889 2901 958 imaginatio
2924 903 3023 943 nec
3045 889 3097 942 in
3124 889 3240 942 Filii
3265 890 3503 954 nomine,

1924 1000 2023 1040 nec
2053 986 2105 1039 in
2135 984 2323 1039 salutis
2348 992 2547 1038 nostra:
2584 980 2983 1051 dispensatione
3021 980 3073 1034 in
3103 979 3321 1035 Christo
3364 979 3501 1046 fuit;

1923 1078 2017 1133 sed
2045 1086 2156 1132 tota
2191 1077 2393 1133 veritas
2424 1082 2490 1129 et
2527 1074 2719 1130 divinae
2748 1074 3034 1142 potestatis
3064 1073 3359 1143 plenitudo,
3394 1083 3505 1129 tota

1925 1177 2125 1224 nostra:
2160 1167 2350 1223 salutis
2378 1166 2639 1236 perfectio
2679 1174 2841 1236 atque
2869 1166 3282 1221 consummatio.
3314 1165 3509 1237 Imagi-

1925 1258 2075 1314 natio
2100 1259 2347 1328 quaedam
2377 1259 2430 1312 in
2453 1256 2578 1311 ﬁliis
2608 1256 2745 1311 solet
2771 1272 2891 1312 esse
2919 1256 3207 1327 adOptivis,
3231 1274 3337 1312 non
3366 1259 3507 1312 veri-

1930 1351 2054 1408 tatis
2080 1351 2393 1421 integritas;
2417 1350 2560 1420 quod
2590 1350 2810 1420 impium
2832 1359 2915 1405 est
2945 1350 2998 1404 in
3019 1350 3236 1405 Christo
3264 1353 3504 1405 credere.

1930 1441 2038 1498 Sed
2061 1442 2238 1497 omnis
2262 1440 2464 1495 veritas
2498 1440 2550 1493 in
2599 1452 2664 1493 eo
2701 1448 2755 1494 et
2801 1440 3045 1495 veritatis
3088 1439 3364 1509 plenitudo
3389 1457 3509 1494 cre-

1929 1531 2100 1589 denda
2125 1540 2231 1589 est.
2262 1532 2390 1599 Quae
2416 1540 2501 1587 est
2527 1545 2756 1601 persona
2778 1531 2897 1586 Filii
2926 1532 3037 1595 Dei,
3076 1540 3131 1587 et
3155 1532 3284 1601 quid
3306 1533 3511 1603 signiti-

1930 1625 2184 1691 candum,
2211 1622 2339 1679 dum
2361 1621 2590 1678 dicimus
2620 1623 2835 1677 tertiam
2860 1623 2912 1677 in
2939 1622 3201 1677 Triuitate
3224 1638 3508 1694 personam

254 1722 442 1777 Dentes
464 1722 802 1792 scripserunt
836 1719 1198 1790 iniquitatem,
1245 1724 1305 1771 ut
1347 1716 1663 1771 subvertant
1690 1731 1719 1768 a
1745 1712 1829 1768 via
1857 1786 1899 1792 _
1929 1715 2053 1771 Filii
2079 1715 2191 1778 Dei,
2223 1714 2329 1768 nisi
2367 1713 2726 1783 unigenitum,
2766 1714 3009 1780 unicum,
3036 1716 3312 1785 proprium
3337 1725 3392 1770 et
3419 1731 3511 1771 ve-

246 1811 492 1867 Veritatis
518 1810 684 1866 corda
734 1810 1142 1865 innocentium:
1177 1822 1284 1862 non
1328 1812 1628 1861 metuentes
1670 1804 1828 1860 ῐθιτί-
1856 1786 1907 1848 Β
1936 1829 2053 1870 rum
2095 1812 2292 1869 Filium
2334 1811 2430 1866 Dei
2473 1812 2937 1867 demonstrantes?
2964 1812 3025 1867 ln
3058 1811 3215 1880 hujus
3245 1812 3511 1867 excellen-

247 1902 351 1958 bilc
379 1902 475 1957 Dei
515 1902 797 1974 judicium,
825 1900 968 1973 quod
1012 1898 1252 1955 futurum
1298 1906 1382 1953 est
1424 1912 1587 1967 super
1611 1912 1707 1953 eos
1733 1895 1827 1968 qui

246 1991 465 2047 veritati
491 1992 772 2053 resistunt,
798 1989 1027 2046 credunt
1052 1995 1230 2042 autem
1257 1987 1557 2044 mendacio.

316 2082 406 2137 IV.
435 2082 755 2137 Audivimus
783 2082 945 2137 modo
971 2081 1101 2152 quid
1138 2081 1444 2153 praecipuus
1466 2078 1792 2152 evangelista
1809 2117 1827 2143 ,

251 2174 390 2230 illius
414 2174 682 2245 siquidem
725 2173 970 2238 tonitrui,
1017 2173 1341 2229 intellexerit
1364 2173 1433 2229 de
1461 2172 1564 2228 hac
1590 2181 1832 2244 paternas

250 2265 647 2323 testiﬁcationis
690 2279 860 2321 voce:
916 2266 1310 2335 interrogemus
1352 2279 1567 2334 quoque
1613 2263 1831 2319 beatum

247 2357 469 2414 Petrum
497 2356 867 2428 coapostolum
889 2355 1023 2425 ejus,
1051 2357 1140 2411 cui
1161 2365 1370 2410 naturae
1388 2356 1505 2411 lucc
1527 2370 1629 2409 vox
1652 2353 1832 2410 Patris

249 2452 486 2507 maxime
513 2449 841 2508 conveniat?
878 2448 1027 2504 Dixit
1052 2450 1234 2519 itaque
1260 2448 1312 2502 in
1342 2446 1578 2517 Epistola
1605 2448 1834 2502 sanctis-

244 2543 407 2607 sima,
433 2548 556 2612 post
579 2539 747 2594 multa
767 2554 886 2609 qua:
910 2540 977 2595 de
996 2539 1186 2594 salutis
1214 2547 1412 2593 nostra:
1431 2537 1837 2607 dispensatione

244 2645 303 2693 et
325 2635 629 2691 Salvatoris
657 2634 826 2705 gloria
852 2633 1249 2703 conscripserat
1273 2646 1288 2685 :
1320 2631 1443 2685 Non
1465 2632 1600 2685 enim
1626 2631 1832 2696 doctas,

248 2729 520 2797 inquiens,
546 2724 755 2797 fabulas
791 2725 956 2796 897
1004 2724 1167 2779 secuti
1216 2733 1391 2777 notam
1435 2722 1653 2794 fecimus
1691 2722 1831 2779 vobis

250 2818 461 2875 Domini
487 2817 653 2872 nostri
681 2816 810 2871 Jesu
845 2813 1046 2869 Christi
1074 2815 1331 2878 virtutem,
1370 2812 1461 2868 sed
1483 2812 1832 2885 speculatores

246 2910 377 2980 {acti
396 2908 541 2963 illius
562 2906 958 2979 magnitudinis.
990 2905 1261 2975 Accipiens
1289 2905 1425 2959 enim
1453 2921 1485 2958 a
1523 2903 1633 2958 Deo
1670 2903 1832 2959 Patre

245 3003 496 3055 honorem
536 3007 585 3053 et
624 2998 870 3069 gloriam,
900 3013 1019 3051 voce
1043 2994 1259 3067 delapsa
1286 2995 1356 3048 ad
1384 3011 1500 3050 eum
1526 2994 1832 3066 hujusmodi

1929 1908 2060 1962 tiam
2087 1904 2579 1976 proprietatemque
2613 1919 2856 1975 persona:
2882 1912 3157 1974 assumpta
3196 1912 3280 1960 est
3316 1914 3509 1960 natura

1931 1996 2282 2055 humanitatis
2321 2005 2522 2053 nostra:
2548 2012 2614 2051 ex
2645 1999 2803 2053 beata
2844 1997 3061 2068 Virgine
3081 2037 3097 2063 ,
3134 2008 3194 2052 ut
3216 2007 3360 2053 esset
3382 2010 3509 2054 eum

1929 2088 2042 2145 Deo
2074 2089 2168 2145 Dei
2207 2087 2344 2144 Filio
2382 2088 2436 2141 in
2467 2087 2683 2159 propria
2732 2102 2961 2157 persona
3003 2088 3294 2159 unigeniti,
3341 2090 3510 2153 unici,

1928 2182 2133 2254 proprii
2156 2189 2212 2237 et
2234 2180 2347 2234 veri
2373 2178 2495 2233 Filii
2524 2179 2618 2234 Dei
2645 2196 2659 2245 ;
2684 2187 2741 2233 et
2772 2194 2892 2233 cum
2920 2188 3228 2234 assumente
3260 2181 3399 2234 ineo
3420 2182 3509 2249 qui

1930 2280 2239 2343 assumptus
2265 2278 2370 2337 est,
2415 2277 2597 2325 essent
2625 2270 2742 2325 hinc
2767 2269 2967 2323 omnia.
2999 2267 3058 2323 Si
3085 2271 3375 2339 quidquam
3415 2270 3513 2323 ho-

1931 2380 2049 2420 rum
2080 2363 2234 2419 deest
2268 2362 2324 2416 in
2359 2360 2690 2415 humanitate
2732 2358 2971 2424 Christi,
3021 2375 3129 2414 non
3176 2368 3258 2414 est
3304 2361 3510 2430 integra

1929 2454 2051 2510 Filii
2080 2453 2176 2508 Dei
2204 2465 2433 2523 persona
2475 2450 2529 2504 in
2561 2464 2625 2505 eo
2653 2450 2743 2519 qui
2781 2449 3088 2520 unigenitus
3113 2458 3215 2514 est,
3246 2464 3425 2515 verus,
3457 2461 3512 2505 et

1930 2547 2200 2619 pr0prius,
2228 2552 2285 2600 et
2320 2541 2593 2614 perfectus
2619 2541 2789 2597 Filius
2831 2541 2925 2596 Dei
2969 2542 3022 2595 in
3052 2557 3145 2596 sua
3174 2556 3423 2611 persona.
3454 2541 3513 2597 In

1930 2639 2092 2709 hujus
2120 2651 2251 2696 vero
2278 2653 2523 2710 personae
2550 2639 2933 2709 proprietatem
2960 2637 3194 2692 exaltata
3220 2644 3322 2702 est,
3353 2644 3416 2691 ut
3434 2636 3515 2690 di-

1930 2731 2126 2795 ximus,
2160 2729 2400 2785 humana
2430 2736 2655 2796 natura,
2703 2736 2764 2783 ut
2805 2735 2951 2783 esset
2981 2744 3140 2793 unus,
3186 2727 3513 2798 unigenitus,

1930 2823 2096 2888 idem,
2121 2822 2374 2891 proprius
2397 2827 2451 2874 et
2485 2835 2649 2875 verus
2684 2817 2851 2873 Filius
2878 2818 2996 2885 Dei,
3041 2817 3175 2873 nihil
3212 2817 3519 2887 adoptionis

1931 2912 2139 2968 habens
2153 2908 2240 2965 vel
2257 2909 2536 2967 divisionis
2561 2911 2614 2964 in
2637 2924 2882 2978 persona:
2902 2909 3181 2979 dignitate.
3201 2908 3277 2963 Ea
3299 2917 3516 2973 natura,

1932 3002 2020 3059 cui
2046 3002 2250 3057 dictum
2272 3007 2356 3057 est
2379 3020 2392 3055 :
2434 2999 2598 3055 Terra
2618 3017 2693 3066 es,
2727 3010 2774 3055 et
2799 3001 2856 3055 in
2883 3012 3077 3055 terram
3102 3001 3200 3055 ibis
3229 2996 3393 3072 (Gen.
3428 3016 3515 3066 ιιι,

247 3108 280 3145 α
305 3089 588 3191 mage-56f“
606 3088 776 3159 9‘0".“
796 3101 815 3139 -'
838 3085 972 3191 ,11ίῆ
987 3094 1063 3142 ⁸³³
1107 3083 1282 3191 Ρξίίυε
1322 3101 1468 3141 πιθα*
1502 3085 1830 3191 άὶίεετιιδλίςι
1860 3125 1909 3190 C
1940 3094 2067 3166 l9);
2097 3103 2150 3151 et
2172 3110 2294 3166 qua:
2324 3095 2379 3150 in
2401 3109 2508 3148 una
2534 3094 2822 3149 concordia
2856 3108 2956 3163 pro
2982 3094 3218 3163 peccatis
3249 3093 3521 3164 protopla-

244 3199 353 3254 quo
376 3182 505 3235 mihi
530 3181 655 3235 bene
682 3178 972 3251 complacui
1001 3196 1019 3233 :
1056 3185 1107 3232 et
1148 3177 1283 3232 hanc
1316 3194 1489 3231 vocem
1513 3193 1608 3233 nos
1631 3178 1838 3233 audiri-

246 3289 369 3328 mus
393 3272 458 3326 de
484 3269 613 3326 caelo
636 3258 878 3334 allatam,
903 3284 1026 3324 cum
1043 3283 1272 3323 essemus
1300 3282 1421 3321 cum
1447 3267 1561 3338 ipso
1586 3268 1643 3323 in
1667 3276 1840 3324 monte

246 3374 455 3430 sancto,
480 3372 531 3419 et
557 3362 808 3419 habemus
834 3360 1119 3431 ﬁrmiorem
1156 3360 1511 3431 propheticum
1549 3375 1840 3415 sermonem

250 3458 341 3533 (11
371 3459 515 3513 Petr.
543 3475 589 3525 ι,
616 3456 686 3512 16
710 3454 865 3528 seq.).
911 3453 1045 3522 Quis
1084 3462 1169 3508 est
1209 3467 1374 3523 ergo,
1404 3468 1439 3508 ο
1480 3451 1709 3518 fratres,
1749 3450 1841 3506 ille

246 3549 607 3624 propheticus
626 3561 828 3613 sermo,
855 3545 948 3617 qui
969 3560 1035 3600 ex
1058 3545 1162 3599 hoc
1188 3544 1495 3599 testimonio
1518 3543 1614 3598 Dei
1640 3550 1843 3599 sanctae

250 3640 597 3699 auctoritatis
624 3638 1024 3694 ﬁrmamentum
1053 3635 1281 3706 accepit,
1322 3634 1426 3690 nisi
1454 3634 1586 3689 illud
1612 3634 1757 3703 quod
1785 3634 1842 3688 in

250 3731 463 3805 psalmo
493 3731 718 3800 legitur,
750 3737 810 3783 ut
848 3728 1022 3784 sancti
1056 3736 1378 3783 tractatores
1423 3726 1842 3782 intellexerunt:

253 3822 433 3879 Filius
480 3836 625 3876 meus
666 3836 719 3875 es
766 3828 846 3885 tu,
876 3835 971 3889 ego
999 3818 1154 3873 hodie
1192 3818 1348 3889 genui
1373 3826 1421 3871 te
1451 3813 1623 3888 (Psal.
1655 3831 1717 3882 ιι,
1747 3814 1801 3886 7)
1821 3816 1848 3869 ‘t

1939 3186 2008 3242 sti
2033 3200 2160 3241 cum
2185 3182 2399 3241 diabolo
2435 3182 2578 3239 facta
2622 3192 2726 3249 est,
2768 3185 2822 3239 in
2861 3198 3026 3238 uuam
3064 3199 3349 3253 personam
3394 3199 3519 3240 cum

1938 3275 2034 3331 Dei
2061 3273 2200 3331 Filio
2218 3275 2501 3347 conjuncta
2524 3283 2607 3329 est
2628 3275 2869 3345 pr0prio,
2893 3289 3001 3330 non
3025 3274 3275 3344 adoptivo
3295 3292 3309 3328 :
3332 3281 3387 3329 et
3400 3289 3521 3344 quae

1939 3367 2151 3425 diabolo
2172 3374 2392 3438 propter
2419 3374 2698 3437 peccatum
2722 3366 2803 3420 sul
2818 3366 2963 3435 jeeta
2989 3372 3091 3431 est,
3118 3379 3279 3435 super
3302 3365 3523 3435 angelos

1937 3468 2163 3532 propter
2209 3460 2541 3530 triumphum
2568 3459 2771 3515 Christi
2797 3459 3034 3515 exaltata
3074 3467 3192 3524 est,
3222 3469 3278 3514 et
3315 3460 3524 3515 audivit

1940 3568 1973 3607 a
2020 3552 2130 3607 Deo
2172 3550 2372 3607 Patre:
2427 3549 2561 3606 Sede
2605 3569 2639 3607 α
2671 3551 2869 3605 dextris
2909 3551 3037 3605 meis
3078 3548 3248 3622 (Psal.
3293 3566 3407 3616 cut,
3445 3551 3520 3624 l).

1943 3641 2218 3713 Quidquid
2241 3643 2387 3697 enim
2429 3642 2484 3696 in
2523 3641 2612 3698 illa
2642 3640 2875 3696 mirabili
2902 3649 2959 3696 et
3002 3640 3257 3695 ineffabili
3300 3638 3524 3710 conjun-

1943 3733 2123 3788 ctione
2153 3732 2449 3787 divinitatis
2472 3732 2934 3801 humanitatisque
2960 3732 3013 3785 in
3039 3729 3317 3786 Salvatore
3337 3741 3525 3785 nostro

1943 3829 2153 3893 gestum
2182 3829 2301 3887 est,
2340 3827 2536 3875 cuncta
2566 3819 2735 3875 solida
2773 3826 2829 3875 et
2873 3817 3109 3889 perfecta
3143 3820 3373 3875 veritate
3399 3836 3525 3890 per-

252 3915 414 3983 Quod
443 3915 611 3969 etiam
656 3911 1025 3967 testimonium
1070 3908 1447 3982 propheticum
1489 3906 1689 3962 Paulus
1720 3921 1847 3978 8P0-
1946 3924 2066 3971 acta
2098 3922 2264 3981 sunt;
2297 3922 2363 3968 ut
2396 3913 2646 3969 liberatio
2674 3921 2856 3968 nostra
2880 3928 3007 3967 vera
3037 3916 3138 3978 sit,
3164 3913 3305 3968 sicut
3331 3914 3446 3984 ipse
3470 3914 3525 3968 in

253 4007 449 4063 stolica
477 4005 804 4060 aucmrilaw
830 4001 1030 4058 Indicis
1056 4000 1383 4073 Pmdicaﬂs,
1418 3998 1490 4054 de
1517 3998 1719 4054 (ἶιιτίειί
1748 3998 1849 4053 δυ’
1946 4007 2239 4079 Evangelio
2276 4005 2390 4060 ait:
2421 4005 2478 4060 Si
2508 4006 2696 4059 veritas
2739 4004 3031 4060 liberaverit
3062 4021 3178 4071 vos,
3223 4021 3337 4060 uere
3375 4003 3527 4059 liberi

255 4098 522 4155 inanitate
544 4095 925 4166 prophetatum
945 4108 1067 4149 esse
1090 4098 1317 4148 testatus
1337 4099 1451 4147 est:
1475 4089 1541 4145 Et
1565 4107 1659 4146 nos
1684 4089 1846 4154 vobis,
1948 4100 2094 4156 eritis
2115 4099 2300 4171 (Joan.
2326 4112 2446 4161 vm,
2474 4096 2586 4169 36).

256 4191 358 4254 ait.
381 4188 759 4245 αηηαηιὶαπιαδ
786 4201 924 4250 eam.
955 4201 1073 4256 φατε
1112 4184 1184 4238 ad
1227 4180 1415 4237 Ραινεδ
1446 4192 1648 4237 ηοεινοδ
1674 4197 1850 4252 τερτρ-
2020 4191 2107 4247 V’l.
2140 4189 2275 4246 Cum
2318 4190 2496 4245 omnis
2537 4190 2740 4245 veritas
2781 4191 2850 4246 sit
2892 4191 2946 4246 in
2975 4189 3213 4255 Christo,
3260 4189 3530 4260 quomodo

257 4282 444 4339 missio
472 4279 616 4351 facta
644 4288 760 4344 est;
792 4278 1041 4351 quoniam
1067 4277 1202 4331 hanc
1229 4276 1371 4331 Deus
1400 4275 1696 4347 adimplevit
1723 4275 1858 4344 ﬁliis.
1949 4300 2057 4340 non
2104 4291 2189 4339 est
2228 4299 2389 4339 verus
2426 4283 2602 4348 Deus,
2632 4292 2725 4338 aut
2759 4299 2918 4339 verus
2952 4283 3122 4339 Filius
3165 4284 3297 4339 Dei?
3340 4282 3530 4339 Nonne

258 4373 478 4439 nostris,
508 4370 826 4426 resuscitans
851 4370 1066 4435 Iesum,
1094 4368 1228 4426 sicut
1255 4377 1305 4422 et
1331 4370 1385 4422 in
1423 4367 1627 4440 psalmo
1656 4384 1694 4423 ιι
1721 4369 1852 4431 scri-
1950 4377 2127 4431 omnis
2164 4382 2352 4430 sancta
2380 4374 2475 4429 Dei
2502 4374 2745 4430 Ecclesia
2773 4375 2824 4430 in
2852 4376 3095 4446 symbolo
3131 4374 3396 4431 εειιιοιίεο
3438 4376 3531 4431 (ιε-

254 4472 410 4533 ptum
438 4468 513 4514 est
535 4476 555 4514 :
584 4458 758 4513 Filius
796 4475 941 4514 meus
966 4475 1021 4513 es
1047 4468 1125 4525 tu,
1161 4475 1255 4529 ego
1277 4458 1432 4513 hodie
1456 4459 1613 4529 genui
1638 4468 1685 4512 te
1711 4458 1849 4530 (Act.
1880 4473 1931 4532 ο
1956 4473 2178 4520 cantare
2206 4463 2365 4529 solet,
2396 4462 2730 4535 unigenitum
2754 4463 2846 4520 Dei
2872 4464 3066 4519 Filium
3092 4478 3331 4533 passum,
3356 4470 3414 4519 et
3447 4478 3528 4519 se-

260 4570 387 4619 xm,
412 4552 503 4617 52,
530 4550 645 4622 3'5).
674 4549 732 4605 In
757 4564 821 4604 ea
841 4550 987 4604 enim
1012 4557 1204 4604 natura
1243 4547 1599 4605 resuscitatus
1622 4556 1708 4604 est
1731 4547 1851 4611 Sale
1952 4556 2178 4625 pulmm,
2209 4563 2265 4609 et
2294 4555 2456 4611 tertia
2481 4555 2567 4609 die
2594 4555 2973 4619 resurrexisse,
2999 4554 3125 4608 dum
3146 4554 3263 4609 hmc
3283 4555 3336 4609 in
3359 4552 3529 4608 forma

257 4659 422 4704 vator
452 4654 671 4712 noster,
714 4661 835 4715 qua:
863 4644 931 4699 de
975 4643 1197 4714 Virgine
1236 4649 1510 4712 assumpta
1552 4650 1653 4698 est.
1699 4640 1768 4695 Et
1794 4649 1862 4701 ut,
1953 4646 2095 4701 servi
2124 4644 2263 4700 facta
2293 4654 2449 4711 sunt,
2495 4660 2603 4699 non
2646 4645 2700 4699 in
2740 4653 2956 4699 aeternae
2993 4644 3291 4699 divinitatis
3330 4643 3531 4712 gloria,

258 4740 469 4797 certius
490 4738 727 4795 sciamus
754 4736 821 4791 de
848 4750 952 4805 qua
977 4742 1168 4787 natura
1199 4748 1301 4787 vox
1329 4741 1553 4803 paterna
1590 4733 1856 4787 insonuis-
1950 4751 2072 4808 quae
2118 4736 2461 4806 impassihilis
2489 4742 2573 4790 est
2602 4743 2657 4789 et
2698 4735 3018 4789 immortalis
3042 4751 3137 4805 per
3157 4735 3379 4790 omnia?
3423 4732 3533 4788 Sed

260 4842 349 4889 set
374 4850 388 4886 :
436 4828 538 4883 Hic
563 4838 641 4884 est
668 4826 842 4882 Filius
879 4842 1025 4879 meus
1055 4823 1275 4879 dilectus
1293 4864 1307 4888 ,
1339 4824 1393 4879 in
1430 4839 1533 4894 quo
1561 4822 1689 4877 mihi
1730 4822 1855 4876 bene
1954 4836 2102 4883 tanta
2129 4835 2214 4882 est
2239 4828 2419 4882 unitas
2442 4842 2706 4897 pet-sonte,
2732 4834 2792 4879 ut
2826 4827 3080 4881 Dominus
3108 4826 3292 4895 gloriae
3320 4822 3532 4879 cruciﬁ~

262 4921 585 4995 complacui,
630 4919 896 4991 prtemisit
938 4927 1067 4973 ante
1094 4917 1288 4971 beatus
1326 4915 1514 4971 Petrus
1540 4914 1814 4983 apostolus
1839 4932 1851 4967 :
1956 4934 2059 4972 xus
2093 4916 2328 4982 dicatur,
2356 4925 2411 4971 et
2435 4916 2743 4986 unigenitus
2768 4916 2925 4970 datus
2948 4914 3015 4969 ad
3041 4915 3367 4985 passionem,
3396 4914 3535 4970 sicut

263 5017 546 5088 Accipiens
570 5015 709 5070 enim
737 5031 769 5068 a
792 5012 904 5067 Deo
932 5009 1096 5069 Patre
1115 5009 1364 5064 honorem
1384 5019 1432 5063 et
1451 5009 1693 5079 gloriam.
1720 5006 1857 5062 Alis-
1956 5005 2213 5078 praefatus
2238 5006 2564 5075 evangelista
2601 5006 2705 5059 ait:
2738 5004 2827 5060 Sic
2854 5007 2989 5058 enim
3012 5004 3194 5059 dilexit
3225 5005 3364 5061 Deus
3385 5023 3538 5061 mun-

260 5124 377 5180 que
399 5106 561 5163 dubio
579 5106 815 5161 humana
839 5112 1032 5157 natura
1052 5101 1258 5170 accepit
1282 5100 1541 5156 honorem
1559 5107 1614 5154 et
1630 5099 1857 5169 gloriam
1958 5098 2104 5162 dum,
2137 5107 2193 5150 ut
2220 5094 2422 5150 Filium
2447 5113 2602 5152 suum
2630 5099 2952 5167 unigenitum
2977 5098 3147 5169 898
3170 5099 3318 5154 daret
3351 5100 3533 5173 (Joan.

264 5214 442 5275 quam
466 5199 657 5254 habuit
681 5194 1011 5252 :eternaliter
1039 5193 1291 5249 divinitas
1318 5191 1441 5246 Filii
1474 5190 1567 5245 Dei
1600 5204 1724 5245 cum
1751 5190 1860 5244 Deo
1962 5209 2045 5257 ιιι,
2079 5190 2186 5262 16).
2215 5190 2386 5257 Quem
2413 5190 2559 5244 enim
2586 5188 2820 5246 Joannes
2849 5192 3182 5262 unigenitum
3217 5193 3363 5256 dicit,
3391 5194 3535 5250 hunc

266 5292 440 5348 Patre
464 5298 520 5344 et
547 5288 753 5359 Spiritu
775 5295 986 5342 sancto.
1961 5283 2152 5339 beatus
2176 5282 2375 5338 Paulus
2400 5283 2670 5352 apostolus
2693 5285 2969 5353 proprium
2994 5283 3035 5339 F
3040 5285 3190 5340 ilium
3219 5287 3535 5353 nominavit,

346 5383 415 5441 γ.
470 5380 651 5436 Multis
695 5377 1020 5434 testimoniis
1065 5377 1133 5431 de
1179 5382 1492 5431 sanctarum
1540 5370 1864 5428 auctoritate
1964 5374 2055 5430 ubi
2086 5376 2194 5430 ait:
2234 5375 2338 5441 Qui
2364 5380 2575 5447 proprio
2602 5374 2743 5431 Filio
2772 5393 2868 5431 suo
2913 5395 3017 5432 non
3056 5381 3299 5450 pepercit,
3328 5380 3420 5436 sed
3446 5398 3541 5453 pro

267 5475 687 5545 Scripturarum
734 5468 955 5539 probari
984 5467 1187 5537 poterit
1231 5464 1418 5521 Jesum
1462 5463 1736 5520 Christum
1774 5477 1866 5518 ve—
1967 5464 2114 5521 nobis
2141 5466 2379 5521 omnibus
2422 5466 2643 5521 tradidit
2676 5483 2794 5521 eum
2827 5466 3018 5538 (Rom.
3050 5483 3169 5533 vin,
3194 5469 3318 5543 52).
3367 5469 3538 5537 Quem

268 5584 402 5622 rum
428 5565 527 5621 Dei
550 5578 671 5620 esse
690 5562 908 5628 Filium,
941 5562 1031 5633 qui
1070 5573 1137 5615 ex
1174 5559 1332 5615 beata
1358 5559 1565 5631 virgine
1590 5557 1755 5613 Maria
1782 5555 1866 5612 fa-
1969 5556 2152 5610 datum
2179 5556 2247 5611 ad
2268 5557 2574 5627 passionem
2602 5556 2739 5612 dixit
2767 5558 3113 5629 evangelista,
3144 5559 3289 5615 hunc
3314 5560 3538 5629 Aposto-

268 5667 402 5714 ctus
428 5662 513 5712 est
538 5655 724 5711 homo.
757 5652 864 5710 Sed
892 5653 978 5709 cui
1008 5653 1124 5709 haec
1148 5651 1457 5709 testimonia
1495 5649 1745 5706 altissimi
1773 5649 1867 5707 Dei
1968 5646 2057 5704 lus
2082 5647 2339 5703 traditum
2378 5663 2501 5705 esse
2533 5664 2631 5720 pro
2660 5649 2816 5704 nobis
2853 5650 3107 5705 ostendit.
3150 5648 3255 5705 Sed
3295 5666 3433 5705 unus
3460 5660 3539 5705 est

276 5749 462 5814 Patris
489 5764 593 5804 non
624 5746 912 5813 suiliciunt,
947 5747 1132 5805 nescio
1161 5745 1290 5817 quid
1320 5746 1370 5801 ei
1399 5743 1644 5802 adlicere
1674 5743 1865 5802 valeat.
1972 5739 2141 5798 Filius
2166 5739 2262 5796 Dei
2286 5738 2442 5797 Iesus
2480 5737 2760 5808 Christus,
2813 5741 3077 5814 uniusque
3106 5741 3307 5814 absque
3333 5741 3541 5797 dubita-
