4136 6562
551 352 658 409 275

1425 336 1486 392 Β.
1518 334 1579 390 F.
1618 331 1845 389 ALBINI
1887 327 2019 386 SEU
2058 322 2340 384 ALCUINI
2380 319 2663 379 OPERUM
2696 316 2877 375 PARS
2912 315 3001 373 Ill.

3720 306 3840 363 9.76

553 466 700 521 tione
728 469 990 530 personae.
1020 451 1090 506 Et
1112 446 1389 506 sciendum
1413 455 1499 501 est
1522 444 1665 516 quod
1685 443 1865 497 unitas
1890 441 1945 495 in
1962 445 2146 510 partes
2175 440 2222 497 Α
2249 434 2424 505 major
2454 450 2535 487 me
2562 442 2659 498 est,
2711 430 3060 530 nihilominus
3429 422 3639 530 posuit,
3674 419 3846 476 Pater

552 528 852 612 dividi'non
878 552 1090 618 potest:
1121 543 1167 597 si
1195 538 1472 601 dividitur,
1514 536 1698 591 unitas
1737 550 1845 589 non
1884 534 2009 587 erit.
2042 528 2146 586 Ne-

555 655 826 715 quaquam
850 636 997 692 enim
1022 648 1163 689 unus
1186 629 1352 686 dividi
1378 636 1557 699 potest
1574 669 1589 692 ,
1625 625 1880 694 nullaque
1907 635 2146 692 unquam

557 733 785 791 rationis
812 726 1173 802 possibilitate
1198 720 1500 793 personalis
1540 720 1671 774 unio
1708 717 1916 787 recepit
1952 716 2148 772 sectio-

559 839 703 881 nem.
735 822 878 892 Ergo
904 818 949 874 si
977 816 1147 873 Filius
1166 814 1262 869 Dei
1289 812 1542 883 proprius
1568 817 1654 864 est
1682 810 1737 865 in
1760 808 2070 872 divinitate,
2095 813 2152 860 et

559 916 841 988 adoptivus
863 913 920 967 in
946 908 1307 969 humanitate,
1338 906 1447 960 duo
1472 911 1599 959 sunt
1625 921 1637 956 :
1663 902 1931 972 siquidem
1957 906 2014 956 et
2032 898 2152 954 uni-

560 1008 692 1064 tatis
735 1007 791 1061 in
837 1018 906 1059 eo
951 997 1311 1070 inseparabile
1359 995 1680 1067 mysterium
1708 993 1971 1050 dividitur
2008 989 2153 1047 duali

561 1113 809 1163 numero,
832 1095 977 1166 quod
1002 1091 1224 1148 omnino
1242 1087 1362 1145 ﬁeri
1387 1103 1493 1145 non
1520 1094 1737 1158 potest:
1765 1084 1894 1155 quia
1920 1084 2000 1140 sic
2023 1099 2157 1139 con-

565 1196 864 1261 temperata
889 1195 973 1242 est
988 1184 1242 1240 divinitas
1276 1180 1624 1243 humanitati,
1653 1184 1710 1232 et
1738 1175 2048 1232 humanitas
2074 1173 2160 1230 di-

563 1280 778 1338 vinitati
796 1279 1111 1351 conjuncta,
1134 1282 1402 1345 quatenus
1421 1286 1524 1326 nec
1548 1277 1863 1325 naturarum
1888 1264 2155 1331 confusio,
2172 1331 2188 1350 ο

567 1390 671 1429 nec
694 1382 1014 1428 naturarum
1042 1367 1315 1439 separatio
1357 1367 1412 1421 in
1452 1377 1682 1436 persona
1719 1361 1881 1417 unius
1913 1359 2035 1415 Filii
2062 1355 2172 1413 Dei'.

566 1465 764 1530 fieret;
796 1464 893 1520 sed
921 1460 1070 1518 salva
1105 1458 1437 1531 proprietate
1480 1456 1764 1526 utriusque
1809 1451 2158 1517 substantiae,

568 1556 766 1613 divina
790 1554 1000 1611 scilicet
1023 1560 1187 1622 atque
1215 1552 1498 1615 humanae,
1531 1548 1586 1602 in
1617 1563 1722 1601 una
1760 1547 1856 1603 Del
1895 1544 2162 1601 hominis-

569 1662 677 1719 que
715 1661 968 1717 persona,
1009 1658 1112 1700 nec
1153 1642 1297 1698 Deus
1324 1654 1564 1711 unquam
1608 1639 1727 1693 sine
1765 1638 2022 1704 homine,
2061 1651 2161 1692 nec

572 1742 737 1795 homo
763 1737 1015 1794 credatur
1037 1748 1157 1789 esse
1180 1734 1299 1789 sine
1319 1732 1449 1788 Deo.
1478 1731 1546 1786 Et
1569 1731 1686 1786 haec
1706 1728 1974 1784 mirabilis
1998 1736 2162 1797 atque

2248 543 2414 591 meus,
2446 542 2551 581 non
2592 526 2908 579 discernens
2936 524 2989 577 in
3016 522 3234 577 nomine
3269 520 3393 575 Filii
3427 520 3567 573 inter
3592 531 3711 572 eam
3737 530 3843 569 na-

2250 625 2431 672 turam
2477 631 2640 685 quam
2684 613 3014 669 :eternaliter
3056 629 3125 668 ex
3172 612 3333 667 Patre
3382 608 3586 665 habuit.
3619 617 3674 661 et
3719 619 3843 663 eam

2251 721 2415 777 quam
2441 705 2812 775 temporaliter
2848 720 2914 757 ex
2943 703 3113 758 Matre
3140 703 3349 773 virgine
3381 700 3647 771 sumpsit:
3679 710 3841 769 seque

2250 798 2429 867 ipsum
2452 813 2514 852 ea
2546 796 2768 851 unitatis
2791 794 2973 866 regula
3003 792 3348 849 uuiformiter
3383 790 3579 845 Filium
3603 790 3845 844 nomina-

2253 888 2349 949 vit,
2383 886 2518 940 utin
2546 901 2700 941 sacra
2731 885 2977 940 oratione
3013 900 3174 955 quam
3205 882 3430 939 elevatis
3458 880 3710 936 manibus
3740 880 3847 935 Deo

2253 977 2405 1032 Patri
2435 977 2637 1033 direxit
2675 976 2904 1032 dicens!
2936 976 3117 1040 Pater,
3149 973 3387 1042 clariﬁca
3432 970 3635 1027 Filium
3674 979 3845 1034 tuum,

2254 1078 2313 1124 ut
2341 1066 2516 1125 Filius
2563 1078 2683 1122 tuus
2728 1066 2979 1137 clariﬁcet
3006 1077 3058 1122 te
3098 1064 3281 1140 (Joan.
3315 1081 3453 1131 xvii,
3496 1063 3569 1136 ί).
3603 1063 3754 1119 Meus
3794 1070 3853 1119 et

2256 1168 2384 1217 tuus
2422 1160 2744 1232 pronomina
2785 1167 2912 1215 sunt
2949 1174 3019 1215 ex
3059 1168 3288 1228 utraque
3325 1164 3483 1228 parte
3520 1154 3850 1228 singularia,

2256 1251 2454 1321 quibus
2480 1251 2756 1307 multoties
2784 1251 2927 1305 inter
2962 1249 3326 1305 sacratissima
3352 1248 3518 1306 verba
3549 1247 3627 1302 uti
3650 1246 3842 1312 voluit,

2257 1349 2320 1398 ut
2342 1344 2650 1399 ostenderet
2676 1343 2953 1413 propriam
2996 1340 3418 1397 familiaritatem
3463 1340 3607 1394 inter
3634 1337 3851 1393 Patrem

2260 1444 2315 1491 et
2335 1435 2553 1501 Filium,
2571 1451 2638 1491 ne
2660 1436 2805 1490 nuda
2828 1434 3201 1491 tantummodo
3224 1432 3619 1503 nuncupatione
3638 1430 3856 1487 Patrem

2263 1525 2369 1584 sibi
2396 1526 2739 1598 designaret,
2780 1525 2870 1581 vel
2911 1540 2972 1581 se
3014 1525 3264 1595 adoptiva
3295 1524 3674 1580 communione
3701 1524 3859 1579 nobis

2261 1616 2523 1688 aequalem
2546 1617 2963 1674 demonstraret.
3003 1614 3129 1671 Ideo
3158 1614 3342 1670 llarim
3377 1612 3705 1685 Magdalena:
3732 1622 3859 1684 post

2264 1709 2719 1765 resurrectionem
2754 1723 3023 1780 apparens
3042 1749 3059 1774 ,
3092 1707 3407 1763 mandatum
3449 1706 3597 1763 dedit
3628 1705 3858 1762 dicens:

571 1794 967 1886 inaestimabilis
1013 1824 1322 1895 cetijunctio
1368 1825 1422 1879 in
1466 1823 1559 1880 Dei
1601 1822 1743 1879 Filio
1781 1837 1907 1878 mox
1946 1821 2003 1875 in
2048 1794 2165 1891 ipso

2277 1800 2402 1856 Noli
2428 1817 2511 1856 me
2537 1810 2770 1872 tangere,
2792 1800 3027 1855 nondum
3055 1798 3269 1854 escendi
3291 1798 3361 1853 ad
3402 1794 3617 1852 Patrem
3643 1812 3817 1851 meum
3840 1812 3864 1862 ;

573 1932 839 1993 conceptu
866 1920 1147 1991 virginalis
1183 1918 1361 1983 uteri,
1394 1916 1601 1986 Spiritu
1643 1923 1834 1971 sancto
1870 1920 2164 1985 cperante,

575 2020 719 2074 facta
749 2024 860 2081 est;
895 2024 1063 2085 atque
1079 2013 1148 2071 de
1170 2011 1409 2067 thalamo
1433 2008 1673 2065 celestis
1693 2006 1961 2079 puerperii
1984 2005 2169 2077 gigan-

574 2121 665 2165 teo
694 2122 857 2167 cursu
886 2102 1207 2175 magniﬁcus
1228 2100 1528 2172 processit,
1558 2099 1706 2155 velut
1738 2097 1819 2153 sol
1850 2096 2055 2161 oriens,
2080 2093 2170 2149 Fi-

574 2201 681 2255 lius
705 2198 825 2263 Dei,
852 2196 922 2252 de
946 2210 1054 2266 quo
1081 2192 1236 2265 plura
1268 2190 1373 2248 dici
1402 2196 1652 2261 possunt,
1690 2188 1735 2245 si
1767 2196 1946 2244 tamen
1974 2187 2041 2242 ab
2066 2187 2169 2241 hu-

576 2306 739 2346 mano
767 2304 865 2346 ore
899 2289 969 2342 de
1003 2293 1155 2341 tanta
1183 2284 1469 2356 majestate
1509 2282 1716 2352 aliquid
1761 2281 1986 2353 dignum
2014 2277 2169 2333 eﬂ‘ari

575 2379 797 2451 poterit.
840 2376 1071 2448 Superat
1110 2374 1259 2431 enim
1294 2388 1515 2430 omnem
1556 2387 1779 2429 sensum
1818 2386 1927 2444 pax
1966 2369 2171 2426 Christi

577 2469 803 2543 (Philip.
835 2485 914 2535 tv,
943 2467 1024 2541 7),
1055 2468 1111 2523 in
1136 2482 1244 2538 qua
1272 2465 1514 2522 ctelestia
1560 2464 1947 2533 terrestriaque
1986 2461 2174 2532 pacifi-

579 2572 699 2620 cata
725 2570 870 2626 sunt,
917 2569 974 2617 et
1017 2560 1075 2616 in
1104 2574 1268 2617 unam
1309 2565 1564 2614 revocata
1601 2556 1967 2612 concordiam.
2001 2553 2174 2609 Tanta

578 2654 898 2716 excellentia
928 2654 1179 2709 humanae
1209 2651 1352 2708 facta
1380 2660 1468 2708 est
1509 2658 1719 2707 natura:
1745 2650 1803 2705 in
1842 2648 2086 2712 Christo,
2114 2656 2177 2703 ut

582 2751 641 2807 in
663 2764 827 2805 unam
853 2754 1131 2818 perpetua:
1156 2745 1458 2801 divinitatis
1494 2758 1787 2814 personam
1824 2742 2036 2799 elevata
2063 2742 2135 2798 sit
2158 2760 2172 2796 :

582 2848 642 2898 et
668 2849 839 2898 totum
861 2838 1124 2910 quidquid
1156 2838 1211 2894 in
1240 2836 1338 2894 illo
1357 2850 1567 2908 magnae
1594 2835 1812 2906 pietatis
1832 2842 2179 2892 sacramento

585 2941 797 3004 gestum
841 2939 955 2998 est,
994 2920 1185 3001 procu'l
1210 2929 1373 2986 dubio
1416 2930 1522 2984 hoc
1557 2943 1697 2983 unus
1745 2928 1995 2996 idemque
2037 2926 2179 2980 Dens

586 3025 683 3080 Dei
715 3023 881 3081 Filius
909 3023 1059 3079 fecit.
1092 3021 1351 3089 Quamvis
1375 3021 1493 3092 ipse
1530 3020 1851 3091 quibusdam
1886 3018 2069 3074 verbis
2098 3018 2180 3072 di-

588 3117 768 3171 vinam
794 3114 1035 3171 ostendit
1055 3112 1452 3177 excellentiam,
1486 3112 1810 3183 quibusdam
1839 3124 1967 3165 vero
1989 3111 2177 3165 huma—

2205 3164 2251 3224 C

2268 1893 2359 1949 sed
2376 1893 2526 1959 vade,
2540 1893 2627 1948 dic
2648 1892 2902 1962 fratribus
2922 1894 3071 1959 meis,
3090 1891 3326 1947 ΑδραΜο
3352 1889 3432 1946 ad
3448 1888 3660 1948 Patrem
3686 1906 3866 1944 meum

2266 1994 2316 2038 et
2347 1984 2418 2037 ad
2448 1981 2667 2038 Patrem
2703 1982 3155 2057 uestrum‘ann.
3203 1999 3271 2039 xx
3294 2023 3309 2049 ,
3358 1981 3469 2053 17).
3502 1979 3560 2038 Si
3586 1980 3869 2053 aequaliter

2269 2075 2441 2133 voluit
2466 2076 2622 2131 nobis
2649 2075 2875 2147 intelligi
2900 2084 2957 2131 et
2980 2076 3083 2131 sibi
3111 2076 3327 2131 Patrem
3355 2074 3545 2140 Deum,
3567 2088 3735 2144 quare
3756 2089 3870 2131 non

2270 2165 2689 2231 dixit,Ascendo
2718 2165 2784 2220 ad
2813 2165 3032 2222 Patrem
3242 2174 3508 2232 nostrum,
3526 2165 3622 2221 sed
3643 2166 3870 2236 speciali

2269 2258 2593 2327 pronomine
2618 2257 2687 2312 de
2717 2272 2776 2314 se
2799 2257 2957 2323 dixit,
2983 2254 3199 2312 Patrem
3218 2274 3414 2325 meum;
3450 2266 3506 2313 et
3533 2255 3768 2330 generali
3791 2258 3864 2312 ad

2273 2350 2582 2420 discipulos,
2621 2347 2837 2405 Patrem
2880 2358 3103 2405 oestrum
3124 2349 3150 2402 .’
3176 2363 3298 2419 quae
3346 2348 3451 2406 alia
3495 2348 3755 2408 discretio
3796 2347 3874 2405 ibi

2271 2448 2452 2510 potest
2474 2454 2614 2502 esse,
2646 2440 2749 2495 nisi
2774 2448 2836 2496 ut
2862 2441 2965 2495 sibi
2994 2440 3066 2496 sit
3087 2438 3252 2496 Pater
3283 2450 3382 2512 per
3408 2449 3679 2506 naturam,
3712 2439 3876 2497 nobis

2273 2547 2373 2602 per
2397 2532 2674 2603 gratiam?

2348 2643 2479 2701 Vill.
2508 2644 2615 2699 Sed
2638 2644 2724 2699 his
2750 2644 2824 2699 ita
2854 2643 3169 2714 praelibatis,
3194 2644 3601 2703 consideremus
3630 2645 3872 2719 prophe-

2278 2738 2415 2793 tlcas
2446 2737 2877 2807 apostolicasque
2907 2738 3228 2806 sententias,
3252 2738 3381 2811 quid
3404 2740 3471 2796 de
3492 2737 3621 2796 Jesu
3648 2739 3875 2797 Christo

2279 2832 2389 2886 Deo
2408 2847 2540 2887 vero
2570 2837 2627 2888 et
2669 2832 2763 2887 Dei
2794 2831 2933 2888 Filio
2955 2848 3087 2889 vero
3118 2835 3376 2890 sentiant.
3402 2834 3662 2902 Quamvis
3684 2851 3878 2907 super-

2278 2922 2441 2978 ﬂuum
2458 2924 2605 2994 juste
2642 2924 2815 2979 videri
2841 2924 3019 2980 valeat
3059 2942 3221 2998 super
3248 2935 3489 2997 paterna:
3523 2926 3769 2983 veritatis
3795 2935 3878 2982 te-

2280 3015 2552 3079 stimonia,
2585 3029 2705 3084 qua:
2747 3016 2909 3086 paulo
2946 3025 3073 3072 ante
3117 3017 3418 3089 posuimus,
3449 3016 3535 3072 vel
3579 3018 3751 3089 ipsius
3776 3018 3877 3075 Dei

2279 3106 2401 3163 Filii
2444 3108 2631 3173 verba,
2671 3124 2793 3178 quae
2842 3112 3001 3165 modo
3049 3109 3385 3177 dicebamus,
3440 3110 3578 3168 alios
3634 3111 3883 3170 accitare

589 3222 717 3262 nam
735 3206 1073 3263 demonstret
1091 3203 1459 3273 fragilitatem,
1490 3218 1631 3258 unus
1656 3208 1741 3257 est
1778 3210 1954 3258 tamen
1983 3200 2077 3271 qui
2095 3199 2177 3255 io.
2205 3199 2251 3224 υ
2284 3208 2450 3257 testes
2482 3219 2495 3255 :
2530 3210 2711 3257 tamen
2743 3210 2799 3256 ut
2827 3216 2889 3257 os
2919 3202 3144 3272 impium
3174 3210 3229 3258 et
3260 3219 3358 3261 cor
3384 3204 3724 3262 ineredulum
3753 3222 3883 3277 βω·

589 3296 796 3364 quitur,
823 3304 881 3354 et
920 3308 1061 3351 unus
1103 3302 1189 3350 est
1226 3295 1318 3365 qui
1357 3302 1646 3363 utrumque
1689 3291 2009 3348 certissimis
2036 3291 2090 3346 in
2121 3303 2183 3345 se

590 3387 760 3457 signis
780 3386 1049 3451 declarat,
1081 3385 1382 3442 divinitatis
1427 3386 1635 3442 scilicet
1667 3384 1963 3455 potentiam
1988 3384 2183 3439 buma-

593 3480 885 3549 nitatisque
908 3478 1311 3536 infirmitatem:
1349 3478 1511 3543 sicut,
1545 3476 1775 3547 exempli
1803 3476 1978 3547 gratia
1999 3514 2014 3541 ,
2044 3489 2185 3530 unus

592 3582 679 3629 est
699 3574 862 3631 homo
880 3572 973 3641 qui
1000 3571 1175 3626 oculis
1201 3573 1344 3627 inter
1371 3570 1553 3626 album
1577 3571 1899 3640 nigrumque
1921 3567 2186 3624 discernit

595 3667 858 3731 colorem,
884 3674 941 3721 et
968 3666 1059 3736 qui
1103 3665 1283 3720 animo
1304 3665 1571 3733 justitiam
1610 3672 1825 3732 separet
1873 3664 1943 3717 ab
1988 3662 2186 3731 iniqui-

596 3765 711 3811 tate
735 3774 747 3809 :
781 3770 889 3811 una
912 3766 998 3812 est
1027 3763 1205 3809 tamen
1234 3769 1487 3825 persona,
1516 3761 1573 3809 et
1601 3768 1741 3808 unus
1768 3754 1928 3808 homo
1947 3794 1962 3818 ,
1993 3753 2046 3807 in
2077 3768 2185 3824 quo

598 3858 683 3902 cst
724 3846 985 3918 spiritalis
1027 3846 1378 3917 intelligentia
1427 3856 1483 3901 et
1524 3847 1762 3901 carnalis
1800 3845 2183 3902 consideratio.

600 3937 789 3993 Nonne
813 3939 868 3994 in
895 3950 1003 3993 uno
1024 3950 1250 4007 corpore
1279 3937 1747 4008 quinquepartitos
1778 3938 2039 3993 habemus
2066 3952 2189 3992 sen-

601 4046 716 4095 sus,
763 4046 994 4100 quorum
1042 4029 1237 4099 singuli
1282 4044 1411 4085 suos
1450 4030 1700 4099 proprios
1746 4029 1949 4085 habent
1994 4028 2189 4085 actus?

602 4121 802 4177 Oculus
831 4136 1064 4190 namque
1087 4120 1252 4187 videt,
1278 4122 1425 4177 auris
1454 4122 1634 4187 audit;
1678 4138 1778 4178 nec
1802 4122 1994 4179 oculus
2018 4123 2184 4186 audit,

605 4229 708 4269 nec
726 4214 875 4267 auris
899 4215 1082 4279 videt;
1125 4222 1301 4270 tamen
1331 4217 1386 4269 in
1414 4231 1522 4270 uno
1554 4230 1783 4286 corpore
1818 4225 1948 4273 sunt
1977 4217 2189 4272 auditus

604 4313 659 4359 et
684 4305 853 4370 visus,
876 4314 933 4360 et
958 4321 1099 4362 unus
1121 4314 1207 4363 est
1232 4307 1414 4371 homo,
1458 4309 1511 4363 in
1554 4325 1662 4379 quo
1706 4310 1823 4365 haec
1860 4310 2193 4379 temporibus

603 4401 663 4448 et
698 4392 834 4451 locis
873 4402 1109 4465 aguntur
1154 4399 1488 4466 opportunis.
1535 4398 1613 4453 lta
1643 4400 1911 4470 siquidem
1956 4398 2101 4453 Deus
2136 4408 2192 4453 et

608 4483 768 4538 homo
805 4499 912 4538 una
941 4494 1025 4539 est
1050 4498 1305 4555 persona,
1349 4502 1492 4559 unus
1532 4497 1618 4543 est
1660 4488 1927 4556 Christus,
1969 4497 2024 4543 et
2052 4502 2192 4547 unus

606 4573 779 4631 Filius
801 4576 917 4643 Dei,
955 4578 1010 4632 in
1034 4594 1143 4648 quo
1167 4580 1420 4636 divinitas
1440 4582 1716 4638 miraculis
1743 4585 1956 4652 claruit,
1983 4592 2037 4640 et
2065 4600 2193 4641 caro

610 4665 823 4737 injuriis
855 4669 1174 4725 succubuit:
1226 4685 1388 4725 verus
1420 4681 1581 4743 atque
1608 4674 1943 4745 unigenitus,
1989 4678 2195 4731 imo.et

611 4760 804 4815 unicus
832 4760 888 4813 in
914 4769 1146 4831 utroque
1174 4762 1271 4817 Dei
1297 4763 1485 4819 Filius.

684 4849 793 4904 νει.
821 4848 923 4918 Qui
950 4852 1115 4906 etiam
1137 4869 1235 4922 per
1260 4868 1477 4908 omnem
1507 4857 1703 4926 ubique
1726 4859 1897 4913 sancti
1921 4859 2195 4929 Evangelii

612 4949 822 4994 textum
848 4941 949 4997 sibi
980 4941 1148 5000 Deum
1176 4943 1393 5000 Patrem
1431 4950 1645 5016 speciali
1686 4951 1901 5015 nomine
1930 4951 2198 5019 appellem

614 5032 930 5099 consuevit;
980 5035 1124 5103 quod
1169 5038 1366 5106 saepius
1410 5038 1701 5104 invenitur,
1746 5039 1906 5109 quam
1938 5043 2199 5112 exemplis

615 5135 751 5190 opus
770 5123 843 5178 sit
862 5124 1246 5183 demonstrari.
1280 5128 1390 5185 Nec
1418 5147 1653 5201 unquam
1683 5136 1955 5189 communi
1985 5128 2199 5191 nomine

617 5213 897 5270 nobiscum
924 5214 1138 5273 Patrem
1161 5219 1263 5277 sibi
1285 5222 1592 5293 appellavit,
1617 5226 1739 5293 quia
1767 5225 2091 5281 omnimodis
2113 5224 2201 5280 ali-

618 5311 704 5360 ter
726 5306 829 5363 sibi
854 5307 1024 5364 Deum
1048 5310 1266 5367 Patrem
1294 5329 1415 5371 esse
1435 5317 1661 5377 sciebat,
1687 5317 1845 5375 aliter
1866 5319 2020 5376 nobis
2046 5338 2057 5372 :
2092 5319 2199 5373 vel—

619 5396 699 5449 uti
727 5396 779 5451 in
806 5396 1058 5455 familiari
1104 5416 1354 5459 sermone
1377 5412 1434 5461 et
1456 5414 1568 5460 toto
1594 5408 1867 5477 mysteriis
1891 5407 2203 5477 plenissimo

621 5486 840 5559 legitur,
863 5506 1021 5561 quem
1044 5493 1235 5553 habuit
1269 5512 1332 5551 ea
1373 5504 1531 5552 nocte
1570 5513 1675 5567 qua
1717 5500 1947 5555 traditus
1976 5509 2077 5560 est.
2119 5516 2204 5556 se-

622 5590 773 5636 creta
802 5583 1127 5640 allocutione
1174 5589 1239 5643 ad
1285 5588 1573 5660 discipulos
1618 5605 1779 5645 suos:
1818 5593 1874 5646 in
1900 5608 2010 5661 que
2037 5593 2200 5647 etiam

624 5673 724 5728 sibi
751 5674 965 5730 Patrem
990 5678 1199 5749 privato
1217 5683 1556 5749 pronomine,
1582 5682 1633 5736 id
1663 5692 1763 5747 est,
1786 5700 1981 5749 meum,
2011 5685 2204 5754 saepius

626 5766 931 5835 appellavit.
968 5768 1226 5836 Quamvis
1262 5772 1315 5826 in
1343 5775 1573 5843 quodam
1614 5774 1731 5830 loco
1758 5775 2013 5842 dixisset,
2045 5775 2205 5831 Pater

2281 3290 2512 3358 plieticis
2568 3289 3008 3364 apostoliclsquc,
3057 3307 3159 3350 nec
3202 3310 3320 3350 non
3374 3302 3430 3352 et
3480 3296 3881 3354 venerabilium

2282 3378 2505 3436 Patrum
2562 3382 2850 3437 obturetur
2904 3382 3256 3449 testimoniis,
3318 3384 3411 3454 qui
3483 3400 3583 3457 per
3630 3386 3884 3443 diversas

2286 3475 2470 3530 mundi
2517 3483 2702 3561 partes
2730 3476 2784 3531 in
2814 3475 3095 3532 catholicae
3129 3476 3253 3534 fidei
3283 3475 3583 3535 ﬂoruerunt
3614 3480 3881 3551 pradica-

2285 3568 2449 3632 tione,
2482 3578 2541 3622 ut
2570 3570 2785 3623 tandem
2814 3568 3103 3639 aliquando
3152 3569 3337 3641 lingua
3385 3570 3885 3645 iniquitatis‘discat

2264 3659 2582 3730 prudenter
2634 3667 2832 3726 tacere,
2873 3675 2995 3732 quae
3047 3676 3325 3734 nunquam
3364 3661 3554 3718 didicit
3602 3662 3883 3735 sapienter

2289 3749 2452 3819 loqui.

2357 3861 2450 3916 IX.
2477 3861 2660 3919 Primo
2689 3866 2931 3919 omnium
2977 3865 3281 3921 adducatur
3308 3865 3478 3923 lsaias
3517 3868 3571 3923 in
3621 3866 3881 3934 medium,

2288 3950 2442 4022 cujus
2490 3953 2631 4013 labia
2683 3944 2960 4025 seraphim
2990 3955 3229 4011 caelestis
3282 3956 3491 4014 calculo
3539 3957 3728 4015 altaris
3753 3973 3882 4029 per-

2291 4046 2589 4100 mundavit.
2648 4046 2787 4113 Quid
2825 4047 3023 4118 itaque
3069 4048 3346 4105 mundatis
3395 4048 3574 4115 labiis,
3628 4051 3761 4122 quid
3786 4066 3885 4107 ore

2290 4138 2676 4208 propemodum
2726 4137 2846 4208 plus
2885 4138 3197 4211 evangelico
3226 4156 3389 4212 quam
3435 4142 3775 4213 prophetico,
3814 4145 3885 4200 de

2291 4228 2528 4303 humane
2586 4218 3101 4286 Christinativita'te
3139 4232 3344 4288 nostris
3392 4232 3608 4289 insonet
3635 4235 3883 4300 auribus,

2292 4320 2576 4375 audiamus
2610 4339 2622 4373 :
2677 4318 2958 4387 Quieacite,
2986 4322 3182 4392 inquit,
3221 4324 3286 4378 ab
3309 4323 3544 4391 homine,
3594 4325 3746 4396 cujus
3779 4328 3889 4398 api-

2295 4412 2425 4466 ritus
2453 4413 2510 4466 in
2559 4411 2794 4476 naribus,
2830 4415 2954 4484 quia
2979 4413 3088 4484 ipse
3109 4414 3345 4470 excelsus
3399 4416 3746 4487 reputabitur.
3772 4417 3887 4473 Ad-

2221 4520 2272 4581 D
2292 4513 2479 4561 monet
2498 4504 2775 4575 populum,
2798 4506 3043 4585 quiescat
3062 4522 3092 4560 a
3122 4506 3386 4578 sanguine
3411 4506 3639 4574 Christi,
3659 4509 3879 4565 tametsi

2296 4606 2356 4652 ut
2395 4598 2557 4653 homo
2613 4598 2798 4667 spiret,
2841 4598 3089 4653 excelsus
3116 4606 3294 4655 tamen
3345 4598 3706 4670 reputabitur.
3733 4599 3889 4657 Unde

2295 4690 2562 4754 excelsus,
2594 4689 2696 4743 nisi
2728 4690 2853 4759 quia
2877 4706 3121 4760 magnus,
3172 4700 3221 4743 et
3247 4687 3295 4742 F
3299 4690 3423 4745 ilius
3450 4686 3706 4748 Altissimi
3732 4710 3887 4749 voca-

2297 4783 2481 4855 bitur?
2498 4783 2636 4836 sicut
2673 4780 3032 4852 archangelus
3059 4782 3233 4838 beata:
3260 4783 3470 4855 Virgini
3502 4786 3892 4855 prainuntiavit

2300 4872 2451 4945 (Luc.
2504 4890 2547 4937 ι,
2593 4873 2706 4943 5‘2).
2759 4873 2829 4928 Et
2870 4881 2931 4927 ut
2980 4874 3186 4929 certius
3227 4874 3640 4946 intelligeretur,
3675 4877 3743 4932 de
3782 4892 3891 4947 qua

2299 4966 2525 5021 dixisset
2572 4973 2769 5019 natura
2800 4979 2814 5018 :
2847 4961 3021 5018 Filius
3049 4962 3309 5018 Altissimi
3358 4965 3649 5033 vocabitur,
3696 4966 3891 5023 subse—

2301 5065 2457 5111 cutus
2500 5054 2749 5126 angelus.
2781 5053 2848 5109 Et
2875 5053 3037 5121 quod,
3090 5054 3284 5125 inquit,
3317 5072 3383 5111 ea:
3427 5065 3477 5110 te
3499 5067 3743 5112 nascetur
3767 5075 3895 5113 san-

2301 5158 2463 5212 ctum,
2508 5147 2776 5201 vocabitur
2804 5143 2981 5201 Filius
3011 5145 3111 5202 Dei
3141 5147 3308 5217 (Ibid.
3360 5147 3473 5221 55).
3523 5148 3765 5205 Neutrali
3795 5168 3895 5207 no-

2303 5241 2447 5297 mine
2471 5241 2605 5295 dixit
2624 5248 2884 5303 sanctum,
2914 5238 2967 5295 id
2994 5247 3099 5303 est,
3127 5248 3379 5296 sanctum
3407 5257 3621 5313 corpus,
3657 5243 3797 5314 quod
3824 5261 3893 5300 ex

2305 5340 2356 5385 te
2394 5341 2669 5395 nascetur,
2697 5329 2986 5386 vocabitur
3028 5328 3200 5387 Filius
3244 5330 3360 5387 Dei.
3391 5329 3558 5402 Cujus
3592 5336 3897 5401 nativitatis

2303 5423 2677 5479 excellentiam
2704 5431 2831 5477 ante
2859 5422 3172 5478 nominatus
3205 5425 3471 5494 propheta
3506 5427 3767 5494 ostendit,
3792 5429 3889 5485 ubi

2304 5514 2380 5568 ait
2413 5532 2424 5565 :
2454 5512 2589 5567 Ecce
2627 5511 2807 5583 Virgo,
2838 5512 3035 5583 inquit,
3063 5515 3314 5587 concipiet
3353 5525 3401 5570 et
3442 5520 3612 5588 pariet
3660 5516 3888 5587 Filium,

2303 5614 2351 5659 et
2408 5605 2672 5659 vocabitur
2702 5621 2886 5659 nomen
2934 5605 3045 5675 ejus
3101 5603 3409 5671 Emmanuel
3447 5606 3604 5678 (Isai.
3632 5626 3733 5676 vu,
3772 5610 3890 5681 id);

2304 5710 2413 5765 quo
2454 5696 2670 5751 nomine
2698 5696 3028 5767 evangelista
3065 5694 3351 5753 Mattheus
3391 5699 3608 5769 dignam
3640 5702 3891 5772 apposuit

2308 5790 2829 5859 interpretationem.
2875 5790 3060 5847 dicens
3103 5790 3283 5862 :quod
3328 5784 3720 5865 interpretatur,
3777 5793 3892 5850 No-
