  <div class='ocr_page' id='page_1' title='image "/cluster/home/n/w/nwhite01/storage/ocr_20150623/101/umn.31951002477394h/152.png"; bbox 0 0 4136 6624; ppageno 0'>
   <div class='ocr_carea' id='block_1_1' title="bbox 183 457 296 514">
    <p class='ocr_par' dir='ltr' id='par_1_1' title="bbox 183 457 296 514">
     <span class='ocr_line' id='line_1_1' title="bbox 183 457 296 514; baseline 0.018 -3"><span class='ocrx_word' id='word_1_1' title='bbox 183 457 296 514; x_wconf 72' lang='grc'><strong>277</strong></span> 
     </span>
    </p>
   </div>
   <div class='ocr_carea' id='block_1_2' title="bbox 849 453 2773 517">
    <p class='ocr_par' dir='ltr' id='par_1_2' title="bbox 849 453 2773 517">
     <span class='ocr_line' id='line_1_2' title="bbox 849 453 2773 517; baseline -0.003 -2"><span class='ocrx_word' id='word_1_2' title='bbox 849 458 1275 517; x_wconf 74' lang='lat' dir='ltr'><strong>DOGMATICA.</strong></span> <span class='ocrx_word' id='word_1_3' title='bbox 1311 490 1381 501; x_wconf 90' lang='lat'><strong><em>—</em></strong></span> <span class='ocrx_word' id='word_1_4' title='bbox 1419 458 1579 515; x_wconf 83' lang='lat' dir='ltr'><strong>ADV.</strong></span> <span class='ocrx_word' id='word_1_5' title='bbox 1621 454 2024 512; x_wconf 75' lang='lat' dir='ltr'><strong>ELIPANDUM</strong></span> <span class='ocrx_word' id='word_1_6' title='bbox 2062 456 2242 511; x_wconf 78' lang='lat' dir='ltr'><strong>LIBRI</strong></span> <span class='ocrx_word' id='word_1_7' title='bbox 2280 456 2369 512; x_wconf 79' lang='lat' dir='ltr'><strong>IV.</strong></span> <span class='ocrx_word' id='word_1_8' title='bbox 2410 486 2480 497; x_wconf 87' lang='lat'><strong>--</strong></span> <span class='ocrx_word' id='word_1_9' title='bbox 2516 454 2645 511; x_wconf 89' lang='lat' dir='ltr'><strong>LIB.</strong></span> <span class='ocrx_word' id='word_1_10' title='bbox 2685 453 2773 511; x_wconf 86' lang='grc' dir='ltr'><strong>ιιι.</strong></span> 
     </span>
    </p>
   </div>
   <div class='ocr_carea' id='block_1_3' title="bbox 3366 453 3472 510">
    <p class='ocr_par' dir='ltr' id='par_1_3' title="bbox 3366 453 3472 510">
     <span class='ocr_line' id='line_1_3' title="bbox 3366 453 3472 510; baseline 0.028 -4"><span class='ocrx_word' id='word_1_11' title='bbox 3366 453 3472 510; x_wconf 76' lang='lat'><strong>278</strong></span> 
     </span>
    </p>
   </div>
   <div class='ocr_carea' id='block_1_4' title="bbox 185 562 3469 643">
    <p class='ocr_par' dir='ltr' id='par_1_4' title="bbox 185 562 3469 643">
     <span class='ocr_line' id='line_1_4' title="bbox 185 562 3469 643; baseline -0.002 -18"><span class='ocrx_word' id='word_1_12' title='bbox 185 571 391 625; x_wconf 88' lang='lat' dir='ltr'><strong>biscum</strong></span> <span class='ocrx_word' id='word_1_13' title='bbox 438 568 577 624; x_wconf 85' lang='lat' dir='ltr'><strong>Deus</strong></span> <span class='ocrx_word' id='word_1_14' title='bbox 605 566 825 639; x_wconf 79' lang='lat' dir='ltr'><strong>(Matth.</strong></span> <span class='ocrx_word' id='word_1_15' title='bbox 866 585 903 634; x_wconf 85' lang='grc' dir='ltr'><strong>ι,</strong></span> <span class='ocrx_word' id='word_1_16' title='bbox 950 568 1067 643; x_wconf 73' lang='grc'><strong>25).</strong></span> <span class='ocrx_word' id='word_1_17' title='bbox 1092 570 1191 628; x_wconf 96' lang='lat' dir='ltr'><strong>Cui</strong></span> <span class='ocrx_word' id='word_1_18' title='bbox 1220 585 1433 626; x_wconf 80' lang='lat' dir='ltr'><strong>rursum</strong></span> <span class='ocrx_word' id='word_1_19' title='bbox 1463 569 1604 625; x_wconf 89' lang='lat' dir='ltr'><strong>idem</strong></span> <span class='ocrx_word' id='word_1_20' title='bbox 1644 568 1775 623; x_wconf 83' lang='lat' dir='ltr'><strong>Pro-</strong></span> <span class='ocrx_word' id='word_1_21' title='bbox 1804 574 1852 630; x_wconf 71' lang='grc' dir='ltr'>Α</span> <span class='ocrx_word' id='word_1_22' title='bbox 1880 564 1995 636; x_wconf 88' lang='lat' dir='ltr'><strong>ipse</strong></span> <span class='ocrx_word' id='word_1_23' title='bbox 2044 567 2355 621; x_wconf 68' lang='lat' dir='ltr'><strong>terminavit</strong></span> <span class='ocrx_word' id='word_1_24' title='bbox 2409 566 2695 630; x_wconf 74' lang='lat' dir='ltr'><strong>sententia,</strong></span> <span class='ocrx_word' id='word_1_25' title='bbox 2746 564 2934 621; x_wconf 88' lang='lat' dir='ltr'><strong>dicens</strong></span> <span class='ocrx_word' id='word_1_26' title='bbox 2964 581 2983 617; x_wconf 70' lang='grc' dir='ltr'><strong>ι</strong></span> <span class='ocrx_word' id='word_1_27' title='bbox 3017 562 3161 617; x_wconf 83' lang='lat' dir='ltr'><strong>Tunc</strong></span> <span class='ocrx_word' id='word_1_28' title='bbox 3204 565 3352 618; x_wconf 81' lang='lat' dir='ltr'><strong>ibunt</strong></span> <span class='ocrx_word' id='word_1_29' title='bbox 3382 566 3469 635; x_wconf 85' lang='lat' dir='ltr'><strong>hi,</strong></span> 
     </span>
    </p>
   </div>
   <div class='ocr_carea' id='block_1_5' title="bbox 184 660 1780 736">
    <p class='ocr_par' dir='ltr' id='par_1_5' title="bbox 184 660 1780 736">
     <span class='ocr_line' id='line_1_5' title="bbox 184 660 1780 736; baseline -0.001 -17"><span class='ocrx_word' id='word_1_30' title='bbox 184 663 357 736; x_wconf 85' lang='lat' dir='ltr'><strong>pheta</strong></span> <span class='ocrx_word' id='word_1_31' title='bbox 397 662 500 718; x_wconf 84' lang='lat' dir='ltr'><strong>sub</strong></span> <span class='ocrx_word' id='word_1_32' title='bbox 524 660 727 718; x_wconf 86' lang='lat' dir='ltr'><strong>senarii</strong></span> <span class='ocrx_word' id='word_1_33' title='bbox 756 663 969 718; x_wconf 86' lang='lat' dir='ltr'><strong>numeri</strong></span> <span class='ocrx_word' id='word_1_34' title='bbox 1012 663 1344 734; x_wconf 72' lang='lat' dir='ltr'><strong>perfectione</strong></span> <span class='ocrx_word' id='word_1_35' title='bbox 1373 664 1525 735; x_wconf 88' lang='lat' dir='ltr'><strong>plura</strong></span> <span class='ocrx_word' id='word_1_36' title='bbox 1573 663 1780 718; x_wconf 66' lang='lat' dir='ltr'><strong>addidit</strong></span> 
     </span>
    </p>
   </div>
   <div class='ocr_carea' id='block_1_6' title="bbox 184 750 1780 820">
    <p class='ocr_par' dir='ltr' id='par_1_6' title="bbox 184 750 1780 820">
     <span class='ocr_line' id='line_1_6' title="bbox 184 750 1780 820; baseline -0.003 -9"><span class='ocrx_word' id='word_1_37' title='bbox 184 752 433 820; x_wconf 80' lang='lat' dir='ltr'><strong>nomina,</strong></span> <span class='ocrx_word' id='word_1_38' title='bbox 464 750 557 808; x_wconf 83' lang='lat' dir='ltr'><strong>ubi</strong></span> <span class='ocrx_word' id='word_1_39' title='bbox 587 751 667 808; x_wconf 81' lang='lat' dir='ltr'><strong>ait</strong></span> <span class='ocrx_word' id='word_1_40' title='bbox 697 769 711 806; x_wconf 88' lang='lat'><strong>:</strong></span> <span class='ocrx_word' id='word_1_41' title='bbox 742 750 1008 809; x_wconf 75' lang='lat' dir='ltr'><strong>Parvulas</strong></span> <span class='ocrx_word' id='word_1_42' title='bbox 1045 764 1202 809; x_wconf 88' lang='lat' dir='ltr'><strong>natus</strong></span> <span class='ocrx_word' id='word_1_43' title='bbox 1228 765 1303 809; x_wconf 85' lang='lat' dir='ltr'><strong>est</strong></span> <span class='ocrx_word' id='word_1_44' title='bbox 1332 754 1500 817; x_wconf 90' lang='lat' dir='ltr'><strong>nobis,</strong></span> <span class='ocrx_word' id='word_1_45' title='bbox 1534 763 1582 808; x_wconf 89' lang='lat' dir='ltr'><strong>et</strong></span> <span class='ocrx_word' id='word_1_46' title='bbox 1608 751 1655 805; x_wconf 83' lang='lat' dir='ltr'><em>F</em></span> <span class='ocrx_word' id='word_1_47' title='bbox 1656 752 1780 807; x_wconf 86' lang='lat' dir='ltr'><strong>ilius</strong></span> 
     </span>
    </p>
   </div>
   <div class='ocr_carea' id='block_1_7' title="bbox 185 840 1782 916">
    <p class='ocr_par' dir='ltr' id='par_1_7' title="bbox 185 840 1782 916">
     <span class='ocr_line' id='line_1_7' title="bbox 185 840 1782 916; baseline -0.002 -16"><span class='ocrx_word' id='word_1_48' title='bbox 185 843 351 900; x_wconf 85' lang='lat' dir='ltr'><strong>datus</strong></span> <span class='ocrx_word' id='word_1_49' title='bbox 394 853 472 899; x_wconf 87' lang='lat' dir='ltr'><strong>est</strong></span> <span class='ocrx_word' id='word_1_50' title='bbox 520 842 669 898; x_wconf 90' lang='lat' dir='ltr'><strong>nobis</strong></span> <span class='ocrx_word' id='word_1_51' title='bbox 713 840 901 914; x_wconf 69' lang='lat' dir='ltr'><strong>(Isaia</strong></span> <span class='ocrx_word' id='word_1_52' title='bbox 926 859 1001 910; x_wconf 74' lang='grc' dir='ltr'><strong>ιιι,</strong></span> <span class='ocrx_word' id='word_1_53' title='bbox 1031 842 1109 916; x_wconf 88' lang='lat'><strong>6).</strong></span> <span class='ocrx_word' id='word_1_54' title='bbox 1133 845 1202 899; x_wconf 86' lang='lat' dir='ltr'><strong>Et</strong></span> <span class='ocrx_word' id='word_1_55' title='bbox 1221 860 1291 900; x_wconf 87' lang='lat' dir='ltr'><strong>ne</strong></span> <span class='ocrx_word' id='word_1_56' title='bbox 1312 845 1534 901; x_wconf 87' lang='lat' dir='ltr'><strong>dubium</strong></span> <span class='ocrx_word' id='word_1_57' title='bbox 1559 843 1782 899; x_wconf 83' lang='lat' dir='ltr'><strong>cuilibet</strong></span> 
     </span>
    </p>
   </div>
   <div class='ocr_carea' id='block_1_8' title="bbox 185 932 1783 1011">
    <p class='ocr_par' dir='ltr' id='par_1_8' title="bbox 185 932 1783 1011">
     <span class='ocr_line' id='line_1_8' title="bbox 185 932 1783 1011; baseline -0.001 -20"><span class='ocrx_word' id='word_1_58' title='bbox 185 934 333 992; x_wconf 75' lang='lat' dir='ltr'><strong>foret</strong></span> <span class='ocrx_word' id='word_1_59' title='bbox 355 933 427 992; x_wconf 84' lang='lat' dir='ltr'><strong>de</strong></span> <span class='ocrx_word' id='word_1_60' title='bbox 462 947 573 1011; x_wconf 86' lang='lat' dir='ltr'><strong>quo</strong></span> <span class='ocrx_word' id='word_1_61' title='bbox 597 932 842 997; x_wconf 83' lang='lat' dir='ltr'><strong>dixisset,</strong></span> <span class='ocrx_word' id='word_1_62' title='bbox 880 932 1165 1002; x_wconf 70' lang='lat' dir='ltr'><strong>adiunxit:</strong></span> <span class='ocrx_word' id='word_1_63' title='bbox 1195 945 1245 989; x_wconf 90' lang='lat' dir='ltr'><strong>et</strong></span> <span class='ocrx_word' id='word_1_64' title='bbox 1278 936 1449 1005; x_wconf 75' lang='lat' dir='ltr'><strong>factus</strong></span> <span class='ocrx_word' id='word_1_65' title='bbox 1476 945 1555 989; x_wconf 88' lang='lat' dir='ltr'><strong>est</strong></span> <span class='ocrx_word' id='word_1_66' title='bbox 1581 935 1783 1005; x_wconf 86' lang='lat' dir='ltr'><strong>princi-</strong></span> 
     </span>
    </p>
   </div>
   <div class='ocr_carea' id='block_1_9' title="bbox 184 1027 1783 1099">
    <p class='ocr_par' dir='ltr' id='par_1_9' title="bbox 184 1027 1783 1099">
     <span class='ocr_line' id='line_1_9' title="bbox 184 1027 1783 1099; baseline 0.003 -18"><span class='ocrx_word' id='word_1_67' title='bbox 184 1037 347 1099; x_wconf 82' lang='lat' dir='ltr'><strong>patus</strong></span> <span class='ocrx_word' id='word_1_68' title='bbox 383 1043 544 1099; x_wconf 87' lang='lat' dir='ltr'><strong>super</strong></span> <span class='ocrx_word' id='word_1_69' title='bbox 562 1027 839 1084; x_wconf 82' lang='lat' dir='ltr'><strong>humerum</strong></span> <span class='ocrx_word' id='word_1_70' title='bbox 857 1027 1006 1099; x_wconf 88' lang='lat' dir='ltr'><strong>ejus,</strong></span> <span class='ocrx_word' id='word_1_71' title='bbox 1034 1027 1221 1098; x_wconf 79' lang='lat' dir='ltr'><strong>utique</strong></span> <span class='ocrx_word' id='word_1_72' title='bbox 1251 1027 1586 1085; x_wconf 88' lang='lat' dir='ltr'><strong>Salvatorem</strong></span> <span class='ocrx_word' id='word_1_73' title='bbox 1616 1029 1783 1099; x_wconf 87' lang='lat' dir='ltr'><strong>signi-</strong></span> 
     </span>
    </p>
   </div>
   <div class='ocr_carea' id='block_1_10' title="bbox 184 1117 1778 1191">
    <p class='ocr_par' dir='ltr' id='par_1_10' title="bbox 184 1117 1778 1191">
     <span class='ocr_line' id='line_1_10' title="bbox 184 1117 1778 1191; baseline 0.002 -17"><span class='ocrx_word' id='word_1_74' title='bbox 184 1117 366 1176; x_wconf 75' lang='lat' dir='ltr'><strong>ﬁcans</strong></span> <span class='ocrx_word' id='word_1_75' title='bbox 396 1125 665 1185; x_wconf 87' lang='lat' dir='ltr'><strong>nostrum,</strong></span> <span class='ocrx_word' id='word_1_76' title='bbox 703 1119 798 1190; x_wconf 85' lang='lat' dir='ltr'><strong>qui</strong></span> <span class='ocrx_word' id='word_1_77' title='bbox 819 1134 1125 1191; x_wconf 85' lang='lat' dir='ltr'><strong>properans</strong></span> <span class='ocrx_word' id='word_1_78' title='bbox 1159 1122 1229 1176; x_wconf 83' lang='lat' dir='ltr'><strong>ad</strong></span> <span class='ocrx_word' id='word_1_79' title='bbox 1263 1120 1532 1191; x_wconf 77' lang='lat' dir='ltr'><strong>passionis</strong></span> <span class='ocrx_word' id='word_1_80' title='bbox 1582 1121 1778 1187; x_wconf 88' lang='lat' dir='ltr'><strong>locum,</strong></span> 
     </span>
    </p>
   </div>
   <div class='ocr_carea' id='block_1_11' title="bbox 184 1208 1785 1284">
    <p class='ocr_par' dir='ltr' id='par_1_11' title="bbox 184 1208 1785 1284">
     <span class='ocr_line' id='line_1_11' title="bbox 184 1208 1785 1284; baseline 0.004 -19"><span class='ocrx_word' id='word_1_81' title='bbox 184 1216 399 1266; x_wconf 66' lang='lat' dir='ltr'><strong>unde</strong></span> <span class='ocrx_word' id='word_1_82' title='bbox 427 1208 622 1267; x_wconf 88' lang='lat' dir='ltr'><strong>Crucis</strong></span> <span class='ocrx_word' id='word_1_83' title='bbox 640 1210 896 1267; x_wconf 73' lang='lat' dir='ltr'><strong>vexillum</strong></span> <span class='ocrx_word' id='word_1_84' title='bbox 918 1224 1016 1267; x_wconf 87' lang='lat' dir='ltr'><strong>suo</strong></span> <span class='ocrx_word' id='word_1_85' title='bbox 1038 1221 1258 1282; x_wconf 86' lang='lat' dir='ltr'><strong>portare</strong></span> <span class='ocrx_word' id='word_1_86' title='bbox 1278 1214 1505 1269; x_wconf 83' lang='lat' dir='ltr'><strong>humero</strong></span> <span class='ocrx_word' id='word_1_87' title='bbox 1532 1214 1785 1284; x_wconf 84' lang='lat' dir='ltr'><strong>dignatus</strong></span> 
     </span>
    </p>
   </div>
   <div class='ocr_carea' id='block_1_12' title="bbox 184 1296 1783 1373">
    <p class='ocr_par' dir='ltr' id='par_1_12' title="bbox 184 1296 1783 1373">
     <span class='ocr_line' id='line_1_12' title="bbox 184 1296 1783 1373; baseline 0.004 -20"><span class='ocrx_word' id='word_1_88' title='bbox 184 1306 295 1354; x_wconf 84' lang='lat' dir='ltr'><strong>est.</strong></span> <span class='ocrx_word' id='word_1_89' title='bbox 324 1296 426 1355; x_wconf 88' lang='lat' dir='ltr'><strong>Cui</strong></span> <span class='ocrx_word' id='word_1_90' title='bbox 450 1298 680 1369; x_wconf 85' lang='lat' dir='ltr'><strong>parvulo</strong></span> <span class='ocrx_word' id='word_1_91' title='bbox 701 1314 831 1356; x_wconf 87' lang='lat' dir='ltr'><strong>mox</strong></span> <span class='ocrx_word' id='word_1_92' title='bbox 854 1300 1156 1357; x_wconf 88' lang='lat' dir='ltr'><strong>distinctim</strong></span> <span class='ocrx_word' id='word_1_93' title='bbox 1180 1302 1297 1358; x_wconf 67' lang='lat' dir='ltr'><strong>hinc</strong></span> <span class='ocrx_word' id='word_1_94' title='bbox 1314 1303 1660 1373; x_wconf 82' lang='lat' dir='ltr'><strong>proprietatis</strong></span> <span class='ocrx_word' id='word_1_95' title='bbox 1681 1319 1783 1359; x_wconf 80' lang='lat' dir='ltr'><strong>no—</strong></span> 
     </span>
    </p>
   </div>
   <div class='ocr_carea' id='block_1_13' title="bbox 186 1386 1785 1467">
    <p class='ocr_par' dir='ltr' id='par_1_13' title="bbox 186 1386 1785 1467">
     <span class='ocr_line' id='line_1_13' title="bbox 186 1386 1785 1467; baseline 0.006 -25"><span class='ocrx_word' id='word_1_96' title='bbox 186 1387 340 1443; x_wconf 84' lang='lat' dir='ltr'><strong>mina</strong></span> <span class='ocrx_word' id='word_1_97' title='bbox 372 1386 628 1458; x_wconf 81' lang='lat' dir='ltr'><strong>imposuit</strong></span> <span class='ocrx_word' id='word_1_98' title='bbox 677 1404 693 1445; x_wconf 89' lang='lat'><strong>:</strong></span> <span class='ocrx_word' id='word_1_99' title='bbox 746 1389 818 1444; x_wconf 83' lang='lat' dir='ltr'><strong>Et</strong></span> <span class='ocrx_word' id='word_1_100' title='bbox 870 1391 1160 1457; x_wconf 68' lang='lat' dir='ltr'><strong>vocabitur,</strong></span> <span class='ocrx_word' id='word_1_101' title='bbox 1217 1393 1410 1463; x_wconf 84' lang='lat' dir='ltr'><strong>inquit,</strong></span> <span class='ocrx_word' id='word_1_102' title='bbox 1445 1412 1633 1449; x_wconf 88' lang='lat' dir='ltr'><strong>nomen</strong></span> <span class='ocrx_word' id='word_1_103' title='bbox 1667 1396 1785 1467; x_wconf 88' lang='lat' dir='ltr'><strong>ejus</strong></span> 
     </span>
    </p>
   </div>
   <div class='ocr_carea' id='block_1_14' title="bbox 184 1476 1785 1557">
    <p class='ocr_par' dir='ltr' id='par_1_14' title="bbox 184 1476 1785 1557">
     <span class='ocr_line' id='line_1_14' title="bbox 184 1476 1785 1557; baseline 0.005 -24"><span class='ocrx_word' id='word_1_104' title='bbox 184 1476 546 1545; x_wconf 73' lang='lat' dir='ltr'><strong>admirabilis,</strong></span> <span class='ocrx_word' id='word_1_105' title='bbox 577 1480 940 1547; x_wconf 66' lang='lat' dir='ltr'><strong>consiliarius,</strong></span> <span class='ocrx_word' id='word_1_106' title='bbox 982 1481 1145 1549; x_wconf 89' lang='lat' dir='ltr'><strong>Deus,</strong></span> <span class='ocrx_word' id='word_1_107' title='bbox 1198 1482 1370 1553; x_wconf 77' lang='lat' dir='ltr'><strong>fortis,</strong></span> <span class='ocrx_word' id='word_1_108' title='bbox 1415 1486 1657 1556; x_wconf 72' lang='lat' dir='ltr'><strong>princeps</strong></span> <span class='ocrx_word' id='word_1_109' title='bbox 1694 1502 1785 1557; x_wconf 57' lang='lat' dir='ltr'><strong>pa.</strong></span> 
     </span>
    </p>
   </div>
   <div class='ocr_carea' id='block_1_15' title="bbox 185 1570 1785 1648">
    <p class='ocr_par' dir='ltr' id='par_1_15' title="bbox 185 1570 1785 1648">
     <span class='ocr_line' id='line_1_15' title="bbox 185 1570 1785 1648; baseline 0.005 -24"><span class='ocrx_word' id='word_1_110' title='bbox 185 1572 287 1636; x_wconf 89' lang='lat' dir='ltr'><strong>cis,</strong></span> <span class='ocrx_word' id='word_1_111' title='bbox 326 1581 482 1643; x_wconf 87' lang='lat' dir='ltr'><strong>pater</strong></span> <span class='ocrx_word' id='word_1_112' title='bbox 500 1570 671 1642; x_wconf 78' lang='lat' dir='ltr'><strong>futuri</strong></span> <span class='ocrx_word' id='word_1_113' title='bbox 700 1572 917 1639; x_wconf 66' lang='lat' dir='ltr'><strong>seculi;</strong></span> <span class='ocrx_word' id='word_1_114' title='bbox 945 1574 1023 1629; x_wconf 90' lang='lat' dir='ltr'><strong>nil</strong></span> <span class='ocrx_word' id='word_1_115' title='bbox 1043 1575 1350 1646; x_wconf 80' lang='lat' dir='ltr'><strong>adoptionis</strong></span> <span class='ocrx_word' id='word_1_116' title='bbox 1374 1576 1462 1632; x_wconf 89' lang='lat' dir='ltr'><strong>vel</strong></span> <span class='ocrx_word' id='word_1_117' title='bbox 1510 1592 1785 1648; x_wconf 86' lang='lat' dir='ltr'><strong>nuncupa-</strong></span> 
     </span>
    </p>
   </div>
   <div class='ocr_carea' id='block_1_16' title="bbox 187 1664 1783 1740">
    <p class='ocr_par' dir='ltr' id='par_1_16' title="bbox 187 1664 1783 1740">
     <span class='ocr_line' id='line_1_16' title="bbox 187 1664 1783 1740; baseline 0.004 -20"><span class='ocrx_word' id='word_1_118' title='bbox 187 1664 430 1735; x_wconf 81' lang='lat' dir='ltr'><strong>pationis</strong></span> <span class='ocrx_word' id='word_1_119' title='bbox 452 1664 541 1721; x_wconf 88' lang='lat' dir='ltr'><strong>his</strong></span> <span class='ocrx_word' id='word_1_120' title='bbox 559 1664 767 1721; x_wconf 83' lang='lat' dir='ltr'><strong>addens</strong></span> <span class='ocrx_word' id='word_1_121' title='bbox 798 1667 1138 1734; x_wconf 77' lang='lat' dir='ltr'><strong>nominibus;</strong></span> <span class='ocrx_word' id='word_1_122' title='bbox 1161 1667 1257 1725; x_wconf 81' lang='lat' dir='ltr'><strong>sed</strong></span> <span class='ocrx_word' id='word_1_123' title='bbox 1281 1668 1441 1738; x_wconf 86' lang='lat' dir='ltr'><strong>plane</strong></span> <span class='ocrx_word' id='word_1_124' title='bbox 1466 1685 1628 1740; x_wconf 89' lang='lat' dir='ltr'><strong>quem</strong></span> <span class='ocrx_word' id='word_1_125' title='bbox 1655 1685 1783 1740; x_wconf 81' lang='lat' dir='ltr'><strong>par-</strong></span> 
     </span>
    </p>
   </div>
   <div class='ocr_carea' id='block_1_17' title="bbox 188 1755 1786 1833">
    <p class='ocr_par' dir='ltr' id='par_1_17' title="bbox 188 1755 1786 1833">
     <span class='ocr_line' id='line_1_17' title="bbox 188 1755 1786 1833; baseline 0.006 -22"><span class='ocrx_word' id='word_1_126' title='bbox 188 1755 380 1812; x_wconf 81' lang='lat' dir='ltr'><strong>vulum</strong></span> <span class='ocrx_word' id='word_1_127' title='bbox 408 1767 598 1814; x_wconf 88' lang='lat' dir='ltr'><strong>natum</strong></span> <span class='ocrx_word' id='word_1_128' title='bbox 623 1765 680 1815; x_wconf 86' lang='lat' dir='ltr'><strong>et</strong></span> <span class='ocrx_word' id='word_1_129' title='bbox 713 1758 913 1815; x_wconf 81' lang='lat' dir='ltr'><strong>Filium</strong></span> <span class='ocrx_word' id='word_1_130' title='bbox 941 1761 1100 1816; x_wconf 86' lang='lat' dir='ltr'><strong>nobis</strong></span> <span class='ocrx_word' id='word_1_131' title='bbox 1126 1761 1315 1818; x_wconf 81' lang='lat' dir='ltr'><strong>datum</strong></span> <span class='ocrx_word' id='word_1_132' title='bbox 1343 1764 1612 1833; x_wconf 62' lang='lat' dir='ltr'><strong>praedixit.</strong></span> <span class='ocrx_word' id='word_1_133' title='bbox 1642 1764 1786 1821; x_wconf 85' lang='lat' dir='ltr'><strong>hunc</strong></span> 
     </span>
    </p>
   </div>
   <div class='ocr_carea' id='block_1_18' title="bbox 186 1847 1785 1919">
    <p class='ocr_par' dir='ltr' id='par_1_18' title="bbox 186 1847 1785 1919">
     <span class='ocr_line' id='line_1_18' title="bbox 186 1847 1785 1919; baseline 0.004 -15"><span class='ocrx_word' id='word_1_134' title='bbox 186 1847 447 1905; x_wconf 87' lang='lat' dir='ltr'><strong>eumdem</strong></span> <span class='ocrx_word' id='word_1_135' title='bbox 498 1848 693 1917; x_wconf 85' lang='lat' dir='ltr'><strong>Deum,</strong></span> <span class='ocrx_word' id='word_1_136' title='bbox 747 1866 856 1907; x_wconf 86' lang='lat' dir='ltr'><strong>non</strong></span> <span class='ocrx_word' id='word_1_137' title='bbox 906 1851 1084 1907; x_wconf 87' lang='lat' dir='ltr'><strong>solum</strong></span> <span class='ocrx_word' id='word_1_138' title='bbox 1138 1852 1331 1919; x_wconf 88' lang='lat' dir='ltr'><strong>Deum,</strong></span> <span class='ocrx_word' id='word_1_139' title='bbox 1371 1855 1466 1911; x_wconf 87' lang='lat' dir='ltr'><strong>sed</strong></span> <span class='ocrx_word' id='word_1_140' title='bbox 1507 1855 1785 1911; x_wconf 88' lang='lat' dir='ltr'><strong>etl&#39;ortem</strong></span> 
     </span>
    </p>
   </div>
   <div class='ocr_carea' id='block_1_19' title="bbox 189 1939 1785 2015">
    <p class='ocr_par' dir='ltr' id='par_1_19' title="bbox 189 1939 1785 2015">
     <span class='ocr_line' id='line_1_19' title="bbox 189 1939 1785 2015; baseline 0.004 -19"><span class='ocrx_word' id='word_1_141' title='bbox 189 1939 365 1996; x_wconf 83' lang='lat' dir='ltr'><strong>Deum</strong></span> <span class='ocrx_word' id='word_1_142' title='bbox 408 1940 718 2011; x_wconf 85' lang='lat' dir='ltr'><strong>appellavit.</strong></span> <span class='ocrx_word' id='word_1_143' title='bbox 772 1941 907 1999; x_wconf 85' lang='lat' dir='ltr'><strong>Item</strong></span> <span class='ocrx_word' id='word_1_144' title='bbox 956 1951 1080 2014; x_wconf 88' lang='lat' dir='ltr'><strong>post</strong></span> <span class='ocrx_word' id='word_1_145' title='bbox 1107 1945 1335 2015; x_wconf 86' lang='lat' dir='ltr'><strong>plurima</strong></span> <span class='ocrx_word' id='word_1_146' title='bbox 1366 1947 1561 2007; x_wconf 64' lang='lat' dir='ltr'><strong>divinat</strong></span> <span class='ocrx_word' id='word_1_147' title='bbox 1609 1946 1785 2003; x_wconf 82' lang='lat' dir='ltr'><strong>laudis</strong></span> 
     </span>
    </p>
   </div>
   <div class='ocr_carea' id='block_1_20' title="bbox 188 2031 1786 2106">
    <p class='ocr_par' dir='ltr' id='par_1_20' title="bbox 188 2031 1786 2106">
     <span class='ocr_line' id='line_1_20' title="bbox 188 2031 1786 2106; baseline 0.004 -20"><span class='ocrx_word' id='word_1_148' title='bbox 188 2031 450 2104; x_wconf 86' lang='lat' dir='ltr'><strong>insignia,</strong></span> <span class='ocrx_word' id='word_1_149' title='bbox 475 2032 749 2100; x_wconf 88' lang='lat' dir='ltr'><strong>eumdem,</strong></span> <span class='ocrx_word' id='word_1_150' title='bbox 778 2048 939 2104; x_wconf 83' lang='lat' dir='ltr'><strong>quem</strong></span> <span class='ocrx_word' id='word_1_151' title='bbox 960 2035 1379 2106; x_wconf 78' lang='lat' dir='ltr'><strong>Redemptorem</strong></span> <span class='ocrx_word' id='word_1_152' title='bbox 1408 2039 1615 2094; x_wconf 77' lang='lat' dir='ltr'><strong>sciebat</strong></span> <span class='ocrx_word' id='word_1_153' title='bbox 1656 2053 1786 2094; x_wconf 84' lang='lat' dir='ltr'><strong>ven-</strong></span> 
     </span>
    </p>
   </div>
   <div class='ocr_carea' id='block_1_21' title="bbox 188 2123 1785 2188">
    <p class='ocr_par' dir='ltr' id='par_1_21' title="bbox 188 2123 1785 2188">
     <span class='ocr_line' id='line_1_21' title="bbox 188 2123 1785 2188; baseline 0.006 -10"><span class='ocrx_word' id='word_1_154' title='bbox 188 2130 401 2188; x_wconf 87' lang='lat' dir='ltr'><strong>turum,</strong></span> <span class='ocrx_word' id='word_1_155' title='bbox 431 2123 717 2180; x_wconf 88' lang='lat' dir='ltr'><strong>Dominum</strong></span> <span class='ocrx_word' id='word_1_156' title='bbox 745 2126 1069 2182; x_wconf 72' lang='lat' dir='ltr'><strong>exercituum</strong></span> <span class='ocrx_word' id='word_1_157' title='bbox 1111 2138 1169 2184; x_wconf 87' lang='lat' dir='ltr'><strong>et</strong></span> <span class='ocrx_word' id='word_1_158' title='bbox 1216 2129 1386 2185; x_wconf 77' lang='lat' dir='ltr'><strong>Deum</strong></span> <span class='ocrx_word' id='word_1_159' title='bbox 1416 2132 1586 2187; x_wconf 73' lang='lat' dir='ltr'><strong>omnis</strong></span> <span class='ocrx_word' id='word_1_160' title='bbox 1629 2140 1785 2187; x_wconf 81' lang='lat' dir='ltr'><strong>terrte</strong></span> 
     </span>
    </p>
   </div>
   <div class='ocr_carea' id='block_1_22' title="bbox 188 2204 1782 2293">
    <p class='ocr_par' dir='ltr' id='par_1_22' title="bbox 188 2204 1782 2293">
     <span class='ocr_line' id='line_1_22' title="bbox 188 2204 1782 2293; baseline 0.009 -23"><span class='ocrx_word' id='word_1_161' title='bbox 188 2217 379 2273; x_wconf 81' lang='lat' dir='ltr'><strong>vocari</strong></span> <span class='ocrx_word' id='word_1_162' title='bbox 406 2204 692 2288; x_wconf 64' lang='lat' dir='ltr'><strong>praedixit;</strong></span> <span class='ocrx_word' id='word_1_163' title='bbox 724 2220 817 2275; x_wconf 89' lang='lat' dir='ltr'><strong>ubi</strong></span> <span class='ocrx_word' id='word_1_164' title='bbox 844 2221 989 2287; x_wconf 88' lang='lat' dir='ltr'><strong>huic,</strong></span> <span class='ocrx_word' id='word_1_165' title='bbox 1020 2237 1141 2292; x_wconf 73' lang='lat' dir='ltr'><strong>quae</strong></span> <span class='ocrx_word' id='word_1_166' title='bbox 1156 2224 1431 2293; x_wconf 79' lang='lat' dir='ltr'><strong>quondam</strong></span> <span class='ocrx_word' id='word_1_167' title='bbox 1466 2226 1520 2282; x_wconf 92' lang='lat' dir='ltr'><strong>in</strong></span> <span class='ocrx_word' id='word_1_168' title='bbox 1547 2225 1782 2293; x_wconf 82' lang='lat' dir='ltr'><strong>viduita-</strong></span> 
     </span>
    </p>
   </div>
   <div class='ocr_carea' id='block_1_23' title="bbox 190 2310 1785 2383">
    <p class='ocr_par' dir='ltr' id='par_1_23' title="bbox 190 2310 1785 2383">
     <span class='ocr_line' id='line_1_23' title="bbox 190 2310 1785 2383; baseline 0.008 -20"><span class='ocrx_word' id='word_1_169' title='bbox 190 2310 267 2364; x_wconf 85' lang='lat' dir='ltr'><strong>tis</strong></span> <span class='ocrx_word' id='word_1_170' title='bbox 320 2323 558 2366; x_wconf 74' lang='lat' dir='ltr'><strong>mterore</strong></span> <span class='ocrx_word' id='word_1_171' title='bbox 594 2310 843 2379; x_wconf 84' lang='lat' dir='ltr'><strong>sedebat,</strong></span> <span class='ocrx_word' id='word_1_172' title='bbox 906 2313 1142 2383; x_wconf 76' lang='lat' dir='ltr'><strong>plurima</strong></span> <span class='ocrx_word' id='word_1_173' title='bbox 1191 2316 1580 2374; x_wconf 84' lang='lat' dir='ltr'><strong>consolationis</strong></span> <span class='ocrx_word' id='word_1_174' title='bbox 1619 2318 1785 2374; x_wconf 81' lang='lat' dir='ltr'><strong>verba</strong></span> 
     </span>
    </p>
   </div>
   <div class='ocr_carea' id='block_1_24' title="bbox 189 2398 1788 2477">
    <p class='ocr_par' dir='ltr' id='par_1_24' title="bbox 189 2398 1788 2477">
     <span class='ocr_line' id='line_1_24' title="bbox 189 2398 1788 2477; baseline 0.004 -21"><span class='ocrx_word' id='word_1_175' title='bbox 189 2398 531 2476; x_wconf 72' lang='lat' dir='ltr'><strong>proferebat,</strong></span> <span class='ocrx_word' id='word_1_176' title='bbox 577 2401 909 2474; x_wconf 85' lang='lat' dir='ltr'><strong>subjungens</strong></span> <span class='ocrx_word' id='word_1_177' title='bbox 936 2418 951 2459; x_wconf 90' lang='lat'><strong>:</strong></span> <span class='ocrx_word' id='word_1_178' title='bbox 983 2403 1144 2471; x_wconf 87' lang='lat' dir='ltr'><strong>Quia,</strong></span> <span class='ocrx_word' id='word_1_179' title='bbox 1190 2406 1386 2477; x_wconf 89' lang='lat' dir='ltr'><strong>inquit,</strong></span> <span class='ocrx_word' id='word_1_180' title='bbox 1428 2407 1788 2463; x_wconf 78' lang='lat' dir='ltr'><strong>dominabitur</strong></span> 
     </span>
    </p>
   </div>
   <div class='ocr_carea' id='block_1_25' title="bbox 188 2490 1786 2569">
    <p class='ocr_par' dir='ltr' id='par_1_25' title="bbox 188 2490 1786 2569">
     <span class='ocr_line' id='line_1_25' title="bbox 188 2490 1786 2569; baseline 0.006 -25"><span class='ocrx_word' id='word_1_181' title='bbox 188 2491 301 2556; x_wconf 82' lang='lat' dir='ltr'><strong>sui,</strong></span> <span class='ocrx_word' id='word_1_182' title='bbox 352 2492 444 2563; x_wconf 90' lang='lat' dir='ltr'><strong>qui</strong></span> <span class='ocrx_word' id='word_1_183' title='bbox 478 2490 603 2561; x_wconf 80' lang='lat' dir='ltr'><strong>fecit</strong></span> <span class='ocrx_word' id='word_1_184' title='bbox 639 2500 709 2558; x_wconf 88' lang='lat' dir='ltr'><strong>te,</strong></span> <span class='ocrx_word' id='word_1_185' title='bbox 748 2492 1007 2550; x_wconf 85' lang='lat' dir='ltr'><strong>Dominus</strong></span> <span class='ocrx_word' id='word_1_186' title='bbox 1035 2497 1360 2552; x_wconf 69' lang='lat' dir='ltr'><strong>exercituum</strong></span> <span class='ocrx_word' id='word_1_187' title='bbox 1420 2513 1607 2553; x_wconf 80' lang='lat' dir='ltr'><strong>nomen</strong></span> <span class='ocrx_word' id='word_1_188' title='bbox 1627 2498 1745 2569; x_wconf 86' lang='lat' dir='ltr'><strong>ejus</strong></span> <span class='ocrx_word' id='word_1_189' title='bbox 1767 2515 1786 2553; x_wconf 90' lang='lat'><strong><em>:</em></strong></span> 
     </span>
    </p>
   </div>
   <div class='ocr_carea' id='block_1_26' title="bbox 189 2580 1788 2654">
    <p class='ocr_par' dir='ltr' id='par_1_26' title="bbox 189 2580 1788 2654">
     <span class='ocr_line' id='line_1_26' title="bbox 189 2580 1788 2654; baseline 0.006 -19"><span class='ocrx_word' id='word_1_190' title='bbox 189 2590 245 2636; x_wconf 78' lang='lat' dir='ltr'><strong>et</strong></span> <span class='ocrx_word' id='word_1_191' title='bbox 273 2580 591 2654; x_wconf 74' lang='lat' dir='ltr'><strong>Redemptor</strong></span> <span class='ocrx_word' id='word_1_192' title='bbox 627 2592 751 2639; x_wconf 88' lang='lat' dir='ltr'><strong>tuus</strong></span> <span class='ocrx_word' id='word_1_193' title='bbox 772 2592 989 2640; x_wconf 88' lang='lat' dir='ltr'><strong>sanctus</strong></span> <span class='ocrx_word' id='word_1_194' title='bbox 1020 2584 1213 2653; x_wconf 84' lang='lat' dir='ltr'><strong>Israel,</strong></span> <span class='ocrx_word' id='word_1_195' title='bbox 1251 2586 1392 2641; x_wconf 91' lang='lat' dir='ltr'><strong>Deus</strong></span> <span class='ocrx_word' id='word_1_196' title='bbox 1434 2590 1604 2645; x_wconf 83' lang='lat' dir='ltr'><strong>omnis</strong></span> <span class='ocrx_word' id='word_1_197' title='bbox 1633 2597 1788 2645; x_wconf 80' lang='lat' dir='ltr'><strong>teme</strong></span> 
     </span>
    </p>
   </div>
   <div class='ocr_carea' id='block_1_27' title="bbox 189 2673 911 2750">
    <p class='ocr_par' dir='ltr' id='par_1_27' title="bbox 189 2673 911 2750">
     <span class='ocr_line' id='line_1_27' title="bbox 189 2673 911 2750; baseline 0.001 -21"><span class='ocrx_word' id='word_1_198' title='bbox 189 2673 469 2729; x_wconf 72' lang='lat' dir='ltr'><strong>vocabitur</strong></span> <span class='ocrx_word' id='word_1_199' title='bbox 488 2673 649 2747; x_wconf 82' lang='lat' dir='ltr'><strong>(Isai.</strong></span> <span class='ocrx_word' id='word_1_200' title='bbox 681 2691 795 2742; x_wconf 81' lang='lat' dir='ltr'><strong>uv,</strong></span> <span class='ocrx_word' id='word_1_201' title='bbox 833 2675 911 2750; x_wconf 81' lang='lat'><strong>5).</strong></span> 
     </span>
    </p>
   </div>
   <div class='ocr_carea' id='block_1_28' title="bbox 269 2766 1788 2836">
    <p class='ocr_par' dir='ltr' id='par_1_28' title="bbox 269 2766 1788 2836">
     <span class='ocr_line' id='line_1_28' title="bbox 269 2766 1788 2836; baseline 0.006 -13"><span class='ocrx_word' id='word_1_202' title='bbox 269 2766 343 2823; x_wconf 68' lang='grc' dir='ltr'><strong>Χ.</strong></span> <span class='ocrx_word' id='word_1_203' title='bbox 397 2766 607 2836; x_wconf 82' lang='lat' dir='ltr'><strong>Quibus</strong></span> <span class='ocrx_word' id='word_1_204' title='bbox 639 2770 805 2825; x_wconf 88' lang='lat' dir='ltr'><strong>etiam</strong></span> <span class='ocrx_word' id='word_1_205' title='bbox 852 2770 1163 2828; x_wconf 84' lang='lat' dir='ltr'><strong>nominibus</strong></span> <span class='ocrx_word' id='word_1_206' title='bbox 1212 2787 1451 2830; x_wconf 82' lang='lat' dir='ltr'><strong>consona</strong></span> <span class='ocrx_word' id='word_1_207' title='bbox 1500 2772 1788 2831; x_wconf 86' lang='lat' dir='ltr'><strong>Psalmista</strong></span> 
     </span>
    </p>
   </div>
   <div class='ocr_carea' id='block_1_29' title="bbox 190 2859 1794 2938">
    <p class='ocr_par' dir='ltr' id='par_1_29' title="bbox 190 2859 1794 2938">
     <span class='ocr_line' id='line_1_29' title="bbox 190 2859 1794 2938; baseline 0.004 -21"><span class='ocrx_word' id='word_1_208' title='bbox 190 2859 481 2917; x_wconf 83' lang='lat' dir='ltr'><strong>concinuit</strong></span> <span class='ocrx_word' id='word_1_209' title='bbox 504 2876 634 2918; x_wconf 90' lang='lat' dir='ltr'><strong>voce</strong></span> <span class='ocrx_word' id='word_1_210' title='bbox 660 2875 677 2917; x_wconf 91' lang='lat'><strong>:</strong></span> <span class='ocrx_word' id='word_1_211' title='bbox 710 2860 843 2928; x_wconf 82' lang='lat' dir='ltr'><strong>Quis</strong></span> <span class='ocrx_word' id='word_1_212' title='bbox 866 2871 944 2919; x_wconf 92' lang='lat' dir='ltr'><strong>est</strong></span> <span class='ocrx_word' id='word_1_213' title='bbox 967 2862 1086 2932; x_wconf 84' lang='lat' dir='ltr'><strong>iste,</strong></span> <span class='ocrx_word' id='word_1_214' title='bbox 1109 2866 1423 2932; x_wconf 75' lang='lat' dir='ltr'><strong>decantatis,</strong></span> <span class='ocrx_word' id='word_1_215' title='bbox 1452 2882 1545 2922; x_wconf 76' lang='lat' dir='ltr'><strong>res;</strong></span> <span class='ocrx_word' id='word_1_216' title='bbox 1569 2865 1753 2938; x_wconf 75' lang='lat' dir='ltr'><strong>gloria:</strong></span> <span class='ocrx_word' id='word_1_217' title='bbox 1767 2868 1794 2923; x_wconf 68' lang='grc' dir='ltr'><strong>Ρ</strong></span> 
     </span>
    </p>
   </div>
   <div class='ocr_carea' id='block_1_30' title="bbox 192 2951 1788 3029">
    <p class='ocr_par' dir='ltr' id='par_1_30' title="bbox 192 2951 1788 3029">
     <span class='ocr_line' id='line_1_30' title="bbox 192 2951 1788 3029; baseline 0.003 -22"><span class='ocrx_word' id='word_1_218' title='bbox 192 2952 463 3008; x_wconf 75' lang='lat' dir='ltr'><strong>Dominus</strong></span> <span class='ocrx_word' id='word_1_219' title='bbox 502 2951 657 3023; x_wconf 75' lang='lat' dir='ltr'><strong>{ortis</strong></span> <span class='ocrx_word' id='word_1_220' title='bbox 679 2964 731 3008; x_wconf 91' lang='lat' dir='ltr'><strong>et</strong></span> <span class='ocrx_word' id='word_1_221' title='bbox 774 2965 979 3025; x_wconf 85' lang='lat' dir='ltr'><strong>potens,</strong></span> <span class='ocrx_word' id='word_1_222' title='bbox 1015 2954 1272 3011; x_wconf 86' lang='lat' dir='ltr'><strong>Dominus</strong></span> <span class='ocrx_word' id='word_1_223' title='bbox 1301 2966 1484 3028; x_wconf 88' lang='lat' dir='ltr'><strong>potens</strong></span> <span class='ocrx_word' id='word_1_224' title='bbox 1501 2957 1559 3012; x_wconf 87' lang='lat' dir='ltr'><strong>in</strong></span> <span class='ocrx_word' id='word_1_225' title='bbox 1583 2957 1788 3029; x_wconf 74' lang='lat' dir='ltr'><strong>prazlio.</strong></span> 
     </span>
    </p>
   </div>
   <div class='ocr_carea' id='block_1_31' title="bbox 195 3044 1794 3119">
    <p class='ocr_par' dir='ltr' id='par_1_31' title="bbox 195 3044 1794 3119">
     <span class='ocr_line' id='line_1_31' title="bbox 195 3044 1794 3119; baseline 0.004 -18"><span class='ocrx_word' id='word_1_226' title='bbox 195 3044 273 3101; x_wconf 82' lang='lat' dir='ltr'><strong>Et</strong></span> <span class='ocrx_word' id='word_1_227' title='bbox 297 3044 477 3101; x_wconf 89' lang='lat' dir='ltr'><strong>adhuc</strong></span> <span class='ocrx_word' id='word_1_228' title='bbox 523 3045 748 3111; x_wconf 83' lang='lat' dir='ltr'><strong>addidit,</strong></span> <span class='ocrx_word' id='word_1_229' title='bbox 798 3048 945 3102; x_wconf 86' lang='lat' dir='ltr'><strong>sicut</strong></span> <span class='ocrx_word' id='word_1_230' title='bbox 973 3058 1100 3103; x_wconf 89' lang='lat' dir='ltr'><strong>ante</strong></span> <span class='ocrx_word' id='word_1_231' title='bbox 1123 3047 1469 3119; x_wconf 72' lang='lat' dir='ltr'><strong>praediximus</strong></span> <span class='ocrx_word' id='word_1_232' title='bbox 1497 3068 1511 3104; x_wconf 87' lang='lat'><strong>:</strong></span> <span class='ocrx_word' id='word_1_233' title='bbox 1534 3050 1794 3107; x_wconf 86' lang='lat' dir='ltr'><strong>Dominus</strong></span> 
     </span>
    </p>
   </div>
   <div class='ocr_carea' id='block_1_32' title="bbox 196 3136 1797 3214">
    <p class='ocr_par' dir='ltr' id='par_1_32' title="bbox 196 3136 1797 3214">
     <span class='ocr_line' id='line_1_32' title="bbox 196 3136 1797 3214; baseline 0.004 -22"><span class='ocrx_word' id='word_1_234' title='bbox 196 3137 456 3192; x_wconf 75' lang='lat' dir='ltr'><strong>uirtutum</strong></span> <span class='ocrx_word' id='word_1_235' title='bbox 506 3136 616 3207; x_wconf 87' lang='lat' dir='ltr'><strong>ipse</strong></span> <span class='ocrx_word' id='word_1_236' title='bbox 646 3147 722 3193; x_wconf 89' lang='lat' dir='ltr'><strong>est</strong></span> <span class='ocrx_word' id='word_1_237' title='bbox 752 3155 843 3193; x_wconf 71' lang='lat' dir='ltr'><strong>rex</strong></span> <span class='ocrx_word' id='word_1_238' title='bbox 888 3137 1074 3210; x_wconf 69' lang='lat' dir='ltr'><strong>gloriw</strong></span> <span class='ocrx_word' id='word_1_239' title='bbox 1114 3138 1290 3211; x_wconf 86' lang='lat' dir='ltr'><strong>(Psal.</strong></span> <span class='ocrx_word' id='word_1_240' title='bbox 1320 3154 1480 3207; x_wconf 69' lang='lat' dir='ltr'><strong>xum,</strong></span> <span class='ocrx_word' id='word_1_241' title='bbox 1524 3140 1697 3214; x_wconf 71' lang='lat'><strong>8-10).</strong></span> <span class='ocrx_word' id='word_1_242' title='bbox 1727 3141 1797 3199; x_wconf 82' lang='lat' dir='ltr'><strong>Et</strong></span> 
     </span>
    </p>
   </div>
   <div class='ocr_carea' id='block_1_33' title="bbox 1880 654 3474 727">
    <p class='ocr_par' dir='ltr' id='par_1_33' title="bbox 1880 654 3474 727">
     <span class='ocr_line' id='line_1_33' title="bbox 1880 654 3474 727; baseline -0.002 -14"><span class='ocrx_word' id='word_1_243' title='bbox 1880 658 1936 713; x_wconf 91' lang='lat' dir='ltr'><strong>id</strong></span> <span class='ocrx_word' id='word_1_244' title='bbox 1964 664 2068 721; x_wconf 90' lang='lat' dir='ltr'><strong>est,</strong></span> <span class='ocrx_word' id='word_1_245' title='bbox 2100 656 2272 727; x_wconf 89' lang='lat' dir='ltr'><strong>impii,</strong></span> <span class='ocrx_word' id='word_1_246' title='bbox 2300 657 2356 710; x_wconf 87' lang='lat' dir='ltr'><strong>in</strong></span> <span class='ocrx_word' id='word_1_247' title='bbox 2391 655 2704 726; x_wconf 82' lang='lat' dir='ltr'><strong>supplicium</strong></span> <span class='ocrx_word' id='word_1_248' title='bbox 2728 664 2983 710; x_wconf 69' lang='lat' dir='ltr'><strong>ceternum</strong></span> <span class='ocrx_word' id='word_1_249' title='bbox 3007 668 3025 706; x_wconf 90' lang='lat'><strong><em>:</em></strong></span> <span class='ocrx_word' id='word_1_250' title='bbox 3044 654 3183 723; x_wconf 85' lang='lat' dir='ltr'><strong>justi</strong></span> <span class='ocrx_word' id='word_1_251' title='bbox 3210 665 3387 710; x_wconf 89' lang='lat' dir='ltr'><strong>autem</strong></span> <span class='ocrx_word' id='word_1_252' title='bbox 3414 656 3474 710; x_wconf 88' lang='lat' dir='ltr'><strong>in</strong></span> 
     </span>
    </p>
   </div>
   <div class='ocr_carea' id='block_1_34' title="bbox 1882 745 3472 820">
    <p class='ocr_par' dir='ltr' id='par_1_34' title="bbox 1882 745 3472 820">
     <span class='ocr_line' id='line_1_34' title="bbox 1882 745 3472 820; baseline -0.001 -18"><span class='ocrx_word' id='word_1_253' title='bbox 1882 748 2043 802; x_wconf 81' lang='lat' dir='ltr'><strong>vitam</strong></span> <span class='ocrx_word' id='word_1_254' title='bbox 2079 756 2329 803; x_wconf 70' lang='lat' dir='ltr'><strong>aeternam</strong></span> <span class='ocrx_word' id='word_1_255' title='bbox 2371 747 2534 820; x_wconf 88' lang='lat' dir='ltr'><strong>(Ibid.</strong></span> <span class='ocrx_word' id='word_1_256' title='bbox 2568 746 2683 819; x_wconf 73' lang='grc'><strong>46).</strong></span> <span class='ocrx_word' id='word_1_257' title='bbox 2715 747 2791 802; x_wconf 87' lang='lat' dir='ltr'><strong>De</strong></span> <span class='ocrx_word' id='word_1_258' title='bbox 2837 761 2945 817; x_wconf 88' lang='lat' dir='ltr'><strong>quo</strong></span> <span class='ocrx_word' id='word_1_259' title='bbox 2987 746 3149 801; x_wconf 87' lang='lat' dir='ltr'><strong>etiam</strong></span> <span class='ocrx_word' id='word_1_260' title='bbox 3182 745 3389 816; x_wconf 84' lang='lat' dir='ltr'><strong>judicio</strong></span> <span class='ocrx_word' id='word_1_261' title='bbox 3415 757 3472 804; x_wconf 90' lang='lat' dir='ltr'><strong>et</strong></span> 
     </span>
    </p>
   </div>
   <div class='ocr_carea' id='block_1_35' title="bbox 1882 838 3475 912">
    <p class='ocr_par' dir='ltr' id='par_1_35' title="bbox 1882 838 3475 912">
     <span class='ocr_line' id='line_1_35' title="bbox 1882 838 3475 912; baseline 0.002 -19"><span class='ocrx_word' id='word_1_262' title='bbox 1882 840 1996 911; x_wconf 86' lang='lat' dir='ltr'><strong>ipse</strong></span> <span class='ocrx_word' id='word_1_263' title='bbox 2039 839 2231 896; x_wconf 86' lang='lat' dir='ltr'><strong>doctor</strong></span> <span class='ocrx_word' id='word_1_264' title='bbox 2270 843 2513 912; x_wconf 88' lang='lat' dir='ltr'><strong>gentium</strong></span> <span class='ocrx_word' id='word_1_265' title='bbox 2556 842 2692 896; x_wconf 81' lang='lat' dir='ltr'><strong>dixit</strong></span> <span class='ocrx_word' id='word_1_266' title='bbox 2717 858 2732 898; x_wconf 89' lang='lat'><strong>:</strong></span> <span class='ocrx_word' id='word_1_267' title='bbox 2759 838 2953 896; x_wconf 82' lang='lat' dir='ltr'><strong>Omnes</strong></span> <span class='ocrx_word' id='word_1_268' title='bbox 2992 850 3191 911; x_wconf 87' lang='lat' dir='ltr'><strong>oportet</strong></span> <span class='ocrx_word' id='word_1_269' title='bbox 3213 858 3307 895; x_wconf 88' lang='lat' dir='ltr'><strong>nos</strong></span> <span class='ocrx_word' id='word_1_270' title='bbox 3333 851 3475 896; x_wconf 85' lang='lat' dir='ltr'><strong>stare</strong></span> 
     </span>
    </p>
   </div>
   <div class='ocr_carea' id='block_1_36' title="bbox 1881 933 3474 1006">
    <p class='ocr_par' dir='ltr' id='par_1_36' title="bbox 1881 933 3474 1006">
     <span class='ocr_line' id='line_1_36' title="bbox 1881 933 3474 1006; baseline 0.001 -19"><span class='ocrx_word' id='word_1_271' title='bbox 1881 943 2005 988; x_wconf 83' lang='lat' dir='ltr'><strong>ante</strong></span> <span class='ocrx_word' id='word_1_272' title='bbox 2047 934 2284 989; x_wconf 88' lang='lat' dir='ltr'><strong>tribunal</strong></span> <span class='ocrx_word' id='word_1_273' title='bbox 2316 933 2512 990; x_wconf 77' lang='lat' dir='ltr'><strong>Christi</strong></span> <span class='ocrx_word' id='word_1_274' title='bbox 2541 934 2628 1006; x_wconf 85' lang='grc' dir='ltr'><strong>(ΙΙ</strong></span> <span class='ocrx_word' id='word_1_275' title='bbox 2656 933 2782 992; x_wconf 88' lang='lat' dir='ltr'><strong>Cor.</strong></span> <span class='ocrx_word' id='word_1_276' title='bbox 2818 952 2873 1001; x_wconf 91' lang='lat' dir='ltr'><strong>v,</strong></span> <span class='ocrx_word' id='word_1_277' title='bbox 2903 934 3013 1006; x_wconf 80' lang='grc'><strong>10).</strong></span> <span class='ocrx_word' id='word_1_278' title='bbox 3043 934 3196 1002; x_wconf 86' lang='lat' dir='ltr'><strong>Quod</strong></span> <span class='ocrx_word' id='word_1_279' title='bbox 3238 936 3474 991; x_wconf 87' lang='lat' dir='ltr'><strong>tribunal</strong></span> 
     </span>
    </p>
   </div>
   <div class='ocr_carea' id='block_1_37' title="bbox 1882 1022 3477 1089">
    <p class='ocr_par' dir='ltr' id='par_1_37' title="bbox 1882 1022 3477 1089">
     <span class='ocr_line' id='line_1_37' title="bbox 1882 1022 3477 1089; baseline 0.001 -10"><span class='ocrx_word' id='word_1_280' title='bbox 1882 1022 2084 1080; x_wconf 85' lang='lat' dir='ltr'><strong>Christi</strong></span> <span class='ocrx_word' id='word_1_281' title='bbox 2135 1025 2191 1080; x_wconf 92' lang='lat' dir='ltr'><strong>in</strong></span> <span class='ocrx_word' id='word_1_282' title='bbox 2233 1025 2341 1081; x_wconf 87' lang='lat' dir='ltr'><strong>alio</strong></span> <span class='ocrx_word' id='word_1_283' title='bbox 2386 1025 2505 1082; x_wconf 89' lang='lat' dir='ltr'><strong>loco</strong></span> <span class='ocrx_word' id='word_1_284' title='bbox 2548 1026 2849 1081; x_wconf 83' lang='lat' dir='ltr'><strong>nominavit</strong></span> <span class='ocrx_word' id='word_1_285' title='bbox 2874 1025 3111 1079; x_wconf 84' lang='lat' dir='ltr'><strong>tribunal</strong></span> <span class='ocrx_word' id='word_1_286' title='bbox 3138 1026 3250 1089; x_wconf 89' lang='lat' dir='ltr'><strong>Dei,</strong></span> <span class='ocrx_word' id='word_1_287' title='bbox 3295 1033 3477 1081; x_wconf 81' lang='lat' dir='ltr'><strong>osten-</strong></span> 
     </span>
    </p>
   </div>
   <div class='ocr_carea' id='block_1_38' title="bbox 1883 1116 3473 1189">
    <p class='ocr_par' dir='ltr' id='par_1_38' title="bbox 1883 1116 3473 1189">
     <span class='ocr_line' id='line_1_38' title="bbox 1883 1116 3473 1189; baseline 0.001 -17"><span class='ocrx_word' id='word_1_288' title='bbox 1883 1117 2019 1173; x_wconf 88' lang='lat' dir='ltr'><strong>dens</strong></span> <span class='ocrx_word' id='word_1_289' title='bbox 2071 1117 2350 1174; x_wconf 76' lang='lat' dir='ltr'><strong>Christum</strong></span> <span class='ocrx_word' id='word_1_290' title='bbox 2375 1134 2497 1175; x_wconf 91' lang='lat' dir='ltr'><strong>esse</strong></span> <span class='ocrx_word' id='word_1_291' title='bbox 2524 1116 2694 1174; x_wconf 90' lang='lat' dir='ltr'><strong>Deum</strong></span> <span class='ocrx_word' id='word_1_292' title='bbox 2720 1119 2886 1174; x_wconf 89' lang='lat' dir='ltr'><strong>etiam</strong></span> <span class='ocrx_word' id='word_1_293' title='bbox 2915 1128 2970 1174; x_wconf 89' lang='lat' dir='ltr'><strong>et</strong></span> <span class='ocrx_word' id='word_1_294' title='bbox 2992 1134 3249 1189; x_wconf 88' lang='lat' dir='ltr'><strong>magnum</strong></span> <span class='ocrx_word' id='word_1_295' title='bbox 3277 1118 3473 1185; x_wconf 62' lang='lat' dir='ltr'><strong>Deum,</strong></span> 
     </span>
    </p>
   </div>
   <div class='ocr_carea' id='block_1_39' title="bbox 1883 1208 3471 1282">
    <p class='ocr_par' dir='ltr' id='par_1_39' title="bbox 1883 1208 3471 1282">
     <span class='ocr_line' id='line_1_39' title="bbox 1883 1208 3471 1282; baseline -0.001 -18"><span class='ocrx_word' id='word_1_296' title='bbox 1883 1208 1975 1264; x_wconf 87' lang='lat' dir='ltr'><strong>ubi</strong></span> <span class='ocrx_word' id='word_1_297' title='bbox 2023 1210 2101 1265; x_wconf 89' lang='lat' dir='ltr'><strong>ait</strong></span> <span class='ocrx_word' id='word_1_298' title='bbox 2148 1228 2163 1265; x_wconf 86' lang='lat'>:</span> <span class='ocrx_word' id='word_1_299' title='bbox 2222 1210 2598 1282; x_wconf 69' lang='lat' dir='ltr'><strong>Exspectantes</strong></span> <span class='ocrx_word' id='word_1_300' title='bbox 2642 1211 2848 1266; x_wconf 89' lang='lat' dir='ltr'><strong>bea.&#39;am</strong></span> <span class='ocrx_word' id='word_1_301' title='bbox 2894 1227 3037 1281; x_wconf 83' lang='lat' dir='ltr'><strong>spem</strong></span> <span class='ocrx_word' id='word_1_302' title='bbox 3083 1220 3132 1265; x_wconf 90' lang='lat' dir='ltr'><strong>et</strong></span> <span class='ocrx_word' id='word_1_303' title='bbox 3191 1210 3471 1264; x_wconf 82' lang='lat' dir='ltr'><strong>adventum</strong></span> 
     </span>
    </p>
   </div>
   <div class='ocr_carea' id='block_1_40' title="bbox 1882 1299 3475 1371">
    <p class='ocr_par' dir='ltr' id='par_1_40' title="bbox 1882 1299 3475 1371">
     <span class='ocr_line' id='line_1_40' title="bbox 1882 1299 3475 1371; baseline 0.001 -18"><span class='ocrx_word' id='word_1_304' title='bbox 1882 1301 2059 1371; x_wconf 85' lang='lat' dir='ltr'><strong>magni</strong></span> <span class='ocrx_word' id='word_1_305' title='bbox 2109 1300 2207 1355; x_wconf 92' lang='lat' dir='ltr'><strong>Dei</strong></span> <span class='ocrx_word' id='word_1_306' title='bbox 2254 1311 2303 1356; x_wconf 90' lang='lat' dir='ltr'><strong>et</strong></span> <span class='ocrx_word' id='word_1_307' title='bbox 2368 1299 2661 1357; x_wconf 79' lang='lat' dir='ltr'><strong>Saluatoris</strong></span> <span class='ocrx_word' id='word_1_308' title='bbox 2709 1302 2874 1356; x_wconf 87' lang='lat' dir='ltr'><strong>nostri</strong></span> <span class='ocrx_word' id='word_1_309' title='bbox 2923 1299 3054 1355; x_wconf 85' lang='lat' dir='ltr'><strong>Jesu</strong></span> <span class='ocrx_word' id='word_1_310' title='bbox 3108 1299 3301 1355; x_wconf 81' lang='lat' dir='ltr'><strong>Christi</strong></span> <span class='ocrx_word' id='word_1_311' title='bbox 3349 1300 3475 1371; x_wconf 88' lang='lat' dir='ltr'><strong>(Tit.</strong></span> 
     </span>
    </p>
   </div>
   <div class='ocr_carea' id='block_1_41' title="bbox 1883 1390 3477 1464">
    <p class='ocr_par' dir='ltr' id='par_1_41' title="bbox 1883 1390 3477 1464">
     <span class='ocr_line' id='line_1_41' title="bbox 1883 1390 3477 1464; baseline 0.002 -20"><span class='ocrx_word' id='word_1_312' title='bbox 1883 1406 1946 1456; x_wconf 87' lang='lat' dir='ltr'><strong>ll,</strong></span> <span class='ocrx_word' id='word_1_313' title='bbox 1990 1390 2101 1463; x_wconf 79' lang='lat' dir='ltr'><strong>l3).</strong></span> <span class='ocrx_word' id='word_1_314' title='bbox 2135 1391 2211 1448; x_wconf 90' lang='lat' dir='ltr'><strong>De</strong></span> <span class='ocrx_word' id='word_1_315' title='bbox 2239 1410 2347 1464; x_wconf 91' lang='lat' dir='ltr'><strong>quo</strong></span> <span class='ocrx_word' id='word_1_316' title='bbox 2373 1403 2431 1448; x_wconf 92' lang='lat' dir='ltr'><strong>et</strong></span> <span class='ocrx_word' id='word_1_317' title='bbox 2472 1391 2709 1448; x_wconf 85' lang='lat' dir='ltr'><strong>Joannes</strong></span> <span class='ocrx_word' id='word_1_318' title='bbox 2737 1391 3068 1463; x_wconf 80' lang='lat' dir='ltr'><strong>evangelista</strong></span> <span class='ocrx_word' id='word_1_319' title='bbox 3101 1392 3178 1446; x_wconf 88' lang='lat' dir='ltr'><strong>ait</strong></span> <span class='ocrx_word' id='word_1_320' title='bbox 3212 1411 3223 1445; x_wconf 93' lang='lat'>:</span> <span class='ocrx_word' id='word_1_321' title='bbox 3259 1391 3359 1447; x_wconf 83' lang='lat' dir='ltr'><strong>Hic</strong></span> <span class='ocrx_word' id='word_1_322' title='bbox 3390 1409 3477 1447; x_wconf 81' lang='lat' dir='ltr'><strong>ve-</strong></span> 
     </span>
    </p>
   </div>
   <div class='ocr_carea' id='block_1_42' title="bbox 1885 1483 3482 1559">
    <p class='ocr_par' dir='ltr' id='par_1_42' title="bbox 1885 1483 3482 1559">
     <span class='ocr_line' id='line_1_42' title="bbox 1885 1483 3482 1559; baseline 0.004 -24"><span class='ocrx_word' id='word_1_323' title='bbox 1885 1498 1973 1537; x_wconf 85' lang='lat' dir='ltr'><strong>rus</strong></span> <span class='ocrx_word' id='word_1_324' title='bbox 2028 1494 2105 1539; x_wconf 90' lang='lat' dir='ltr'><strong>est</strong></span> <span class='ocrx_word' id='word_1_325' title='bbox 2148 1484 2313 1553; x_wconf 85' lang='lat' dir='ltr'><strong>Deus,</strong></span> <span class='ocrx_word' id='word_1_326' title='bbox 2356 1497 2407 1541; x_wconf 88' lang='lat' dir='ltr'><strong>et</strong></span> <span class='ocrx_word' id='word_1_327' title='bbox 2441 1487 2546 1541; x_wconf 75' lang='lat' dir='ltr'><strong>rita</strong></span> <span class='ocrx_word' id='word_1_328' title='bbox 2594 1494 2791 1540; x_wconf 73' lang='lat' dir='ltr'><strong>a&#39;terna</strong></span> <span class='ocrx_word' id='word_1_329' title='bbox 2836 1483 2889 1559; x_wconf 87' lang='lat' dir='ltr'><strong>(I</strong></span> <span class='ocrx_word' id='word_1_330' title='bbox 2918 1485 3077 1539; x_wconf 84' lang='lat' dir='ltr'><strong>Joan.</strong></span> <span class='ocrx_word' id='word_1_331' title='bbox 3130 1500 3183 1550; x_wconf 90' lang='lat' dir='ltr'><strong>v,</strong></span> <span class='ocrx_word' id='word_1_332' title='bbox 3226 1484 3339 1558; x_wconf 75' lang='lat'><strong>20).</strong></span> <span class='ocrx_word' id='word_1_333' title='bbox 3369 1485 3482 1541; x_wconf 82' lang='lat' dir='ltr'><strong>Nec</strong></span> 
     </span>
    </p>
   </div>
   <div class='ocr_carea' id='block_1_43' title="bbox 1886 1576 3481 1650">
    <p class='ocr_par' dir='ltr' id='par_1_43' title="bbox 1886 1576 3481 1650">
     <span class='ocr_line' id='line_1_43' title="bbox 1886 1576 3481 1650; baseline 0.003 -21"><span class='ocrx_word' id='word_1_334' title='bbox 1886 1576 2029 1630; x_wconf 88' lang='lat' dir='ltr'><strong>nuda</strong></span> <span class='ocrx_word' id='word_1_335' title='bbox 2060 1577 2134 1632; x_wconf 88' lang='lat' dir='ltr'><strong>ibi</strong></span> <span class='ocrx_word' id='word_1_336' title='bbox 2184 1578 2520 1650; x_wconf 87' lang='lat' dir='ltr'><strong>nuncupatio</strong></span> <span class='ocrx_word' id='word_1_337' title='bbox 2564 1578 2743 1634; x_wconf 88' lang='lat' dir='ltr'><strong>locum</strong></span> <span class='ocrx_word' id='word_1_338' title='bbox 2776 1577 3000 1642; x_wconf 77' lang='lat' dir='ltr'><strong>invenit,</strong></span> <span class='ocrx_word' id='word_1_339' title='bbox 3044 1577 3134 1631; x_wconf 92' lang='lat' dir='ltr'><strong>ubi</strong></span> <span class='ocrx_word' id='word_1_340' title='bbox 3163 1587 3246 1632; x_wconf 89' lang='lat' dir='ltr'><strong>est</strong></span> <span class='ocrx_word' id='word_1_341' title='bbox 3277 1578 3481 1634; x_wconf 87' lang='lat' dir='ltr'><strong>veritas</strong></span> 
     </span>
    </p>
   </div>
   <div class='ocr_carea' id='block_1_44' title="bbox 1883 1670 3481 1747">
    <p class='ocr_par' dir='ltr' id='par_1_44' title="bbox 1883 1670 3481 1747">
     <span class='ocr_line' id='line_1_44' title="bbox 1883 1670 3481 1747; baseline -0.003 -18"><span class='ocrx_word' id='word_1_342' title='bbox 1883 1670 2104 1729; x_wconf 86' lang='lat' dir='ltr'><strong>virtutis</strong></span> <span class='ocrx_word' id='word_1_343' title='bbox 2129 1670 2350 1747; x_wconf 59' lang='lat' dir='ltr'><strong>divinae,</strong></span> <span class='ocrx_word' id='word_1_344' title='bbox 2379 1686 2545 1741; x_wconf 89' lang='lat' dir='ltr'><strong>quam</strong></span> <span class='ocrx_word' id='word_1_345' title='bbox 2589 1671 2878 1726; x_wconf 85' lang='lat' dir='ltr'><strong>veritatem</strong></span> <span class='ocrx_word' id='word_1_346' title='bbox 2925 1670 3121 1725; x_wconf 73' lang='lat' dir='ltr'><strong>divina:</strong></span> <span class='ocrx_word' id='word_1_347' title='bbox 3173 1671 3391 1726; x_wconf 88' lang='lat' dir='ltr'><strong>virtutis</strong></span> <span class='ocrx_word' id='word_1_348' title='bbox 3426 1671 3481 1725; x_wconf 92' lang='lat' dir='ltr'><strong>in</strong></span> 
     </span>
    </p>
   </div>
   <div class='ocr_carea' id='block_1_45' title="bbox 1887 1762 3476 1834">
    <p class='ocr_par' dir='ltr' id='par_1_45' title="bbox 1887 1762 3476 1834">
     <span class='ocr_line' id='line_1_45' title="bbox 1887 1762 3476 1834; baseline -0.003 -12"><span class='ocrx_word' id='word_1_349' title='bbox 1887 1767 2000 1823; x_wconf 83' lang='lat' dir='ltr'><strong>ﬁlio</strong></span> <span class='ocrx_word' id='word_1_350' title='bbox 2039 1764 2278 1822; x_wconf 86' lang='lat' dir='ltr'><strong>hominis</strong></span> <span class='ocrx_word' id='word_1_351' title='bbox 2323 1780 2465 1830; x_wconf 88' lang='lat' dir='ltr'><strong>esse,</strong></span> <span class='ocrx_word' id='word_1_352' title='bbox 2499 1764 2553 1819; x_wconf 90' lang='lat' dir='ltr'><strong>in</strong></span> <span class='ocrx_word' id='word_1_353' title='bbox 2596 1764 2831 1819; x_wconf 87' lang='lat' dir='ltr'><strong>sanitate</strong></span> <span class='ocrx_word' id='word_1_354' title='bbox 2867 1762 3151 1834; x_wconf 83' lang='lat' dir='ltr'><strong>paralytici</strong></span> <span class='ocrx_word' id='word_1_355' title='bbox 3180 1763 3293 1832; x_wconf 90' lang='lat' dir='ltr'><strong>ipse</strong></span> <span class='ocrx_word' id='word_1_356' title='bbox 3322 1762 3476 1818; x_wconf 82' lang='lat' dir='ltr'><strong>Chri-</strong></span> 
     </span>
    </p>
   </div>
   <div class='ocr_carea' id='block_1_46' title="bbox 1890 1855 3472 1929">
    <p class='ocr_par' dir='ltr' id='par_1_46' title="bbox 1890 1855 3472 1929">
     <span class='ocr_line' id='line_1_46' title="bbox 1890 1855 3472 1929; baseline -0.004 -12"><span class='ocrx_word' id='word_1_357' title='bbox 1890 1870 2007 1918; x_wconf 88' lang='lat' dir='ltr'><strong>stus</strong></span> <span class='ocrx_word' id='word_1_358' title='bbox 2054 1860 2314 1925; x_wconf 85' lang='lat' dir='ltr'><strong>ostendit,</strong></span> <span class='ocrx_word' id='word_1_359' title='bbox 2380 1859 2471 1913; x_wconf 91' lang='lat' dir='ltr'><strong>ubi</strong></span> <span class='ocrx_word' id='word_1_360' title='bbox 2521 1855 2720 1913; x_wconf 60' lang='lat' dir='ltr'><strong>ludatis</strong></span> <span class='ocrx_word' id='word_1_361' title='bbox 2751 1855 3113 1929; x_wconf 76' lang='lat' dir='ltr'><strong>cogitantibus</strong></span> <span class='ocrx_word' id='word_1_362' title='bbox 3170 1855 3313 1910; x_wconf 87' lang='lat' dir='ltr'><strong>inter</strong></span> <span class='ocrx_word' id='word_1_363' title='bbox 3346 1871 3404 1909; x_wconf 88' lang='lat' dir='ltr'><strong>se</strong></span> <span class='ocrx_word' id='word_1_364' title='bbox 3460 1873 3472 1910; x_wconf 89' lang='lat'>:</span> 
     </span>
    </p>
   </div>
   <div class='ocr_carea' id='block_1_47' title="bbox 1818 1935 3478 2025">
    <p class='ocr_par' dir='ltr' id='par_1_47' title="bbox 1818 1935 3478 2025">
     <span class='ocr_line' id='line_1_47' title="bbox 1818 1935 3478 2025; baseline -0.004 -16"><span class='ocrx_word' id='word_1_365' title='bbox 1818 1935 1861 1995; x_wconf 74' lang='grc' dir='ltr'><strong>Β</strong></span> <span class='ocrx_word' id='word_1_366' title='bbox 1888 1954 2019 2021; x_wconf 90' lang='lat' dir='ltr'><strong>Quis</strong></span> <span class='ocrx_word' id='word_1_367' title='bbox 2047 1961 2212 2025; x_wconf 86' lang='lat' dir='ltr'><strong>potest</strong></span> <span class='ocrx_word' id='word_1_368' title='bbox 2240 1958 2455 2024; x_wconf 87' lang='lat' dir='ltr'><strong>peccata</strong></span> <span class='ocrx_word' id='word_1_369' title='bbox 2504 1950 2792 2015; x_wconf 85' lang='lat' dir='ltr'><strong>dimittere,</strong></span> <span class='ocrx_word' id='word_1_370' title='bbox 2822 1948 2922 2002; x_wconf 87' lang='lat' dir='ltr'><strong>nisi</strong></span> <span class='ocrx_word' id='word_1_371' title='bbox 2957 1947 3102 2003; x_wconf 87' lang='lat' dir='ltr'><strong>solus</strong></span> <span class='ocrx_word' id='word_1_372' title='bbox 3149 1947 3291 2002; x_wconf 86' lang='lat' dir='ltr'><strong>Deus</strong></span> <span class='ocrx_word' id='word_1_373' title='bbox 3311 1949 3337 2001; x_wconf 69' lang='grc' dir='ltr'><em>Σ)</em></span> <span class='ocrx_word' id='word_1_374' title='bbox 3392 1964 3478 2003; x_wconf 85' lang='lat' dir='ltr'><strong>re-</strong></span> 
     </span>
    </p>
   </div>
   <div class='ocr_carea' id='block_1_48' title="bbox 1884 2037 3478 2114">
    <p class='ocr_par' dir='ltr' id='par_1_48' title="bbox 1884 2037 3478 2114">
     <span class='ocr_line' id='line_1_48' title="bbox 1884 2037 3478 2114; baseline -0.006 -13"><span class='ocrx_word' id='word_1_375' title='bbox 1884 2044 2127 2114; x_wconf 82' lang='lat' dir='ltr'><strong>spondit:</strong></span> <span class='ocrx_word' id='word_1_376' title='bbox 2149 2041 2216 2097; x_wconf 86' lang='lat' dir='ltr'><strong>Ut</strong></span> <span class='ocrx_word' id='word_1_377' title='bbox 2241 2040 2421 2096; x_wconf 83' lang='lat' dir='ltr'><strong>sciatis</strong></span> <span class='ocrx_word' id='word_1_378' title='bbox 2443 2041 2569 2111; x_wconf 86' lang='lat' dir='ltr'><strong>quia</strong></span> <span class='ocrx_word' id='word_1_379' title='bbox 2599 2037 2644 2092; x_wconf 85' lang='lat' dir='ltr'><em>F</em></span> <span class='ocrx_word' id='word_1_380' title='bbox 2648 2038 2771 2093; x_wconf 89' lang='lat' dir='ltr'><strong>ilius</strong></span> <span class='ocrx_word' id='word_1_381' title='bbox 2794 2039 3023 2093; x_wconf 83' lang='lat' dir='ltr'><strong>hominis</strong></span> <span class='ocrx_word' id='word_1_382' title='bbox 3047 2048 3350 2109; x_wconf 88' lang='lat' dir='ltr'><strong>potestatem</strong></span> <span class='ocrx_word' id='word_1_383' title='bbox 3379 2038 3478 2092; x_wconf 85' lang='lat' dir='ltr'><strong>ha-</strong></span> 
     </span>
    </p>
   </div>
   <div class='ocr_carea' id='block_1_49' title="bbox 1886 2128 3478 2200">
    <p class='ocr_par' dir='ltr' id='par_1_49' title="bbox 1886 2128 3478 2200">
     <span class='ocr_line' id='line_1_49' title="bbox 1886 2128 3478 2200; baseline -0.001 -12"><span class='ocrx_word' id='word_1_384' title='bbox 1886 2134 1968 2190; x_wconf 88' lang='lat' dir='ltr'><strong>bet</strong></span> <span class='ocrx_word' id='word_1_385' title='bbox 2002 2133 2055 2186; x_wconf 88' lang='lat' dir='ltr'><strong>in</strong></span> <span class='ocrx_word' id='word_1_386' title='bbox 2087 2141 2230 2186; x_wconf 89' lang='lat' dir='ltr'><strong>terra</strong></span> <span class='ocrx_word' id='word_1_387' title='bbox 2270 2130 2568 2184; x_wconf 86' lang='lat' dir='ltr'><strong>dimittendi</strong></span> <span class='ocrx_word' id='word_1_388' title='bbox 2592 2139 2828 2200; x_wconf 86' lang='lat' dir='ltr'><strong>peccata,</strong></span> <span class='ocrx_word' id='word_1_389' title='bbox 2862 2138 2986 2197; x_wconf 87' lang='lat' dir='ltr'><strong>tunc</strong></span> <span class='ocrx_word' id='word_1_390' title='bbox 3030 2129 3104 2184; x_wconf 85' lang='lat' dir='ltr'><strong>ait</strong></span> <span class='ocrx_word' id='word_1_391' title='bbox 3141 2128 3433 2200; x_wconf 78' lang='lat' dir='ltr'><strong>paralytico</strong></span> <span class='ocrx_word' id='word_1_392' title='bbox 3459 2147 3478 2186; x_wconf 84' lang='lat'><strong>.&#39;</strong></span> 
     </span>
    </p>
   </div>
   <div class='ocr_carea' id='block_1_50' title="bbox 1886 2221 3480 2297">
    <p class='ocr_par' dir='ltr' id='par_1_50' title="bbox 1886 2221 3480 2297">
     <span class='ocr_line' id='line_1_50' title="bbox 1886 2221 3480 2297; baseline -0.003 -16"><span class='ocrx_word' id='word_1_393' title='bbox 1886 2226 2075 2297; x_wconf 84' lang='lat' dir='ltr'><strong>Surge,</strong></span> <span class='ocrx_word' id='word_1_394' title='bbox 2111 2225 2235 2278; x_wconf 90' lang='lat' dir='ltr'><strong>tolle</strong></span> <span class='ocrx_word' id='word_1_395' title='bbox 2280 2223 2469 2277; x_wconf 88' lang='lat' dir='ltr'><strong>lectum</strong></span> <span class='ocrx_word' id='word_1_396' title='bbox 2523 2232 2693 2287; x_wconf 91' lang='lat' dir='ltr'><strong>tuum,</strong></span> <span class='ocrx_word' id='word_1_397' title='bbox 2727 2231 2778 2276; x_wconf 91' lang='lat' dir='ltr'><strong>et</strong></span> <span class='ocrx_word' id='word_1_398' title='bbox 2810 2221 2940 2276; x_wconf 78' lang='lat' dir='ltr'><strong>vade</strong></span> <span class='ocrx_word' id='word_1_399' title='bbox 2981 2221 3037 2275; x_wconf 89' lang='lat' dir='ltr'><strong>in</strong></span> <span class='ocrx_word' id='word_1_400' title='bbox 3086 2221 3298 2275; x_wconf 89' lang='lat' dir='ltr'><strong>domum</strong></span> <span class='ocrx_word' id='word_1_401' title='bbox 3333 2230 3480 2276; x_wconf 86' lang='lat' dir='ltr'><strong>tuam</strong></span> 
     </span>
    </p>
   </div>
   <div class='ocr_carea' id='block_1_51' title="bbox 1887 2309 3483 2386">
    <p class='ocr_par' dir='ltr' id='par_1_51' title="bbox 1887 2309 3483 2386">
     <span class='ocr_line' id='line_1_51' title="bbox 1887 2309 3483 2386; baseline -0.003 -17"><span class='ocrx_word' id='word_1_402' title='bbox 1887 2313 2107 2386; x_wconf 75' lang='lat' dir='ltr'><strong>(Matth.</strong></span> <span class='ocrx_word' id='word_1_403' title='bbox 2136 2329 2211 2378; x_wconf 79' lang='lat' dir='ltr'><strong>ix,</strong></span> <span class='ocrx_word' id='word_1_404' title='bbox 2238 2312 2312 2384; x_wconf 81' lang='lat'><strong>6).</strong></span> <span class='ocrx_word' id='word_1_405' title='bbox 2344 2312 2412 2367; x_wconf 87' lang='lat' dir='ltr'><strong>Et</strong></span> <span class='ocrx_word' id='word_1_406' title='bbox 2436 2325 2623 2367; x_wconf 88' lang='lat' dir='ltr'><strong>vocem</strong></span> <span class='ocrx_word' id='word_1_407' title='bbox 2640 2309 2879 2378; x_wconf 81' lang='lat' dir='ltr'><strong>iubentis</strong></span> <span class='ocrx_word' id='word_1_408' title='bbox 2900 2325 3026 2365; x_wconf 88' lang='lat' dir='ltr'><strong>mox</strong></span> <span class='ocrx_word' id='word_1_409' title='bbox 3043 2311 3249 2366; x_wconf 84' lang='lat' dir='ltr'><strong>sanitas</strong></span> <span class='ocrx_word' id='word_1_410' title='bbox 3270 2311 3483 2383; x_wconf 82' lang='lat' dir='ltr'><strong>paraly-</strong></span> 
     </span>
    </p>
   </div>
   <div class='ocr_carea' id='block_1_52' title="bbox 1888 2405 2458 2461">
    <p class='ocr_par' dir='ltr' id='par_1_52' title="bbox 1888 2405 2458 2461">
     <span class='ocr_line' id='line_1_52' title="bbox 1888 2405 2458 2461; baseline -0.009 -1"><span class='ocrx_word' id='word_1_411' title='bbox 1888 2405 1982 2461; x_wconf 90' lang='lat' dir='ltr'><strong>tici</strong></span> <span class='ocrx_word' id='word_1_412' title='bbox 2029 2412 2321 2460; x_wconf 85' lang='lat' dir='ltr'><strong>consecuta</strong></span> <span class='ocrx_word' id='word_1_413' title='bbox 2355 2412 2458 2458; x_wconf 81' lang='lat' dir='ltr'><strong>est.</strong></span> 
     </span>
    </p>
   </div>
   <div class='ocr_carea' id='block_1_53' title="bbox 1959 2495 3481 2567">
    <p class='ocr_par' dir='ltr' id='par_1_53' title="bbox 1959 2495 3481 2567">
     <span class='ocr_line' id='line_1_53' title="bbox 1959 2495 3481 2567; baseline -0.001 -15"><span class='ocrx_word' id='word_1_414' title='bbox 1959 2495 2051 2552; x_wconf 74' lang='lat' dir='ltr'><strong>XI.</strong></span> <span class='ocrx_word' id='word_1_415' title='bbox 2092 2496 2170 2552; x_wconf 80' lang='lat' dir='ltr'><strong>Ac</strong></span> <span class='ocrx_word' id='word_1_416' title='bbox 2213 2511 2283 2551; x_wconf 91' lang='lat' dir='ltr'><strong>ne</strong></span> <span class='ocrx_word' id='word_1_417' title='bbox 2334 2495 2475 2552; x_wconf 75' lang='lat' dir='ltr'><strong>forte</strong></span> <span class='ocrx_word' id='word_1_418' title='bbox 2504 2496 2626 2567; x_wconf 88' lang='lat' dir='ltr'><strong>quis</strong></span> <span class='ocrx_word' id='word_1_419' title='bbox 2656 2496 2904 2552; x_wconf 87' lang='lat' dir='ltr'><strong>dubitare</strong></span> <span class='ocrx_word' id='word_1_420' title='bbox 2958 2503 3125 2566; x_wconf 87' lang='lat' dir='ltr'><strong>queat</strong></span> <span class='ocrx_word' id='word_1_421' title='bbox 3165 2512 3232 2550; x_wconf 88' lang='lat' dir='ltr'><strong>an</strong></span> <span class='ocrx_word' id='word_1_422' title='bbox 3263 2496 3350 2551; x_wconf 86' lang='lat' dir='ltr'><strong>ille</strong></span> <span class='ocrx_word' id='word_1_423' title='bbox 3388 2498 3481 2567; x_wconf 90' lang='lat' dir='ltr'><strong>qui</strong></span> 
     </span>
    </p>
   </div>
   <div class='ocr_carea' id='block_1_54' title="bbox 1888 2585 3481 2660">
    <p class='ocr_par' dir='ltr' id='par_1_54' title="bbox 1888 2585 3481 2660">
     <span class='ocr_line' id='line_1_54' title="bbox 1888 2585 3481 2660; baseline -0.003 -15"><span class='ocrx_word' id='word_1_424' title='bbox 1888 2604 2082 2660; x_wconf 89' lang='lat' dir='ltr'><strong>passus</strong></span> <span class='ocrx_word' id='word_1_425' title='bbox 2106 2596 2191 2645; x_wconf 85' lang='lat' dir='ltr'><strong>est</strong></span> <span class='ocrx_word' id='word_1_426' title='bbox 2232 2588 2534 2644; x_wconf 78' lang='lat' dir='ltr'><strong>divinitatis</strong></span> <span class='ocrx_word' id='word_1_427' title='bbox 2575 2588 2774 2643; x_wconf 81' lang='lat' dir='ltr'><strong>habeat</strong></span> <span class='ocrx_word' id='word_1_428' title='bbox 2821 2585 3075 2658; x_wconf 77' lang='lat' dir='ltr'><strong>gloriam,</strong></span> <span class='ocrx_word' id='word_1_429' title='bbox 3105 2585 3248 2658; x_wconf 80' lang='lat' dir='ltr'><strong>legat</strong></span> <span class='ocrx_word' id='word_1_430' title='bbox 3279 2587 3331 2639; x_wconf 88' lang='lat' dir='ltr'><strong>in</strong></span> <span class='ocrx_word' id='word_1_431' title='bbox 3375 2587 3481 2641; x_wconf 86' lang='lat' dir='ltr'><strong>Da—</strong></span> 
     </span>
    </p>
   </div>
   <div class='ocr_carea' id='block_1_55' title="bbox 1891 2677 3478 2739">
    <p class='ocr_par' dir='ltr' id='par_1_55' title="bbox 1891 2677 3478 2739">
     <span class='ocr_line' id='line_1_55' title="bbox 1891 2677 3478 2739; baseline -0.003 -2"><span class='ocrx_word' id='word_1_432' title='bbox 1891 2680 2031 2737; x_wconf 89' lang='lat' dir='ltr'><strong>niele</strong></span> <span class='ocrx_word' id='word_1_433' title='bbox 2077 2680 2224 2736; x_wconf 89' lang='lat' dir='ltr'><strong>illius</strong></span> <span class='ocrx_word' id='word_1_434' title='bbox 2274 2677 2744 2734; x_wconf 70' lang='lat' dir='ltr'><strong>excellentissima:</strong></span> <span class='ocrx_word' id='word_1_435' title='bbox 2787 2685 3187 2733; x_wconf 85' lang='lat' dir='ltr'><strong>sacramentum</strong></span> <span class='ocrx_word' id='word_1_436' title='bbox 3232 2677 3478 2739; x_wconf 88' lang='lat' dir='ltr'><strong>visionis,</strong></span> 
     </span>
    </p>
   </div>
   <div class='ocr_carea' id='block_1_56' title="bbox 1889 2767 3481 2838">
    <p class='ocr_par' dir='ltr' id='par_1_56' title="bbox 1889 2767 3481 2838">
     <span class='ocr_line' id='line_1_56' title="bbox 1889 2767 3481 2838; baseline -0.001 -13"><span class='ocrx_word' id='word_1_437' title='bbox 1889 2769 1982 2826; x_wconf 88' lang='lat' dir='ltr'><strong>ubi</strong></span> <span class='ocrx_word' id='word_1_438' title='bbox 2028 2769 2165 2825; x_wconf 88' lang='lat' dir='ltr'><strong>vidit</strong></span> <span class='ocrx_word' id='word_1_439' title='bbox 2216 2767 2385 2823; x_wconf 86' lang='lat' dir='ltr'><strong>lilium</strong></span> <span class='ocrx_word' id='word_1_440' title='bbox 2416 2768 2651 2824; x_wconf 87' lang='lat' dir='ltr'><strong>hominis</strong></span> <span class='ocrx_word' id='word_1_441' title='bbox 2697 2767 2763 2823; x_wconf 88' lang='lat' dir='ltr'><strong>ad</strong></span> <span class='ocrx_word' id='word_1_442' title='bbox 2820 2768 3106 2837; x_wconf 89' lang='lat' dir='ltr'><strong>antiquum</strong></span> <span class='ocrx_word' id='word_1_443' title='bbox 3158 2767 3481 2838; x_wconf 84' lang='lat' dir='ltr'><strong>perductum</strong></span> 
     </span>
    </p>
   </div>
   <div class='ocr_carea' id='block_1_57' title="bbox 1891 2858 3482 2930">
    <p class='ocr_par' dir='ltr' id='par_1_57' title="bbox 1891 2858 3482 2930">
     <span class='ocr_line' id='line_1_57' title="bbox 1891 2858 3482 2930; baseline -0.003 -12"><span class='ocrx_word' id='word_1_444' title='bbox 1891 2876 2015 2918; x_wconf 87' lang='lat' dir='ltr'><strong>esse</strong></span> <span class='ocrx_word' id='word_1_445' title='bbox 2066 2860 2278 2916; x_wconf 87' lang='lat' dir='ltr'><strong>dierum</strong></span> <span class='ocrx_word' id='word_1_446' title='bbox 2310 2878 2323 2913; x_wconf 88' lang='lat'><strong>:</strong></span> <span class='ocrx_word' id='word_1_447' title='bbox 2357 2859 2705 2930; x_wconf 81' lang='lat' dir='ltr'><strong>Aspiciebam,</strong></span> <span class='ocrx_word' id='word_1_448' title='bbox 2734 2858 2929 2930; x_wconf 86' lang='lat' dir='ltr'><strong>inquit,</strong></span> <span class='ocrx_word' id='word_1_449' title='bbox 2986 2860 3042 2913; x_wconf 91' lang='lat' dir='ltr'><strong>in</strong></span> <span class='ocrx_word' id='word_1_450' title='bbox 3066 2860 3263 2914; x_wconf 76' lang='lat' dir='ltr'><strong>uisione</strong></span> <span class='ocrx_word' id='word_1_451' title='bbox 3294 2862 3482 2926; x_wconf 85' lang='lat' dir='ltr'><strong>noctis,</strong></span> 
     </span>
    </p>
   </div>
   <div class='ocr_carea' id='block_1_58' title="bbox 1893 2947 3481 3020">
    <p class='ocr_par' dir='ltr' id='par_1_58' title="bbox 1893 2947 3481 3020">
     <span class='ocr_line' id='line_1_58' title="bbox 1893 2947 3481 3020; baseline -0.002 -13"><span class='ocrx_word' id='word_1_452' title='bbox 1893 2959 1944 3008; x_wconf 91' lang='lat' dir='ltr'><strong>et</strong></span> <span class='ocrx_word' id='word_1_453' title='bbox 1964 2965 2079 3005; x_wconf 88' lang='lat' dir='ltr'><strong>ecce</strong></span> <span class='ocrx_word' id='word_1_454' title='bbox 2102 2964 2222 3004; x_wconf 87' lang='lat' dir='ltr'><strong>cum</strong></span> <span class='ocrx_word' id='word_1_455' title='bbox 2250 2950 2474 3003; x_wconf 89' lang='lat' dir='ltr'><strong>nubibus</strong></span> <span class='ocrx_word' id='word_1_456' title='bbox 2494 2948 2608 3003; x_wconf 75' lang='lat' dir='ltr'><strong>caeli</strong></span> <span class='ocrx_word' id='word_1_457' title='bbox 2634 2950 2786 3020; x_wconf 86' lang='lat' dir='ltr'><strong>quasi</strong></span> <span class='ocrx_word' id='word_1_458' title='bbox 2807 2947 2950 3019; x_wconf 78' lang='lat' dir='ltr'><strong>ﬁlius</strong></span> <span class='ocrx_word' id='word_1_459' title='bbox 2972 2948 3200 3004; x_wconf 81' lang='lat' dir='ltr'><strong>hominis</strong></span> <span class='ocrx_word' id='word_1_460' title='bbox 3230 2951 3481 3017; x_wconf 82' lang='lat' dir='ltr'><strong>veniebat,</strong></span> 
     </span>
    </p>
   </div>
   <div class='ocr_carea' id='block_1_59' title="bbox 1893 3038 3487 3112">
    <p class='ocr_par' dir='ltr' id='par_1_59' title="bbox 1893 3038 3487 3112">
     <span class='ocr_line' id='line_1_59' title="bbox 1893 3038 3487 3112; baseline 0.001 -17"><span class='ocrx_word' id='word_1_461' title='bbox 1893 3050 1942 3096; x_wconf 88' lang='lat' dir='ltr'><strong>et</strong></span> <span class='ocrx_word' id='word_1_462' title='bbox 1973 3057 2137 3111; x_wconf 90' lang='lat' dir='ltr'><strong>usque</strong></span> <span class='ocrx_word' id='word_1_463' title='bbox 2160 3039 2230 3093; x_wconf 87' lang='lat' dir='ltr'><strong>ad</strong></span> <span class='ocrx_word' id='word_1_464' title='bbox 2260 3040 2536 3111; x_wconf 85' lang='lat' dir='ltr'><strong>antiquum</strong></span> <span class='ocrx_word' id='word_1_465' title='bbox 2561 3038 2765 3095; x_wconf 78' lang='lat' dir='ltr'><strong>dierum</strong></span> <span class='ocrx_word' id='word_1_466' title='bbox 2786 3040 3035 3112; x_wconf 77' lang='lat' dir='ltr'><strong>pervenit,</strong></span> <span class='ocrx_word' id='word_1_467' title='bbox 3058 3049 3106 3094; x_wconf 89' lang='lat' dir='ltr'><strong>et</strong></span> <span class='ocrx_word' id='word_1_468' title='bbox 3130 3041 3186 3095; x_wconf 92' lang='lat' dir='ltr'><strong>in</strong></span> <span class='ocrx_word' id='word_1_469' title='bbox 3213 3052 3487 3112; x_wconf 88' lang='lat' dir='ltr'><strong>conspectu</strong></span> 
     </span>
    </p>
   </div>
   <div class='ocr_carea' id='block_1_60' title="bbox 1896 3131 3488 3207">
    <p class='ocr_par' dir='ltr' id='par_1_60' title="bbox 1896 3131 3488 3207">
     <span class='ocr_line' id='line_1_60' title="bbox 1896 3131 3488 3207; baseline 0 -19"><span class='ocrx_word' id='word_1_470' title='bbox 1896 3134 2013 3207; x_wconf 83' lang='lat' dir='ltr'><strong>ejus</strong></span> <span class='ocrx_word' id='word_1_471' title='bbox 2039 3131 2340 3188; x_wconf 84' lang='lat' dir='ltr'><strong>obtulerunt</strong></span> <span class='ocrx_word' id='word_1_472' title='bbox 2392 3149 2535 3199; x_wconf 87' lang='lat' dir='ltr'><strong>eum,</strong></span> <span class='ocrx_word' id='word_1_473' title='bbox 2565 3142 2616 3188; x_wconf 86' lang='lat' dir='ltr'><strong>et</strong></span> <span class='ocrx_word' id='word_1_474' title='bbox 2653 3133 2794 3187; x_wconf 85' lang='lat' dir='ltr'><strong>dedit</strong></span> <span class='ocrx_word' id='word_1_475' title='bbox 2824 3134 2871 3186; x_wconf 89' lang='lat' dir='ltr'><strong>ei</strong></span> <span class='ocrx_word' id='word_1_476' title='bbox 2898 3141 3219 3202; x_wconf 89' lang='lat' dir='ltr'><strong>potestatem,</strong></span> <span class='ocrx_word' id='word_1_477' title='bbox 3252 3143 3300 3188; x_wconf 90' lang='lat' dir='ltr'><strong>et</strong></span> <span class='ocrx_word' id='word_1_478' title='bbox 3324 3132 3488 3188; x_wconf 88' lang='lat' dir='ltr'><strong>hono-</strong></span> 
     </span>
    </p>
   </div>
   <div class='ocr_carea' id='block_1_61' title="bbox 199 3224 3488 3299">
    <p class='ocr_par' dir='ltr' id='par_1_61' title="bbox 199 3224 3488 3299">
     <span class='ocr_line' id='line_1_61' title="bbox 199 3224 3488 3299; baseline 0.002 -16"><span class='ocrx_word' id='word_1_479' title='bbox 199 3227 335 3283; x_wconf 88' lang='lat' dir='ltr'><strong>alibi</strong></span> <span class='ocrx_word' id='word_1_480' title='bbox 365 3246 381 3281; x_wconf 88' lang='lat'><strong>:</strong></span> <span class='ocrx_word' id='word_1_481' title='bbox 413 3224 598 3282; x_wconf 83' lang='lat' dir='ltr'><strong>Gloria</strong></span> <span class='ocrx_word' id='word_1_482' title='bbox 639 3238 690 3282; x_wconf 93' lang='lat' dir='ltr'><strong>et</strong></span> <span class='ocrx_word' id='word_1_483' title='bbox 717 3228 915 3283; x_wconf 87' lang='lat' dir='ltr'><strong>honore</strong></span> <span class='ocrx_word' id='word_1_484' title='bbox 941 3230 1208 3286; x_wconf 89' lang='lat' dir='ltr'><strong>coronasti</strong></span> <span class='ocrx_word' id='word_1_485' title='bbox 1234 3247 1375 3297; x_wconf 87' lang='lat' dir='ltr'><strong>eum,</strong></span> <span class='ocrx_word' id='word_1_486' title='bbox 1401 3240 1449 3286; x_wconf 89' lang='lat' dir='ltr'><strong>et</strong></span> <span class='ocrx_word' id='word_1_487' title='bbox 1473 3232 1792 3287; x_wconf 87' lang='lat' dir='ltr'><strong>constituisti</strong></span> <span class='ocrx_word' id='word_1_488' title='bbox 1833 3290 1868 3299; x_wconf 83' lang='lat'>_</span> <span class='ocrx_word' id='word_1_489' title='bbox 1900 3242 2032 3290; x_wconf 77' lang='lat' dir='ltr'><strong>rem,</strong></span> <span class='ocrx_word' id='word_1_490' title='bbox 2074 3235 2122 3278; x_wconf 89' lang='lat' dir='ltr'><strong>et</strong></span> <span class='ocrx_word' id='word_1_491' title='bbox 2154 3242 2408 3295; x_wconf 67' lang='lat' dir='ltr'><strong>regnum;</strong></span> <span class='ocrx_word' id='word_1_492' title='bbox 2435 3232 2485 3280; x_wconf 66' lang='grc' dir='ltr'><strong>ει</strong></span> <span class='ocrx_word' id='word_1_493' title='bbox 2525 3241 2702 3280; x_wconf 63' lang='lat' dir='ltr'><strong>omnes</strong></span> <span class='ocrx_word' id='word_1_494' title='bbox 2746 3225 2947 3297; x_wconf 69' lang='grc' dir='ltr'><strong>Ροριιίίν</strong></span> <span class='ocrx_word' id='word_1_495' title='bbox 2997 3226 3163 3281; x_wconf 62' lang='lat' dir='ltr'><strong>&quot;ibus</strong></span> <span class='ocrx_word' id='word_1_496' title='bbox 3194 3235 3244 3281; x_wconf 77' lang='grc' dir='ltr'><strong>ετ</strong></span> <span class='ocrx_word' id='word_1_497' title='bbox 3293 3226 3488 3299; x_wconf 62' lang='lat' dir='ltr'><strong>lingua?</strong></span> 
     </span>
    </p>
   </div>
   <div class='ocr_carea' id='block_1_62' title="bbox 198 3290 3488 3393">
    <p class='ocr_par' dir='ltr' id='par_1_62' title="bbox 198 3290 3488 3393">
     <span class='ocr_line' id='line_1_62' title="bbox 198 3290 3488 3393; baseline 0.001 -20"><span class='ocrx_word' id='word_1_498' title='bbox 198 3334 326 3373; x_wconf 85' lang='lat' dir='ltr'><strong>eum</strong></span> <span class='ocrx_word' id='word_1_499' title='bbox 363 3333 521 3389; x_wconf 86' lang='lat' dir='ltr'><strong>super</strong></span> <span class='ocrx_word' id='word_1_500' title='bbox 553 3332 714 3389; x_wconf 86' lang='lat' dir='ltr'><strong>opera</strong></span> <span class='ocrx_word' id='word_1_501' title='bbox 739 3334 992 3372; x_wconf 87' lang='lat' dir='ltr'><strong>manuum</strong></span> <span class='ocrx_word' id='word_1_502' title='bbox 1019 3326 1254 3375; x_wconf 83' lang='lat' dir='ltr'><strong>tuarum.</strong></span> <span class='ocrx_word' id='word_1_503' title='bbox 1297 3290 1491 3375; x_wconf 79' lang='lat' dir='ltr'><strong>omnia</strong></span> <span class='ocrx_word' id='word_1_504' title='bbox 1526 3322 1797 3393; x_wconf 83' lang='lat' dir='ltr'><strong>subjeciin</strong></span> <span class='ocrx_word' id='word_1_505' title='bbox 1824 3290 1870 3355; x_wconf 67' lang='grc' dir='ltr'><strong>θ</strong></span> <span class='ocrx_word' id='word_1_506' title='bbox 1899 3316 2000 3388; x_wconf 85' lang='lat' dir='ltr'><strong>ipsi</strong></span> <span class='ocrx_word' id='word_1_507' title='bbox 2045 3317 2284 3373; x_wconf 73' lang='lat' dir='ltr'><strong>servient.</strong></span> <span class='ocrx_word' id='word_1_508' title='bbox 2319 3317 2561 3373; x_wconf 85' lang='lat' dir='ltr'><strong>Potestas</strong></span> <span class='ocrx_word' id='word_1_509' title='bbox 2591 3318 2728 3388; x_wconf 82' lang='lat' dir='ltr'><strong>ejus,</strong></span> <span class='ocrx_word' id='word_1_510' title='bbox 2749 3328 2976 3388; x_wconf 83' lang='lat' dir='ltr'><strong>potestas</strong></span> <span class='ocrx_word' id='word_1_511' title='bbox 2999 3328 3219 3386; x_wconf 65' lang='lat' dir='ltr'><strong>a&#39;terna,</strong></span> <span class='ocrx_word' id='word_1_512' title='bbox 3241 3290 3488 3391; x_wconf 38' lang='lat' dir='ltr'><strong>qua&#39;non</strong></span> 
     </span>
    </p>
   </div>
   <div class='ocr_carea' id='block_1_63' title="bbox 201 3405 1798 3485">
    <p class='ocr_par' dir='ltr' id='par_1_63' title="bbox 201 3405 1798 3485">
     <span class='ocr_line' id='line_1_63' title="bbox 201 3405 1798 3485; baseline 0.003 -20"><span class='ocrx_word' id='word_1_513' title='bbox 201 3409 305 3465; x_wconf 88' lang='lat' dir='ltr'><strong>sub</strong></span> <span class='ocrx_word' id='word_1_514' title='bbox 338 3408 559 3479; x_wconf 85' lang='lat' dir='ltr'><strong>pedibus</strong></span> <span class='ocrx_word' id='word_1_515' title='bbox 586 3408 725 3479; x_wconf 82' lang='lat' dir='ltr'><strong>ejus.</strong></span> <span class='ocrx_word' id='word_1_516' title='bbox 756 3405 931 3481; x_wconf 87' lang='lat' dir='ltr'><strong>(Psal.</strong></span> <span class='ocrx_word' id='word_1_517' title='bbox 980 3426 1101 3477; x_wconf 88' lang='lat' dir='ltr'><strong>vm,</strong></span> <span class='ocrx_word' id='word_1_518' title='bbox 1149 3411 1183 3465; x_wconf 86' lang='lat'><strong>6</strong></span> <span class='ocrx_word' id='word_1_519' title='bbox 1237 3411 1370 3485; x_wconf 88' lang='lat' dir='ltr'><strong>seq.)</strong></span> <span class='ocrx_word' id='word_1_520' title='bbox 1408 3410 1527 3480; x_wconf 87' lang='lat' dir='ltr'><strong>Quo</strong></span> <span class='ocrx_word' id='word_1_521' title='bbox 1548 3412 1798 3484; x_wconf 88' lang='lat' dir='ltr'><strong>exemplo</strong></span> 
     </span>
    </p>
   </div>
   <div class='ocr_carea' id='block_1_64' title="bbox 202 3497 1798 3579">
    <p class='ocr_par' dir='ltr' id='par_1_64' title="bbox 202 3497 1798 3579">
     <span class='ocr_line' id='line_1_64' title="bbox 202 3497 1798 3579; baseline 0.004 -26"><span class='ocrx_word' id='word_1_522' title='bbox 202 3498 345 3553; x_wconf 83' lang='lat' dir='ltr'><strong>dum</strong></span> <span class='ocrx_word' id='word_1_523' title='bbox 368 3497 662 3568; x_wconf 79' lang='lat' dir='ltr'><strong>Apostolus</strong></span> <span class='ocrx_word' id='word_1_524' title='bbox 688 3498 765 3553; x_wconf 91' lang='lat' dir='ltr'><strong>uti</strong></span> <span class='ocrx_word' id='word_1_525' title='bbox 792 3499 982 3566; x_wconf 90' lang='lat' dir='ltr'><strong>voluit,</strong></span> <span class='ocrx_word' id='word_1_526' title='bbox 1012 3499 1213 3569; x_wconf 82' lang='lat' dir='ltr'><strong>adjecit</strong></span> <span class='ocrx_word' id='word_1_527' title='bbox 1242 3520 1256 3558; x_wconf 90' lang='lat'><strong>:</strong></span> <span class='ocrx_word' id='word_1_528' title='bbox 1288 3501 1357 3556; x_wconf 88' lang='lat' dir='ltr'><strong>In</strong></span> <span class='ocrx_word' id='word_1_529' title='bbox 1387 3519 1449 3558; x_wconf 89' lang='lat' dir='ltr'><strong>eo</strong></span> <span class='ocrx_word' id='word_1_530' title='bbox 1470 3505 1630 3579; x_wconf 83' lang='lat' dir='ltr'><strong>enim,</strong></span> <span class='ocrx_word' id='word_1_531' title='bbox 1655 3504 1798 3575; x_wconf 89' lang='lat' dir='ltr'><strong>quod</strong></span> 
     </span>
    </p>
   </div>
   <div class='ocr_carea' id='block_1_65' title="bbox 205 3591 1799 3665">
    <p class='ocr_par' dir='ltr' id='par_1_65' title="bbox 205 3591 1799 3665">
     <span class='ocr_line' id='line_1_65' title="bbox 205 3591 1799 3665; baseline 0.004 -20"><span class='ocrx_word' id='word_1_532' title='bbox 205 3591 369 3657; x_wconf 74' lang='lat' dir='ltr'><strong>dixit,</strong></span> <span class='ocrx_word' id='word_1_533' title='bbox 400 3591 579 3646; x_wconf 85' lang='lat' dir='ltr'><strong>omnia</strong></span> <span class='ocrx_word' id='word_1_534' title='bbox 608 3591 877 3663; x_wconf 89' lang='lat' dir='ltr'><strong>subjecisti</strong></span> <span class='ocrx_word' id='word_1_535' title='bbox 898 3592 995 3646; x_wconf 83' lang='lat' dir='ltr'><strong>sub</strong></span> <span class='ocrx_word' id='word_1_536' title='bbox 1029 3594 1245 3663; x_wconf 85' lang='lat' dir='ltr'><strong>pedibus</strong></span> <span class='ocrx_word' id='word_1_537' title='bbox 1282 3594 1417 3665; x_wconf 88' lang='lat' dir='ltr'><strong>ejus,</strong></span> <span class='ocrx_word' id='word_1_538' title='bbox 1443 3594 1575 3650; x_wconf 86' lang='lat' dir='ltr'><strong>nihil</strong></span> <span class='ocrx_word' id='word_1_539' title='bbox 1601 3596 1799 3652; x_wconf 84' lang='lat' dir='ltr'><strong>dimisit</strong></span> 
     </span>
    </p>
   </div>
   <div class='ocr_carea' id='block_1_66' title="bbox 207 3681 1799 3761">
    <p class='ocr_par' dir='ltr' id='par_1_66' title="bbox 207 3681 1799 3761">
     <span class='ocr_line' id='line_1_66' title="bbox 207 3681 1799 3761; baseline 0.003 -22"><span class='ocrx_word' id='word_1_540' title='bbox 207 3700 316 3739; x_wconf 83' lang='lat' dir='ltr'><strong>non</strong></span> <span class='ocrx_word' id='word_1_541' title='bbox 344 3682 394 3737; x_wconf 92' lang='lat' dir='ltr'><strong>ei</strong></span> <span class='ocrx_word' id='word_1_542' title='bbox 420 3683 716 3754; x_wconf 83' lang='lat' dir='ltr'><strong>subjectum</strong></span> <span class='ocrx_word' id='word_1_543' title='bbox 744 3681 932 3755; x_wconf 83' lang='lat' dir='ltr'><strong>(Ilebr.</strong></span> <span class='ocrx_word' id='word_1_544' title='bbox 966 3701 1031 3752; x_wconf 93' lang='grc' dir='ltr'><strong>ιι,</strong></span> <span class='ocrx_word' id='word_1_545' title='bbox 1053 3686 1132 3758; x_wconf 84' lang='grc'><strong>8).</strong></span> <span class='ocrx_word' id='word_1_546' title='bbox 1163 3684 1416 3757; x_wconf 86' lang='lat' dir='ltr'><strong>Nunquid</strong></span> <span class='ocrx_word' id='word_1_547' title='bbox 1451 3686 1609 3743; x_wconf 89' lang='lat' dir='ltr'><strong>alicui</strong></span> <span class='ocrx_word' id='word_1_548' title='bbox 1634 3687 1799 3761; x_wconf 87' lang='lat' dir='ltr'><strong>adop-</strong></span> 
     </span>
    </p>
   </div>
   <div class='ocr_carea' id='block_1_67' title="bbox 208 3774 1798 3851">
    <p class='ocr_par' dir='ltr' id='par_1_67' title="bbox 208 3774 1798 3851">
     <span class='ocr_line' id='line_1_67' title="bbox 208 3774 1798 3851; baseline 0.003 -20"><span class='ocrx_word' id='word_1_549' title='bbox 208 3776 325 3831; x_wconf 78' lang='lat' dir='ltr'><strong>tivo</strong></span> <span class='ocrx_word' id='word_1_550' title='bbox 355 3774 488 3843; x_wconf 86' lang='lat' dir='ltr'><strong>lilio,</strong></span> <span class='ocrx_word' id='word_1_551' title='bbox 540 3774 625 3830; x_wconf 90' lang='lat' dir='ltr'><strong>vel</strong></span> <span class='ocrx_word' id='word_1_552' title='bbox 671 3776 1036 3847; x_wconf 87' lang='lat' dir='ltr'><strong>nuncupativo</strong></span> <span class='ocrx_word' id='word_1_553' title='bbox 1061 3776 1173 3833; x_wconf 86' lang='lat' dir='ltr'><strong>Deo</strong></span> <span class='ocrx_word' id='word_1_554' title='bbox 1194 3779 1376 3833; x_wconf 91' lang='lat' dir='ltr'><strong>omnia</strong></span> <span class='ocrx_word' id='word_1_555' title='bbox 1404 3778 1651 3851; x_wconf 81' lang='lat' dir='ltr'><strong>subjecta</strong></span> <span class='ocrx_word' id='word_1_556' title='bbox 1674 3796 1798 3836; x_wconf 88' lang='lat' dir='ltr'><strong>esse</strong></span> 
     </span>
    </p>
   </div>
   <div class='ocr_carea' id='block_1_68' title="bbox 207 3864 1800 3942">
    <p class='ocr_par' dir='ltr' id='par_1_68' title="bbox 207 3864 1800 3942">
     <span class='ocr_line' id='line_1_68' title="bbox 207 3864 1800 3942; baseline 0.001 -19"><span class='ocrx_word' id='word_1_557' title='bbox 207 3864 546 3923; x_wconf 82' lang='lat' dir='ltr'><strong>credendum</strong></span> <span class='ocrx_word' id='word_1_558' title='bbox 572 3875 679 3929; x_wconf 82' lang='lat' dir='ltr'><strong>est.</strong></span> <span class='ocrx_word' id='word_1_559' title='bbox 722 3876 780 3921; x_wconf 88' lang='lat' dir='ltr'><strong>et</strong></span> <span class='ocrx_word' id='word_1_560' title='bbox 833 3881 941 3922; x_wconf 92' lang='lat' dir='ltr'><strong>non</strong></span> <span class='ocrx_word' id='word_1_561' title='bbox 998 3868 1172 3938; x_wconf 89' lang='lat' dir='ltr'><strong>magis</strong></span> <span class='ocrx_word' id='word_1_562' title='bbox 1218 3867 1294 3924; x_wconf 89' lang='lat' dir='ltr'><strong>illi</strong></span> <span class='ocrx_word' id='word_1_563' title='bbox 1342 3868 1465 3934; x_wconf 88' lang='lat' dir='ltr'><strong>soli,</strong></span> <span class='ocrx_word' id='word_1_564' title='bbox 1530 3871 1623 3942; x_wconf 89' lang='lat' dir='ltr'><strong>qui</strong></span> <span class='ocrx_word' id='word_1_565' title='bbox 1676 3872 1800 3927; x_wconf 91' lang='lat' dir='ltr'><strong>uni-</strong></span> 
     </span>
    </p>
   </div>
   <div class='ocr_carea' id='block_1_69' title="bbox 205 3957 1802 4031">
    <p class='ocr_par' dir='ltr' id='par_1_69' title="bbox 205 3957 1802 4031">
     <span class='ocr_line' id='line_1_69' title="bbox 205 3957 1802 4031; baseline 0.004 -17"><span class='ocrx_word' id='word_1_566' title='bbox 205 3957 431 4031; x_wconf 86' lang='lat' dir='ltr'><strong>genitus</strong></span> <span class='ocrx_word' id='word_1_567' title='bbox 469 3965 576 4024; x_wconf 89' lang='lat' dir='ltr'><strong>est,</strong></span> <span class='ocrx_word' id='word_1_568' title='bbox 603 3964 661 4013; x_wconf 91' lang='lat' dir='ltr'><strong>et</strong></span> <span class='ocrx_word' id='word_1_569' title='bbox 696 3958 948 4028; x_wconf 86' lang='lat' dir='ltr'><strong>proprius</strong></span> <span class='ocrx_word' id='word_1_570' title='bbox 975 3957 1071 4015; x_wconf 85' lang='lat' dir='ltr'><strong>Dei</strong></span> <span class='ocrx_word' id='word_1_571' title='bbox 1101 3958 1269 4016; x_wconf 80' lang='lat' dir='ltr'><strong>Filius</strong></span> <span class='ocrx_word' id='word_1_572' title='bbox 1307 3961 1359 4016; x_wconf 91' lang='lat' dir='ltr'><strong>in</strong></span> <span class='ocrx_word' id='word_1_573' title='bbox 1410 3962 1639 4019; x_wconf 88' lang='lat' dir='ltr'><strong>duarum</strong></span> <span class='ocrx_word' id='word_1_574' title='bbox 1668 3980 1802 4021; x_wconf 90' lang='lat' dir='ltr'><strong>con-</strong></span> 
     </span>
    </p>
   </div>
   <div class='ocr_carea' id='block_1_70' title="bbox 199 4048 1798 4122">
    <p class='ocr_par' dir='ltr' id='par_1_70' title="bbox 199 4048 1798 4122">
     <span class='ocr_line' id='line_1_70' title="bbox 199 4048 1798 4122; baseline 0.005 -18"><span class='ocrx_word' id='word_1_575' title='bbox 199 4048 493 4120; x_wconf 71' lang='lat' dir='ltr'><strong>iunctione</strong></span> <span class='ocrx_word' id='word_1_576' title='bbox 514 4049 859 4104; x_wconf 80' lang='lat' dir='ltr'><strong>naturarum?</strong></span> <span class='ocrx_word' id='word_1_577' title='bbox 879 4049 956 4105; x_wconf 87' lang='lat' dir='ltr'><strong>De</strong></span> <span class='ocrx_word' id='word_1_578' title='bbox 976 4067 1085 4121; x_wconf 90' lang='lat' dir='ltr'><strong>quo</strong></span> <span class='ocrx_word' id='word_1_579' title='bbox 1092 4052 1351 4122; x_wconf 58' lang='lat' dir='ltr'><strong>praefatus</strong></span> <span class='ocrx_word' id='word_1_580' title='bbox 1376 4054 1659 4112; x_wconf 86' lang='lat' dir='ltr'><strong>Psalmista</strong></span> <span class='ocrx_word' id='word_1_581' title='bbox 1677 4057 1798 4114; x_wconf 88' lang='lat' dir='ltr'><strong>lau-</strong></span> 
     </span>
    </p>
   </div>
   <div class='ocr_carea' id='block_1_71' title="bbox 207 4140 1801 4214">
    <p class='ocr_par' dir='ltr' id='par_1_71' title="bbox 207 4140 1801 4214">
     <span class='ocr_line' id='line_1_71' title="bbox 207 4140 1801 4214; baseline 0.004 -16"><span class='ocrx_word' id='word_1_582' title='bbox 207 4140 381 4198; x_wconf 82' lang='lat' dir='ltr'><strong>dabili</strong></span> <span class='ocrx_word' id='word_1_583' title='bbox 402 4149 627 4211; x_wconf 87' lang='lat' dir='ltr'><strong>peracto</strong></span> <span class='ocrx_word' id='word_1_584' title='bbox 666 4141 856 4196; x_wconf 87' lang='lat' dir='ltr'><strong>salutis</strong></span> <span class='ocrx_word' id='word_1_585' title='bbox 895 4152 1096 4198; x_wconf 71' lang='lat' dir='ltr'><strong>nostra:</strong></span> <span class='ocrx_word' id='word_1_586' title='bbox 1125 4144 1398 4214; x_wconf 87' lang='lat' dir='ltr'><strong>triumpho</strong></span> <span class='ocrx_word' id='word_1_587' title='bbox 1417 4148 1492 4201; x_wconf 89' lang='lat' dir='ltr'><strong>ait</strong></span> <span class='ocrx_word' id='word_1_588' title='bbox 1517 4165 1531 4201; x_wconf 92' lang='lat'><strong>:</strong></span> <span class='ocrx_word' id='word_1_589' title='bbox 1555 4148 1801 4205; x_wconf 81' lang='lat' dir='ltr'><strong>Ascendit</strong></span> 
     </span>
    </p>
   </div>
   <div class='ocr_carea' id='block_1_72' title="bbox 208 4231 1796 4314">
    <p class='ocr_par' dir='ltr' id='par_1_72' title="bbox 208 4231 1796 4314">
     <span class='ocr_line' id='line_1_72' title="bbox 208 4231 1796 4314; baseline 0.003 -20"><span class='ocrx_word' id='word_1_590' title='bbox 208 4235 359 4294; x_wconf 84' lang='lat' dir='ltr'><strong>Deus</strong></span> <span class='ocrx_word' id='word_1_591' title='bbox 401 4235 457 4293; x_wconf 83' lang='lat' dir='ltr'><strong>itt</strong></span> <span class='ocrx_word' id='word_1_592' title='bbox 471 4231 813 4309; x_wconf 70' lang='lat' dir='ltr'><strong>jubilatioae,</strong></span> <span class='ocrx_word' id='word_1_593' title='bbox 859 4244 908 4291; x_wconf 70' lang='lat' dir='ltr'><strong>et</strong></span> <span class='ocrx_word' id='word_1_594' title='bbox 938 4235 1193 4293; x_wconf 86' lang='lat' dir='ltr'><strong>Dom&#39;nus</strong></span> <span class='ocrx_word' id='word_1_595' title='bbox 1218 4239 1275 4293; x_wconf 83' lang='lat' dir='ltr'><strong>in</strong></span> <span class='ocrx_word' id='word_1_596' title='bbox 1299 4256 1419 4295; x_wconf 82' lang='lat' dir='ltr'><strong>voce</strong></span> <span class='ocrx_word' id='word_1_597' title='bbox 1456 4242 1594 4297; x_wconf 79' lang='lat' dir='ltr'><strong>tubte</strong></span> <span class='ocrx_word' id='word_1_598' title='bbox 1623 4240 1796 4314; x_wconf 88' lang='lat' dir='ltr'><strong>(Psal.</strong></span> 
     </span>
    </p>
   </div>
   <div class='ocr_carea' id='block_1_73' title="bbox 209 4326 1798 4400">
    <p class='ocr_par' dir='ltr' id='par_1_73' title="bbox 209 4326 1798 4400">
     <span class='ocr_line' id='line_1_73' title="bbox 209 4326 1798 4400; baseline 0.001 -15"><span class='ocrx_word' id='word_1_599' title='bbox 209 4344 367 4393; x_wconf 75' lang='lat' dir='ltr'><strong>xcvi,</strong></span> <span class='ocrx_word' id='word_1_600' title='bbox 394 4326 472 4400; x_wconf 86' lang='lat'><strong>6).</strong></span> <span class='ocrx_word' id='word_1_601' title='bbox 521 4326 665 4383; x_wconf 83' lang='lat' dir='ltr'><strong>Deus</strong></span> <span class='ocrx_word' id='word_1_602' title='bbox 712 4327 964 4393; x_wconf 85' lang='lat' dir='ltr'><strong>ascendit,</strong></span> <span class='ocrx_word' id='word_1_603' title='bbox 1017 4328 1172 4395; x_wconf 87' lang='lat' dir='ltr'><strong>dixit,</strong></span> <span class='ocrx_word' id='word_1_604' title='bbox 1203 4336 1261 4383; x_wconf 89' lang='lat' dir='ltr'><strong>et</strong></span> <span class='ocrx_word' id='word_1_605' title='bbox 1307 4328 1565 4386; x_wconf 86' lang='lat' dir='ltr'><strong>Dominus</strong></span> <span class='ocrx_word' id='word_1_606' title='bbox 1611 4334 1798 4388; x_wconf 79' lang='lat' dir='ltr'><strong>ueniet.</strong></span> 
     </span>
    </p>
   </div>
   <div class='ocr_carea' id='block_1_74' title="bbox 209 4417 1797 4492">
    <p class='ocr_par' dir='ltr' id='par_1_74' title="bbox 209 4417 1797 4492">
     <span class='ocr_line' id='line_1_74' title="bbox 209 4417 1797 4492; baseline 0.004 -18"><span class='ocrx_word' id='word_1_607' title='bbox 209 4421 339 4489; x_wconf 81' lang='lat' dir='ltr'><strong>Quo</strong></span> <span class='ocrx_word' id='word_1_608' title='bbox 365 4417 636 4475; x_wconf 87' lang='lat' dir='ltr'><strong>versiculo</strong></span> <span class='ocrx_word' id='word_1_609' title='bbox 654 4419 805 4489; x_wconf 87' lang='lat' dir='ltr'><strong>paria</strong></span> <span class='ocrx_word' id='word_1_610' title='bbox 837 4418 1163 4475; x_wconf 88' lang='lat' dir='ltr'><strong>ascendente</strong></span> <span class='ocrx_word' id='word_1_611' title='bbox 1186 4418 1404 4474; x_wconf 84' lang='lat' dir='ltr'><strong>Christo</strong></span> <span class='ocrx_word' id='word_1_612' title='bbox 1424 4422 1667 4492; x_wconf 86' lang='lat' dir='ltr'><strong>angelica</strong></span> <span class='ocrx_word' id='word_1_613' title='bbox 1697 4439 1797 4481; x_wconf 89' lang='lat' dir='ltr'><strong>vox</strong></span> 
     </span>
    </p>
   </div>
   <div class='ocr_carea' id='block_1_75' title="bbox 211 4510 1799 4585">
    <p class='ocr_par' dir='ltr' id='par_1_75' title="bbox 211 4510 1799 4585">
     <span class='ocr_line' id='line_1_75' title="bbox 211 4510 1799 4585; baseline 0.003 -17"><span class='ocrx_word' id='word_1_614' title='bbox 211 4511 533 4584; x_wconf 83' lang='lat' dir='ltr'><strong>apostolicis</strong></span> <span class='ocrx_word' id='word_1_615' title='bbox 585 4512 828 4567; x_wconf 83' lang='lat' dir='ltr'><strong>insonuit</strong></span> <span class='ocrx_word' id='word_1_616' title='bbox 864 4512 1109 4577; x_wconf 87' lang='lat' dir='ltr'><strong>auribus,</strong></span> <span class='ocrx_word' id='word_1_617' title='bbox 1139 4511 1368 4569; x_wconf 84' lang='lat' dir='ltr'><strong>dicens:</strong></span> <span class='ocrx_word' id='word_1_618' title='bbox 1410 4510 1521 4567; x_wconf 81' lang='lat' dir='ltr'><strong>Viri</strong></span> <span class='ocrx_word' id='word_1_619' title='bbox 1564 4513 1799 4585; x_wconf 76' lang='lat' dir='ltr'><strong>Caliltei,</strong></span> 
     </span>
    </p>
   </div>
   <div class='ocr_carea' id='block_1_76' title="bbox 1899 3411 3490 3483">
    <p class='ocr_par' dir='ltr' id='par_1_76' title="bbox 1899 3411 3490 3483">
     <span class='ocr_line' id='line_1_76' title="bbox 1899 3411 3490 3483; baseline 0.001 -19"><span class='ocrx_word' id='word_1_620' title='bbox 1899 3411 2205 3481; x_wconf 77' lang='lat' dir='ltr'><strong>auferetur;</strong></span> <span class='ocrx_word' id='word_1_621' title='bbox 2255 3420 2304 3466; x_wconf 84' lang='lat' dir='ltr'><strong>et</strong></span> <span class='ocrx_word' id='word_1_622' title='bbox 2351 3426 2567 3483; x_wconf 86' lang='lat' dir='ltr'><strong>regnum</strong></span> <span class='ocrx_word' id='word_1_623' title='bbox 2618 3411 2754 3481; x_wconf 89' lang='lat' dir='ltr'><strong>ejus,</strong></span> <span class='ocrx_word' id='word_1_624' title='bbox 2798 3412 2938 3483; x_wconf 87' lang='lat' dir='ltr'><strong>quod</strong></span> <span class='ocrx_word' id='word_1_625' title='bbox 2994 3428 3097 3465; x_wconf 88' lang='lat' dir='ltr'><strong>non</strong></span> <span class='ocrx_word' id='word_1_626' title='bbox 3127 3421 3490 3482; x_wconf 85' lang='lat' dir='ltr'><strong>corrumpetur</strong></span> 
     </span>
    </p>
   </div>
   <div class='ocr_carea' id='block_1_77' title="bbox 1899 3499 3486 3575">
    <p class='ocr_par' dir='ltr' id='par_1_77' title="bbox 1899 3499 3486 3575">
     <span class='ocr_line' id='line_1_77' title="bbox 1899 3499 3486 3575; baseline 0.001 -20"><span class='ocrx_word' id='word_1_627' title='bbox 1899 3501 2064 3574; x_wconf 83' lang='lat' dir='ltr'><strong>(Dan.</strong></span> <span class='ocrx_word' id='word_1_628' title='bbox 2098 3516 2195 3568; x_wconf 85' lang='lat' dir='ltr'><strong>vn,</strong></span> <span class='ocrx_word' id='word_1_629' title='bbox 2223 3500 2430 3575; x_wconf 73' lang='grc'><strong>15-14).</strong></span> <span class='ocrx_word' id='word_1_630' title='bbox 2461 3500 2563 3558; x_wconf 87' lang='lat' dir='ltr'><strong>Cui</strong></span> <span class='ocrx_word' id='word_1_631' title='bbox 2591 3500 2785 3558; x_wconf 89' lang='lat' dir='ltr'><strong>beatus</strong></span> <span class='ocrx_word' id='word_1_632' title='bbox 2814 3499 3052 3557; x_wconf 80' lang='lat' dir='ltr'><strong>Joannes</strong></span> <span class='ocrx_word' id='word_1_633' title='bbox 3072 3502 3409 3571; x_wconf 83' lang='lat' dir='ltr'><strong>evangelista</strong></span> <span class='ocrx_word' id='word_1_634' title='bbox 3433 3503 3486 3557; x_wconf 92' lang='lat' dir='ltr'><strong>in</strong></span> 
     </span>
    </p>
   </div>
   <div class='ocr_carea' id='block_1_78' title="bbox 1900 3591 3492 3665">
    <p class='ocr_par' dir='ltr' id='par_1_78' title="bbox 1900 3591 3492 3665">
     <span class='ocr_line' id='line_1_78' title="bbox 1900 3591 3492 3665; baseline 0 -16"><span class='ocrx_word' id='word_1_635' title='bbox 1900 3592 2321 3649; x_wconf 82' lang='lat' dir='ltr'><strong>rcvelatlonibus</strong></span> <span class='ocrx_word' id='word_1_636' title='bbox 2342 3594 2459 3649; x_wconf 89' lang='lat' dir='ltr'><strong>suis</strong></span> <span class='ocrx_word' id='word_1_637' title='bbox 2485 3594 2643 3650; x_wconf 85' lang='lat' dir='ltr'><strong>valde</strong></span> <span class='ocrx_word' id='word_1_638' title='bbox 2662 3593 2889 3665; x_wconf 58' lang='lat' dir='ltr'><strong>aequalia</strong></span> <span class='ocrx_word' id='word_1_639' title='bbox 2926 3610 2985 3651; x_wconf 89' lang='lat' dir='ltr'><strong>se</strong></span> <span class='ocrx_word' id='word_1_640' title='bbox 3020 3594 3220 3650; x_wconf 84' lang='lat' dir='ltr'><strong>vidisse</strong></span> <span class='ocrx_word' id='word_1_641' title='bbox 3243 3592 3310 3649; x_wconf 92' lang='lat' dir='ltr'><strong>de</strong></span> <span class='ocrx_word' id='word_1_642' title='bbox 3331 3591 3492 3649; x_wconf 86' lang='lat' dir='ltr'><strong>Chri-</strong></span> 
     </span>
    </p>
   </div>
   <div class='ocr_carea' id='block_1_79' title="bbox 1899 3685 3492 3758">
    <p class='ocr_par' dir='ltr' id='par_1_79' title="bbox 1899 3685 3492 3758">
     <span class='ocr_line' id='line_1_79' title="bbox 1899 3685 3492 3758; baseline 0.001 -16"><span class='ocrx_word' id='word_1_643' title='bbox 1899 3697 2008 3750; x_wconf 85' lang='lat' dir='ltr'><strong>sto,</strong></span> <span class='ocrx_word' id='word_1_644' title='bbox 2038 3688 2130 3757; x_wconf 85' lang='lat' dir='ltr'><strong>qui</strong></span> <span class='ocrx_word' id='word_1_645' title='bbox 2156 3687 2371 3742; x_wconf 89' lang='lat' dir='ltr'><strong>occisus</strong></span> <span class='ocrx_word' id='word_1_646' title='bbox 2396 3694 2501 3753; x_wconf 88' lang='lat' dir='ltr'><strong>est,</strong></span> <span class='ocrx_word' id='word_1_647' title='bbox 2530 3694 2763 3742; x_wconf 84' lang='lat' dir='ltr'><strong>testatur</strong></span> <span class='ocrx_word' id='word_1_648' title='bbox 2792 3705 2805 3741; x_wconf 93' lang='lat'>:</span> <span class='ocrx_word' id='word_1_649' title='bbox 2834 3685 2900 3741; x_wconf 86' lang='lat' dir='ltr'><strong>Et</strong></span> <span class='ocrx_word' id='word_1_650' title='bbox 2924 3687 3048 3753; x_wconf 76' lang='lat' dir='ltr'><strong>vidi,</strong></span> <span class='ocrx_word' id='word_1_651' title='bbox 3074 3688 3271 3758; x_wconf 87' lang='lat' dir='ltr'><strong>inquit,</strong></span> <span class='ocrx_word' id='word_1_652' title='bbox 3298 3698 3345 3741; x_wconf 88' lang='lat' dir='ltr'><strong>et</strong></span> <span class='ocrx_word' id='word_1_653' title='bbox 3375 3704 3492 3743; x_wconf 87' lang='lat' dir='ltr'><strong>ecce</strong></span> 
     </span>
    </p>
   </div>
   <div class='ocr_carea' id='block_1_80' title="bbox 1898 3775 3494 3852">
    <p class='ocr_par' dir='ltr' id='par_1_80' title="bbox 1898 3775 3494 3852">
     <span class='ocr_line' id='line_1_80' title="bbox 1898 3775 3494 3852; baseline 0.001 -18"><span class='ocrx_word' id='word_1_654' title='bbox 1898 3781 1955 3835; x_wconf 86' lang='lat' dir='ltr'><strong>in</strong></span> <span class='ocrx_word' id='word_1_655' title='bbox 1981 3781 2154 3835; x_wconf 80' lang='lat' dir='ltr'><strong>medio</strong></span> <span class='ocrx_word' id='word_1_656' title='bbox 2183 3781 2357 3836; x_wconf 85' lang='lat' dir='ltr'><strong>throni</strong></span> <span class='ocrx_word' id='word_1_657' title='bbox 2379 3775 2609 3852; x_wconf 75' lang='lat' dir='ltr'><strong>quatuor</strong></span> <span class='ocrx_word' id='word_1_658' title='bbox 2647 3781 2923 3845; x_wconf 86' lang='lat' dir='ltr'><strong>animalia,</strong></span> <span class='ocrx_word' id='word_1_659' title='bbox 2972 3790 3020 3835; x_wconf 88' lang='lat' dir='ltr'><strong>et</strong></span> <span class='ocrx_word' id='word_1_660' title='bbox 3047 3782 3101 3835; x_wconf 90' lang='lat' dir='ltr'><strong>in</strong></span> <span class='ocrx_word' id='word_1_661' title='bbox 3127 3780 3296 3835; x_wconf 76' lang='lat' dir='ltr'><strong>medio</strong></span> <span class='ocrx_word' id='word_1_662' title='bbox 3324 3782 3494 3836; x_wconf 84' lang='lat' dir='ltr'><strong>senio-</strong></span> 
     </span>
    </p>
   </div>
   <div class='ocr_carea' id='block_1_81' title="bbox 1901 3872 3495 3943">
    <p class='ocr_par' dir='ltr' id='par_1_81' title="bbox 1901 3872 3495 3943">
     <span class='ocr_line' id='line_1_81' title="bbox 1901 3872 3495 3943; baseline 0.001 -18"><span class='ocrx_word' id='word_1_663' title='bbox 1901 3885 2019 3925; x_wconf 80' lang='lat' dir='ltr'><strong>rum</strong></span> <span class='ocrx_word' id='word_1_664' title='bbox 2054 3886 2252 3942; x_wconf 80' lang='lat' dir='ltr'><strong>agnum</strong></span> <span class='ocrx_word' id='word_1_665' title='bbox 2277 3879 2503 3926; x_wconf 83' lang='lat' dir='ltr'><strong>stantem</strong></span> <span class='ocrx_word' id='word_1_666' title='bbox 2528 3879 2779 3943; x_wconf 84' lang='lat' dir='ltr'><strong>tanquam</strong></span> <span class='ocrx_word' id='word_1_667' title='bbox 2801 3872 3048 3937; x_wconf 89' lang='lat' dir='ltr'><strong>occisum,</strong></span> <span class='ocrx_word' id='word_1_668' title='bbox 3080 3872 3353 3927; x_wconf 81' lang='lat' dir='ltr'><strong>habentem</strong></span> <span class='ocrx_word' id='word_1_669' title='bbox 3376 3889 3495 3926; x_wconf 87' lang='lat' dir='ltr'><strong>cor-</strong></span> 
     </span>
    </p>
   </div>
   <div class='ocr_carea' id='block_1_82' title="bbox 1902 3960 3493 4035">
    <p class='ocr_par' dir='ltr' id='par_1_82' title="bbox 1902 3960 3493 4035">
     <span class='ocr_line' id='line_1_82' title="bbox 1902 3960 3493 4035; baseline 0.002 -20"><span class='ocrx_word' id='word_1_670' title='bbox 1902 3978 2008 4016; x_wconf 83' lang='lat' dir='ltr'><strong>nua</strong></span> <span class='ocrx_word' id='word_1_671' title='bbox 2028 3971 2246 4033; x_wconf 81' lang='lat' dir='ltr'><strong>septem,</strong></span> <span class='ocrx_word' id='word_1_672' title='bbox 2268 3971 2317 4017; x_wconf 87' lang='lat' dir='ltr'><strong>et</strong></span> <span class='ocrx_word' id='word_1_673' title='bbox 2345 3960 2525 4017; x_wconf 88' lang='lat' dir='ltr'><strong>oculos</strong></span> <span class='ocrx_word' id='word_1_674' title='bbox 2551 3972 2765 4035; x_wconf 81' lang='lat' dir='ltr'><strong>septem,</strong></span> <span class='ocrx_word' id='word_1_675' title='bbox 2794 3965 2885 4034; x_wconf 88' lang='lat' dir='ltr'><strong>qui</strong></span> <span class='ocrx_word' id='word_1_676' title='bbox 2906 3973 3024 4018; x_wconf 87' lang='lat' dir='ltr'><strong>sunt</strong></span> <span class='ocrx_word' id='word_1_677' title='bbox 3058 3973 3247 4034; x_wconf 86' lang='lat' dir='ltr'><strong>septem</strong></span> <span class='ocrx_word' id='word_1_678' title='bbox 3277 3964 3493 4034; x_wconf 86' lang='lat' dir='ltr'><strong>spiritus</strong></span> 
     </span>
    </p>
   </div>
   <div class='ocr_carea' id='block_1_83' title="bbox 1899 4049 3490 4125">
    <p class='ocr_par' dir='ltr' id='par_1_83' title="bbox 1899 4049 3490 4125">
     <span class='ocr_line' id='line_1_83' title="bbox 1899 4049 3490 4125; baseline 0.001 -20"><span class='ocrx_word' id='word_1_679' title='bbox 1899 4050 2000 4105; x_wconf 87' lang='lat' dir='ltr'><strong>Dei</strong></span> <span class='ocrx_word' id='word_1_680' title='bbox 2018 4051 2166 4106; x_wconf 76' lang='lat' dir='ltr'><strong>missi</strong></span> <span class='ocrx_word' id='word_1_681' title='bbox 2187 4052 2243 4105; x_wconf 91' lang='lat' dir='ltr'><strong>in</strong></span> <span class='ocrx_word' id='word_1_682' title='bbox 2268 4065 2473 4106; x_wconf 77' lang='lat' dir='ltr'><strong>omnem</strong></span> <span class='ocrx_word' id='word_1_683' title='bbox 2495 4060 2690 4107; x_wconf 86' lang='lat' dir='ltr'><strong>terram</strong></span> <span class='ocrx_word' id='word_1_684' title='bbox 2715 4049 2899 4124; x_wconf 79' lang='lat' dir='ltr'><strong>(Apoc.</strong></span> <span class='ocrx_word' id='word_1_685' title='bbox 2930 4069 2988 4119; x_wconf 85' lang='lat' dir='ltr'><strong>v,</strong></span> <span class='ocrx_word' id='word_1_686' title='bbox 3012 4053 3090 4123; x_wconf 82' lang='grc' dir='ltr'><strong>ϐ).</strong></span> <span class='ocrx_word' id='word_1_687' title='bbox 3115 4052 3181 4108; x_wconf 88' lang='grc' dir='ltr'><strong>Ει</strong></span> <span class='ocrx_word' id='word_1_688' title='bbox 3206 4062 3330 4125; x_wconf 90' lang='lat' dir='ltr'><strong>post</strong></span> <span class='ocrx_word' id='word_1_689' title='bbox 3348 4068 3490 4123; x_wconf 87' lang='lat' dir='ltr'><strong>pau—</strong></span> 
     </span>
    </p>
   </div>
   <div class='ocr_carea' id='block_1_84' title="bbox 1898 4143 3492 4216">
    <p class='ocr_par' dir='ltr' id='par_1_84' title="bbox 1898 4143 3492 4216">
     <span class='ocr_line' id='line_1_84' title="bbox 1898 4143 3492 4216; baseline 0.003 -18"><span class='ocrx_word' id='word_1_690' title='bbox 1898 4159 1986 4209; x_wconf 90' lang='lat' dir='ltr'><strong>ca,</strong></span> <span class='ocrx_word' id='word_1_691' title='bbox 2012 4151 2247 4214; x_wconf 86' lang='lat' dir='ltr'><strong>quatuor</strong></span> <span class='ocrx_word' id='word_1_692' title='bbox 2265 4143 2519 4200; x_wconf 85' lang='lat' dir='ltr'><strong>animalia</strong></span> <span class='ocrx_word' id='word_1_693' title='bbox 2545 4153 2601 4201; x_wconf 88' lang='lat' dir='ltr'><strong>et</strong></span> <span class='ocrx_word' id='word_1_694' title='bbox 2621 4145 2809 4216; x_wconf 77' lang='lat' dir='ltr'><strong>viginti</strong></span> <span class='ocrx_word' id='word_1_695' title='bbox 2835 4155 3068 4215; x_wconf 87' lang='lat' dir='ltr'><strong>quatuor</strong></span> <span class='ocrx_word' id='word_1_696' title='bbox 3095 4148 3339 4203; x_wconf 88' lang='lat' dir='ltr'><strong>seniores</strong></span> <span class='ocrx_word' id='word_1_697' title='bbox 3358 4162 3492 4203; x_wconf 87' lang='lat' dir='ltr'><strong>can-</strong></span> 
     </span>
    </p>
   </div>
   <div class='ocr_carea' id='block_1_85' title="bbox 1896 4233 3489 4310">
    <p class='ocr_par' dir='ltr' id='par_1_85' title="bbox 1896 4233 3489 4310">
     <span class='ocr_line' id='line_1_85' title="bbox 1896 4233 3489 4310; baseline 0.001 -19"><span class='ocrx_word' id='word_1_698' title='bbox 1896 4245 2028 4310; x_wconf 73' lang='lat' dir='ltr'><strong>tare</strong></span> <span class='ocrx_word' id='word_1_699' title='bbox 2042 4242 2307 4291; x_wconf 85' lang='lat' dir='ltr'><strong>memorat</strong></span> <span class='ocrx_word' id='word_1_700' title='bbox 2331 4253 2345 4289; x_wconf 90' lang='lat'><strong>:</strong></span> <span class='ocrx_word' id='word_1_701' title='bbox 2372 4235 2578 4307; x_wconf 87' lang='lat' dir='ltr'><strong>Dignus</strong></span> <span class='ocrx_word' id='word_1_702' title='bbox 2601 4252 2675 4302; x_wconf 90' lang='lat' dir='ltr'><strong>es,</strong></span> <span class='ocrx_word' id='word_1_703' title='bbox 2707 4233 2931 4292; x_wconf 87' lang='lat' dir='ltr'><strong>Domine</strong></span> <span class='ocrx_word' id='word_1_704' title='bbox 2956 4234 3121 4302; x_wconf 89' lang='lat' dir='ltr'><strong>Deus,</strong></span> <span class='ocrx_word' id='word_1_705' title='bbox 3156 4239 3391 4309; x_wconf 85' lang='lat' dir='ltr'><strong>accipere</strong></span> <span class='ocrx_word' id='word_1_706' title='bbox 3421 4237 3489 4292; x_wconf 86' lang='lat' dir='ltr'><strong>li—</strong></span> 
     </span>
    </p>
   </div>
   <div class='ocr_carea' id='block_1_86' title="bbox 1902 4325 3494 4397">
    <p class='ocr_par' dir='ltr' id='par_1_86' title="bbox 1902 4325 3494 4397">
     <span class='ocr_line' id='line_1_86' title="bbox 1902 4325 3494 4397; baseline 0.001 -15"><span class='ocrx_word' id='word_1_707' title='bbox 1902 4326 2052 4383; x_wconf 80' lang='lat' dir='ltr'><strong>brum</strong></span> <span class='ocrx_word' id='word_1_708' title='bbox 2089 4335 2139 4380; x_wconf 88' lang='lat' dir='ltr'><strong>et</strong></span> <span class='ocrx_word' id='word_1_709' title='bbox 2166 4325 2365 4380; x_wconf 84' lang='lat' dir='ltr'><strong>solvere</strong></span> <span class='ocrx_word' id='word_1_710' title='bbox 2404 4326 2678 4397; x_wconf 86' lang='lat' dir='ltr'><strong>signacula</strong></span> <span class='ocrx_word' id='word_1_711' title='bbox 2706 4325 2845 4396; x_wconf 90' lang='lat' dir='ltr'><strong>ejus,</strong></span> <span class='ocrx_word' id='word_1_712' title='bbox 2886 4328 3137 4385; x_wconf 76' lang='lat' dir='ltr'><strong>quoniam</strong></span> <span class='ocrx_word' id='word_1_713' title='bbox 3172 4331 3373 4383; x_wconf 89' lang='lat' dir='ltr'><strong>occisus</strong></span> <span class='ocrx_word' id='word_1_714' title='bbox 3416 4346 3494 4397; x_wconf 88' lang='lat' dir='ltr'><strong>es,</strong></span> 
     </span>
    </p>
   </div>
   <div class='ocr_carea' id='block_1_87' title="bbox 1901 4416 3495 4490">
    <p class='ocr_par' dir='ltr' id='par_1_87' title="bbox 1901 4416 3495 4490">
     <span class='ocr_line' id='line_1_87' title="bbox 1901 4416 3495 4490; baseline 0.003 -18"><span class='ocrx_word' id='word_1_715' title='bbox 1901 4428 1952 4472; x_wconf 85' lang='lat' dir='ltr'><strong>et</strong></span> <span class='ocrx_word' id='word_1_716' title='bbox 1979 4417 2243 4472; x_wconf 85' lang='lat' dir='ltr'><strong>redemisti</strong></span> <span class='ocrx_word' id='word_1_717' title='bbox 2281 4433 2375 4471; x_wconf 88' lang='lat' dir='ltr'><strong>nos</strong></span> <span class='ocrx_word' id='word_1_718' title='bbox 2407 4416 2513 4471; x_wconf 88' lang='lat' dir='ltr'><strong>Deo</strong></span> <span class='ocrx_word' id='word_1_719' title='bbox 2540 4417 2595 4471; x_wconf 90' lang='lat' dir='ltr'><strong>in</strong></span> <span class='ocrx_word' id='word_1_720' title='bbox 2617 4418 2871 4489; x_wconf 87' lang='lat' dir='ltr'><strong>sanguine</strong></span> <span class='ocrx_word' id='word_1_721' title='bbox 2893 4427 2985 4473; x_wconf 89' lang='lat' dir='ltr'><strong>tuo</strong></span> <span class='ocrx_word' id='word_1_722' title='bbox 3010 4418 3171 4490; x_wconf 80' lang='lat' dir='ltr'><strong>(Ibid.</strong></span> <span class='ocrx_word' id='word_1_723' title='bbox 3200 4421 3255 4486; x_wconf 90' lang='lat'><strong>8,</strong></span> <span class='ocrx_word' id='word_1_724' title='bbox 3285 4419 3361 4490; x_wconf 87' lang='lat'><strong>9).</strong></span> <span class='ocrx_word' id='word_1_725' title='bbox 3395 4419 3495 4476; x_wconf 89' lang='lat' dir='ltr'><strong>Cui</strong></span> 
     </span>
    </p>
   </div>
   <div class='ocr_carea' id='block_1_88' title="bbox 1901 4510 3493 4579">
    <p class='ocr_par' dir='ltr' id='par_1_88' title="bbox 1901 4510 3493 4579">
     <span class='ocr_line' id='line_1_88' title="bbox 1901 4510 3493 4579; baseline 0.004 -16"><span class='ocrx_word' id='word_1_726' title='bbox 1901 4510 2142 4567; x_wconf 66' lang='lat' dir='ltr'><strong>victoria:</strong></span> <span class='ocrx_word' id='word_1_727' title='bbox 2161 4510 2338 4565; x_wconf 84' lang='lat' dir='ltr'><strong>omnis</strong></span> <span class='ocrx_word' id='word_1_728' title='bbox 2356 4510 2619 4564; x_wconf 71' lang='lat' dir='ltr'><strong>cmlorum</strong></span> <span class='ocrx_word' id='word_1_729' title='bbox 2643 4511 2915 4566; x_wconf 80' lang='lat' dir='ltr'><strong>exercitus</strong></span> <span class='ocrx_word' id='word_1_730' title='bbox 2937 4519 3245 4579; x_wconf 84' lang='lat' dir='ltr'><strong>attestatur,</strong></span> <span class='ocrx_word' id='word_1_731' title='bbox 3261 4513 3449 4568; x_wconf 87' lang='lat' dir='ltr'><strong>dicens</strong></span> <span class='ocrx_word' id='word_1_732' title='bbox 3479 4533 3493 4570; x_wconf 92' lang='lat'><strong>:</strong></span> 
     </span>
    </p>
   </div>
   <div class='ocr_carea' id='block_1_89' title="bbox 209 4601 3497 4714">
    <p class='ocr_par' dir='ltr' id='par_1_89' title="bbox 209 4601 3497 4714">
     <span class='ocr_line' id='line_1_89' title="bbox 209 4601 3497 4714; baseline 0.001 -56"><span class='ocrx_word' id='word_1_733' title='bbox 209 4603 346 4677; x_wconf 84' lang='lat' dir='ltr'><strong>quid</strong></span> <span class='ocrx_word' id='word_1_734' title='bbox 367 4602 455 4658; x_wconf 86' lang='lat' dir='ltr'><strong>hic</strong></span> <span class='ocrx_word' id='word_1_735' title='bbox 493 4602 646 4659; x_wconf 89' lang='lat' dir='ltr'><strong>statis</strong></span> <span class='ocrx_word' id='word_1_736' title='bbox 688 4604 1003 4676; x_wconf 84' lang='lat' dir='ltr'><strong>aspicientes</strong></span> <span class='ocrx_word' id='word_1_737' title='bbox 1033 4604 1090 4658; x_wconf 90' lang='lat' dir='ltr'><strong>in</strong></span> <span class='ocrx_word' id='word_1_738' title='bbox 1116 4604 1342 4659; x_wconf 70' lang='lat' dir='ltr'><strong>caelum?</strong></span> <span class='ocrx_word' id='word_1_739' title='bbox 1390 4606 1475 4660; x_wconf 87' lang='lat' dir='ltr'><strong>hic</strong></span> <span class='ocrx_word' id='word_1_740' title='bbox 1507 4604 1685 4673; x_wconf 74' lang='lat' dir='ltr'><strong>Iesus,</strong></span> <span class='ocrx_word' id='word_1_741' title='bbox 1712 4612 1802 4682; x_wconf 80' lang='lat' dir='ltr'><strong>qui</strong></span> <span class='ocrx_word' id='word_1_742' title='bbox 1833 4652 1883 4714; x_wconf 67' lang='grc' dir='ltr'><strong>Β</strong></span> <span class='ocrx_word' id='word_1_743' title='bbox 1905 4602 2107 4673; x_wconf 83' lang='lat' dir='ltr'><strong>Dignus</strong></span> <span class='ocrx_word' id='word_1_744' title='bbox 2134 4610 2213 4656; x_wconf 79' lang='lat' dir='ltr'><strong>est</strong></span> <span class='ocrx_word' id='word_1_745' title='bbox 2242 4618 2408 4673; x_wconf 88' lang='lat' dir='ltr'><strong>agnus</strong></span> <span class='ocrx_word' id='word_1_746' title='bbox 2432 4601 2522 4672; x_wconf 90' lang='lat' dir='ltr'><strong>qui</strong></span> <span class='ocrx_word' id='word_1_747' title='bbox 2552 4602 2754 4656; x_wconf 89' lang='lat' dir='ltr'><strong>occisus</strong></span> <span class='ocrx_word' id='word_1_748' title='bbox 2780 4612 2876 4668; x_wconf 86' lang='lat' dir='ltr'><strong>est,</strong></span> <span class='ocrx_word' id='word_1_749' title='bbox 2916 4604 3151 4677; x_wconf 88' lang='lat' dir='ltr'><strong>accipere</strong></span> <span class='ocrx_word' id='word_1_750' title='bbox 3180 4604 3426 4677; x_wconf 86' lang='lat' dir='ltr'><strong>gloriam,</strong></span> <span class='ocrx_word' id='word_1_751' title='bbox 3448 4618 3497 4661; x_wconf 91' lang='lat' dir='ltr'><strong>et</strong></span> 
     </span>
    </p>
   </div>
   <div class='ocr_carea' id='block_1_90' title="bbox 214 4692 3495 4769">
    <p class='ocr_par' dir='ltr' id='par_1_90' title="bbox 214 4692 3495 4769">
     <span class='ocr_line' id='line_1_90' title="bbox 214 4692 3495 4769; baseline 0.001 -19"><span class='ocrx_word' id='word_1_752' title='bbox 214 4706 520 4769; x_wconf 62' lang='lat' dir='ltr'><strong>assummus</strong></span> <span class='ocrx_word' id='word_1_753' title='bbox 558 4706 634 4751; x_wconf 87' lang='lat' dir='ltr'><strong>est</strong></span> <span class='ocrx_word' id='word_1_754' title='bbox 662 4714 696 4750; x_wconf 89' lang='lat' dir='ltr'><strong>a</strong></span> <span class='ocrx_word' id='word_1_755' title='bbox 739 4697 902 4762; x_wconf 77' lang='lat' dir='ltr'><strong>vobis,</strong></span> <span class='ocrx_word' id='word_1_756' title='bbox 938 4697 1015 4751; x_wconf 86' lang='lat' dir='ltr'><strong>sic</strong></span> <span class='ocrx_word' id='word_1_757' title='bbox 1044 4697 1225 4761; x_wconf 74' lang='lat' dir='ltr'><strong>veniet,</strong></span> <span class='ocrx_word' id='word_1_758' title='bbox 1264 4698 1701 4769; x_wconf 77' lang='lat' dir='ltr'><strong>quemadmodum</strong></span> <span class='ocrx_word' id='word_1_759' title='bbox 1728 4704 1805 4758; x_wconf 72' lang='grc' dir='ltr'><strong>υἱ-</strong></span> <span class='ocrx_word' id='word_1_760' title='bbox 1833 4692 1881 4714; x_wconf 81' lang='grc'><strong>⁸¹</strong></span> <span class='ocrx_word' id='word_1_761' title='bbox 1908 4693 2182 4758; x_wconf 88' lang='lat' dir='ltr'><strong>honorem,</strong></span> <span class='ocrx_word' id='word_1_762' title='bbox 2213 4702 2260 4747; x_wconf 91' lang='lat' dir='ltr'><strong>et</strong></span> <span class='ocrx_word' id='word_1_763' title='bbox 2299 4692 2645 4759; x_wconf 85' lang='lat' dir='ltr'><strong>divinitatem,</strong></span> <span class='ocrx_word' id='word_1_764' title='bbox 2682 4704 2732 4747; x_wconf 91' lang='lat' dir='ltr'><strong>et</strong></span> <span class='ocrx_word' id='word_1_765' title='bbox 2761 4694 3143 4764; x_wconf 77' lang='lat' dir='ltr'><strong>fortitudinem,</strong></span> <span class='ocrx_word' id='word_1_766' title='bbox 3175 4707 3221 4751; x_wconf 86' lang='lat' dir='ltr'><strong>et</strong></span> <span class='ocrx_word' id='word_1_767' title='bbox 3264 4708 3495 4767; x_wconf 84' lang='lat' dir='ltr'><strong>potesta-</strong></span> 
     </span>
    </p>
   </div>
   <div class='ocr_carea' id='block_1_91' title="bbox 214 4786 1807 4863">
    <p class='ocr_par' dir='ltr' id='par_1_91' title="bbox 214 4786 1807 4863">
     <span class='ocr_line' id='line_1_91' title="bbox 214 4786 1807 4863; baseline 0.003 -20"><span class='ocrx_word' id='word_1_768' title='bbox 214 4788 376 4843; x_wconf 87' lang='lat' dir='ltr'><strong>distis</strong></span> <span class='ocrx_word' id='word_1_769' title='bbox 423 4803 544 4842; x_wconf 86' lang='lat' dir='ltr'><strong>eum</strong></span> <span class='ocrx_word' id='word_1_770' title='bbox 594 4796 799 4841; x_wconf 85' lang='lat' dir='ltr'><strong>euntem</strong></span> <span class='ocrx_word' id='word_1_771' title='bbox 854 4787 911 4841; x_wconf 91' lang='lat' dir='ltr'><strong>in</strong></span> <span class='ocrx_word' id='word_1_772' title='bbox 966 4786 1154 4842; x_wconf 71' lang='lat' dir='ltr'><strong>uelum</strong></span> <span class='ocrx_word' id='word_1_773' title='bbox 1204 4788 1343 4860; x_wconf 78' lang='lat' dir='ltr'><strong>(Act.</strong></span> <span class='ocrx_word' id='word_1_774' title='bbox 1415 4790 1590 4862; x_wconf 72' lang='lat'><strong>1,“).</strong></span> <span class='ocrx_word' id='word_1_775' title='bbox 1641 4789 1807 4863; x_wconf 79' lang='lat' dir='ltr'><strong>Cujus</strong></span> 
     </span>
    </p>
   </div>
   <div class='ocr_carea' id='block_1_92' title="bbox 216 4876 1807 4953">
    <p class='ocr_par' dir='ltr' id='par_1_92' title="bbox 216 4876 1807 4953">
     <span class='ocr_line' id='line_1_92' title="bbox 216 4876 1807 4953; baseline 0.001 -19"><span class='ocrx_word' id='word_1_776' title='bbox 216 4879 491 4934; x_wconf 85' lang='lat' dir='ltr'><strong>adventus</strong></span> <span class='ocrx_word' id='word_1_777' title='bbox 535 4876 1026 4933; x_wconf 81' lang='lat' dir='ltr'><strong>manifestationem</strong></span> <span class='ocrx_word' id='word_1_778' title='bbox 1074 4886 1448 4950; x_wconf 87' lang='lat' dir='ltr'><strong>terroremque</strong></span> <span class='ocrx_word' id='word_1_779' title='bbox 1474 4877 1807 4953; x_wconf 84' lang='lat' dir='ltr'><strong>Psalmigra-</strong></span> 
     </span>
    </p>
   </div>
   <div class='ocr_carea' id='block_1_93' title="bbox 218 4969 1809 5043">
    <p class='ocr_par' dir='ltr' id='par_1_93' title="bbox 218 4969 1809 5043">
     <span class='ocr_line' id='line_1_93' title="bbox 218 4969 1809 5043; baseline 0.002 -16"><span class='ocrx_word' id='word_1_780' title='bbox 218 4973 365 5043; x_wconf 88' lang='lat' dir='ltr'><strong>phus</strong></span> <span class='ocrx_word' id='word_1_781' title='bbox 393 4970 633 5026; x_wconf 88' lang='lat' dir='ltr'><strong>ostendit</strong></span> <span class='ocrx_word' id='word_1_782' title='bbox 659 4989 673 5024; x_wconf 89' lang='lat'>:</span> <span class='ocrx_word' id='word_1_783' title='bbox 702 4969 845 5025; x_wconf 89' lang='lat' dir='ltr'><strong>Deus</strong></span> <span class='ocrx_word' id='word_1_784' title='bbox 870 4970 1203 5042; x_wconf 82' lang='lat' dir='ltr'><strong>manifestus,</strong></span> <span class='ocrx_word' id='word_1_785' title='bbox 1226 4971 1434 5037; x_wconf 86' lang='lat' dir='ltr'><strong>dicens,</strong></span> <span class='ocrx_word' id='word_1_786' title='bbox 1457 4974 1646 5041; x_wconf 82' lang='lat' dir='ltr'><strong>veniet,</strong></span> <span class='ocrx_word' id='word_1_787' title='bbox 1669 4974 1809 5030; x_wconf 88' lang='lat' dir='ltr'><strong>Deus</strong></span> 
     </span>
    </p>
   </div>
   <div class='ocr_carea' id='block_1_94' title="bbox 224 5058 1813 5139">
    <p class='ocr_par' dir='ltr' id='par_1_94' title="bbox 224 5058 1813 5139">
     <span class='ocr_line' id='line_1_94' title="bbox 224 5058 1813 5139; baseline 0.003 -21"><span class='ocrx_word' id='word_1_788' title='bbox 224 5072 401 5118; x_wconf 87' lang='lat' dir='ltr'><strong>noster</strong></span> <span class='ocrx_word' id='word_1_789' title='bbox 448 5077 555 5117; x_wconf 89' lang='lat' dir='ltr'><strong>non</strong></span> <span class='ocrx_word' id='word_1_790' title='bbox 591 5061 761 5117; x_wconf 89' lang='lat' dir='ltr'><strong>silebit</strong></span> <span class='ocrx_word' id='word_1_791' title='bbox 810 5058 988 5133; x_wconf 86' lang='lat' dir='ltr'><strong>(Psal.</strong></span> <span class='ocrx_word' id='word_1_792' title='bbox 1037 5077 1187 5130; x_wconf 79' lang='lat' dir='ltr'><strong>nix,</strong></span> <span class='ocrx_word' id='word_1_793' title='bbox 1235 5063 1314 5135; x_wconf 72' lang='grc' dir='ltr'><strong>ὃ).</strong></span> <span class='ocrx_word' id='word_1_794' title='bbox 1370 5063 1516 5120; x_wconf 86' lang='lat' dir='ltr'><strong>Deus</strong></span> <span class='ocrx_word' id='word_1_795' title='bbox 1550 5074 1635 5120; x_wconf 90' lang='lat' dir='ltr'><strong>est</strong></span> <span class='ocrx_word' id='word_1_796' title='bbox 1682 5083 1813 5139; x_wconf 89' lang='lat' dir='ltr'><strong>ergo</strong></span> 
     </span>
    </p>
   </div>
   <div class='ocr_carea' id='block_1_95' title="bbox 224 5151 1814 5227">
    <p class='ocr_par' dir='ltr' id='par_1_95' title="bbox 224 5151 1814 5227">
     <span class='ocr_line' id='line_1_95' title="bbox 224 5151 1814 5227; baseline 0.003 -16"><span class='ocrx_word' id='word_1_797' title='bbox 224 5156 363 5226; x_wconf 82' lang='lat' dir='ltr'><strong>ipse,</strong></span> <span class='ocrx_word' id='word_1_798' title='bbox 408 5152 503 5224; x_wconf 85' lang='lat' dir='ltr'><strong>qui</strong></span> <span class='ocrx_word' id='word_1_799' title='bbox 555 5161 613 5209; x_wconf 90' lang='lat' dir='ltr'><strong>et</strong></span> <span class='ocrx_word' id='word_1_800' title='bbox 662 5151 805 5209; x_wconf 80' lang='lat' dir='ltr'><strong>illius</strong></span> <span class='ocrx_word' id='word_1_801' title='bbox 846 5154 1104 5220; x_wconf 89' lang='lat' dir='ltr'><strong>hominis,</strong></span> <span class='ocrx_word' id='word_1_802' title='bbox 1144 5161 1271 5210; x_wconf 87' lang='lat' dir='ltr'><strong>ante</strong></span> <span class='ocrx_word' id='word_1_803' title='bbox 1314 5155 1468 5226; x_wconf 83' lang='lat' dir='ltr'><strong>cujus</strong></span> <span class='ocrx_word' id='word_1_804' title='bbox 1514 5157 1814 5227; x_wconf 70' lang='lat' dir='ltr'><strong>maiestatis</strong></span> 
     </span>
    </p>
   </div>
   <div class='ocr_carea' id='block_1_96' title="bbox 228 5243 1817 5318">
    <p class='ocr_par' dir='ltr' id='par_1_96' title="bbox 228 5243 1817 5318">
     <span class='ocr_line' id='line_1_96' title="bbox 228 5243 1817 5318; baseline 0.003 -19"><span class='ocrx_word' id='word_1_805' title='bbox 228 5245 488 5301; x_wconf 87' lang='lat' dir='ltr'><strong>thronum</strong></span> <span class='ocrx_word' id='word_1_806' title='bbox 533 5243 1013 5315; x_wconf 87' lang='lat' dir='ltr'><strong>eongregabuntur</strong></span> <span class='ocrx_word' id='word_1_807' title='bbox 1058 5244 1224 5316; x_wconf 61' lang='lat' dir='ltr'><strong>mo</strong></span> <span class='ocrx_word' id='word_1_808' title='bbox 1268 5260 1458 5302; x_wconf 89' lang='lat' dir='ltr'><strong>omnes</strong></span> <span class='ocrx_word' id='word_1_809' title='bbox 1502 5257 1714 5318; x_wconf 86' lang='lat' dir='ltr'><strong>gentes,</strong></span> <span class='ocrx_word' id='word_1_810' title='bbox 1758 5256 1817 5305; x_wconf 92' lang='lat' dir='ltr'><strong>et</strong></span> 
     </span>
    </p>
   </div>
   <div class='ocr_carea' id='block_1_97' title="bbox 228 5334 1814 5407">
    <p class='ocr_par' dir='ltr' id='par_1_97' title="bbox 228 5334 1814 5407">
     <span class='ocr_line' id='line_1_97' title="bbox 228 5334 1814 5407; baseline 0.001 -15"><span class='ocrx_word' id='word_1_811' title='bbox 228 5334 507 5392; x_wconf 83' lang='lat' dir='ltr'><strong>discernet</strong></span> <span class='ocrx_word' id='word_1_812' title='bbox 554 5349 651 5390; x_wconf 86' lang='lat' dir='ltr'><strong>eas</strong></span> <span class='ocrx_word' id='word_1_813' title='bbox 677 5334 820 5392; x_wconf 89' lang='lat' dir='ltr'><strong>sicut</strong></span> <span class='ocrx_word' id='word_1_814' title='bbox 847 5343 1037 5406; x_wconf 88' lang='lat' dir='ltr'><strong>pastor</strong></span> <span class='ocrx_word' id='word_1_815' title='bbox 1080 5351 1320 5407; x_wconf 89' lang='lat' dir='ltr'><strong>gregem,</strong></span> <span class='ocrx_word' id='word_1_816' title='bbox 1349 5344 1595 5393; x_wconf 89' lang='lat' dir='ltr'><strong>statuens</strong></span> <span class='ocrx_word' id='word_1_817' title='bbox 1622 5354 1753 5395; x_wconf 90' lang='lat' dir='ltr'><strong>oves</strong></span> <span class='ocrx_word' id='word_1_818' title='bbox 1782 5355 1814 5394; x_wconf 88' lang='lat' dir='ltr'><strong>a</strong></span> 
     </span>
    </p>
   </div>
   <div class='ocr_carea' id='block_1_98' title="bbox 229 5426 1816 5503">
    <p class='ocr_par' dir='ltr' id='par_1_98' title="bbox 229 5426 1816 5503">
     <span class='ocr_line' id='line_1_98' title="bbox 229 5426 1816 5503; baseline 0.002 -18"><span class='ocrx_word' id='word_1_819' title='bbox 229 5426 459 5494; x_wconf 87' lang='lat' dir='ltr'><strong>dextris,</strong></span> <span class='ocrx_word' id='word_1_820' title='bbox 502 5426 689 5483; x_wconf 59' lang='lat' dir='ltr'><strong>ludos</strong></span> <span class='ocrx_word' id='word_1_821' title='bbox 727 5435 910 5482; x_wconf 90' lang='lat' dir='ltr'><strong>autem</strong></span> <span class='ocrx_word' id='word_1_822' title='bbox 939 5442 971 5482; x_wconf 87' lang='lat' dir='ltr'><strong>a</strong></span> <span class='ocrx_word' id='word_1_823' title='bbox 1001 5427 1258 5485; x_wconf 88' lang='lat' dir='ltr'><strong>sinistris.</strong></span> <span class='ocrx_word' id='word_1_824' title='bbox 1289 5429 1357 5484; x_wconf 90' lang='lat' dir='ltr'><strong>Et</strong></span> <span class='ocrx_word' id='word_1_825' title='bbox 1404 5438 1462 5485; x_wconf 89' lang='lat' dir='ltr'><strong>ut</strong></span> <span class='ocrx_word' id='word_1_826' title='bbox 1489 5445 1613 5485; x_wconf 89' lang='lat' dir='ltr'><strong>eum</strong></span> <span class='ocrx_word' id='word_1_827' title='bbox 1643 5431 1816 5503; x_wconf 83' lang='lat' dir='ltr'><strong>magis</strong></span> 
     </span>
    </p>
   </div>
   <div class='ocr_carea' id='block_1_99' title="bbox 232 5519 1814 5592">
    <p class='ocr_par' dir='ltr' id='par_1_99' title="bbox 232 5519 1814 5592">
     <span class='ocr_line' id='line_1_99' title="bbox 232 5519 1814 5592; baseline 0.001 -15"><span class='ocrx_word' id='word_1_828' title='bbox 232 5521 323 5577; x_wconf 84' lang='lat' dir='ltr'><strong>illa</strong></span> <span class='ocrx_word' id='word_1_829' title='bbox 346 5520 436 5577; x_wconf 88' lang='lat' dir='ltr'><strong>die</strong></span> <span class='ocrx_word' id='word_1_830' title='bbox 456 5532 641 5592; x_wconf 84' lang='lat' dir='ltr'><strong>regem</strong></span> <span class='ocrx_word' id='word_1_831' title='bbox 671 5520 981 5585; x_wconf 84' lang='lat' dir='ltr'><strong>timeamus,</strong></span> <span class='ocrx_word' id='word_1_832' title='bbox 1004 5533 1169 5590; x_wconf 89' lang='lat' dir='ltr'><strong>quam</strong></span> <span class='ocrx_word' id='word_1_833' title='bbox 1190 5535 1405 5577; x_wconf 89' lang='lat' dir='ltr'><strong>servum</strong></span> <span class='ocrx_word' id='word_1_834' title='bbox 1430 5519 1814 5591; x_wconf 88' lang='lat' dir='ltr'><strong>despiciamus,</strong></span> 
     </span>
    </p>
   </div>
   <div class='ocr_carea' id='block_1_100' title="bbox 233 5610 1815 5685">
    <p class='ocr_par' dir='ltr' id='par_1_100' title="bbox 233 5610 1815 5685">
     <span class='ocr_line' id='line_1_100' title="bbox 233 5610 1815 5685; baseline 0.001 -17"><span class='ocrx_word' id='word_1_835' title='bbox 233 5613 310 5669; x_wconf 85' lang='lat' dir='ltr'><strong>ait</strong></span> <span class='ocrx_word' id='word_1_836' title='bbox 334 5612 455 5685; x_wconf 86' lang='lat' dir='ltr'><strong>ipse</strong></span> <span class='ocrx_word' id='word_1_837' title='bbox 485 5630 499 5667; x_wconf 90' lang='lat'><strong>:</strong></span> <span class='ocrx_word' id='word_1_838' title='bbox 534 5611 681 5668; x_wconf 82' lang='lat' dir='ltr'><strong>Tunc</strong></span> <span class='ocrx_word' id='word_1_839' title='bbox 714 5610 851 5668; x_wconf 81' lang='lat' dir='ltr'><strong>dicet</strong></span> <span class='ocrx_word' id='word_1_840' title='bbox 874 5629 968 5669; x_wconf 68' lang='lat' dir='ltr'><strong>rex</strong></span> <span class='ocrx_word' id='word_1_841' title='bbox 1004 5614 1087 5668; x_wconf 81' lang='lat' dir='ltr'><strong>Itis</strong></span> <span class='ocrx_word' id='word_1_842' title='bbox 1109 5614 1202 5685; x_wconf 87' lang='lat' dir='ltr'><strong>qui</strong></span> <span class='ocrx_word' id='word_1_843' title='bbox 1242 5631 1274 5669; x_wconf 91' lang='lat' dir='ltr'><strong>a</strong></span> <span class='ocrx_word' id='word_1_844' title='bbox 1297 5614 1495 5668; x_wconf 73' lang='lat' dir='ltr'><strong>dextris</strong></span> <span class='ocrx_word' id='word_1_845' title='bbox 1528 5614 1642 5685; x_wconf 88' lang='lat' dir='ltr'><strong>ejus</strong></span> <span class='ocrx_word' id='word_1_846' title='bbox 1672 5625 1815 5682; x_wconf 89' lang='lat' dir='ltr'><strong>sunt,</strong></span> 
     </span>
    </p>
   </div>
   <div class='ocr_carea' id='block_1_101' title="bbox 237 5702 1820 5775">
    <p class='ocr_par' dir='ltr' id='par_1_101' title="bbox 237 5702 1820 5775">
     <span class='ocr_line' id='line_1_101' title="bbox 237 5702 1820 5775; baseline -0.001 -16"><span class='ocrx_word' id='word_1_847' title='bbox 237 5713 290 5759; x_wconf 89' lang='lat' dir='ltr'><strong>et</strong></span> <span class='ocrx_word' id='word_1_848' title='bbox 310 5710 508 5760; x_wconf 60' lang='lat' dir='ltr'><strong>cetera</strong></span> <span class='ocrx_word' id='word_1_849' title='bbox 519 5718 641 5772; x_wconf 67' lang='lat' dir='ltr'><strong>quae</strong></span> <span class='ocrx_word' id='word_1_850' title='bbox 658 5710 960 5775; x_wconf 88' lang='lat' dir='ltr'><strong>sequuntur</strong></span> <span class='ocrx_word' id='word_1_851' title='bbox 981 5703 1036 5758; x_wconf 92' lang='lat' dir='ltr'><strong>in</strong></span> <span class='ocrx_word' id='word_1_852' title='bbox 1057 5702 1383 5758; x_wconf 87' lang='lat' dir='ltr'><strong>discretione</strong></span> <span class='ocrx_word' id='word_1_853' title='bbox 1399 5702 1629 5759; x_wconf 90' lang='lat' dir='ltr'><strong>duorum</strong></span> <span class='ocrx_word' id='word_1_854' title='bbox 1649 5704 1820 5775; x_wconf 90' lang='lat' dir='ltr'><strong>agmi-</strong></span> 
     </span>
    </p>
   </div>
   <div class='ocr_carea' id='block_1_102' title="bbox 239 5792 1817 5868">
    <p class='ocr_par' dir='ltr' id='par_1_102' title="bbox 239 5792 1817 5868">
     <span class='ocr_line' id='line_1_102' title="bbox 239 5792 1817 5868; baseline -0.001 -18"><span class='ocrx_word' id='word_1_855' title='bbox 239 5810 385 5860; x_wconf 89' lang='lat' dir='ltr'><strong>num,</strong></span> <span class='ocrx_word' id='word_1_856' title='bbox 435 5792 709 5863; x_wconf 75' lang='lat' dir='ltr'><strong>iustorum</strong></span> <span class='ocrx_word' id='word_1_857' title='bbox 780 5794 986 5852; x_wconf 82' lang='lat' dir='ltr'><strong>scilicet</strong></span> <span class='ocrx_word' id='word_1_858' title='bbox 1042 5802 1209 5868; x_wconf 82' lang='lat' dir='ltr'><strong>atque</strong></span> <span class='ocrx_word' id='word_1_859' title='bbox 1264 5795 1554 5866; x_wconf 89' lang='lat' dir='ltr'><strong>impiorum</strong></span> <span class='ocrx_word' id='word_1_860' title='bbox 1601 5794 1817 5868; x_wconf 79' lang='lat' dir='ltr'><strong>(Matth.</strong></span> 
     </span>
    </p>
   </div>
   <div class='ocr_carea' id='block_1_103' title="bbox 1913 4780 3495 4854">
    <p class='ocr_par' dir='ltr' id='par_1_103' title="bbox 1913 4780 3495 4854">
     <span class='ocr_line' id='line_1_103' title="bbox 1913 4780 3495 4854; baseline 0.007 -20"><span class='ocrx_word' id='word_1_861' title='bbox 1913 4791 2015 4835; x_wconf 82' lang='lat' dir='ltr'><strong>tem</strong></span> <span class='ocrx_word' id='word_1_862' title='bbox 2064 4780 2227 4853; x_wconf 81' lang='lat' dir='ltr'><strong>(Ibid.</strong></span> <span class='ocrx_word' id='word_1_863' title='bbox 2275 4782 2387 4854; x_wconf 72' lang='grc'><strong>12).</strong></span> <span class='ocrx_word' id='word_1_864' title='bbox 2432 4782 2573 4837; x_wconf 84' lang='lat' dir='ltr'><strong>Ecce</strong></span> <span class='ocrx_word' id='word_1_865' title='bbox 2598 4797 2771 4852; x_wconf 82' lang='lat' dir='ltr'><strong>agnus</strong></span> <span class='ocrx_word' id='word_1_866' title='bbox 2796 4784 3031 4850; x_wconf 87' lang='lat' dir='ltr'><strong>occisus,</strong></span> <span class='ocrx_word' id='word_1_867' title='bbox 3063 4786 3268 4843; x_wconf 87' lang='lat' dir='ltr'><strong>habens</strong></span> <span class='ocrx_word' id='word_1_868' title='bbox 3295 4803 3495 4845; x_wconf 88' lang='lat' dir='ltr'><strong>cornua</strong></span> 
     </span>
    </p>
   </div>
   <div class='ocr_carea' id='block_1_104' title="bbox 1914 4875 3500 4946">
    <p class='ocr_par' dir='ltr' id='par_1_104' title="bbox 1914 4875 3500 4946">
     <span class='ocr_line' id='line_1_104' title="bbox 1914 4875 3500 4946; baseline 0.004 -17"><span class='ocrx_word' id='word_1_869' title='bbox 1914 4884 2146 4945; x_wconf 86' lang='lat' dir='ltr'><strong>septem,</strong></span> <span class='ocrx_word' id='word_1_870' title='bbox 2188 4875 2242 4930; x_wconf 89' lang='lat' dir='ltr'><strong>id</strong></span> <span class='ocrx_word' id='word_1_871' title='bbox 2268 4881 2373 4939; x_wconf 87' lang='lat' dir='ltr'><strong>est,</strong></span> <span class='ocrx_word' id='word_1_872' title='bbox 2405 4875 2573 4931; x_wconf 87' lang='lat' dir='ltr'><strong>totius</strong></span> <span class='ocrx_word' id='word_1_873' title='bbox 2616 4875 2803 4931; x_wconf 88' lang='lat' dir='ltr'><strong>mundi</strong></span> <span class='ocrx_word' id='word_1_874' title='bbox 2832 4890 3031 4946; x_wconf 87' lang='lat' dir='ltr'><strong>regna;</strong></span> <span class='ocrx_word' id='word_1_875' title='bbox 3063 4877 3269 4933; x_wconf 85' lang='lat' dir='ltr'><strong>habens</strong></span> <span class='ocrx_word' id='word_1_876' title='bbox 3313 4878 3500 4935; x_wconf 90' lang='lat' dir='ltr'><strong>oculos</strong></span> 
     </span>
    </p>
   </div>
   <div class='ocr_carea' id='block_1_105' title="bbox 1916 4966 3515 5042">
    <p class='ocr_par' dir='ltr' id='par_1_105' title="bbox 1916 4966 3515 5042">
     <span class='ocr_line' id='line_1_105' title="bbox 1916 4966 3515 5042; baseline 0.002 -18"><span class='ocrx_word' id='word_1_877' title='bbox 1916 4977 2149 5041; x_wconf 88' lang='lat' dir='ltr'><strong>septem,</strong></span> <span class='ocrx_word' id='word_1_878' title='bbox 2185 4967 2240 5022; x_wconf 91' lang='lat' dir='ltr'><strong>id</strong></span> <span class='ocrx_word' id='word_1_879' title='bbox 2265 4976 2371 5031; x_wconf 86' lang='lat' dir='ltr'><strong>est,</strong></span> <span class='ocrx_word' id='word_1_880' title='bbox 2392 4967 2531 5023; x_wconf 89' lang='lat' dir='ltr'><strong>dona</strong></span> <span class='ocrx_word' id='word_1_881' title='bbox 2560 4966 2893 5038; x_wconf 81' lang='lat' dir='ltr'><strong>septiformis</strong></span> <span class='ocrx_word' id='word_1_882' title='bbox 2913 4967 3167 5040; x_wconf 85' lang='lat' dir='ltr'><strong>Spiritus,</strong></span> <span class='ocrx_word' id='word_1_883' title='bbox 3197 4985 3318 5042; x_wconf 63' lang='lat' dir='ltr'><strong>quae</strong></span> <span class='ocrx_word' id='word_1_884' title='bbox 3335 4971 3515 5028; x_wconf 80' lang='lat' dir='ltr'><strong>lsaias</strong></span> 
     </span>
    </p>
   </div>
   <div class='ocr_carea' id='block_1_106' title="bbox 1920 5057 3502 5132">
    <p class='ocr_par' dir='ltr' id='par_1_106' title="bbox 1920 5057 3502 5132">
     <span class='ocr_line' id='line_1_106' title="bbox 1920 5057 3502 5132; baseline 0.001 -15"><span class='ocrx_word' id='word_1_885' title='bbox 1920 5060 2242 5118; x_wconf 87' lang='lat' dir='ltr'><strong>nominatim</strong></span> <span class='ocrx_word' id='word_1_886' title='bbox 2283 5074 2449 5131; x_wconf 88' lang='lat' dir='ltr'><strong>super</strong></span> <span class='ocrx_word' id='word_1_887' title='bbox 2475 5057 2685 5124; x_wconf 83' lang='lat' dir='ltr'><strong>ﬂorem,</strong></span> <span class='ocrx_word' id='word_1_888' title='bbox 2714 5060 2808 5130; x_wconf 90' lang='lat' dir='ltr'><strong>qui</strong></span> <span class='ocrx_word' id='word_1_889' title='bbox 2832 5060 2898 5116; x_wconf 85' lang='lat' dir='ltr'><strong>de</strong></span> <span class='ocrx_word' id='word_1_890' title='bbox 2926 5063 3079 5132; x_wconf 86' lang='lat' dir='ltr'><strong>virga</strong></span> <span class='ocrx_word' id='word_1_891' title='bbox 3124 5063 3325 5118; x_wconf 86' lang='lat' dir='ltr'><strong>radicis</strong></span> <span class='ocrx_word' id='word_1_892' title='bbox 3348 5062 3502 5119; x_wconf 68' lang='lat' dir='ltr'><strong>Iesse</strong></span> 
     </span>
    </p>
   </div>
   <div class='ocr_carea' id='block_1_107' title="bbox 1914 5150 3504 5222">
    <p class='ocr_par' dir='ltr' id='par_1_107' title="bbox 1914 5150 3504 5222">
     <span class='ocr_line' id='line_1_107' title="bbox 1914 5150 3504 5222; baseline 0.001 -13"><span class='ocrx_word' id='word_1_893' title='bbox 1914 5153 2180 5219; x_wconf 89' lang='lat' dir='ltr'><strong>ascendit,</strong></span> <span class='ocrx_word' id='word_1_894' title='bbox 2210 5151 2555 5222; x_wconf 86' lang='lat' dir='ltr'><strong>requiescere</strong></span> <span class='ocrx_word' id='word_1_895' title='bbox 2584 5150 2856 5221; x_wconf 83' lang='lat' dir='ltr'><strong>praedixit.</strong></span> <span class='ocrx_word' id='word_1_896' title='bbox 2900 5153 3040 5209; x_wconf 84' lang='lat' dir='ltr'><strong>Ecce</strong></span> <span class='ocrx_word' id='word_1_897' title='bbox 3067 5153 3332 5211; x_wconf 68' lang='lat' dir='ltr'><strong>Dominus</strong></span> <span class='ocrx_word' id='word_1_898' title='bbox 3356 5156 3504 5212; x_wconf 86' lang='lat' dir='ltr'><strong>Deus</strong></span> 
     </span>
    </p>
   </div>
   <div class='ocr_carea' id='block_1_108' title="bbox 1914 5241 3502 5313">
    <p class='ocr_par' dir='ltr' id='par_1_108' title="bbox 1914 5241 3502 5313">
     <span class='ocr_line' id='line_1_108' title="bbox 1914 5241 3502 5313; baseline 0.001 -14"><span class='ocrx_word' id='word_1_899' title='bbox 1914 5244 2127 5299; x_wconf 89' lang='lat' dir='ltr'><strong>occisus</strong></span> <span class='ocrx_word' id='word_1_900' title='bbox 2164 5242 2384 5309; x_wconf 90' lang='lat' dir='ltr'><strong>dicitur,</strong></span> <span class='ocrx_word' id='word_1_901' title='bbox 2424 5241 2516 5311; x_wconf 89' lang='lat' dir='ltr'><strong>qui</strong></span> <span class='ocrx_word' id='word_1_902' title='bbox 2558 5255 2658 5297; x_wconf 88' lang='lat' dir='ltr'><strong>nos</strong></span> <span class='ocrx_word' id='word_1_903' title='bbox 2704 5241 2935 5297; x_wconf 86' lang='lat' dir='ltr'><strong>redemit</strong></span> <span class='ocrx_word' id='word_1_904' title='bbox 2982 5244 3242 5313; x_wconf 80' lang='lat' dir='ltr'><strong>sanguine</strong></span> <span class='ocrx_word' id='word_1_905' title='bbox 3289 5260 3408 5310; x_wconf 89' lang='lat' dir='ltr'><strong>suo,</strong></span> <span class='ocrx_word' id='word_1_906' title='bbox 3443 5254 3502 5301; x_wconf 88' lang='lat' dir='ltr'><strong>et</strong></span> 
     </span>
    </p>
   </div>
   <div class='ocr_carea' id='block_1_109' title="bbox 1915 5332 3501 5404">
    <p class='ocr_par' dir='ltr' id='par_1_109' title="bbox 1915 5332 3501 5404">
     <span class='ocr_line' id='line_1_109' title="bbox 1915 5332 3501 5404; baseline 0.004 -16"><span class='ocrx_word' id='word_1_907' title='bbox 1915 5333 2045 5391; x_wconf 78' lang='lat' dir='ltr'><strong>fecit</strong></span> <span class='ocrx_word' id='word_1_908' title='bbox 2068 5334 2172 5389; x_wconf 89' lang='lat' dir='ltr'><strong>sibi</strong></span> <span class='ocrx_word' id='word_1_909' title='bbox 2219 5346 2445 5404; x_wconf 84' lang='lat' dir='ltr'><strong>regnum</strong></span> <span class='ocrx_word' id='word_1_910' title='bbox 2474 5340 2530 5387; x_wconf 91' lang='lat' dir='ltr'><strong>et</strong></span> <span class='ocrx_word' id='word_1_911' title='bbox 2572 5332 2885 5390; x_wconf 87' lang='lat' dir='ltr'><strong>sacerdotes</strong></span> <span class='ocrx_word' id='word_1_912' title='bbox 2936 5334 2992 5390; x_wconf 91' lang='lat' dir='ltr'><strong>in</strong></span> <span class='ocrx_word' id='word_1_913' title='bbox 3039 5344 3324 5392; x_wconf 61' lang='lat' dir='ltr'><strong>aeternum.</strong></span> <span class='ocrx_word' id='word_1_914' title='bbox 3375 5336 3501 5394; x_wconf 60' lang='lat' dir='ltr'><strong>liae</strong></span> 
     </span>
    </p>
   </div>
   <div class='ocr_carea' id='block_1_110' title="bbox 1915 5423 3499 5494">
    <p class='ocr_par' dir='ltr' id='par_1_110' title="bbox 1915 5423 3499 5494">
     <span class='ocr_line' id='line_1_110' title="bbox 1915 5423 3499 5494; baseline 0.001 -11"><span class='ocrx_word' id='word_1_915' title='bbox 1915 5427 2096 5484; x_wconf 89' lang='lat' dir='ltr'><strong>omnia</strong></span> <span class='ocrx_word' id='word_1_916' title='bbox 2142 5424 2442 5481; x_wconf 90' lang='lat' dir='ltr'><strong>secundum</strong></span> <span class='ocrx_word' id='word_1_917' title='bbox 2494 5423 2853 5479; x_wconf 88' lang='lat' dir='ltr'><strong>humanitatis</strong></span> <span class='ocrx_word' id='word_1_918' title='bbox 2896 5434 3147 5481; x_wconf 85' lang='lat' dir='ltr'><strong>naturam</strong></span> <span class='ocrx_word' id='word_1_919' title='bbox 3183 5426 3280 5482; x_wconf 89' lang='lat' dir='ltr'><strong>Dei</strong></span> <span class='ocrx_word' id='word_1_920' title='bbox 3310 5427 3499 5494; x_wconf 84' lang='lat' dir='ltr'><strong>ﬁlium,</strong></span> 
     </span>
    </p>
   </div>
   <div class='ocr_carea' id='block_1_111' title="bbox 1921 5507 3504 5589">
    <p class='ocr_par' dir='ltr' id='par_1_111' title="bbox 1921 5507 3504 5589">
     <span class='ocr_line' id='line_1_111' title="bbox 1921 5507 3504 5589; baseline 0.001 -17"><span class='ocrx_word' id='word_1_921' title='bbox 1921 5518 2013 5588; x_wconf 88' lang='lat' dir='ltr'><strong>qui</strong></span> <span class='ocrx_word' id='word_1_922' title='bbox 2041 5517 2255 5571; x_wconf 89' lang='lat' dir='ltr'><strong>occisus</strong></span> <span class='ocrx_word' id='word_1_923' title='bbox 2280 5522 2383 5579; x_wconf 89' lang='lat' dir='ltr'><strong>est,</strong></span> <span class='ocrx_word' id='word_1_924' title='bbox 2410 5528 2601 5571; x_wconf 86' lang='lat' dir='ltr'><strong>omnes</strong></span> <span class='ocrx_word' id='word_1_925' title='bbox 2622 5507 2875 5583; x_wconf 81' lang='lat' dir='ltr'><strong>angelicae</strong></span> <span class='ocrx_word' id='word_1_926' title='bbox 2902 5523 3199 5585; x_wconf 88' lang='lat' dir='ltr'><strong>potestates</strong></span> <span class='ocrx_word' id='word_1_927' title='bbox 3227 5519 3504 5589; x_wconf 84' lang='lat' dir='ltr'><strong>accepisse</strong></span> 
     </span>
    </p>
   </div>
   <div class='ocr_carea' id='block_1_112' title="bbox 1921 5596 3501 5676">
    <p class='ocr_par' dir='ltr' id='par_1_112' title="bbox 1921 5596 3501 5676">
     <span class='ocr_line' id='line_1_112' title="bbox 1921 5596 3501 5676; baseline 0.001 -12"><span class='ocrx_word' id='word_1_928' title='bbox 1921 5616 2207 5666; x_wconf 87' lang='lat' dir='ltr'><strong>testantur.</strong></span> <span class='ocrx_word' id='word_1_929' title='bbox 2240 5604 2429 5660; x_wconf 86' lang='lat' dir='ltr'><strong>Nonne</strong></span> <span class='ocrx_word' id='word_1_930' title='bbox 2454 5604 2543 5660; x_wconf 89' lang='lat' dir='ltr'><strong>ille</strong></span> <span class='ocrx_word' id='word_1_931' title='bbox 2580 5606 2714 5676; x_wconf 90' lang='lat' dir='ltr'><strong>ipse,</strong></span> <span class='ocrx_word' id='word_1_932' title='bbox 2739 5606 2793 5661; x_wconf 91' lang='lat' dir='ltr'><strong>id</strong></span> <span class='ocrx_word' id='word_1_933' title='bbox 2822 5617 2927 5671; x_wconf 86' lang='lat' dir='ltr'><strong>est.</strong></span> <span class='ocrx_word' id='word_1_934' title='bbox 2960 5608 3228 5676; x_wconf 89' lang='lat' dir='ltr'><strong>Christus,</strong></span> <span class='ocrx_word' id='word_1_935' title='bbox 3268 5596 3501 5665; x_wconf 84' lang='lat' dir='ltr'><strong>alllrma-</strong></span> 
     </span>
    </p>
   </div>
   <div class='ocr_carea' id='block_1_113' title="bbox 1922 5696 3503 5772">
    <p class='ocr_par' dir='ltr' id='par_1_113' title="bbox 1922 5696 3503 5772">
     <span class='ocr_line' id='line_1_113' title="bbox 1922 5696 3503 5772; baseline 0 -15"><span class='ocrx_word' id='word_1_936' title='bbox 1922 5703 2018 5757; x_wconf 86' lang='lat' dir='ltr'><strong>bat</strong></span> <span class='ocrx_word' id='word_1_937' title='bbox 2039 5708 2159 5771; x_wconf 84' lang='lat' dir='ltr'><strong>post</strong></span> <span class='ocrx_word' id='word_1_938' title='bbox 2188 5696 2605 5753; x_wconf 87' lang='lat' dir='ltr'><strong>resurrectionis</strong></span> <span class='ocrx_word' id='word_1_939' title='bbox 2635 5697 2883 5769; x_wconf 88' lang='lat' dir='ltr'><strong>gloriam,</strong></span> <span class='ocrx_word' id='word_1_940' title='bbox 2914 5701 3055 5756; x_wconf 90' lang='lat' dir='ltr'><strong>hanc</strong></span> <span class='ocrx_word' id='word_1_941' title='bbox 3087 5698 3247 5770; x_wconf 84' lang='lat' dir='ltr'><strong>hujus</strong></span> <span class='ocrx_word' id='word_1_942' title='bbox 3269 5702 3503 5772; x_wconf 79' lang='lat' dir='ltr'><strong>prophe-</strong></span> 
     </span>
    </p>
   </div>
   <div class='ocr_carea' id='block_1_114' title="bbox 1926 5786 3502 5859">
    <p class='ocr_par' dir='ltr' id='par_1_114' title="bbox 1926 5786 3502 5859">
     <span class='ocr_line' id='line_1_114' title="bbox 1926 5786 3502 5859; baseline 0.001 -13"><span class='ocrx_word' id='word_1_943' title='bbox 1926 5793 2048 5847; x_wconf 72' lang='lat' dir='ltr'><strong>tica:</strong></span> <span class='ocrx_word' id='word_1_944' title='bbox 2066 5790 2151 5846; x_wconf 90' lang='lat' dir='ltr'><strong>vel</strong></span> <span class='ocrx_word' id='word_1_945' title='bbox 2185 5786 2495 5858; x_wconf 73' lang='lat' dir='ltr'><strong>apostolica:</strong></span> <span class='ocrx_word' id='word_1_946' title='bbox 2539 5788 2761 5845; x_wconf 88' lang='lat' dir='ltr'><strong>visionis</strong></span> <span class='ocrx_word' id='word_1_947' title='bbox 2782 5791 3093 5859; x_wconf 85' lang='lat' dir='ltr'><strong>veritatem,</strong></span> <span class='ocrx_word' id='word_1_948' title='bbox 3122 5790 3249 5849; x_wconf 87' lang='lat' dir='ltr'><strong>dum</strong></span> <span class='ocrx_word' id='word_1_949' title='bbox 3279 5792 3395 5847; x_wconf 87' lang='lat' dir='ltr'><strong>suis</strong></span> <span class='ocrx_word' id='word_1_950' title='bbox 3420 5790 3502 5847; x_wconf 84' lang='lat' dir='ltr'><strong>di-</strong></span> 
     </span>
    </p>
   </div>
   <div class='ocr_carea' id='block_1_115' title="bbox 243 5878 3503 5962">
    <p class='ocr_par' dir='ltr' id='par_1_115' title="bbox 243 5878 3503 5962">
     <span class='ocr_line' id='line_1_115' title="bbox 243 5878 3503 5962; baseline 0 -20"><span class='ocrx_word' id='word_1_951' title='bbox 243 5905 371 5957; x_wconf 62' lang='grc' dir='ltr'><strong>ην,</strong></span> <span class='ocrx_word' id='word_1_952' title='bbox 419 5887 530 5962; x_wconf 69' lang='lat' dir='ltr'><strong>3b).</strong></span> <span class='ocrx_word' id='word_1_953' title='bbox 581 5886 749 5959; x_wconf 84' lang='lat' dir='ltr'><strong>Cujus</strong></span> <span class='ocrx_word' id='word_1_954' title='bbox 790 5887 980 5957; x_wconf 74' lang='lat' dir='ltr'><strong>iudicii</strong></span> <span class='ocrx_word' id='word_1_955' title='bbox 1029 5888 1276 5945; x_wconf 81' lang='lat' dir='ltr'><strong>ultimam</strong></span> <span class='ocrx_word' id='word_1_956' title='bbox 1305 5887 1688 5945; x_wconf 85' lang='lat' dir='ltr'><strong>discretionem</strong></span> <span class='ocrx_word' id='word_1_957' title='bbox 1717 5887 1823 5944; x_wconf 88' lang='lat' dir='ltr'><strong>hac</strong></span> <span class='ocrx_word' id='word_1_958' title='bbox 1928 5886 2084 5941; x_wconf 88' lang='lat' dir='ltr'><strong>cebat</strong></span> <span class='ocrx_word' id='word_1_959' title='bbox 2135 5881 2412 5953; x_wconf 89' lang='lat' dir='ltr'><strong>discipulis</strong></span> <span class='ocrx_word' id='word_1_960' title='bbox 2466 5896 2481 5934; x_wconf 91' lang='lat'><strong>:</strong></span> <span class='ocrx_word' id='word_1_961' title='bbox 2527 5878 2667 5937; x_wconf 89' lang='lat' dir='ltr'><strong>Data</strong></span> <span class='ocrx_word' id='word_1_962' title='bbox 2709 5894 2783 5938; x_wconf 88' lang='lat' dir='ltr'><strong>est</strong></span> <span class='ocrx_word' id='word_1_963' title='bbox 2814 5885 2941 5939; x_wconf 87' lang='lat' dir='ltr'><strong>mihi</strong></span> <span class='ocrx_word' id='word_1_964' title='bbox 2981 5885 3147 5942; x_wconf 85' lang='lat' dir='ltr'><strong>omnis</strong></span> <span class='ocrx_word' id='word_1_965' title='bbox 3186 5894 3414 5958; x_wconf 88' lang='lat' dir='ltr'><strong>potestas</strong></span> <span class='ocrx_word' id='word_1_966' title='bbox 3444 5886 3503 5943; x_wconf 82' lang='lat' dir='ltr'><strong>in</strong></span> 
     </span>
    </p>
   </div>
  </div>
