4136 6574
591 345 694 401 27f)

1425 328 1487 382 Β.
1527 325 1588 383 F.
1627 323 1854 380 ALBINI
1904 320 2034 374 SBE
2075 315 2352 372 ALCL'INI
2390 312 2675 371 OPERUM
2713 312 2891 368 ΡΜἰὸ
2929 309 3015 366 ill.

3755 308 3876 364 ‘280

591 459 717 515 caelo
778 467 826 509 et
875 454 929 508 in
970 461 1112 504 terra
1165 444 1380 519 (Matth.
1421 456 1624 505 xxvm,
1663 437 1792 510 l8)?
1855 433 2002 489 Heu!
2045 429 2182 502 proh

2285 426 2558 481 diversum
2607 437 2729 478 esse
2756 421 3024 486 Christus,
3067 435 3230 489 quam
3260 417 3403 472 Deus
3451 426 3564 481 est;
3597 416 3733 471 Deus
3765 419 3873 487 igi-

592 511 778 606 dolor!
810 545 999 601 infelix
1031 511 1234 599 anima,
1260 550 1382 605 qua:
1409 534 1495 588 his
1521 528 1776 586 omnibus
1797 521 2074 580 incredula
2099 528 2185 576 est
2286 527 2376 606 tur
2404 517 2655 606 Christus
2846 511 2967 606 »_Et
3010 522 3227 606 rursum
3261 528 3274 562 :
3386 511 3443 606 ξι
3477 523 3589 606 per
3604 519 3870 606 flaturam

589 641 853 702 testibus,
907 643 964 689 et
1004 648 1115 686 non
1160 629 1395 698 seipsam
1448 622 1696 692 corrigit,
1751 627 1812 673 ut
1835 617 2022 672 credat
2069 621 2179 667 tam

590 730 867 807 praeclarae
894 722 1239 781 auctoritatis
1267 715 1627 774 testimoniis!

659 843 776 903 XII.
817 840 886 895 At
918 852 1039 902 vos,
1079 835 1182 889 viri
1236 831 1450 893 fratres,
1497 822 1936 896 expergiscimini
1965 820 2182 876 tandem

596 934 905 1005 aliquando,
938 940 994 984 et
1043 924 1301 996 lacrymis
1330 917 1665 991 poenitentiae
1693 915 1870 969 lavate
1899 915 1968 969 de
2005 911 2184 1005 cordi-

593 1002 704 1082 bus‘
736 1024 933 1079 vestris
982 1021 1212 1081 litteras,
1265 1027 1403 1084 quas
1453 1012 1610 1082 nigro
1667 1005 2003 1064 inﬁdelitatis
2060 1002 2182 1058 felle

589 1116 888 1188 scripsistis
915 1113 968 1167 in
997 1111 1080 1166 eis
1125 1109 1171 1163 si
1196 1108 1350 1161 vobis
1370 1104 1581 1176 placeat
1605 1100 1944 1155 mansionem
1979 1096 2182 1152 habere

592 1211 646 1264 in
683 1208 846 1262 domo
892 1203 1073 1258 Patris
1097 1201 1264 1263 illius,
1303 1197 1391 1252 cui
1419 1197 1543 1250 data
1580 1201 1667 1248 est
1709 1190 1888 1246 omnis
1942 1197 2184 1260 potestas

589 1296 917 1359 caelestium,
947 1291 1288 1348 terrestrium
1331 1298 1386 1343 et
1422 1285 1777 1342 infer-norum.
1808 1282 2098 1350 anusque
2129 1280 2184 1334 in

588 1389 942 1459 longinquam
997 1383 1291 1455 regionem,
1323 1378 1640 1434 recedentes
1682 1391 1714 1430 a
1743 1375 1904 1430 domo
1940 1381 2183 1444 paterna:

586 1482 826 1552 pietatis,
885 1491 1083 1548 porcos
1129 1473 1354 1543 pavistis
1406 1471 1508 1525 sub
1543 1469 1762 1541 spiritu,
1818 1465 1914 1536 qui
1943 1464 2184 1536 alligavit

589 1587 688 1627 vos
709 1571 763 1624 in
792 1570 894 1624 alis
921 1569 1036 1623 suis
1061 1585 1074 1620 :
1108 1565 1204 1621 sed
1233 1565 1462 1634 surgite,
1493 1562 1703 1632 surgite
1733 1560 1801 1615 de
1827 1557 2072 1631 pristina:
2097 1557 2180 1611 in-

592 1660 864 1716 ﬁdelitatis
911 1669 1174 1722 stercore,
1218 1653 1574 1711 recordantes
1627 1650 2076 1720 benignissimum
2105 1646 2182 1718 pii

593 1753 771 1807 Patris
825 1750 1192 1813 clementiam,
1250 1748 1318 1802 ad
1369 1749 1530 1816 quem
1604 1749 1942 1798 revertentes
1988 1737 2178 1795 humili

588 1859 724 1899 voce
772 1843 938 1897 dicite
971 1859 983 1892 :
1019 1838 1201 1904 Pater,
1226 1837 1553 1908 peccavimus
1583 1835 1641 1890 in
1669 1833 1797 1889 coelo
1824 1842 1874 1886 et
1910 1848 2089 1886 coram
2131 1840 2182 1884 te

591 1934 744 1998 (Luc.
780 1947 868 1996 sv,
897 1931 990 2002 21)
1027 1947 1042 1983 :
1075 1937 1135 1985 ut
1172 1928 1324 1998 digni
1370 1925 1679 1982 habeamini
1735 1923 2017 1980 catholicae
2057 1921 2184 1977 ﬁdei

585 2028 784 2084 stolam
809 2025 978 2081 indui.
1008 2023 1078 2079 In
1105 2021 1415 2077 malevolam
1436 2022 1695 2085 animam,
1719 2018 1852 2074 dicit
1874 2017 2182 2090 Scriptura,

587 2118 850 2188 sapientia
881 2115 978 2170 Dei
1005 2131 1110 2169 non
1133 2113 1352 2168 intrabit
1384 2110 1537 2184 (Sap.
1566 2127 1608 2177 ι,
1637 2109 1714 2183 4).
1748 2109 1926 2165 Nolite
1955 2118 2184 2165 conten-

591 2208 713 2262 tiosi
742 2222 887 2271 esse,
927 2215 1166 2261 vestram
1198 2211 1446 2259 amantes
1466 2202 1814 2258 sententiam.
1846 2200 2052 2255 Habete
2084 2202 2186 2255 hu—

593 2301 880 2354 militatem
919 2299 1161 2353 discendi
1203 2306 1258 2352 et
1297 2295 1626 2352 desiderium
1657 2293 2043 2348 ecclesiastica:
2094 2308 2186 2348 ve-

593 2390 791 2454 ritatis,
817 2390 1122 2444 certissime
1142 2389 1378 2444 scientes
1428 2385 1572 2456 quod
1602 2387 1721 2440 sine
1758 2384 1919 2453 hujus
1943 2400 2186 2439 commn-

593 2485 756 2536 nione
789 2483 1060 2546 Ecclesia,
1095 2497 1217 2552 qua:
1247 2481 1300 2535 in
1336 2488 1485 2534 terra
1511 2479 1913 2551 peregrinatur,
1952 2478 2041 2533 illa
2067 2495 2187 2548 qua:

592 2591 714 2628 cum
755 2574 972 2629 Christo
997 2581 1192 2654 regnat
1228 2574 1283 2627 in
1310 2572 1484 2638 caelis,
1515 2587 1790 2642 nunquam
1821 2586 1920 2627 vos
1961 2572 2186 2642 recipiet

596 2666 652 2718 in
683 2680 872 2735 pacem
907 2673 1184 2734 perpetua:
1205 2663 1576 2718 beatitudinis.

662 2781 822 2850 901
854 2779 991 2834 XIII.
1033 2779 1172 2846 Quia
1215 2779 1307 2835 ille
1344 2794 1488 2850 sape
1530 2780 1841 2836 nominatus
1868 2780 2051 2843 Pater,
2103 2782 2191 2835 vir

594 2871 857 2939 dignitate
904 2869 1234 2924 venerabilis
1283 2869 1586 2939 Elipantus,
1617 2871 1827 2924 utinam
1857 2879 1913 2925 et
1947 2870 2049 2926 ﬁde
2098 2885 2188 2924 ca—

594 2960 796 3015 tholica
851 2959 1204 3024 honorabilis,
1252 2967 1422 3016 testes
1465 2975 1680 3031 quoque
1727 2962 1863 3016 alios
1887 2960 2186 3034 ﬂagitabat,

592 3068 903 3121 quaeramus
937 3053 1217 3108 suecincto
1255 3067 1507 3109 sermone
1533 3056 1844 3110 testimonia
1883 3056 1951 3111 de
1972 3063 2190 3111 sancto-

597 3160 717 3196 rum
747 3142 1022 3212 opusculis
1049 3141 1296 3207 Patrum,
1344 3158 1517 3214 pauca
1543 3159 1610 3199 ex
1645 3145 1914 3216 plurimis,
1953 3161 2185 3217 quorum
2214 3143 2262 3208 C

595 3235 686 3289 ille
730 3234 947 3291 nomina
989 3235 1047 3288 in
1084 3235 1198 3290 suis
1234 3235 1492 3291 litterulis
1513 3238 1714 3306 posuit,
1745 3252 1995 3292 asserens
2033 3252 2093 3293 se
2119 3251 2187 3292 ex

594 3341 785 3381 eorum
816 3326 975 3380 dictis
1004 3334 1190 3382 nostro
1231 3329 1527 3383 credidisse
1571 3327 1950 3401 [crediturum]
1976 3329 2182 3396 errori;

596 3426 653 3473 et
700 3418 898 3472 mirum
941 3432 1112 3487 quare
1153 3418 1394 3488 quolibet
1416 3418 1683 3493 [cuilibet]
1711 3421 1886 3476 errori
1915 3437 1976 3476 se
2007 3422 2186 3477 credi-

597 3510 744 3565 disse
765 3509 897 3565 velit
923 3508 1125 3566 dicere.
1173 3511 1375 3566 Tamen
1429 3528 1496 3569 ex
1540 3513 1755 3568 illorum
1804 3515 2189 3570 sacratissimis

597 3599 799 3655 litteris
838 3603 1082 3672 probabo
1109 3617 1194 3656 me
1221 3618 1329 3658 non
1360 3620 1595 3668 errasse,
1631 3605 1889 3675 illumque
1911 3607 2188 3677 corrigere

598 3707 687 3746 me
712 3691 847 3747 velle
873 3694 1173 3748 ostendam.
1199 3695 1348 3750 Beati
1387 3695 1691 3762 Athanasii,
1721 3695 1933 3762 Hilarii,
1955 3696 2187 3753 Ambro-

596 3785 685 3849 sii,
735 3783 1044 3856 Augustini,
1086 3785 1277 3841 Isidori
1323 3789 1633 3842 testimonia
1683 3789 1954 3859 poposcit.
1976 3787 2187 3844 Addam

597 3890 814 3944 quoque
856 3884 912 3930 et
962 3875 1102 3932 alios
1138 3878 1207 3932 ad
1251 3879 1689 3948 supplementum
1735 3880 1983 3936 veritatis
2018 3889 2188 3937 testes

598 3965 840 4021 idoneos.
865 3965 1254 4038 Hieronymum
1276 3971 1541 4039 siquidem
1565 3972 1886 4028 castissima:
1908 3971 2058 4037 ﬁdei,
2082 3971 2190 4028 He-

597 4056 934 4122 braicarum,
952 4057 1288 4124 Grzeearum,
1317 4075 1418 4115 nec
1438 4077 1545 4117 non
1568 4070 1622 4117 et
1645 4061 1965 4119 Latinarum
1985 4063 2188 4118 doctis-

598 4146 799 4201 simum
851 4149 1171 4219 magistrum
1230 4151 1556 4209 litterarum.
1607 4151 1927 4224 Gregorium
1970 4168 2187 4224 quoque

600 4239 913 4308 apostolicae
962 4242 1108 4296 sedis
1153 4241 1465 4311 pontiﬁcem
1516 4258 1615 4312 per
1661 4245 1844 4298 omnia
1881 4242 2188 4313 purissima:

602 4329 725 4385 ﬁdei
759 4329 964 4395 virum;
993 4347 1094 4387 nec
1120 4347 1225 4386 non
1252 4341 1308 4387 et
1331 4331 1590 4406 Cyrillum
1616 4331 1966 4389 fortissimum
1995 4332 2188 4389 Nesto-

605 4423 771 4476 rianaa
818 4432 979 4478 sectae
1025 4425 1446 4490 destructorem;
1485 4425 1650 4480 etiam
1670 4435 1725 4480 et
1770 4426 2184 4497 Fulgentianum

603 4513 988 4586 [Fulgentium]
1041 4515 1452 4573 luculentissimi
1500 4520 1770 4574 sermonis
1832 4528 1887 4574 et
1944 4521 2185 4590 probata
2217 4525 2266 4586 D

603 4607 728 4660 ﬁdei
782 4608 1090 4672 doctorem;
1144 4611 1222 4664 uti
1271 4625 1460 4664 eorum
1513 4613 1754 4665 omnium
1802 4611 2187 4667 sacratissimis

602 4699 778 4753 victus
811 4699 1153 4770 dogmatibus
1179 4714 1235 4756 se
1256 4701 1385 4757 olim
1413 4713 1669 4773 agnoscat
1693 4719 1898 4758 errare.
2034 4704 2051 4760 ι

671 4812 811 4868 XIV.
870 4813 1106 4868 Hilarius
1169 4830 1403 4885 namque
1450 4831 1556 4869 non
1604 4831 1789 4885 parva:
1833 4817 1886 4870 in
1945 4815 2185 4871 Ecclesia

603 4903 804 4960 Christi
853 4906 1195 4961 auctoritatis
1221 4906 1433 4974 doctor,
1460 4908 1781 4977 Arianaeque
1808 4908 2048 4978 perﬁdiae
2075 4907 2185 4964 for-

603 4999 846 5054 tissimus
870 4998 1186 5065 debellator,
1217 5000 1272 5054 in
1310 4999 1464 5054 libris
1490 5017 1628 5069 quos
1651 5015 1748 5069 pro
1781 5017 1942 5056 causa
1968 5009 2186 5071 aposto-

603 5094 722 5149 lica:
747 5093 872 5149 ﬁdei
921 5094 1188 5150 catholico
1217 5095 1358 5165 style
1388 5096 1655 5160 exaravit,
1707 5096 1861 5148 valde
1886 5095 2185 5165 probabilia

604 5188 672 5241 de
700 5184 918 5239 Christo
935 5185 1159 5255 protulit
1183 5186 1509 5252 testimonia,
1537 5188 1604 5242 de
1627 5188 1824 5255 quibus
1857 5203 2028 5257 pauca
2051 5203 2188 5258 pra:-

605 5278 778 5332 libare
823 5290 1000 5332 ratum
1058 5293 1273 5334 censeo.
1331 5278 1388 5333 In
1444 5279 1585 5334 libro
1614 5297 1707 5334 \‘lll
1755 5280 2039 5336 catholicae
2065 5280 2187 5336 ﬁdei

607 5371 749 5426 inter
777 5378 973 5426 caetera
1004 5371 1084 5425 sic
1113 5372 1188 5425 ait
1217 5385 1245 5414 α
1279 5389 1292 5424 :
1331 5390 1349 5423 ι
1387 5372 1478 5428 Sic
1507 5388 1613 5428 non
1657 5383 1835 5444 potest
1889 5373 2032 5428 aliud
2058 5374 2188 5444 quid

680 5559 706 5588 ι
738 5545 796 5601 S.
830 5548 1022 5614 Ililar.,
1061 5547 1182 5603 libr.
1212 5566 1307 5604 vnl
1336 5552 1402 5606 de
1434 5550 1687 5605 Trinitat.
1715 5569 1861 5607 num.
1894 5554 1981 5616 27,
2019 5556 2108 5612 28.

679 5618 707 5658 ιι
737 5616 868 5689 Quae
923 5619 1127 5673 ansulis
1162 5620 1495 5684 inclusimus,
1549 5637 1654 5676 non
1704 5634 1830 5677 sunt
1889 5626 2180 5689 Ambrosii,

607 5690 701 5745 sed
748 5688 954 5744 Paulini
1000 5689 1380 5759 Aquileiensis,
1422 5692 1544 5747 libr.
1597 5709 1653 5746 ιιι
1713 5704 1898 5748 contra
1952 5688 2181 5752 Felicem

607 5760 792 5830 capiti
817 5778 831 5827 ;
880 5776 998 5830 qua:
1024 5777 1130 5831 quo
1157 5777 1341 5817 errore
1367 5763 1469 5818 huc
1491 5765 1557 5818 ab
1584 5763 1812 5820 Alcuino
1845 5767 1944 5821 sub
1966 5770 2181 5823 neruine

2285 604 2382 660 Dei
2419 605 2669 660 Christus
2718 603 2815 660 tibi
2843 602 3129 657 Dominus
3174 609 3278 666 est,
3333 600 3557 654 habebis
3601 599 3872 668 Spiritum

2283 705 2531 750 sanctum
2563 712 2577 746 :
2609 695 2656 748 si
2685 708 2815 749 vero
2844 706 2942 761 per
2987 691 3301 762 adoptivum
3331 705 3527 744 nomen
3571 689 3659 744 hic
3688 688 3875 745 Demi-

2282 806 2388 846 nus
2414 799 2514 852 est,
2546 787 2755 858 Spiritu
2779 795 2970 841 sancto
2992 800 3190 842 carens
3211 784 3406 854 spiritu
3426 785 3633 838 erroris
3657 783 3872 839 anima-

2283 883 2380 938 ris.
2425 901 2444 933 ι
2481 879 2617 935 Item
2643 894 2709 933 es
2740 876 2881 932 libro
2921 889 3106 931 nono:
3142 890 3165 928 ι
3199 873 3372 930 Homo
3397 876 3581 946 itaque
3622 875 3874 931 Christus

2281 971 2462 1037 Iesus,
2498 970 2811 1043 unigenitus
2851 968 3014 1032 Deus,
3057 983 3156 1039 per
3187 983 3407 1024 carnem
3436 976 3492 1024 et
3537 969 3784 1034 verbum,
3811 977 3874 1023 ut

2283 1064 2522 1120 hominis
2561 1061 2723 1126 ﬁlius,
2756 1061 2832 1115 ita
2868 1067 2924 1116 et
2954 1060 3050 1114 Dei
3086 1059 3273 1116 Filius.
3310 1079 3330 1112 ι
3369 1059 3654 1115 Hominem
3708 1058 3873 1114 Chri-

2284 1163 2431 1210 stum
2476 1151 2664 1208 Iesum
2698 1152 2803 1207 iste
2849 1151 3267 1224 probatissimus
3295 1151 3487 1205 doctor
3534 1150 3875 1220 unigenitum

2282 1243 2452 1299 Deum
2478 1243 2762 1299 denuntiat
2788 1259 2805 1308 ;
2832 1242 2975 1298 sicut
2999 1240 3235 1298 hominis
3260 1247 3345 1296 est
3369 1241 3532 1306 ﬁlius,
3558 1242 3655 1305 ait,
3681 1240 3757 1296 ita
3787 1249 3876 1297 est

2280 1345 2338 1392 et
2364 1337 2461 1393 Dei
2488 1335 2682 1392 Filius.
2718 1335 2776 1390 Si
2796 1337 3051 1406 proprius
3078 1341 3163 1389 est
3184 1334 3420 1389 hominis
3448 1331 3591 1388 ﬁlius
3622 1332 3878 1388 Salvator

2281 1436 2484 1490 noster.
2511 1427 2763 1499 proprius
2782 1434 2871 1483 est
2893 1425 3159 1496 siquidem
3180 1433 3237 1479 et
3260 1425 3361 1481 Dei
3387 1424 3556 1480 Filius
3579 1426 3878 1481 secundum

2280 1519 2442 1590 hujus
2481 1519 2810 1574 sanctissimi
2860 1516 3042 1573 Patris
3085 1517 3268 1573 ﬁdem.
3318 1517 3450 1572 Item
3491 1517 3546 1572 in
3593 1516 3734 1574 libro
3777 1533 3813 1572 ι
3852 1535 3870 1570 :

2286 1630 2307 1665 ι
2338 1610 2648 1684 Apostolica
2689 1610 2956 1682 siquidem
2979 1608 3115 1666 ﬁdes
3142 1625 3252 1665 non
3282 1609 3490 1680 patitur
3511 1609 3696 1666 Iesum
3718 1609 3881 1667 Chri-

2281 1713 2448 1768 stum,
2498 1710 2558 1757 ut
2578 1701 2740 1757 Iesus
2768 1715 2876 1757 non
2911 1701 3029 1770 ipse
3055 1700 3127 1756 sit
3149 1699 3424 1768 Christus,
3454 1717 3554 1758 nec
3575 1701 3746 1758 ﬁlium
3775 1703 3881 1759 bo-

2211 1788 2257 1849 B
2285 1793 2449 1851 minis
2494 1793 2760 1850 discernit
2802 1808 2834 1847 a
2881 1791 2978 1848 Dei
3025 1793 3186 1849 Filio.
3223 1814 3242 1847 ι
3274 1792 3526 1865 Nunquid
3569 1810 3677 1849 non
3707 1794 3884 1851 ﬁlium

2285 1884 2524 1941 hominis
2561 1883 2824 1940 discernit
2862 1899 2894 1938 a
2930 1883 3068 1939 Filio
3103 1885 3198 1939 Dei
3230 1884 3336 1948 ille,
3370 1886 3461 1957 qui
3499 1883 3668 1941 ﬁlium
3696 1889 3880 1943 homi-

2284 1977 2374 2031 nis
2397 1976 2709 2046 adoptivum
2735 1975 3013 2046 praedicat,
3048 1985 3102 2030 et
3130 1974 3327 2030 Filium
3358 1977 3473 2045 Dei,
3507 1993 3636 2033 vere
3659 1978 3827 2032 ﬁlium
3847 1979 3875 2031 ‘!

2286 2071 2344 2126 In
2373 2071 2512 2127 libro
2536 2087 2610 2126 sit
2643 2088 2658 2124 :
2693 2090 2712 2123 ι
2742 2069 2803 2125 ιιι
2829 2086 2890 2127 se
2925 2072 3070 2127 enim
3114 2087 3241 2127 eum
3279 2071 3422 2129 Deus
3449 2074 3792 2145 gloriﬁcavit,
3821 2076 3879 2131 ἱ]

2283 2171 2390 2229 est,
2422 2164 2478 2217 in
2506 2178 2570 2218 ea
2603 2172 2820 2228 natura,
2845 2177 2950 2233 qua
2981 2161 3122 2217 Deus
3147 2170 3252 2228 est,
3275 2173 3337 2219 ut
3364 2165 3434 2220 sit
3453 2165 3593 2221 Deus
3613 2166 3874 2223 omniain

2283 2256 2556 2310 omnibus.
2609 2254 2686 2309 De
2731 2255 2968 2309 humana
3013 2256 3143 2311 dicit
3188 2265 3402 2323 natura,
3429 2273 3550 2330 quae
3574 2256 3881 2331 gloriﬁcata

2284 2356 2390 2411 est,
2421 2347 2495 2401 ita
2526 2354 2585 2401 ut
2612 2348 2681 2402 sit
2701 2348 2845 2403 Deus
2865 2350 3048 2404 omnia
3073 2351 3129 2404 in
3159 2352 3431 2406 erunibus.
3474 2375 3492 2406 ι

2360 2438 2473 2492 XV.
2519 2437 2653 2493 Item
2695 2438 3028 2495 fortissimus
3055 2450 3243 2496 contra
3270 2442 3552 2498 haereticas
3575 2445 3882 2515 pravitates

2286 2529 2516 2584 bellator
2572 2530 2766 2585 beatus
2824 2530 3145 2586 Ambrosius
3198 2532 3613 2591 Mediolanensis
3664 2535 3882 2606 episcoo

2286 2638 2386 2693 pus
2415 2622 2465 2687 δ,
2496 2624 2780 2693 perspicue
2808 2622 3088 2679 Christum
3115 2626 3412 2680 secundum
3444 2627 3518 2692 id,
3542 2628 3688 2696 quod
3712 2629 3881 2683 homo

2287 2724 2393 2781 est,
2426 2717 2705 2786 proprium
2752 2715 2849 2771 Dei
2891 2715 3086 2771 Filium
3131 2716 3369 2772 adirmat
3404 2733 3544 2784 esse,
3573 2721 3713 2775 sicut
3745 2720 3881 2793 legi-

2288 2819 2377 2864 tur
2421 2809 2474 2863 in
2502 2810 2862 2880 expositione,
2889 2825 3052 2880 quam
3083 2810 3211 2865 fecit
3234 2811 3289 2865 in
3317 2809 3668 2883 Evangelium
3690 2811 3879 2878 Luem,

2289 2899 2488 2974 [illum,
2512 2901 2709 2972 inquit,
2743 2902 2798 2958 id
2835 2913 2942 2968 est,
2974 2902 3251 2958 Christum
3299 2904 3567 2960 veraciter
3593 2902 3877 2977 proprium

2287 2993 2382 3048 Dei
2407 2993 2601 3048 Filium
2629 2994 2940 3060 conﬁtetur,
2970 3003 3028 3051 et
3066 3010 3191 3050 eum
3210 3009 3352 3062 esse,
3380 3011 3546 3067 quem
3573 2995 3900 3053 secundum.

2289 3089 2682 3142 humanitatem
2701 3102 2806 3143 vos
2821 3096 3047 3158 paterna
3066 3087 3300 3143 intonuit
3313 3086 3498 3162 (etiam
3515 3087 3583 3144 de
3600 3101 3667 3143 eo
3687 3102 3878 3154 versu,

2290 3179 2384 3248 qui
2405 3178 2458 3232 in
2481 3177 2697 3234 Psalmo
2715 3179 2954 3235 secundo
2973 3179 3172 3250 legitur
3193 3195 3206 3233 :
3227 3176 3404 3234 Filius
3431 3195 3642 3235 menses
3667 3189 3751 3244 tu,
3777 3195 3878 3251 ego

2289 3269 2444 3324 hodie
2474 3272 2630 3341 genui
2653 3277 2703 3325 te
2725 3268 2900 3342 [PsaL
2929 3287 2992 3338 ιι,
3011 3270 3116 3344 ⁸1]).
3139 3270 3253 3328 Nec
3274 3273 3396 3329 ideo
3418 3271 3497 3346 [in
3522 3270 3613 3346 eo]
3629 3272 3878 3344 quidem,

2291 3364 2486 3434 inquit,
2517 3363 2677 3419 datur
2713 3365 2810 3420 tibi
2830 3364 3062 3421 facultas
3103 3363 3380 3422 refellendi
3404 3381 3556 3424 more
3576 3375 3692 3432 tuo,
3716 3368 3882 3437 quasi

2290 3456 2585 3513 secundum
2607 3457 2845 3513 divinam
2871 3459 3247 3514 tantummodo
3269 3467 3398 3515 ante
3423 3459 3622 3516 szecola
3649 3476 3881 3534 genera-

2291 3547 2491 3603 tionem
2539 3549 2645 3606 hoc
2670 3549 2875 3606 dictum
2924 3549 3147 3617 fuisset;
3200 3551 3328 3607 licet
3371 3561 3557 3623 posset
3593 3561 3651 3609 et
3691 3554 3760 3609 de
3786 3553 3878 3608 illa

2291 3655 2398 3695 non
2442 3640 2887 3698 inconvenienter
2932 3642 3242 3698 iutimatum
3270 3642 3463 3698 videri.
3491 3643 3880 3699 Verumtamen

2288 3747 2357 3787 ex
2401 3732 2836 3804 praecedentibus
2864 3741 2921 3791 et
2958 3733 3412 3804 subsequentibus
3452 3733 3885 3791 circumstantiis

2291 3822 2360 3878 de
2397 3826 2655 3890 secunda,
2680 3838 2846 3895 quam
2889 3823 3261 3896 temporaliter
3279 3841 3379 3894 pro
3406 3824 3565 3881 nobis
3597 3824 3879 3896 suscipere

2289 3935 2397 3976 non
2425 3919 2730 3986 abhorruit,
2761 3920 3045 3977 nativitate
3067 3922 3390 3991 praedictum
3432 3921 3540 3976 hoc
3565 3921 3769 3976 rectius
3793 3919 3879 3973 in-

2289 4011 2458 4084 telligi
2511 4027 2619 4068 non
2651 4011 2947 4069 inhibetur.
2973 4011 3109 4068 Nam
3154 4029 3169 4068 :
3217 4012 3331 4082 Ego
3359 4021 3534 4066 autem
3563 4009 3880 4066 constitutus

2286 4120 2405 4158 sum
2447 4118 2541 4157 rex
2589 4103 2656 4158 ab
2702 4118 2764 4158 eo
2799 4119 2958 4173 super
3006 4101 3140 4159 Sion
3193 4111 3421 4157 montem
3472 4109 3714 4157 sanctum
3760 4100 3880 4172 ejus

2288 4191 2453 4267 (Ibid.
2477 4193 2554 4267 6),
2586 4203 2660 4258 et,
2694 4193 2904 4265 postulo
2950 4211 2983 4248 α
3019 4211 3125 4260 me,
3166 4203 3214 4250 et
3243 4194 3381 4250 dabo
3422 4195 3516 4248 tibi
3565 4201 3762 4264 gentes,
3807 4195 3880 4248 ad

2291 4300 2546 4356 magnum
2593 4286 2810 4356 pietatis
2839 4294 3266 4349 sacramentum,
3297 4285 3440 4356 quod
3476 4299 3576 4356 per
3600 4284 3880 4356 dispensa-

2290 4378 2490 4433 tionem
2516 4379 2697 4433 carnis
2724 4378 2975 4450 apparuit
3001 4378 3055 4432 in
3083 4377 3303 4440 mundo,
3329 4357 3610 4447 perspicue
3638 4377 3877 4434 adverti-

2291 4476 2380 4524 tur
2421 4469 2610 4539 procul
2650 4470 2814 4526 dubio
2842 4468 3163 4542 pertinere].
3196 4489 3216 4524 ι
3249 4470 3383 4538 Quis
3402 4478 3508 4536 est,
3547 4470 3721 4540 inquit
3745 4470 3880 4526 Αιιιε·

2286 4562 2506 4618 brosius
2549 4574 2607 4628 α,
2650 4562 2740 4618 ille
2786 4561 3041 4634 proprius
3089 4561 3186 4618 Dei
3238 4562 3433 4629 Filius,
3481 4562 3586 4618 nisi
3623 4562 3710 4620 cui
3741 4579 3878 4619 voce

2287 4659 2513 4722 paterna
2555 4650 2759 4710 dictum
2798 4662 2884 4708 est
2925 4671 2939 4706 :
2982 4651 3156 4707 Filius
3204 4669 3351 4707 meus
3398 4669 3453 4707 es
3491 4661 3570 4719 tu,
3598 4669 3693 4724 ego
3720 4651 3878 4707 hodie

2285 4747 2440 4816 genui
2484 4746 2575 4799 te?
2616 4765 2634 4797 ι
2668 4730 2727 4799 In
2756 4745 2897 4800 libro
2943 4754 3125 4800 autem
3156 4744 3223 4799 de
3251 4743 3629 4799 Incarnatione
3670 4743 3877 4799 Christi

2288 4851 2341 4890 τι
2368 4834 2420 4901 ἀ,
2467 4836 2598 4906 quia
2642 4835 2896 4893 Christus
2926 4836 3093 4908 902
3136 4851 3300 4892 verus
3342 4837 3438 4892 Dei
3466 4834 3637 4890 Filius
3663 4837 3756 4901 sit,
3796 4836 3878 4895 sic

2287 4927 2401 4981 ait:
2439 4947 2458 4980 ι
2492 4926 2790 4995 Adversus,
2845 4928 3040 4999 inquit,
3090 4944 3283 4984 omnes
3325 4929 3569 4985 haereses
3605 4929 3883 5001 generalis

2287 5019 2391 5072 ista
2418 5018 2551 5075 ﬁdes
2572 5028 2685 5085 est;
2726 5020 2854 5091 quia
2879 5019 3132 5075 Christus
3151 5028 3234 5075 est
3258 5019 3354 5075 Dei
3380 5019 3572 5085 Filius,
3597 5031 3652 5076 et
3671 5022 3876 5094 sempi-

2293 5117 2479 5165 ternus
2519 5125 2586 5165 ex
2630 5108 2815 5175 Patre,
2853 5118 2909 5165 et
2955 5106 3250 5165 hodiernus
3289 5124 3356 5165 ex
3381 5110 3597 5181 Virgine
3643 5109 3878 5183 [Ambr.,

2288 5207 2345 5254 et
2373 5209 2534 5256 natus
2563 5217 2630 5256 ex
2659 5201 2828 5256 Maria
2856 5199 3108 5272 virgine].
3139 5219 3158 5253 ι
3198 5199 3266 5254 Ει
3289 5199 3451 5270 paulo
3476 5209 3600 5270 post
3629 5219 3642 5255 :
3685 5219 3705 5253 ι
3735 5200 3878 5260 Cum

2290 5292 2550 5348 Dominus
2600 5291 2829 5366 [Ambr.,
2874 5291 3040 5364 Deus]
3084 5307 3299 5362 semper
3334 5303 3481 5348 esset
3506 5301 3766 5363 aeternus,
3792 5297 3877 5353 in—

2286 5385 2616 5440 carnationis
2654 5392 2993 5442 sacramenta
3042 5384 3303 5455 suscepit,
3365 5400 3472 5441 non
3516 5386 3742 5456 divisus,
3774 5390 3876 5452 sed

2287 5560 2345 5615 S.
2374 5561 2646 5616 Ambrosii
2687 5561 2951 5616 translata
2992 5561 3121 5623 sint,
3155 5560 3488 5623 ignoramus.

2361 5643 2381 5668 ε
2419 5632 2476 5682 S.
2511 5631 2785 5694 Ambros.,
2822 5631 2944 5686 libr.
2975 5638 3054 5686 tit.
3096 5631 3149 5685 in
3175 5631 3305 5685 Luc.
3345 5646 3494 5684 num.
3534 5631 3586 5686 9.

2356 5700 2381 5739 ά
2414 5701 2598 5757 Potius
2649 5701 2704 5755 in
2752 5703 2890 5756 libro
2929 5705 2993 5758 de
3037 5702 3249 5761 lnearn.
3282 5700 3436 5756 Dom.
3490 5700 3875 5770 Sacramenta,

2286 5787 2404 5842 cap.
2436 5772 2489 5837 5,
2521 5788 2668 5826 ιιιιιιι.
2704 5773 2793 5827 ‘55.
3408 5793 3410 5795 '
