4136 6612
263 438 360 494 231

934 427 1354 488 υΟΟΜΑΤῙΟΑ.
1396 460 1463 468 --
1499 428 1659 483 ADV.
1703 424 1865 480 ELlP.

1963 422 2104 479 DUM
2144 422 2323 477 LlBlil
2362 421 2450 475 iV.
2494 450 2560 460 -—
2599 421 2726 474 LIB.
2771 419 2855 474 ΙΙΙ.

3429 416 3536 472 23?.

266 572 431 620 unus;
463 555 587 625 quia
617 558 909 619 utrumque
951 563 1110 613 unus,
1135 554 1193 603 et
1209 561 1350 626 unus
1372 544 1427 600 in
1456 552 1706 612 utroque,
1737 541 1841 596 hoc
1870 541 1910 597 Α
1944 546 2303 591 transeamus.
2334 537 2469 590 Nam
2509 537 2563 590 in
2599 538 2776 605 primo
2812 541 2866 591 et
2899 535 3143 626 secundo
3181 534 3539 591 Prmdcstina—

263 657 369 713 est,
401 644 485 699 vel
518 643 802 699 divinitate
832 639 915 693 vel
942 652 1192 707 ccipere.
1225 656 1245 689 ›

336 735 471 791 XVI.
500 734 775 789 Habemus
792 745 1008 801 quoque
1020 727 1302 783 Athanasii
1324 723 1712 787 testimonium,
1733 738 1843 777 non

266 828 373 884 tale
392 826 550 898 quale
570 822 863 880 inﬁdelitas
890 819 1087 889 quaerit
1112 826 1317 881 vestra,
1344 815 1440 870 sed
1467 812 1626 885 quale
1654 813 1845 867 catho—

267 923 384 976 licae
428 914 685 977 convenit
721 912 847 967 ﬁdei
878 929 893 964 :
921 911 1063 966 sicut
1089 910 1145 965 in
1182 904 1408 979 epistola
1434 920 1597 976 quam
1622 903 1689 957 ad
1716 900 1845 972 Epi-

265 1021 469 1068 ctetum
490 1004 861 1066 ecclesiastica
886 1016 1062 1074 penna
1090 999 1352 1072 depinxit,
1388 1005 1676 1051 exaratum
1715 992 1849 1064 legi-

267 1119 411 1158 mus.
455 1100 587 1156 Post
629 1096 862 1169 plurima
906 1108 1026 1165 qua:
1076 1092 1146 1147 de
1216 1090 1589 1146 incarnatione
1641 1083 1846 1141 Christi

267 1189 668 1263 elegantissime
723 1184 1016 1256 expressit,
1064 1182 1169 1239 hoc
1218 1195 1433 1252 quoque
1483 1176 1750 1235 subinl'ert
1775 1187 1843 1229 ιε

274 1302 294 1336 ι
341 1268 461 1336 Non
509 1278 727 1350 quidem
768 1288 870 1347 per
900 1272 1264 1347 adoptionem,
1306 1270 1501 1341 inquit,
1544 1270 1661 1326 haec
1706 1267 1847 1323 facta

267 1385 416 1439 sunt,
439 1372 602 1437 absit,
633 1370 782 1425 sicut
806 1367 1027 1438 quidam
1053 1365 1504 1422 existimaverunt
1534 1378 1551 1417 :
1573 1362 1667 1418 sed
1710 1362 1852 1416 sicut

268 1477 354 1522 est
380 1465 613 1531 veritas,
631 1461 853 1518 homine
895 1457 1042 1515 facto
1079 1456 1380 1521 Salvatore,
1422 1455 1586 1510 totius
1615 1452 1852 1509 hominis

268 1559 419 1615 salus
454 1555 598 1612 facta
622 1560 728 1610 est.
775 1550 835 1609 Si
876 1551 1023 1608 enim
1063 1550 1354 1619 adoptione
1380 1546 1580 1602 eratin
1622 1558 1852 1614 corpore

269 1649 510 1708 Verbum
553 1641 852 1701 secundum
903 1641 1047 1707 illos,
1103 1639 1269 1712 (quod
1332 1647 1516 1693 autem
1564 1636 1853 1705 adoptione

270 1743 493 1807 dicitur,
516 1736 801 1811 phantasia
826 1734 932 1808 est)
959 1735 1229 1806 reperitur
1254 1740 1311 1788 et
1356 1730 1601 1802 putative
1624 1728 1791 1784 salus.
1826 1746 1845 1778 ι

1944 626 2151 681 tionum
2179 626 2317 682 libro
2346 626 2501 698 (Cap.
2542 628 2624 693 15,
2652 642 2801 681 num.
2825 625 2940 691 50),
2968 626 3034 680 de
3061 627 3386 696 proprietate
3416 640 3540 696 quae

1945 723 1999 776 iu
2042 721 2258 775 Christo
2294 729 2410 784 est,
2451 729 2649 789 aperto
2674 734 2925 775 sermone
2953 717 3203 789 profatur
3240 737 3255 771 :
3294 737 3313 771 ε
3351 718 3541 776 Nonne

1944 810 2200 875 faciente,
2234 811 2432 881 inquit,
2459 825 2524 866 ac
2553 810 2880 882 suscipiente
2912 811 3113 875 Verbo,
3140 812 3253 881 ipse
3285 811 3448 866 homo
3471 826 3541 867 ex

1946 917 2056 972 quo
2081 918 2203 957 esse
2224 902 2404 972 cmpit,
2434 901 2603 957 Filius
2632 901 2728 956 Dei
2754 903 2947 956 unicus
2980 917 3100 957 esse
3128 902 3325 971 υαυίιῖ
3351 900 3543 957 Nonne

1944 991 2143 1047 Filium
2180 991 2277 1046 Dei
2317 993 2538 1048 unicum
2569 992 2768 1047 femina
2807 994 2893 1047 illa
2933 994 3104 1065 gratia
3144 994 3301 1063 plena
3341 1008 3542 1050 conce-

1947 1083 2064 1154 pit?
2103 1082 2292 1139 Nonne
2328 1082 2396 1139 de
2434 1082 2638 1153 Spiritu
2676 1094 2866 1139 sancto
2902 1093 2959 1139 et
3001 1084 3211 1155 virgine
3243 1083 3410 1139 Maria
3443 1084 3544 1140 Dei

1947 1173 2117 1230 Filius
2145 1175 2336 1231 unicus
2365 1185 2526 1233 natus
2553 1176 2673 1231 est?
2702 1195 2722 1228 ι
2757 1177 2891 1231 ltem
2937 1178 2989 1231 in
3025 1177 3261 1232 secundo
3298 1176 3542 1246 ejusdem

1949 1266 2141 1339 Operis
2164 1268 2303 1324 libro
2331 1280 2354 1309 ε
2386 1288 2400 1322 :
2434 1286 2453 1321 ι
2487 1267 2718 1333 Fidelis,
2749 1270 2971 1339 inquam
2991 1311 3005 1336 ,
3049 1271 3143 1340 qui
3175 1271 3230 1325 in
3264 1286 3331 1325 eo
3358 1285 3544 1325 veram

1949 1368 2202 1415 naturam
2238 1361 2414 1415 credit
2452 1368 2508 1416 et
2536 1360 2827 1416 conﬁtetur
2856 1362 3145 1416 humanam
3167 1403 3181 1426 ,
3219 1362 3271 1415 id
3298 1368 3413 1425 est,
3449 1376 3547 1416 no-

1950 1458 2161 1516 Stram,
2219 1451 2470 1519 quamvis
2525 1450 2876 1522 singulariter
2932 1444 3258 1520 suscipiente
3317 1450 3546 1504 Domino

1952 1540 2136 1614 [Ααειη
2174 1540 2307 1614 Deo]
2335 1542 2545 1607 Verbo,
2576 1542 2632 1596 in
2656 1542 2875 1597 unicum
2905 1541 3001 1596 Dei
3030 1542 3227 1595 Filium
3253 1541 3545 1596 sublimata

1954 1633 2109 1706 [ϐοά.
2148 1631 2351 1699 Paris.,
2380 1634 2670 1691 sublimata
2696 1633 2828 1705 est],
2860 1635 2934 1689 ita
2988 1642 3049 1689 ut
3091 1636 3182 1704 qui
3230 1635 3455 1703 suscipit
3492 1641 3549 1689 et

1954 1726 2100 1797 quod
2125 1726 2361 1796 suscepit
2383 1740 2493 1780 una
2519 1733 2664 1781 esset
2700 1727 2755 1781 in
2778 1727 3043 1780 Triuitate
3070 1740 3321 1795 persona.
3360 1746 3377 1777 ι
3409 1725 3547 1780 Bea-

269 1832 412 1904 Quid
435 1830 651 1895 melius,
680 1826 813 1900 quid
834 1826 1017 1882 verius
1039 1824 1212 1896 potuit
1233 1823 1339 1879 dici
1369 1837 1528 1894 quam
1552 1820 1681 1875 illud
1708 1819 1850 1889 quod
1886 1891 1928 1904 __
1955 1830 2044 1875 tus
2061 1819 2389 1891 Augustinus
2404 1820 2696 1884 veridicus,
2714 1819 3115 1889 proi:abilisque
3128 1819 3373 1872 veritatis
3394 1819 3551 1874 testis

270 1891 374 1982 iste
417 1891 785 1978 nobilissimus
825 1918 1015 1974 doctor
1040 1891 1211 1978 dixit,
1241 1929 1348 1969 non
1385 1891 1483 1983 per
1509 1911 1852 1982 adoptionem
1886 1891 1930 1951 Β
1957 1909 2173 1964 unicum
2195 1909 2327 1964 dicit
2339 1908 2666 1975 DeiFilium,
2683 1908 2845 1980 903
2867 1909 2958 1978 qui
2981 1908 3286 1979 unigenitus
3308 1908 3373 1961 de
3394 1915 3550 1963 utero

270 2014 391 2070 hzec
412 2026 535 2067 esse
581 2010 745 2075 facta,
774 2022 899 2079 qua:
946 2004 1014 2061 de
1039 2003 1241 2060 Christi
1290 2002 1543 2073 leguntur
1576 2002 1855 2069 dispensa-

270 2102 440 2165 tione,
495 2100 590 2155 sed
636 2099 693 2153 in
741 2095 971 2153 veritate
1004 2094 1189 2150 omnia
1215 2093 1333 2149 haec
1360 2092 1613 2163 peracta?
1638 2091 1746 2146 ista
1782 2092 1855 2146 si-

271 2191 493 2263 quidem
540 2188 706 2244 verba
750 2185 896 2243 illitis
923 2184 991 2240 ad
1042 2184 1438 2240 humanitatem
1465 2184 1737 2254 pertinere
1760 2183 1857 2238 de-

280 2286 659 2335 monstrantur
683 2273 849 2331 dicta.
884 2273 989 2329 Per
1025 2273 1080 2330 id
1128 2273 1273 2345 quod
1292 2273 1390 2341 ait,
1412 2272 1556 2343 facta
1582 2281 1724 2338 sunt,
1747 2287 1856 2327 non

272 2369 493 2441 quidem
516 2368 771 2424 divinitas
793 2365 937 2421 facta
954 2373 1065 2432 est,
1090 2363 1185 2421 sed
1204 2364 1533 2429 humanitas,
1556 2379 1721 2435 quam
1749 2380 1857 2420 non

274 2476 373 2534 per
399 2459 746 2531 adoptionem
790 2458 896 2514 iste
922 2458 1045 2528 pius
1093 2455 1256 2512 Pater
1304 2454 1505 2511 factam
1537 2470 1657 2511 esse
1715 2453 1861 2509 aﬁir-

276 2552 412 2605 mat.
440 2548 589 2604 idem
628 2547 744 2620 ipse
771 2547 824 2602 in
853 2547 1059 2602 Libello
1083 2546 1208 2602 ﬁdei
1235 2561 1371 2612 suas,
1414 2560 1576 2616 quem
1606 2545 1860 2617 dialogis—

279 2643 389 2697 tico
442 2654 697 2696 sermone
745 2649 935 2695 contra
986 2638 1272 2694 hmreticas
1299 2638 1596 2709 pravitates
1632 2635 1862 2692 exaran-

277 2735 409 2789 dum
431 2747 553 2788 esse
577 2732 842 2803 optimum
866 2729 1101 2795 censuit,
1129 2737 1252 2799 post
1277 2728 1449 2784 multa
1476 2743 1645 2784 sacra:
1665 2729 1862 2784 doctrio

278 2839 365 2880 na:
407 2821 622 2891 eloquia
690 2821 807 2877 haec
864 2820 985 2875 loco
1050 2827 1355 2891 opportuno
1444 2818 1712 2876 subinl’ert
1762 2820 1793 2861 δ
1843 2838 1858 2875 :

286 2934 307 2966 ε
355 2914 677 2971 lncarnatus
726 2920 830 2980 est,
879 2912 1075 2983 inquit,
1142 2912 1452 2981 unigenitus
1504 2923 1716 2969 secreto
1773 2913 1863 2969 illo

281 3004 563 3078 mysterio,
615 3004 761 3075 quod
810 3004 927 3075 ipse
988 3003 1159 3059 novit.
1187 3001 1444 3060 Nostrum
1502 3018 1735 3073 namque
1780 3012 1866 3059 est

276 3097 524 3161 credere,
546 3095 691 3151 illius
711 3109 891 3150 nosse.
913 3093 993 3150 Ae
1012 3094 1092 3150 sic
1114 3094 1230 3165 ipse
1256 3092 1401 3149 Deus
1427 3093 1661 3149 Verbum
1690 3100 1863 3147 totum

281 3187 606 3256 suscipiens,
632 3185 776 3256 quod
812 3194 899 3241 est
948 3184 1202 3252 hominis,
1260 3184 1423 3240 homo
1467 3184 1528 3240 ﬁt
1552 3184 1859 3258 [Athanas.,

281 3279 446 3336 homo
493 3277 628 3351 sit];
660 3286 719 3335 et
761 3289 1073 3348 assumptus
1105 3278 1270 3334 homo
1317 3284 1488 3332 totum
1526 3276 1859 3349 accipiendo,

281 3371 429 3443 quod
467 3370 566 3427 Dei
620 3377 729 3436 est,
765 3369 911 3425 aliud
945 3386 1109 3441 quam
1157 3370 1303 3427 Deus
1354 3385 1477 3426 esse
1525 3387 1632 3427 non
1687 3372 1866 3441 potuit

285 3462 509 3539 [ιάεπιη
536 3480 645 3520 non
681 3461 896 3536 possit].
931 3481 951 3516 ι
987 3461 1046 3520 Si
1065 3477 1199 3537 ergo
1216 3463 1381 3519 homo
1406 3470 1578 3519 totum
1603 3463 1863 3534 suscepit,

283 3560 429 3631 quod
456 3558 553 3615 Dei
581 3566 687 3623 est,
712 3560 816 3614 hoc
842 3558 1106 3629 siquidem
1146 3560 1385 3631 suscepit
1415 3600 1431 3625 ,
1464 3569 1524 3615 ut
1553 3560 1695 3616 Deus
1721 3566 1868 3615 esset

284 3655 469 3718 verus,
492 3660 548 3708 et
573 3650 746 3707 Filius
790 3650 887 3706 Dei
932 3666 1112 3715 verus,
1166 3652 1500 3723 unigenitus,
1547 3652 1761 3716 unicus,
1812 3658 1869 3705 et

282 3743 538 3815 proprius
564 3759 581 3797 :
613 3741 717 3797 hoc
733 3749 902 3797 totum
927 3741 981 3796 iu
1007 3739 1104 3797 Dei
1126 3740 1265 3797 Filio
1297 3740 1399 3796 fuit
1419 3750 1546 3797 ante
1568 3742 1750 3797 omnia
1768 3756 1869 3797 ste-

286 3834 439 3899 cula;
467 3834 571 3889 hoc
597 3832 708 3888 ﬁlio
744 3832 1003 3896 hominis,
1034 3847 1197 3902 quem
1234 3832 1570 3905 plenitudine
1610 3834 1871 3904 temporis

287 3938 354 3979 ex
386 3921 636 3995 virginali
677 3931 834 3977 utero
877 3922 1188 3994 assumpsit,
1238 3924 1294 3978 in
1345 3923 1462 3993 ipso
1505 3924 1873 3995 conceptionis

288 4014 447 4070 initio
488 4013 769 4085 proprium
826 4011 947 4077 fuit,
978 4022 1039 4068 ut
1084 4014 1299 4081 unicus,
1348 4014 1682 4085 unigenitus,
1709 4031 1872 4072 verus

284 4114 343 4160 et
372 4105 626 4176 proprius
665 4102 834 4160 Filius
860 4103 954 4159 Dei
975 4113 1143 4159 esset.

359 4191 522 4249 XVII.
569 4193 887 4261 Quaeramus
909 4194 1075 4249 etiam
1096 4194 1226 4266 quid
1253 4197 1597 4252 acutissimus
1625 4204 1680 4252 et
1705 4196 1763 4252 in
1787 4212 1877 4253 ca-

288 4284 488 4341 tholica
527 4284 632 4341 ﬁde
672 4285 1053 4341 veracissimus
1088 4287 1277 4343 doctor
1315 4287 1508 4343 beatus
1544 4288 1879 4359 Augustinus

290 4378 464 4442 dicat,
494 4383 764 4447 quatenus
795 4376 843 4432 si
884 4377 1276 4433 antedictorum
1316 4379 1539 4435 credere
1573 4382 1729 4437 vobis
1769 4396 1875 4437 non

288 4470 502 4542 placeat
520 4469 802 4525 doctorum
826 4470 1173 4536 testimoniis,
1196 4470 1280 4527 vel
1300 4472 1445 4528 illius
1470 4474 1695 4547 credite,
1715 4489 1875 4544 quem

1956 1998 2111 2070 quasi
2146 2013 2375 2069 sponsus
2400 1998 2469 2054 de
2494 1998 2732 2053 thalamo
2759 1998 3025 2067 processit
3062 1999 3115 2052 in
3147 1999 3420 2068 regionem
3453 2011 3553 2052 no—

1957 2095 2145 2144 strain.
2194 2087 2396 2145 Unicus
2440 2103 2676 2158 namque
2719 2087 2804 2143 vel
2857 2087 3163 2159 unigenitus
3202 2088 3552 2159 pr0prietatis

1956 2194 2152 2234 nomen
2171 2191 2289 2244 est,
2317 2194 2423 2234 non
2454 2178 2851 2235 communionis
2887 2194 3011 2233 cum
3049 2179 3335 2249 adoptivis.
3360 2179 3420 2234 In
3443 2187 3556 2238 tra-

1957 2279 2103 2327 ctatu
2122 2269 2374 2327 videlicet
2386 2272 2722 2342 nonagesimi
2737 2272 2865 2326 noni
2881 2272 3077 2343 psalmi
3097 2272 3266 2327 habes
3278 2273 3351 2327 ita
3366 2272 3549 2343 (Num.

1960 2361 2049 2434 l5)
2076 2380 2090 2417 :
2122 2381 2142 2414 ‹
2172 2360 2370 2418 Scitote
2398 2365 2651 2435 quoniam
2680 2362 2936 2417 Dominus
2958 2366 3066 2434 ipse
3092 2373 3168 2417 est
3203 2363 3345 2418 Deus
3375 2361 3552 2435 (Psal.

1960 2469 2106 2520 xcu,
2130 2452 2209 2527 '5).
2240 2455 2373 2522 Quis
2400 2454 2594 2520 nescit,
2633 2456 2830 2527 inquit,
2864 2456 3122 2525 quoniam
3152 2456 3411 2512 Dominus
3438 2458 3555 2526 ipse

1959 2557 2043 2604 est
2064 2548 2240 2604 Deus?
2274 2548 2536 2604 Dominus
2559 2548 2649 2604 ille
2678 2564 2785 2603 non
2807 2548 2959 2604 vobis
2993 2547 3219 2605 vilescat
3247 2568 3258 2603 :
3284 2549 3556 2605 cruciﬁxi-

1960 2640 2079 2706 stis,
2097 2639 2423 2714 ﬁagellastis,
2440 2641 2615 2710 sputis
2636 2640 2893 2707 illinistis,
2907 2641 3408 2712 spiniscoronastis,
3422 2650 3553 2707 etc.,

1961 2733 2213 2791 custodes
2239 2733 2307 2790 ad
2328 2733 2633 2806 sepulcrum
2662 2734 2920 2803 posuistis
2950 2752 2963 2788 :
2996 2734 3111 2805 ipse
3132 2742 3216 2789 est
3242 2734 3405 2790 Deus.
3438 2733 3558 2789 Sci-

1960 2833 2066 2880 tote
2113 2824 2364 2896 quoniam
2404 2823 2661 2878 Dominus
2709 2824 2819 2895 ipse
2859 2833 2937 2878 est
2972 2823 3137 2880 Deus.
3173 2846 3191 2877 ι
3222 2823 3393 2897 Igitur
3418 2817 3483 2880 et'
3503 2827 3558 2881 in

1961 2914 2170 2985 psalmo
2208 2931 2297 2972 cxx
2342 2914 2631 2971 humanam
2668 2923 2918 2971 naturam
2959 2917 3015 2971 in
3059 2916 3420 2988 Redemptore
3460 2932 3559 2974 no—

1963 3014 2100 3072 stro,
2124 3021 2246 3078 qum
2272 3007 2431 3078 longa
2457 3016 2742 3079 parentum
2764 3008 2906 3064 linea
2933 3009 3000 3063 de
3020 3013 3227 3067 semine
3250 3012 3416 3067 David
3436 3020 3560 3068 orta

1963 3108 2067 3167 est,
2090 3100 2336 3157 eamdem
2360 3113 2480 3155 esse
2501 3108 2558 3155 et
2577 3099 2865 3155 Dominum
2893 3099 3086 3166 David,
3110 3109 3167 3156 et
3192 3101 3360 3157 ﬁlium
3387 3102 3559 3159 David

1964 3190 2249 3247 manifeste
2275 3191 2470 3261 probat
2490 3205 2558 3244 ex
2581 3204 2648 3245 eo
2665 3189 2955 3256 versiculo,
2983 3206 3144 3261 quem
3172 3194 3287 3262 ipse
3309 3191 3560 3251 Salvator

1966 3281 2166 3338 Iudaeis
2187 3282 2468 3353 proposuit
2502 3283 2556 3337 in
2585 3282 2936 3352 quaestionem
2954 3322 2970 3347 ,
2998 3285 3268 3353 quomodo
3294 3287 3562 3355 potuisset

1962 3375 2105 3430 ﬁlius
2132 3373 2303 3429 David
2329 3389 2484 3439 esse,
2514 3382 2569 3430 et
2606 3374 2857 3430 dominus
2889 3373 3096 3441 David,
3136 3377 3323 3434 dicens
3360 3397 3372 3432 :
3413 3378 3562 3434 Dixit

1964 3463 2221 3519 Dominus
2273 3463 2497 3518 Domino
2536 3479 2682 3529 meo,
2731 3462 2852 3517 sede
2890 3481 2924 3517 a
2966 3463 3167 3520 dextris
3208 3469 3335 3521 meis
3385 3465 3558 3540 (Psal.

1963 3570 2086 3621 cxx,
2117 3554 2194 3624 l).
2234 3552 2294 3609 Si
2326 3553 2504 3619 ﬁlius,
2541 3554 2813 3624 quomodo
2837 3553 3141 3610 Dominus?
3172 3554 3324 3623 Quod
3365 3559 3562 3615 beatus

1963 3646 2300 3714 Augustinus
2335 3644 2391 3699 in
2429 3644 2765 3713 expositione
2793 3642 3030 3712 ejusdem
3059 3645 3250 3716 psalmi
3287 3648 3359 3703 ita
3389 3648 3563 3705 disse—

1967 3736 2077 3790 ruit
2111 3735 2293 3808 (Num.
2317 3734 2371 3807 7)
2395 3750 2410 3789 :
2430 3753 2448 3785 ι
2466 3734 2954 3806 Novimus,inquit,
2973 3736 3249 3793 Christum
3276 3740 3467 3796 sedere
3490 3742 3559 3799 ad

1967 3815 2246 3883 dexteram
2274 3826 2451 3882 Patris
2474 3834 2594 3897 post
2618 3829 3072 3885 resurrectionem
3099 3844 3130 3884 a
3159 3833 3405 3898 mortuis,
3431 3834 3561 3890 etin

1969 3918 2124 3975 cmlis
2166 3918 2560 3973 ascensionem.
2592 3915 2816 3973 Factum
2856 3928 2941 3973 est
2975 3918 3122 3989 jam,
3166 3936 3265 3977 nec
3303 3924 3561 3990 vidimus,

1970 4010 2067 4068 sed
2089 4012 2391 4073 credimus;
2424 4008 2479 4064 in
2508 4008 2662 4064 libris
2690 4010 2916 4080 legimus
2935 4052 2950 4075 ,
2975 4013 3327 4082 praedicatum
3358 4016 3568 4072 audivi-

1972 4118 2112 4167 mus,
2144 4102 2250 4158 ﬁde
2278 4102 2595 4158 retinemus.
2619 4101 2773 4157 Unde
2792 4110 2846 4158 et
2865 4118 2932 4159 eo
2951 4104 3093 4174 ipso,
3113 4105 3258 4174 quod
3284 4116 3401 4160 erat
3423 4105 3566 4164 ﬁlius

1972 4194 2140 4250 David
2161 4193 2435 4260 Christus,
2458 4193 2635 4249 factus
2654 4202 2738 4249 est
2758 4193 3020 4249 Dominus
3042 4194 3232 4251 David.
3260 4196 3391 4253 lllud
3418 4198 3565 4254 enim

1972 4285 2118 4356 quod
2142 4293 2329 4369 natum
2358 4292 2444 4341 est
2470 4299 2536 4339 ex
2563 4285 2768 4340 semine
2794 4285 2987 4352 David,
3019 4287 3091 4340 ita
3115 4287 3436 4342 honoratum
3459 4300 3564 4352 est,

1973 4386 2034 4432 ut
2058 4387 2202 4433 esset
2234 4382 2291 4433 et
2314 4376 2578 4433 Dominus
2597 4376 2820 4433 David.»
2846 4378 2998 4446 Quod
3033 4381 3226 4434 iterum
3261 4381 3567 4450 iterumque

1976 4465 2232 4536 replicat,
2260 4482 2329 4521 nc
2364 4465 2504 4523 forte
2530 4468 2618 4523 cui
2648 4467 2915 4524 dubitatio
2941 4468 3100 4536 foret,
3126 4470 3193 4526 de
3220 4485 3327 4541 qua
3361 4470 3566 4526 dictum

288 4570 389 4617 ves
414 4560 744 4631 singularias
774 4569 965 4616 vestra:
988 4562 1238 4632 opitulari
1265 4573 1425 4619 secta:
1454 4562 1591 4620 falso
1618 4566 1874 4635 opinatis.
1906 4600 1957 4661 ο
1978 4558 2053 4615 Si!
2072 4567 2259 4614 natura
2286 4576 2299 4611 ε
2326 4557 2471 4612 Dixi!
2495 4557 2751 4613 Dominus
2771 4558 2998 4615 Domino
3019 4576 3157 4627 meo,
3175 4562 3295 4617 sede
3314 4580 3346 4616 α
3366 4563 3567 4619 dextris

291 4649 352 4708 Si
379 4653 628 4708 eruditus
648 4651 923 4723 quislibet,
944 4661 1000 4707 et
1028 4663 1172 4709 recte
1199 4654 1503 4727 intelligens
1530 4656 1881 4722 lector,mul-

290 4742 503 4814 tiplices
529 4742 828 4796 litterarum
856 4757 1077 4797 suarum
1112 4744 1330 4801 codices
1359 4744 1680 4815 perlustret,
1717 4749 1883 4804 veris-

288 4832 430 4890 sime
451 4847 575 4888 eum
611 4832 848 4887 inveniet
877 4834 1035 4888 nobis
1063 4844 1422 4891 consentanea
1453 4838 1724 4902 scribere,
1761 4852 1883 4894 cre—

290 4922 457 4989 dere,
502 4931 561 4977 et
586 4922 884 4995 praedicare
916 4923 983 4978 de
1026 4922 1244 4979 Christo
1266 4965 1283 4992 ,
1326 4933 1434 4980 non
1472 4927 1644 4983 vobis.
1677 4925 1784 4982 Sed
1815 4928 1882 4983 de

290 5014 545 5088 plurimis
565 5015 797 5086 exempli
817 5016 993 5086 gratia
1010 5030 1182 5085 pauca
1204 5018 1630 5092 perstringamus
1647 5032 1713 5073 ex
1735 5018 1881 5074 illius

290 5106 454 5162 dictis
481 5105 826 5171 testimonia,
852 5120 922 5161 ne
955 5121 1147 5177 magna
1174 5107 1461 5162 multitudo
1488 5110 1774 5164 verborum
1802 5108 1885 5164 l'a-

292 5195 505 5253 stidiosi
529 5196 747 5251 lectoris
767 5198 1005 5252 animum
1027 5197 1199 5267 magis
1220 5206 1411 5252 oneret
1446 5213 1605 5267 quam
1636 5198 1881 5255 aediﬁcet.

294 5288 364 5343 Et
382 5303 489 5342 non
520 5296 809 5358 tangamus
838 5286 1000 5351 illud,
1031 5288 1174 5357 quod
1200 5288 1359 5358 paulo
1392 5297 1518 5342 ante
1550 5288 1617 5344 de
1647 5289 1889 5343 Enchiri-

294 5378 427 5433 dion
470 5378 783 5448 posuimus,
831 5378 928 5434 sed
960 5378 1029 5433 ad
1071 5378 1174 5433 alia
1217 5378 1415 5449 ingenii
1445 5378 1525 5433 sui
1554 5379 1887 5435 munimenta

371 5567 398 5595 ι
425 5555 483 5610 S.
514 5555 889 5621 Athanasius,
927 5564 1058 5611 tom.
1104 5555 1125 5611 l
1171 5554 1403 5682 Optimum
1453 5567 1597 5629 part.
1644 5574 1707 5612 ιι.
1757 5558 1878 5615 Vid.

377 5633 415 5678 t.
490 5624 727 5681 Madrisii
800 5625 1035 5682 Onerum
1112 5628 1173 5682 S.
1270 5628 1436 5682 aulini
1491 5628 1878 5682 Aauilcieusis.

297 5633 415 5749 ne:
470 5624 727 5749 ιὶξῗίιι-ἰεὶί
800 5625 1035 5697 Operum
1112 5628 1173 5682 S.
1217 5624 1882 5699 Paulini—Aquileiensis,

300 5712 370 5749 na
416 5735 429 5747 .
535 5734 587 5747 ..

300 5696 867 5850 pagSfbf‘ithanasius
889 5768 961 5850 de
978 5848 984 5850 ἓ
1006 5768 1109 5823 ﬁde
1134 5783 1228 5850 sua
1283 5779 1412 5823 tom.
1447 5767 1507 5850 .ll
1534 5769 1698 5839 Oper.
1731 5769 1883 5850 Quod

302 5849 483 5897 tamen
521 5838 839 5907 opusculum
881 5840 1119 5895 editores
1140 5841 1282 5895 inter
1313 5840 1493 5909 spuria
1517 5838 1834 5911 computant
1866 5858 1879 5894 :

1980 4650 2129 4705 meis.
2153 4647 2411 4717 Adjunxit
2433 4662 2563 4720 ergo
2588 4657 2644 4703 et
2667 4650 2785 4705 hinc
2806 4650 2971 4706 verba
2998 4668 3012 4705 :
3046 4669 3065 4702 ι
3099 4652 3178 4706 Eo
3205 4653 3342 4723 ipso,
3370 4653 3566 4723 inquit,

1978 4741 2123 4810 quod
2149 4755 2368 4796 carnem
2397 4742 2605 4810 accepit
2638 4739 2913 4807 Christus,
2942 4744 3083 4813 quod
3109 4744 3165 4799 in
3194 4760 3357 4801 carne
3378 4745 3565 4819 [Aug.,

1980 4830 2036 4886 in
2064 4830 2256 4886 eadem
2280 4830 2467 4904 carne]
2494 4841 2741 4888 mortuus
2761 4842 2873 4901 est,
2907 4835 3050 4904 quod
3088 4835 3142 4891 in
3182 4837 3371 4892 eadem
3403 4851 3566 4893 carne

1979 4923 2310 4989 resurrexit,
2350 4924 2495 4995 quod
2535 4923 2591 4979 in
2636 4924 2824 4979 eadem
2857 4927 3102 4982 ascendit
3137 4928 3191 4982 in
3235 4928 3465 4995 emtum,
3511 4940 3564 4987 et

1982 5017 2131 5074 sedet
2165 5017 2234 5073 ad
2264 5018 2545 5072 dexteram
2578 5016 2784 5084 Patris;
2823 5026 2881 5074 et
2922 5019 2977 5073 in
3011 5021 3198 5076 eadem
3242 5022 3357 5093 ipsa
3399 5038 3566 5080 carne

1982 5109 2063 5164 sic
2086 5108 2379 5172 honorata,
2421 5108 2499 5162 sic
2536 5107 2862 5175 clariﬁeata,
2900 5111 2982 5165 sic
3013 5111 3069 5165 in
3104 5113 3377 5169 caelestem
3407 5100 3565 5170 habi-

1982 5208 2097 5255 tum
2118 5207 2441 5255 commutata
2462 5240 2476 5266 ,
2506 5210 2563 5255 et
2601 5200 2745 5258 ﬁlius
2771 5210 2853 5258 est
2878 5203 3045 5260 David
3064 5247 3077 5270 ,
3105 5213 3160 5261 et
3188 5205 3446 5263 Dominus
3481 5216 3566 5264 est

1984 5290 2168 5346 David.
2208 5310 2226 5344 ι
2262 5290 2431 5358 Quem
2472 5307 2688 5347 sensum
2725 5296 3015 5365 apostolica
3042 5282 3203 5353 etiam
3243 5299 3566 5356 auctoritate

1983 5384 2191 5438 curavit
2215 5383 2528 5440 dilueidare.
2557 5402 2575 5435 ‹
2603 5383 2910 5441 Secundum
2941 5388 3102 5455 hanc,
3124 5390 3320 5460 inquit,
3350 5390 3564 5463 dispen-

1988 5556 2235 5685 ἓὲιᾶιιᾷεω
2266 5558 2443 5614 locum
2482 5558 2581 5615 sub
2626 5561 2841 5616 nomine
2893 5561 3176 5619 Athanasii
3221 5566 3353 5621 citat
3396 5566 3559 5625 etiam

2125 5644 2265 5683 inus.

2033 5642 2063 5681 a
2125 5644 2216 5682 inu
2252 5667 2265 5681 .

2060 5642 2171 5752 ius.
2214 5644 2375 5771 ing"
2406 5697 2528 5771 libr.
2558 5702 2624 5757 de
2650 5701 2800 5756 Dono
2828 5708 3266 5771 perseverantize,
3290 5723 3435 5761 num.
3464 5708 3535 5762 67

1988 5767 2097 5823 Cur
2123 5784 2253 5823 vero
2275 5767 2414 5824 liber
2440 5769 2541 5825 iste
2580 5772 2792 5828 dicatur
2818 5767 3083 5829 secundus
3112 5777 3178 5831 de
3209 5767 3560 5832 Pi-aedestina-

1988 5841 2155 5905 tione,
2186 5838 2405 5895 consule
2433 5841 2853 5898 admonitionem
2882 5846 3005 5900 huic
3030 5847 3166 5899 libro
3194 5853 3487 5917 przetixam.
