4136 6624
318 463 429 520 285

994 459 1418 520 DOGMATICA.
1458 493 1529 504 —
1562 462 1723 519 ΜΝ.
1764 460 2163 517 ELIPANDUM
2202 461 2382 518 LIBRI
2419 463 2509 520 IV.
2550 494 2620 505 -—
2645 463 2776 520 LIB.
2819 465 2907 522 IV.

3496 457 3604 513 236

318 592 377 635 et
402 580 711 635 ostenderet
748 578 832 636 eis
864 592 1052 634 verum
1080 593 1139 634 se
1167 593 1289 635 esse
1347 576 1549 632 Filium
1588 576 1707 644 Dei,
1753 590 1917 647 quem
1948 581 1992 638 Α
2022 573 2241 640 nobilis,
2289 575 2554 647 dignitate
2603 576 2868 639 sublimis,
2910 574 3072 644 imple
3106 573 3251 644 quod
3287 572 3607 644 promisisti.

320 670 399 727 illi
428 670 545 729 ausi
564 678 691 728 sunt
714 670 980 727 irridere?
1005 669 1206 726 Noluit.
1231 669 1412 737 Quare
1433 668 1639 725 uoluit?
1666 667 1921 737 Nunquid

321 766 453 835 quia
498 779 606 819 non
652 764 865 836 potuit?
892 763 1075 819 Potuit
1115 762 1295 833 plane.
1340 759 1481 828 Quid
1513 769 1597 816 est
1624 760 1771 815 enim
1798 774 1915 815 am!

322 856 466 929 plius
478 855 544 912 de
562 870 726 913 cruce
745 856 1095 919 descendere,
1110 871 1180 911 an
1200 855 1268 911 de
1296 853 1544 925 sepulcro
1564 854 1915 924 resurgere?»

394 943 539 1003 XIX.
571 945 669 1002 l-Iis
694 946 947 1002 omnibus
976 945 1304 1016 supradictis
1335 944 1587 1000 Patribus
1612 945 1804 1000 beatus
1825 943 1923 1000 lsi-

326 1037 514 1104 dorus,
547 1040 730 1094 lumen
767 1037 1074 1109 Hispaniae,
1107 1037 1165 1091 in
1208 1036 1418 1092 unitate
1442 1051 1690 1107 persona:
1715 1042 1774 1090 et
1794 1050 1923 1105 pro—

322 1136 558 1207 prietate
606 1141 929 1189 naturarum
968 1131 1350 1202 Redemptoris
1389 1130 1561 1187 nostri
1612 1130 1924 1187 consentire

323 1226 642 1299 agnoscitur
661 1237 688 1267 ι
718 1239 736 1280 :
770 1243 792 1277 ι
829 1222 1020 1290 Homo,
1050 1223 1243 1295 inquit,
1268 1221 1519 1279 Christus
1538 1219 1714 1287 Iesus,
1738 1236 1927 1294 quam-

324 1317 411 1373 vis
436 1317 583 1373 aliud
629 1316 702 1373 sit
748 1330 819 1372 ex
846 1315 1029 1382 Patre,
1060 1314 1204 1370 aliud
1232 1313 1397 1386 905
1421 1329 1487 1370 ex
1518 1311 1774 1386 Virgine;
1815 1326 1924 1368 non

324 1416 514 1466 tamen
566 1405 707 1462 alius
732 1421 802 1462 ex
853 1405 1037 1472 Patre,
1082 1404 1223 1461 alius
1268 1420 1339 1461 ex
1370 1400 1756 1477 Virgine:sed
1807 1402 1924 1474 ipse

325 1507 566 1556 mternus
594 1514 663 1555 ex
692 1498 875 1565 Patre,
929 1498 1046 1570 ipse
1091 1496 1408 1568 temporalis
1454 1511 1520 1552 ex
1551 1504 1748 1552 matre.
1784 1515 1805 1549 ι
1857 1494 1926 1551 Et

325 1588 492 1658 paulo
523 1596 689 1659 post:
726 1605 747 1639 ι
789 1585 1012 1644 Manens
1041 1600 1182 1641 unus
1205 1586 1271 1640 de
1296 1593 1558 1655 utroque,
1595 1592 1653 1641 et
1689 1585 1744 1641 in
1774 1592 1926 1641 utra-

326 1696 437 1754 que
472 1689 692 1749 natura,
746 1693 849 1737 nec
893 1686 1213 1736 naturarum
1250 1677 1595 1751 copulatione
1641 1677 1923 1743 confusus,

328 1790 434 1832 nec
454 1782 774 1831 naturarum
797 1770 1146 1829 distinctione
1173 1770 1502 1842 geminatus.
1546 1790 1563 1823 ι
1599 1769 1781 1838 Quare
1826 1784 1925 1825 vos

326 1874 522 1923 contra
547 1865 739 1936 optimi
767 1864 1006 1920 doctoris
1035 1862 1202 1919 vestri
1229 1860 1629 1918 confessionem
1682 1861 1924 1933 gemina-

328 1957 404 2015 tis
429 1955 704 2015 Christum
746 1957 801 2012 in
839 1971 1033 2012 verum
1059 1963 1115 2012 et
1148 1972 1257 2011 nou
1300 1969 1492 2011 verum
1535 1953 1731 2009 Filium
1785 1953 1924 2008 Dei?
1957 1940 2000 2002 Β

329 2046 490 2105 Sicut
518 2048 584 2104 de
604 2063 736 2103 vero
759 2046 899 2104 Filio
934 2061 1045 2119 non
1071 2053 1253 2118 potest
1286 2045 1394 2102 dici
1426 2044 1734 2116 adoptivus,
1768 2044 1843 2099 ita
1868 2052 1926 2101 et

331 2142 401 2199 de
424 2142 680 2214 adoptivo
707 2158 816 2198 non
844 2150 1025 2213 potest
1051 2141 1158 2198 dici
1182 2156 1345 2197 verus
1373 2139 1518 2197 filius
1546 2142 1595 2195 ιι.
1627 2141 1694 2196 Et
1713 2157 1783 2197 ex
1822 2141 1926 2197 hac

333 2235 765 2305 reciprocatione
813 2234 1122 2291 necessario
1170 2234 1395 2306 intelligi
1422 2234 1601 2299 datur,
1635 2234 1772 2290 duas
1804 2248 1928 2291 esse

334 2343 617 2401 personas,
641 2328 924 2400 proprium
943 2334 1000 2383 et
1025 2326 1338 2398 adoptivum
1371 2327 1566 2383 illium.

408 2414 530 2474 XX.
577 2416 695 2485 Eia,
746 2415 996 2489 Elipante
1017 2416 1104 2473 vir
1133 2424 1413 2475 senectute
1447 2417 1652 2488 gravis,
1683 2416 1929 2474 moribus

405 2575 434 2640 ξ
460 2562 519 2640 _S.
547 2562 811 2640 Isidorus,
844 2563 969 2640 libr.
1001 2581 1018 2621 ι
1051 2564 1453 2640 Sentent._cap.
1484 2566 1573 2622 16.

407 2634 438 2676 δ
461 2634 540 2707 Ita
560 2651 755 2707 veram
796 2634 1085 2707 lectionem
1114 2634 1456 2695 restituimus
1492 2653 1560 2694 ex
1597 2638 1732 2697 Cod.
1761 2640 1924 2697 Pari-

331 2703 526 2765 stensi.
546 2705 607 2762 In
633 2707 796 2764 editis
832 2703 978 2764 enim
1009 2708 1085 2764 ita
1113 2710 1376 2766 mendose
1408 2710 1727 2781 legebatur:
1773 2712 1927 2768 Sicut

2020 666 2108 721 fac
2146 672 2206 721 ut
2245 666 2451 722 dixisti.
2493 666 2661 723 Decet
2686 667 2846 737 plane
2876 675 3025 721 tuam
3070 680 3335 722 annosam
3377 664 3613 735 pruden-

2022 758 2151 814 tiam
2180 758 2478 815 veridicam
2506 772 2646 817 esse.
2686 757 2888 815 Recole
2921 767 2972 813 te
3010 758 3188 828 ipsum
3219 756 3328 813 tuis
3377 754 3616 811 constri-

2022 858 2169 905 ctum
2189 864 2311 906 esse
2332 849 2552 927 verbis;
2582 849 2629 905 si
2659 850 2856 905 horum
2880 848 2998 913 tibi,
3022 862 3161 918 quos
3188 846 3612 912 nominavimus,

2022 942 2242 999 Patrum
2271 942 2587 998 testimonia
2609 938 2913 1011 proferrem
2943 939 3011 995 de
3039 940 3271 995 veritate
3293 937 3350 992 in
3370 936 3612 1002 Christo,

2023 1037 2077 1091 in
2107 1035 2303 1101 nostri,
2332 1051 2442 1091 non
2469 1043 2531 1089 ut
2570 1034 2708 1089 dicis
2747 1033 2954 1088 erroris
2998 1040 3231 1097 sectam,
3276 1031 3373 1088 sed
3420 1037 3482 1085 ut
3510 1046 3614 1088 nos

2025 1128 2331 1185 certissime
2375 1127 2602 1193 scimus,
2644 1134 2701 1181 et
2728 1126 3018 1182 verissime
3061 1126 3376 1197 probamus,
3426 1122 3617 1178 catbo.

2025 1219 2143 1276 lica:
2169 1218 2296 1275 ﬁdei
2331 1220 2618 1275 veritatem
2651 1226 2704 1273 te
2744 1217 2983 1274 transire
3016 1216 3176 1273 velle.
3218 1215 3366 1282 Quos
3396 1222 3454 1269 tu
3500 1212 3610 1269 ele-

2024 1311 2151 1385 gisti
2196 1317 2388 1376 testes,
2433 1310 2630 1367 horum
2675 1308 2774 1364 tibi
2826 1308 3085 1379 proposui
3138 1306 3505 1371 abundanter,
3554 1314 3619 1360 ut

2026 1418 2170 1471 reor,
2226 1412 2620 1461 consentaneas
2682 1403 2738 1458 in
2804 1402 2908 1457 tide
2965 1400 3234 1457 catholica
3292 1398 3613 1456 sententias.

2024 1496 2147 1555 Noli
2175 1497 2244 1554 ab
2269 1510 2461 1553 eorum
2489 1495 2747 1551 recedere
2775 1493 3003 1558 unitate,
3033 1492 3087 1547 in
3114 1506 3347 1561 quorum
3380 1489 3476 1543 tibi
3502 1488 3619 1559 pla-

2024 1592 2139 1649 cuit
2181 1590 2526 1648 auctoritate.
2580 1587 2930 1645 Proferamus
2981 1593 3038 1641 et
3087 1585 3208 1649 tibi,
3247 1581 3517 1654 quamvis,
3560 1589 3618 1635 ut

2028 1683 2212 1746 timeo,
2240 1682 2453 1751 ingrato
2476 1679 2732 1743 auditori,
2766 1678 2947 1734 adhuc
2963 1684 3020 1732 et
3041 1676 3272 1730 aliorum
3298 1674 3481 1743 magni
3523 1687 3621 1727 no-

2026 1773 2192 1829 minis
2233 1772 2523 1828 doctorum
2570 1770 2962 1842 acceptabilem
3011 1768 3307 1824 universali
3360 1765 3621 1822 Ecclesia:

2029 1868 2083 1925 in
2124 1877 2315 1925 sancta
2363 1868 2469 1924 fide
2523 1865 2924 1923 confessionem
2948 1881 2967 1920 :
2994 1871 3264 1935 quatenus
3294 1860 3377 1915 vel
3427 1860 3621 1915 erube-

2031 1978 2210 2030 scens,
2238 1970 2292 2018 te
2323 1961 2499 2018 solum
2532 1961 2620 2017 his
2649 1960 2905 2017 omnibus
2927 1973 3050 2014 esse
3077 1955 3438 2019 contrarium,
3470 1962 3620 2008 tuam

2032 2057 2277 2126 corrigas
2308 2055 2632 2111 sententiam
2659 2070 2674 2119 ;
2708 2052 2813 2115 vel,
2851 2051 2998 2123 quod
3027 2049 3196 2115 absit,
3228 2048 3273 2103 si
3301 2059 3623 2117 permaneas

2032 2148 2087 2204 in
2114 2147 2515 2211 incredulitate,
2548 2146 2619 2201 ab
2656 2145 2742 2201 his
2768 2144 3024 2199 omnibus
3064 2139 3362 2212 apostolico
3405 2137 3625 2194 feriaris

2032 2256 2314 2299 mucrone.
2365 2238 2473 2295 Sed
2502 2240 2605 2294 hoc
2639 2238 2707 2292 ab
2736 2235 2961 2291 alterius
2991 2233 3261 2290 sermonis
3287 2230 3515 2287 exordio
3538 2229 3626 2284 in—

2033 2333 2344 2405 cipiendum
2365 2346 2487 2388 esse
2512 2337 2692 2385 ratum
2713 2328 2972 2383 arbitror.

2035 2583 2103 2637 de
2144 2582 2292 2629 utero
2320 2569 2468 2644 ﬁlius
2508 2586 2614 2644 non
2638 2552 2973 2644 _potcst_dici
3009 2564 3323 2644 adoptivus;
3350 2562 3428 2616 ita
3473 2570 3522 2614 et
3560 2556 3628 2614 de

2032 2633 2202 2719 optivo
2229 2633 2333 2699 nari
2359 2652 2520 2717 potest
2543 2633 2943 2710 dici'adOptivus
2965 2633 3122 2691 verus
3139 2633 3303 2703 ﬁlius.

1086 2841 3617 2873 W—d

751 2941 990 3007 LIBER
1033 2942 1458 3020 SECUNDUS,
1500 2942 1641 3020 QUI
1680 2945 1784 3007 ΕΤ
1827 2943 2200 3019 QUARTUS
2241 2943 2661 3007 ADVERSUS
2702 2942 3198 3005 ELIPANDUM.

402 3172 447 3251 _I.
471 3175 729 3246 Quamvis
753 3176 971 3234 diverso
993 3176 1156 3234 modo
1170 3178 1275 3235 viri
1298 3178 1507 3249 iniusti,
1540 3180 1634 3250 qui
1660 3179 1731 3236 ab
1754 3178 1931 3236 eccle-

334 3269 559 3329 siastica
592 3276 936 3326 recesserunt
956 3281 1110 3338 pace,
1139 3283 1355 3326 errasse
1396 3276 1712 3337 noscantur,
1741 3278 1925 3327 tamen
1954 3251 2002 3315 C

332 3377 403 3419 ex
449 3375 561 3418 uno
605 3359 853 3431 superbae
900 3357 1153 3416 elationis
1201 3359 1352 3416 fonte
1374 3402 1377 3405 -
1399 3374 1538 3433 pene
1589 3360 1929 3417 diversarum

332 3448 493 3522 origo
518 3456 792 3505 sectarum
819 3446 1103 3515 ebullivit;
1132 3446 1262 3504 dum
1294 3446 1525 3518 quisque
1554 3447 1768 3504 illorum
1797 3462 1928 3519 pro-

335 3540 471 3615 pria:
515 3538 692 3611 magis
739 3537 908 3595 voluit
951 3551 1073 3595 esse
1111 3536 1370 3595 defensor
1414 3541 1718 3606 sententias,
1766 3555 1929 3610 quam

333 3631 588 3690 veritatis
640 3638 913 3699 sectator;
961 3637 1019 3687 et
1067 3632 1212 3687 unde
1250 3645 1351 3688 suo
1397 3632 1606 3689 nomini
1649 3634 1931 3703 satagebat

336 3723 571 3796 gloriam
630 3724 939 3795 acquirere,
998 3722 1127 3779 inde
1173 3722 1623 3793 reprehensibilis
1672 3724 1931 3795 justeque

334 3814 591 3873 omnibus
630 3812 853 3869 odiosus
887 3812 1114 3869 ell‘ectus
1138 3820 1243 3869 est.
1284 3813 1466 3869 Cardo
1490 3816 1637 3870 enim
1659 3816 1930 3886 pessimus

333 3914 392 3964 et
415 3906 570 3980 origo
598 3905 890 3971 malomm,
916 3922 1037 3977 qua:
1076 3920 1146 3962 ex
1178 3922 1300 3963 sese
1326 3915 1649 3965 cunctarum
1676 3908 1929 3979 impieta-

337 4007 453 4053 tum
493 3999 811 4055 occasiones
856 3999 1086 4070 peperit,
1129 4000 1247 4058 haec
1285 4008 1391 4069 est,
1444 4000 1575 4057 dum
1627 4002 1932 4060 caelestium

333 4089 621 4149 doctorum
661 4092 946 4162 sapientia,
988 4093 1126 4149 vitio
1162 4095 1306 4151 male
1332 4094 1768 4168 intelligentium,
1799 4110 1932 4166 pro-

337 4181 572 4238 cacitate
600 4189 887 4249 temerata,
938 4200 1046 4239 non
1098 4184 1399 4241 secundum
1428 4186 1514 4242 sui
1565 4202 1760 4246 sensus
1803 4201 1933 4259 pro-

336 4272 626 4342 prietatem
679 4274 1051 4344 perpenditur,
1102 4276 1199 4332 sed
1252 4276 1308 4331 in
1360 4276 1566 4333 alienos
1609 4293 1801 4334 sensus
1831 4293 1934 4350 pro

336 4364 570 4421 arbitrio
592 4373 650 4421 et
674 4365 956 4421 voluntate
980 4367 1233 4438 legentis,
1275 4384 1437 4426 secus
1473 4386 1636 4441 quam
1685 4372 1932 4429 veritatis

336 4456 484 4516 ratio
506 4456 691 4523 habet,
717 4455 1018 4514 derivatur.
1046 4458 1115 4513 Et
1143 4459 1250 4516 hoc
1268 4475 1338 4515 ex
1361 4461 1606 4517 omnium
1637 4461 1931 4521 haeretico-

337 4563 461 4606 rum
502 4549 829 4605 eommentis
871 4551 1092 4621 cuique,
1147 4560 1365 4609 sanctas
1415 4552 1554 4609 bene
1602 4551 1931 4624 intelligenti

2034 3178 2190 3245 Quod
2230 3191 2400 3249 genus
2428 3176 2727 3248 impietatis
2754 3182 2814 3230 et
2840 3175 3075 3231 miseria:
3113 3175 3160 3231 si
3192 3174 3414 3246 provida
3445 3185 3626 3231 mente

2030 3268 2115 3322 vel
2156 3267 2347 3323 humili
2378 3267 2747 3340 indagatione,
2781 3284 2816 3323 ο
2853 3267 3018 3324 Pater
3065 3268 3334 3338 Elipante,
3370 3266 3625 3325 conside-

2032 3375 2157 3415 rare
2185 3374 2428 3424 curares,
2464 3374 2739 3429 nunquam
2782 3360 2839 3414 in
2870 3359 3030 3432 hujus
3066 3363 3273 3416 erroris
3316 3360 3528 3418 foveam
3558 3362 3629 3418 ab

2027 3452 2237 3506 unitate
2267 3449 2548 3506 catholicae
2576 3451 2727 3520 pacis
2750 3452 3010 3507 recedens
3049 3448 3371 3508 corruisses.
3404 3452 3506 3511 Ubi
3551 3452 3631 3509 la-

2029 3544 2155 3611 tuit,
2182 3544 2275 3599 ubi
2305 3542 2568 3599 dormivit
2595 3543 2701 3599 hoc
2732 3558 2928 3599 nomen
2965 3545 3271 3614 adoptionis
3298 3544 3383 3601 vel
3411 3560 3627 3603 nuncu‘

2029 3632 2265 3704 pationis
2288 3632 2353 3687 de
2377 3630 2617 3697 Christo,
2644 3646 2769 3688 cum
2797 3632 2849 3686 in
2883 3633 3062 3689 Nicaea
3092 3634 3316 3690 civitate
3338 3634 3473 3692 fides
3497 3651 3628 3691 con-

2030 3725 2246 3779 tirmata
2290 3730 2374 3778 est
2418 3722 2691 3778 catholica
2724 3737 2823 3793 per
2864 3732 3140 3781 trecentos
3184 3725 3370 3780 decem
3399 3735 3455 3781 et
3503 3734 3630 3783 octo

2030 3816 2332 3886 episcopos,
2379 3828 2571 3869 omnes
2610 3814 2802 3885 impias
2840 3823 3019 3872 sectas
3063 3815 3378 3883 excludens,
3418 3817 3627 3887 Spiritu

2030 3921 2223 3971 sancto
2248 3912 2303 3968 in
2330 3911 2587 3969 cordibus
2612 3911 2832 3967 illorum
2853 3909 3150 3982 loquente?
3173 3910 3339 3966 Forte
3361 3912 3470 3968 tuis
3488 3921 3623 3968 tem-

2029 4007 2252 4077 poribus
2304 4005 2420 4061 haec
2440 4004 2610 4075 gloria
2634 4000 2800 4075 903
2828 4019 2982 4060 nova
3002 4003 3264 4060 doctrinm
3287 4011 3502 4058 servata
3521 4012 3621 4059 est.

2030 4103 2092 4153 ut
2121 4094 2325 4167 aliquid
2352 4094 2477 4149 novi
2510 4093 2803 4159 invenires,
2834 4108 2943 4163 quo
2987 4102 3141 4149 tuum
3182 4106 3380 4150 nomen
3423 4093 3622 4151 exalta-

2033 4205 2123 4245 res
2148 4189 2203 4244 in
2228 4188 2381 4243 urbe.
2414 4186 2556 4243 Ecce
2591 4185 2796 4241 factum
2832 4193 2938 4251 est,
2964 4183 3197 4242 celebris
3233 4194 3320 4242 est
3342 4185 3501 4240 valde
3527 4200 3623 4242 no-

2032 4281 2194 4336 minis
2216 4279 2293 4335 tui
2319 4278 2533 4343 notitia,
2564 4276 2659 4332 scd
2687 4292 2795 4332 non
2818 4291 2942 4333 cum
2972 4276 3259 4333 cbaritatis
3285 4274 3493 4350 [Form
3518 4276 3628 4333 cln-

2032 4370 2235 4445 ritutis]
2269 4370 2447 4437 laude,
2486 4368 2582 4426 sed
2618 4385 2741 4425 mm
2770 4371 3162 4427 exsecrationis
3195 4370 3458 4441 despectu
3481 4387 3496 4435 ;
3522 4386 3627 4427 nec

2030 4477 2155 4520 cum
2184 4477 2249 4518 ea
2277 4461 2657 4518 benedictione
2695 4475 2804 4529 qua
2854 4459 3116 4517 Salomon
3150 4461 3262 4516 ait:
3288 4460 3497 4517 Nomen
3533 4460 3634 4533 ja-

2030 4563 2235 4609 atorum
2269 4553 2605 4609 benedicatur
2643 4550 2828 4625 (Prov.
2863 4570 2920 4621 ι,
2965 4552 3040 4626 7).
3083 4553 3228 4609 Cave
3446 4555 3631 4625 sequi-

337 4641 672 4712 Scripturas,
719 4642 1127 4714 deprehendere
1169 4644 1427 4715 perfacile
1473 4656 1582 4713 est,
1624 4648 1769 4718 quod
1813 4663 1922 4703 non
1956 4627 2005 4686 Ῐ)
2034 4654 2140 4712 tur,
2174 4660 2243 4701 ne
2268 4646 2444 4717 magis
2472 4655 2567 4702 tuo
2594 4645 2801 4701 nomini
2831 4646 3009 4716 aptari
3037 4646 3249 4717 possit:
3279 4646 3490 4702 Nomen
3528 4662 3628 4700 att-

337 4734 515 4793 sulum
545 4734 836 4804 impiorum
860 4737 1209 4805 perversitas,
1258 4737 1590 4807 spiritalium
1632 4738 1922 4794 doctorum

336 4824 634 4881 catholicas
693 4826 751 4881 in
807 4824 1107 4897 Scripturis
1170 4828 1376 4885 sanctis
1445 4829 1924 4900 interpretationes

332 4912 480 4971 male
525 4913 928 4981 intellexerunt,
970 4930 1158 4972 verum
1196 4920 1363 4975 etiam
1413 4919 1577 4990 impia
1617 4920 1925 4975 temeritate

340 5006 421 5060 vel
463 5020 632 5076 prava
659 5006 903 5067 czecitate
930 5008 1239 5064 divinorum
1269 5009 1532 5066 librorum
1581 5011 1922 5068 sanctissima

338 5095 505 5154 verba
546 5098 617 5153 ad
645 5098 731 5154 sui
756 5100 961 5155 erroris
998 5100 1407 5156 similitudinem
1441 5102 1658 5160 trahere
1681 5119 1790 5159 non
1814 5103 1928 5159 for-

339 5190 704 5259 midaverunt,
754 5198 813 5247 et
852 5192 1034 5248 adhuc
1061 5192 1428 5250 infelicissimo
1465 5195 1535 5250 de
1578 5210 1645 5251 eo
1688 5197 1925 5253 maxime

337 5286 682 5346 erraverunt,
729 5280 786 5337 id
824 5290 928 5347 est,
967 5282 1035 5337 de
1059 5281 1288 5339 Domino
1315 5292 1503 5339 nostro
1529 5284 1657 5341 .lesu
1683 5286 1921 5354 Christo,

341 5369 395 5425 in
421 5384 531 5439 quo
553 5368 671 5428 solo
696 5369 1034 5441 singulorum
1064 5372 1212 5427 salus
1247 5382 1302 5429 et
1336 5374 1446 5430 vita
1480 5377 1749 5441 consistit,
1786 5378 1926 5434 sicut

340 5464 531 5519 beatus
571 5460 768 5520 Petrus
811 5464 1063 5534 princeps
1118 5464 1498 5535 Apostolorum
1545 5474 1796 5536 testatur,
1845 5470 1928 5525 di-

338 5568 507 5610 cens:
542 5551 656 5609 Nec
682 5553 831 5610 aliud
858 5571 1049 5611 nomen
1072 5556 1254 5611 datum
1291 5568 1369 5613 est
1392 5560 1487 5614 sub
1529 5558 1679 5628 celo,
1727 5562 1782 5616 in
1821 5579 1925 5633 quo

340 5653 576 5717 oporteat
601 5660 695 5700 nos
722 5644 893 5701 salvos
920 5646 1069 5715 ﬁeri.
1091 5647 1231 5720 (Act.
1265 5665 1338 5715 tv,
1366 5649 1465 5723 l2).

410 5732 473 5789 ll.
499 5732 636 5800 Quid
665 5736 1027 5793 miserabilius
1051 5748 1154 5805 est,
1186 5754 1348 5811 quam
1378 5740 1430 5795 id
1451 5742 1593 5812 quod
1606 5744 1674 5801 ad
1695 5745 1925 5801 salutem

340 5826 594 5883 omnibus
614 5827 798 5884 datum
825 5838 931 5897 est,
956 5831 1022 5885 ad
1050 5834 1345 5902 perniciem
1368 5843 1644 5909 perpetuae
1664 5840 1926 5908 perditio-

346 5918 429 5973 uis
477 5934 574 5973 sua
610 5918 887 5976 voluntate
929 5921 1219 5993 quemlibet
1266 5926 1367 5984 sibi
1411 5927 1512 5997 ipsi
1561 5931 1926 5986 convertere?

2032 4745 2157 4801 tem,
2200 4735 2397 4807 inquit,
2444 4737 2727 4808 impiorum
2761 4739 3032 4808 putrescit.
3086 4738 3329 4794 Fuerunt
3371 4739 3536 4794 etiam
3572 4749 3631 4796 et

2030 4826 2216 4884 multo
2255 4835 2380 4897 post
2420 4825 2582 4897 hujus
2624 4827 2830 4889 Nicasui
2871 4830 3255 4885 auctoritatem
3288 4830 3504 4887 concilii
3532 4846 3622 4902 sy-

2032 4920 2256 4976 nodales
2292 4921 2763 4991 congregationes,
2810 4937 2910 4992 per
2947 4922 3190 4978 diversas
3221 4923 3407 4993 mundi
3442 4932 3629 4995 partes

2032 5012 2403 5082 imperialibus
2450 5013 2873 5070 Christianorum
2911 5014 3216 5087 principum
3252 5017 3448 5074 edictis
3495 5035 3630 5078 con-

2032 5112 2261 5168 vocata,
2304 5110 2465 5173 prout
2511 5120 2674 5160 causa
2712 5105 2798 5160 vel
2868 5104 3112 5163 defensio
3163 5110 3447 5167 catholicm
3501 5112 3627 5171 fidei

2033 5203 2223 5250 contra
2276 5197 2561 5252 haereticas
2604 5198 2909 5269 impietatea
2959 5198 3276 5272 flagitabat:
3328 5203 3382 5258 in
3426 5207 3628 5275 quibus

2033 5286 2200 5341 etiam
2238 5288 2373 5345 nihil
2405 5289 2510 5344 tale
2538 5305 2776 5359 unquam
2807 5291 3052 5347 auditum
3085 5302 3190 5361 est,
3221 5295 3302 5350 vel
3333 5296 3530 5353 litteris
3559 5299 3628 5355 de

2032 5377 2251 5435 Christo
2301 5380 2615 5437 mandatum
2669 5382 2967 5449 invenitur,
3009 5385 3169 5455 quale
3216 5397 3398 5443 vestra
3452 5404 3628 5460 nuper

2034 5471 2321 5540 sagacitas,
2352 5471 2437 5527 vel
2481 5474 2656 5543 magis
2697 5474 3004 5544 procacitas
3034 5484 3255 5547 repente
3285 5479 3507 5535 auribus
3541 5480 3627 5535 in-

2034 5561 2156 5616 tulit
2202 5560 2543 5620 Christianis.
2580 5564 2713 5632 Quaa
2748 5573 2834 5623 est
2883 5566 3097 5623 insolita
3132 5577 3187 5626 et
3230 5570 3380 5626 omni
3412 5571 3626 5629 ratione

2034 5659 2295 5708 extranea
2342 5653 2509 5709 elatio
2544 5657 2742 5713 mentis
2783 5668 2909 5725 tua},
2950 5668 3009 5716 ut
3047 5661 3145 5718 tibi
3192 5662 3290 5719 soli
3334 5678 3461 5720 cum
3510 5666 3623 5722 tuis

2035 5743 2225 5811 paucis
2267 5745 2736 5813 mussitatoribus,
2781 5763 2890 5805 non
2925 5749 3260 5819 doctoribus,
3301 5754 3624 5811 universalis

2036 5834 2291 5890 Ecclesiae
2317 5835 2452 5893 ﬁdes
2486 5853 2596 5892 non
2641 5839 2853 5910 placeat
2877 5860 2892 5911 ;
2916 5852 2973 5901 et
3009 5846 3262 5903 omnibus
3293 5848 3495 5920 ubique
3514 5863 3621 5904 una

2039 5947 2170 5989 voce
2200 5931 2558 5991 clamantibus
2602 5934 2879 5995 Christum
2922 5939 3089 5997 Deum
3114 5958 3301 5999 verum
3348 5954 3400 5999 et
3432 5958 3623 6001 verum
