4136 6578
526 336 627 392 ‘28?
662 328 665 329 ν

1349 336 1409 390 Β.
1451 336 1511 391 F.
1548 334 1774 390 ΑωςιΝι
1814 334 1942 389 SEU
1982 334 2139 387 ALL“.
2170 331 2254 386 l.\'l
2304 331 2585 387 ΟΡΕΚΕΜ
2622 332 2802 386 PARS
2840 331 2924 387 Ill.

3686 336 3801 391 383

527 445 621 502 Dei
656 446 873 511 Filium,
908 455 965 501 ω
998 444 1144 501 solus
1186 461 1311 502 cum
1340 445 1543 503 Judmis
1590 449 1889 503 reclamans
1934 446 2067 499 dicis
2096 464 2107 497 :
2142 455 2186 507 Α
2215 460 2320 498 non
2345 452 2403 497 ut
2427 452 2654 499 cmteros
2682 446 2922 514 adoptio,
2960 445 3056 501 sed
3090 456 3285 502 natura
3316 449 3467 503 illum
3493 450 3799 509 divinitatis

526 536 731 607 Dignus
779 546 853 591 est
894 538 1051 600 mori,
1079 537 1204 607 quia
1236 534 1435 591 Filium
1478 538 1577 592 Dei
1622 556 1677 592 se
1725 537 1846 607 fecit
1892 537 2109 607 (.llattlt.

523 643 679 695 xm,
709 627 800 694 64,
829 627 918 700 66)
943 645 957 681 :
989 643 1183 697 meque
1224 628 1499 684 servulum
1529 629 1673 684 illius
1723 628 2111 684 maledictioni-

525 719 630 775 bus
661 720 1032 789 prosequeris,
1067 719 1196 774 dum
1224 736 1325 791 ego
1372 722 1614 775 omnium
1660 730 1969 775 sanctarum
2015 723 2108 776 do-

526 818 652 864 ctus
680 812 1004 865 auctoritate
1033 809 1456 880 Scripturarum,
1489 822 1545 867 et
1563 813 1858 883 apestolica
1888 814 2111 869 robora-

528 910 618 956 tus
655 901 1062 971 prtedicatione,
1119 917 1337 957 omnem
1380 903 1434 957 in
1483 902 1702 959 Christo
1750 904 2014 960 conﬁteor
2056 914 2113 959 et

529 992 792 1047 testiﬁcor
834 994 1139 1058 veritatem,
1182 995 1323 1048 sicut
1378 996 1671 1064 apostolica
1717 998 1961 1051 doctrinm
2011 996 2110 1051 toti

530 1082 751 1137 tradidit
791 1084 1012 1147 mundo,
1068 1093 1122 1139 et
1150 1085 1349 1154 ubique
1374 1095 1560 1141 sancta
1589 1086 1764 1141 credit
1788 1087 2027 1142 Ecclesia
2055 1095 2111 1141 et

526 1172 832 1244 pnedicat?
877 1173 955 1227 'l'u
985 1189 1111 1229 vero
1160 1176 1307 1230 solus
1352 1177 1439 1232 his
1484 1177 1736 1233 omnibus
1783 1176 2107 1242 contrarius,

529 1264 675 1318 solus
723 1264 816 1318 tibi
859 1264 1132 1335 singulare
1186 1268 1484 1338 magisterii
1539 1284 1737 1323 nomen
1794 1268 2105 1338 usurpasti;

530 1355 659 1410 dum
694 1356 843 1410 solus
874 1366 1121 1412 sanctum
1160 1366 1216 1411 et
1240 1359 1490 1429 generale
1518 1360 1801 1431 perdidisti
1828 1360 2110 1415 catholica:

530 1448 655 1502 ﬁdei
684 1448 1007 1517 symbolum.
1034 1448 1227 1503 Fertur
1255 1451 1306 1504 in
1336 1450 1610 1507 sacrdos-is
1681 1448 2000 1505 litteratum
2024 1450 2110 1504 hi-

528 1541 715 1595 storiis
730 1541 1012 1610 profanum
1027 1543 1313 1611 quemdam
1330 1543 1583 1613 juvenem
1605 1542 1789 1598 Diana:
1806 1542 2112 1597 incendisse

529 1631 811 1701 templum,
848 1647 967 1701 qua:
996 1632 1175 1703 magni
1218 1634 1455 1689 nominis
1489 1635 1630 1705 apud
1655 1633 1919 1704 Ephesios
1946 1633 2114 1690 habe-

528 1721 731 1786 batur;
779 1724 1249 1793 interrogatusque
1294 1725 1423 1796 quid
1462 1726 1565 1780 hoc
1608 1722 1788 1779 facere
1829 1724 2106 1786 voluisset,

2211 535 2436 589 exultat.
2471 556 2490 587 ι
2545 535 2643 590 Hic
2690 538 2922 606 denique
2971 538 3177 607 absque
3231 543 3396 597 dubio
3442 544 3526 597 vir
3576 554 3801 599 sanctus

2210 624 2427 698 Deoque
2446 628 2634 696 plenus
2660 628 2931 683 hominem
2952 630 3230 686 Christum
3250 634 3315 688 de
3340 634 3562 703 Virgine
3583 644 3793 702 natum,

2209 732 2318 773 non
2346 728 2405 773 ut
2440 730 2670 775 exteros
2698 721 2794 774 Dei
2827 721 2966 777 ﬁlios
2993 724 3200 779 indulta
3227 727 3535 796 adoptione,
3568 730 3663 783 sed
3701 744 3801 800 per

2210 821 2459 867 naturam
2495 812 2647 867 illum
2687 814 2984 869 divinitatis
3023 816 3077 870 in
3115 816 3211 872 Dei
3259 817 3455 873 Filium
3501 829 3798 891 pnemonet

2209 904 2523 959 exaltatum.
2568 904 2712 959 Idem
2740 906 2795 959 in
2821 905 2961 961 libro
2999 923 3125 961 xxvi
3161 908 3301 980 (Lib.
3334 927 3505 974 xxvii,
3535 927 3655 982 cap.
3696 911 3751 985 2)
3781 932 3793 965 :

2214 1012 2234 1045 ε
2280 993 2613 1064 Redemptor
2659 995 2926 1064 siquidem
2975 1005 3158 1052 noster
3203 999 3366 1054 homo
3413 1001 3530 1055 sine
3570 1013 3797 1072 peccato

2208 1092 2310 1148 est,
2357 1084 2497 1139 ﬁlius
2529 1084 2650 1140 sine
2689 1086 2997 1155 adoptione.
3038 1110 3054 1139 ι
3093 1086 3246 1143 Sicut
3276 1093 3562 1159 potestatis
3602 1094 3798 1149 divinat

2206 1185 2312 1242 est,
2337 1184 2399 1230 ut
2429 1177 2592 1232 homo
2617 1192 2685 1232 ex
2708 1178 2956 1249 virginali
2984 1189 3141 1236 utero
3163 1182 3279 1237 sine
3295 1194 3522 1252 peccato
3546 1199 3801 1242 nascere-

2210 1276 2317 1332 tur,
2362 1268 2439 1322 ita
2486 1268 2679 1324 divina:
2707 1278 2791 1324 est
2822 1269 2985 1340 907
3025 1271 3260 1339 virtutis,
3286 1283 3347 1328 ut
3374 1276 3537 1331 homo
3563 1276 3672 1339 ille,
3707 1275 3800 1346 qui

2208 1360 2326 1413 sine
2353 1368 2577 1428 peccato
2596 1360 2747 1415 nasci
2772 1363 2966 1429 potuit,
2997 1350 3345 1434 singulariter
3364 1366 3485 1420 sine
3513 1367 3803 1438 adoptione

2208 1449 2307 1505 Dei
2347 1459 2493 1506 esset
2515 1449 2705 1506 Filius.
2730 1450 2883 1518 Quod
2911 1452 2966 1508 in
3001 1453 3143 1510 libro
3168 1470 3303 1512 xvm
3336 1458 3479 1513 idem
3519 1461 3801 1519 sanctissi—

2210 1556 2333 1595 mus
2365 1540 2530 1596 Pater
2565 1542 2801 1597 ostendit
2846 1542 3035 1599 dicens
3085 1543 3240 1616 (Cap.
3289 1547 3423 1619 52):
3456 1568 3474 1600 ‹
3504 1549 3671 1607 Aliud
3715 1563 3806 1610 est

2209 1632 2355 1687 enim
2402 1626 2558 1688 nato’s
2606 1632 2853 1688 homines
2891 1636 3121 1706 gratiam
3177 1638 3486 1708 adoptionis
3527 1642 3797 1714 accipere,

2212 1723 2359 1777 aliud
2407 1739 2573 1777 unum
2623 1724 2969 1794 singulariter
3021 1742 3118 1796 per
3147 1728 3446 1787 divinitatis
3499 1736 3799 1803 potentiam

532 1815 809 1883 respondit
834 1832 846 1867 :
873 1815 1009 1868 Dum
1036 1830 1133 1884 per
1153 1816 1352 1870 bonum
1380 1825 1602 1889 prapter
1619 1816 1939 1872 excellentia
1967 1816 2110 1871 facta
2144 1806 2187 1865 Β
2214 1811 2383 1867 Deum
2416 1828 2485 1867 ex
2509 1813 2627 1883 ipso
2660 1824 2923 1884 conceptu
2954 1817 3223 1885 prodisse.
3254 1818 3365 1875 Nec
3392 1824 3596 1891 aquari
3623 1834 3801 1893 potest

530 1905 775 1958 vivorum
797 1914 957 1960 notus
983 1920 1101 1961 esse
1132 1922 1238 1960 non
1262 1908 1435 1975 potui,
1468 1907 1549 1960 vel
1577 1923 1673 1978 per
1699 1907 1976 1978 quodlibet
1996 1923 2110 1962 ma—

530 1996 661 2051 litize
694 2011 861 2068 genus
919 2012 1117 2052 nomen
1178 2013 1357 2052 meum
1403 2000 1741 2054 innotescere
1789 1998 1955 2053 volui.
2015 1997 2109 2054 Sic

529 2087 712 2151 etiam,
741 2088 818 2142 sic
838 2096 888 2143 te
904 2089 1080 2159 egisse
1105 2090 1474 2159 cognovimus,
1498 2087 1669 2144 frater
1686 2089 1951 2158 Elipante,
1979 2089 2110 2144 dum

532 2192 639 2232 non
660 2179 890 2235 haberes
917 2195 1019 2235 nec
1040 2181 1290 2235 decorem
1317 2181 1658 2250 eloquentia),
1693 2198 1791 2236 nec
1842 2180 2109 2251 fulgorem

531 2271 832 2340 sapientiae,
882 2272 963 2326 vel
990 2273 1204 2328 insolita
1234 2274 1475 2343 qualibet
1511 2284 1659 2329 secta
1710 2289 1906 2328 nomen
1956 2282 2110 2327 tuum

531 2363 813 2435 divulgare
853 2367 1095 2431 curasti;
1129 2382 1230 2420 nec
1268 2367 1365 2421 tibi
1407 2365 1510 2421 alia
1566 2365 1756 2420 salutis
1790 2373 1957 2420 restat
1998 2363 2107 2431 via,

531 2455 638 2510 nisi
673 2464 920 2526 prompta
966 2471 1127 2510 manu
1163 2454 1345 2511 deleas
1386 2455 1804 2526 chirographum
1853 2454 2112 2523 iniquita-

533 2547 623 2611 tis,
658 2545 879 2616 quodin
928 2557 1139 2602 secreta
1164 2547 1241 2601 tui
1274 2548 1453 2603 cordis
1496 2547 1757 2616 scripsisti
1811 2546 2107 2617 paginula;

532 2646 590 2694 et
615 2639 771 2694 novis
810 2639 1089 2696 catholica:
1108 2639 1233 2695 ﬁdei
1257 2640 1479 2712 syllabis
1505 2640 1747 2713 pristina:
1775 2638 2111 2694 inﬁdelitatis

534 2728 717 2798 apices
749 2729 1107 2785 obrumbrare
1157 2732 1405 2801 incipias.
1435 2731 1658 2802 Legitur
1696 2732 1751 2786 in
1793 2732 1991 2787 litteris
2019 2747 2113 2787 eo-

534 2833 676 2883 rum,
703 2818 795 2889 qui
822 2820 888 2873 de
908 2819 1144 2890 lapidum
1179 2829 1371 2876 natura
1398 2822 1749 2891 scripserunt,
1777 2822 2111 2877 adamantini

536 2911 729 2982 lapidis
752 2913 1011 2969 duritiam
1039 2915 1189 2970 nullo
1218 2914 1536 2971 malleorum
1584 2916 1693 2971 ictu
1721 2914 1920 2986 frangi,
1960 2915 2110 2970 nullo

534 3003 739 3069 ignium
779 3004 975 3060 ardore
1013 3005 1270 3061 dissolvi:
1302 3007 1397 3062 sed
1423 3008 1540 3061 hrcc
1565 3006 1855 3061 durissima
1900 3015 2111 3061 natura:

536 3094 679 3149 illius
713 3097 885 3151 virtus
908 3098 1168 3167 sanguine
1209 3097 1582 3153 tantummodo
1610 3097 1821 3152 hircino
1849 3096 2012 3152 cedit.
2049 3097 2111 3153 Si

2212 1902 2386 1970 gloria
2435 1902 2697 1973 unigeniti
2737 1904 2919 1959 habita
2967 1903 3171 1976 [στερη
3205 1906 3390 1977 gloria:
3435 1908 3653 1983 habite]
3703 1928 3803 1982 per

2211 2000 2485 2058 naturam,
2534 1992 2656 2046 aliis
2686 1991 2888 2064 [ldem,
2918 1994 3045 2068 alia]
3087 2006 3309 2067 accepta
3349 2013 3448 2069 per
3488 2002 3737 2071 gratiam.
3774 2023 3797 2056 ι

2210 2081 2469 2153 lntellige,
2500 2081 2570 2138 de
2612 2098 2717 2153 qua
2746 2091 2942 2140 natura
2982 2086 3247 2142 dixisset:
3280 2086 3348 2141 In
3377 2089 3490 2159 ipso
3540 2101 3797 2161 conceptu

2210 2172 2379 2229 Deum
2407 2176 2663 2244 prodisse.
2690 2175 2823 2231 Item
2856 2178 2922 2232 de
2944 2194 3030 2246 eo,
3060 2181 3205 2250 quod
3236 2182 3535 2237 adversarii
3559 2186 3802 2241 maxime

2216 2265 2320 2321 sibi
2372 2265 2629 2335 opitulari
2673 2267 2968 2334 aestimant,
3018 2271 3164 2338 quod
3206 2271 3456 2329 Christus
3502 2275 3802 2333 advocatus

2212 2358 2288 2413 sit
2311 2375 2411 2429 pro
2430 2360 2587 2415 nobis
2614 2361 2756 2430 apud
2775 2360 3014 2427 Patrem,
3062 2362 3365 2421 clarissimo
3392 2368 3666 2435 praeconio
3697 2369 3815 2424 iste

2210 2450 2377 2506 Pater
2398 2461 2618 2507 sanctus
2644 2452 2922 2523 patefecit,
2949 2456 3221 2525 quomodo
3252 2457 3325 2512 sit
3371 2458 3696 2527 advocatus,
3720 2462 3807 2517 di~

2211 2558 2341 2599 cens
2366 2544 2421 2598 in
2444 2544 2705 2599 vicesimo
2740 2545 2977 2601 secundo
2999 2546 3138 2602 libro
3173 2547 3327 2620 (Cap.
3365 2549 3455 2622 l7)
3483 2568 3495 2604 :
3550 2570 3569 2602 ι
3601 2551 3802 2625 Unige-

2211 2635 2326 2691 nito
2345 2635 2489 2690 enim
2510 2635 2606 2691 Dei
2633 2636 2771 2692 Filio
2795 2653 2894 2708 pro
2914 2639 3133 2694 homine
3150 2639 3513 2710 interpellare,
3546 2651 3633 2697 est
3659 2644 3805 2713 apud

2210 2738 2543 2785 coaeternum
2568 2728 2784 2784 Patrem
2815 2731 2990 2802 ipsum
3011 2746 3134 2787 esse
3159 2733 3434 2789 hominem
3459 2732 3639 2808 [Greg.
3662 2735 3806 2805 seip-

2210 2832 2329 2873 sum
2346 2818 2639 2893 hominem]
2653 2821 3027 2878 demonstrare
3043 2840 3056 2876 :
3070 2823 3229 2893 eique
3248 2840 3346 2894 pro
3359 2825 3595 2879 humana
3609 2832 3801 2878 natura

2213 2926 2449 2981 rogasse,
2478 2920 2564 2969 est
2601 2913 2849 2970 eamdem
2869 2923 3119 2971 naturam
3144 2914 3198 2969 in
3224 2914 3523 2975 divinitatis
3559 2931 3671 2970 sua:
3694 2914 3810 2971 cel-

2212 3004 2447 3059 situdine
2460 3005 2782 3074 suscepisse.
2796 3025 2815 3059 ι
2835 3005 3114 3077 Cognosce
3128 3006 3272 3077 quod
3295 3005 3600 3062 nullatenus
3620 3006 3811 3077 unige-

2215 3094 2361 3149 nitus
2379 3094 2486 3150 dici
2501 3102 2699 3164 potest,
2733 3097 2835 3152 nisi
2867 3112 3028 3154 verus
3054 3099 3126 3153 sit
3153 3096 3340 3152 Filius.
3370 3097 3447 3153 De
3472 3096 3620 3153 nullo
3638 3095 3806 3167 adop-

535 3185 682 3240 nullo
720 3186 1149 3242 testimoniorum
1184 3189 1424 3259 pondere
1448 3188 1650 3244 duritia
1678 3188 1862 3244 cordis
1885 3191 1963 3243 tui
1986 3204 2117 3244 con-
2143 3179 2193 3243 C
2223 3188 2332 3242 tivo
2371 3196 2548 3258 potest
2574 3188 2685 3245 dici
2719 3190 3049 3262 unigenitus,
3085 3191 3211 3261 quia
3249 3190 3433 3261 plures
3469 3197 3599 3246 sunt
3642 3205 3806 3261 quam

537 3280 640 3334 teri
670 3279 865 3346 valeat,
910 3281 1192 3338 mollescat
1231 3291 1287 3338 et
1314 3283 1642 3339 dissolvatur
1690 3284 1954 3354 sanguine
2002 3284 2120 3340 veri

538 3370 632 3425 Dei
669 3371 879 3426 Domini
922 3373 1096 3428 nostri
1120 3372 1249 3429 Iesu
1273 3373 1498 3441 Christi,
1540 3375 1634 3445 qui
1661 3374 1866 3430 eﬁ‘usus
1900 3384 1985 3431 est
2020 3388 2129 3445 pro

537 3462 709 3516 salute
736 3470 846 3516 tua.
877 3462 1022 3519 Deus
1058 3472 1143 3519 est
1168 3480 1316 3530 vere,
1347 3467 1441 3536 qui
1465 3474 1518 3521 te
1540 3481 1639 3522 suo
1667 3466 1930 3537 sanguine
1959 3465 2117 3521 rede-

538 3556 657 3622 mit,
701 3566 757 3612 et
784 3557 877 3611 Dei
906 3557 1074 3613 Filius
1118 3573 1265 3624 vere,
1293 3560 1387 3629 qui
1413 3560 1481 3615 de
1510 3559 1758 3630 sepulcro
1795 3560 2116 3615 resurrexit.

537 3647 695 3702 Caede
718 3647 877 3720 [Cod.
903 3647 1109 3715 Paris.,
1141 3647 1307 3721 Cade]
1335 3666 1497 3721 super
1521 3649 1777 3721 lapidem,
1814 3650 1908 3721 qui
1936 3665 2122 3722 repro-

541 3741 696 3795 batus
716 3748 798 3795 est
814 3742 883 3795 ab
895 3742 1310 3809 aediﬁcantibus,
1338 3751 1400 3797 ut
1425 3742 1803 3815 confringatur
1827 3743 2122 3799 obstinatio

539 3830 718 3885 cordis
750 3833 825 3886 tui
867 3830 1080 3904 (Manli.
1124 3848 1239 3899 ιιι,
1277 3831 1391 3905 di).
1448 3832 1567 3887 Noli
1600 3842 1866 3904 spectare,
1907 3835 2123 3904 quando

539 3921 606 3976 de
644 3921 781 3979 caelo
806 3932 1025 3978 corruat
1048 3940 1214 3995 super
1238 3933 1314 3990 te,
1342 3932 1398 3978 et
1420 3933 1612 3979 contra
1643 3932 1696 3978 te
1724 3923 1879 3996 (Cod.
1917 3922 2118 3990 Paris.,

538 4014 828 4087 conterat].
863 4015 1134 4071 llorrihile
1159 4026 1243 4073 est
1273 4018 1419 4071 enim
1446 4015 1686 4071 incidere
1710 4016 1763 4070 in
1792 4029 1984 4069 manus
2010 4028 2123 4069 om-

540 4110 831 4179 nipotentis
857 4110 951 4166 Dei
983 4109 1170 4183 (llebr.
1202 4126 1262 4177 ι,
1288 4109 1399 4182 51).

608 4200 691 4255 lll.
718 4200 844 4256 ideo
882 4210 991 4256 tam
1032 4202 1226 4272 prolixi
1270 4203 1538 4257 sermonis
1576 4200 1949 4272 prazfationem
1993 4198 2118 4267 feci,

538 4294 666 4363 quia
691 4294 974 4366 segnitiem
1001 4304 1148 4350 tuam
1175 4295 1443 4350 suscitare
1474 4292 1789 4360 voluissem,
1822 4302 1883 4351 ut
1916 4309 2121 4366 cogno-

538 4401 723 4442 sceres
756 4396 955 4444 nostra:
977 4389 1273 4445 voluntatis
1301 4388 1368 4442 de
1392 4395 1482 4442 tua
1510 4387 1683 4444 salute
1710 4388 1985 4443 affectum.
2013 4387 2123 4442 Sed

541 4487 752 4550 tempus
778 4489 882 4547 est,
912 4490 972 4535 ut
1000 4489 1199 4537 nostra:
1227 4495 1436 4536 memor
1465 4480 1838 4550 promissionis
1859 4480 1996 4535 alios
2024 4478 2122 4534 tibi

2218 3295 2359 3334 unus
2376 3295 2497 3345 ;nec
2507 3280 2795 3351 quisquam
2816 3296 2883 3337 ex
2906 3283 3174 3354 adoptivis
3198 3284 3255 3339 in
3276 3284 3538 3339 unitatem
3560 3295 3818 3353 persona

2218 3386 2343 3426 cum
2392 3370 2488 3426 Dei
2524 3370 2664 3428 Filio
2712 3382 3023 3445 assumptus
3065 3383 3170 3442 est,
3220 3389 3323 3430 nec
3376 3374 3446 3430 ad
3499 3375 3824 3430 divinitatis.

2219 3459 2444 3532 gloriam
2496 3462 2801 3519 exaltatus:
2844 3465 3014 3521 etiam
3056 3482 3159 3522 nec
3202 3466 3396 3521 unicus
3424 3466 3643 3536 preprie
3696 3466 3821 3521 diei»

2218 3562 2420 3624 potest,
2449 3555 2593 3612 sicut
2618 3557 3021 3627 probatissimis
3049 3559 3214 3629 paulo
3256 3566 3384 3613 ante
3432 3558 3577 3613 beati
3620 3559 3804 3628 Augu-

2220 3647 2348 3703 stini
2376 3648 2701 3704 testimoniis
2713 3647 2989 3703 Christum
3010 3647 3214 3733 dictum
3236 3663 3359 3704 esse
3381 3648 3804 3715 declaravimus;

2220 3750 2278 3795 et
2301 3738 2508 3796 sanctis
2534 3754 2750 3809 quoque
2783 3739 3074 3795 missarum
3101 3754 3167 3795 ac
3212 3740 3515 3795 orationum
3555 3741 3829 3810 precibus.

2220 3831 2441 3886 beatum
2470 3830 2790 3900 Gregorium
2813 3830 3061 3901 posuisse
3086 3831 3338 3902 superius
3364 3832 3721 3887 ostendimus.

2291 3921 2380 3976 IV.
2422 3920 2563 3993 Ergo
2588 3928 2645 3976 et
2674 3919 2865 3977 beatus
2903 3920 3261 3993 Hieronymus
3306 3922 3363 3976 in
3406 3921 3522 3991 ejus
3556 3922 3809 3978 versiculi

2224 4011 2675 4083 interpretatione
2713 4013 3001 4080 consentit,
3031 4012 3121 4068 ubi
3147 4013 3413 4086 PrOpheta
3442 4014 3520 4068 ait
3549 4032 3563 4068 :
3598 4013 3813 4086 Respice

2220 4105 2279 4159 in
2306 4121 2421 4171 me,
2465 4113 2515 4159 et
2555 4105 2801 4158 miserere
2835 4105 2937 4159 mei
2964 4122 2985 4160 .'
3008 4104 3258 4176 quoniam
3300 4106 3487 4161 unicus
3525 4115 3574 4159 et
3614 4121 3814 4176 pauper

2221 4212 2338 4251 sum
2382 4213 2476 4267 ego
2503 4193 2678 4269 (Psal.
2705 4212 2857 4264 ιειν,
2884 4195 2996 4269 {6).
3023 4210 3050 4239 ι
3081 4216 3101 4248 ι
3138 4197 3281 4253 Bene
3309 4213 3368 4254 se
3394 4199 3610 4254 unicum
3655 4198 3812 4262 dicit.

2221 4288 2349 4359 quia
2375 4288 2684 4360 unigenitus
2702 4296 2786 4346 est
2811 4290 2989 4345 Patris
3019 4290 3075 4345 in
3099 4305 3268 4346 carne
3296 4299 3473 4346 natus.
3506 4310 3525 4343 ι
3555 4291 3657 4359 Qui
3684 4305 3813 4345 vero

2224 4391 2386 4452 negat
2410 4381 2747 4453 unigenitum
2776 4381 2873 4437 Dei
2914 4380 3111 4437 Filium
3136 4397 3237 4454 pro
3276 4382 3459 4438 mundi
3490 4382 3661 4438 salute
3688 4398 3817 4436 cru-

2224 4474 2445 4530 ciﬁxutn
2476 4488 2618 4540 esse,
2641 4474 2743 4529 sub
2764 4473 2958 4531 Pontio
2981 4473 3155 4530 Pilato
3184 4489 3403 4546 passum
3437 4483 3492 4529 et
3518 4475 3812 4545 sepultum,

542 4571 810 4627 advocare
823 4579 990 4627 testes
1008 4572 1282 4642 incipiam.
1309 4570 1607 4642 Gregorius
1630 4572 1841 4627 scilicet
1863 4571 2122 4628 Romanae
2154 4539 2201 4598 υ
2225 4576 2282 4623 et
2309 4566 2469 4623 tertia
2496 4566 2585 4623 die
2621 4566 3008 4632 resurrexisse,
3030 4567 3253 4622 omnino
3277 4568 3582 4624 contrarius
3606 4576 3691 4624 est
3722 4584 3816 4623 ca-

543 4665 688 4720 sedis
756 4666 1063 4736 episc0pus,
1116 4665 1313 4719 nobilis
1356 4663 1681 4734 eloquentia:
1696 4664 1802 4729 vir,
1861 4672 1918 4720 et
1948 4664 2127 4734 puris—
2228 4657 2426 4714 tholico
2453 4656 2775 4713 universalis
2806 4658 3062 4714 Ecclesiae
3099 4660 3364 4731 symbolo,
3395 4661 3449 4715 in
3494 4675 3603 4730 quo
3646 4660 3815 4716 veriso

540 4755 716 4811 simus
738 4755 792 4809 in
827 4755 1090 4809 catholica
1132 4754 1237 4810 ﬁde
1275 4756 1485 4823 doctor,
1510 4754 1695 4810 multis
1734 4756 1789 4809 in
1818 4755 1954 4811 locis
1979 4756 2121 4810 litte-
2226 4752 2363 4808 sime
2390 4752 2712 4807 decantatur
2759 4752 2877 4808 lucc
2918 4753 3098 4807 omnia
3140 4752 3195 4807 in
3221 4753 3500 4824 unigenito
3540 4752 3637 4812 Dei
3675 4753 3817 4811 Filio

542 4862 729 4901 rarum
753 4862 974 4901 suarum
1003 4848 1335 4917 unigenitum
1359 4862 1657 4916 verumque
1681 4846 1775 4902 Dei
1799 4846 1993 4902 Filium
2017 4846 2123 4902 Re-
2226 4842 2370 4900 faeta
2393 4858 2542 4911 esse,
2566 4844 2707 4900 sicut
2734 4845 2925 4899 beatus
2950 4842 3267 4916 Fulgentius
3288 4846 3591 4903 luculentus
3630 4849 3821 4903 catho-

542 4940 875 5008 demptorem
888 4948 1133 4994 nostrum
1146 4953 1268 4993 esse
1284 4945 1530 4993 testatur.
1554 4936 1853 4992 Dicitenim
1878 4938 1932 4992 in
1946 4936 2120 5007 primo
2223 4934 2344 4992 lica;
2374 4933 2497 4992 ﬁdei
2532 4936 2769 5007 scriptor
2799 4934 2852 4991 in
2883 4934 3108 5007 epistola
3147 4953 3310 5008 quam
3337 4937 3406 4993 ad
3441 4938 3663 4994 Petrum
3688 4936 3818 4994 Dia-

544 5030 823 5084 Moralium
880 5030 1018 5085 libro
1073 5030 1140 5085 de
1162 5029 1298 5085 Filio
1344 5030 1437 5083 Dei
1466 5031 1542 5084 ita
1581 5027 1733 5101 (Cap.
1772 5028 1895 5101 23):
1932 5046 1950 5079 ‹
1987 5026 2125 5095 Quia
2224 5041 2418 5083 conem
2461 5026 2759 5092 direxerat,
2800 5028 3037 5083 ostendit
3082 5043 3204 5084 esse
3249 5043 3435 5083 verum
3478 5028 3577 5085 Dei
3618 5029 3817 5087 Filium

542 5124 645 5179 etsi
678 5123 960 5192 adoptivus
995 5124 1227 5193 quisque
1272 5124 1414 5177 ﬁlius
1445 5124 1512 5177 ad
1546 5122 1945 5194 percipiendam
1984 5120 2125 5176 divi—
2223 5115 2496 5182 eumdem,
2527 5117 2619 5186 qui
2646 5132 2839 5187 passus
2886 5126 2991 5178 est,
3014 5128 3264 5174 mortuus
3303 5127 3464 5188 atque
3495 5122 3813 5175 resurrexit.

547 5215 774 5269 nitatem
812 5213 1061 5283 proﬁciat
1106 5211 1313 5285 [στερη
1362 5213 1622 5286 prolicit],
1672 5228 2013 5284 nequaquam
2046 5221 2129 5266 ta-

544 5324 671 5366 men
712 5316 774 5363 ut
816 5309 961 5365 Deus
1001 5311 1324 5367 naturaliter
1370 5318 1533 5376 esset,
1576 5311 1790 5381 accipit.
1830 5330 1849 5363 ι
1884 5309 2016 5365 Item
2071 5311 2127 5366 in

512 5426 515 5429 λ
547 5404 738 5457 eodem
772 5401 931 5469 libro,
962 5404 1105 5473 quod
1132 5403 1385 5458 Christus
1408 5403 1564 5459 Jesus
1609 5418 1716 5457 non
1746 5402 1815 5458 sit
1841 5416 1940 5472 per
1966 5402 2131 5473 adop-

550 5494 753 5551 tionem
782 5495 947 5560 ﬁlius,
972 5495 1113 5551 inter
1151 5496 1255 5551 alia
1286 5497 1366 5551 sic
1393 5497 1469 5550 ait
1495 5494 1649 5567 (Cap.
1682 5495 1773 5566 28)
1804 5514 1817 5549 :
1852 5514 1871 5548 α
1906 5495 2127 5560 Omnes,

552 5584 823 5653 inquiens,
874 5585 965 5655 qui
996 5586 1049 5640 in
1080 5584 1184 5640 ﬁde
1209 5585 1323 5640 Deo
1350 5595 1669 5653 nascuntur,
1718 5596 1957 5660 superat,
2002 5587 2131 5659 quia

625 5705 653 5735 ι
692 5690 751 5749 S.
781 5692 927 5750 Hier.
956 5694 1112 5749 Brev.
1140 5694 1365 5750 Psaltcr.

2227 5207 2330 5276 Qui
2372 5217 2496 5278 post
2535 5206 2764 5278 plurima
2792 5208 3076 5263 catholica:
3115 5207 3239 5264 ﬁdei
3282 5210 3605 5265 documenta
3630 5210 3818 5280 hujus-

2228 5298 2373 5353 modi
2416 5298 2483 5353 de
2519 5296 2738 5353 Christo
2777 5299 3002 5369 protulit
3030 5298 3406 5356 sententiam”
3436 5319 3451 5358 :
3482 5319 3501 5353 ι
3530 5300 3699 5357 Natus
3734 5312 3821 5358 est

2229 5391 2398 5456 enim,
2424 5391 2619 5461 inquit,
2659 5391 2725 5447 de
2748 5390 2934 5457 Patre,
2966 5391 3111 5448 Deus
3145 5393 3417 5460 Verbum;
3456 5402 3614 5450 natus
3643 5394 3818 5449 estde

2230 5492 2423 5547 matre,
2456 5483 2692 5539 Verbum
2716 5498 2848 5539 caro
2871 5482 3095 5539 factum.
3128 5485 3280 5542 Unus
3303 5487 3468 5556 igitur
3489 5492 3652 5558 atque
3674 5488 3817 5544 idem

2229 5575 2376 5632 Deus
2407 5575 2504 5630 Dei
2531 5576 2700 5631 Filius
2725 5584 2885 5634 natus
2904 5586 3031 5635 ante
3058 5579 3278 5645 saecula,
3299 5586 3355 5634 et
3382 5586 3545 5637 natus
3572 5581 3628 5635 in
3646 5596 3819 5637 sacu-

2308 5688 2338 5730 ι
2369 5688 2434 5767 _S_.
2468 5687 2719 5767 Fulgen_t.
2747 5689 2838 5767 De
2873 5690 3005 5767 Fide
3037 5691 3119 5767 a_d_
3146 5692 3365 5749 Petrum
3411 5709 3532 5767 cap.
3578 5694 3634 5759 2,
3664 5710 3814 5751 num.

2242 5758 2328 5826 10,
2363 5759 2446 5823 ll,
2475 5770 2530 5813 et
2558 5758 2718 5829 paulo
2746 5759 2906 5829 infra,
2937 5761 3024 5831 16,
3054 5762 3140 5818 i7.
