4136 6550
294 373 403 430 289

974 370 1391 429 DOGMATICA.
1431 401 1500 411 --
1530 367 1688 425 ADV.
1725 365 2122 423 ELIPANDlT.“
2162 366 2341 422 LIBRl
2378 369 2464 423 IV.
2505 398 2570 407 -—
2599 367 2724 422 LIB.
2766 367 2852 423 lV.

3452 360 3558 418 290

298 492 373 550 io,
402 495 458 540 et
484 494 715 555 utraque
744 483 999 538 nativitas
1021 483 1181 538 unius
1205 489 1309 545 est.
1340 480 1508 535 Filius
1539 479 1667 544 Dei:
1697 493 1883 532 verum
1913 484 1959 541 Α
1988 495 2160 542 utero.
2192 484 2285 540 llle
2310 484 2545 540 hominis
2574 491 2784 540 ωιηιηιι
2812 491 3038 537 matrem
3068 490 3308 537 sanetam
3341 481 3563 534 Mariam

297 580 467 635 etiam
490 576 558 633 de
594 575 784 632 eodem
814 574 1004 628 matris
1031 583 1186 629 utero
1213 575 1354 628 idem
1381 572 1525 627 Deus
1552 573 1715 627 homo
1740 569 1879 641 [exi-

297 674 397 733 vit,
439 679 495 727 et
538 669 593 725 in
633 667 880 738 sepulcro
911 668 1051 720 idem
1096 667 1240 720 Deus
1277 665 1441 719 homo
1490 662 1662 717 factus
1691 660 1880 728 iacuit,

298 770 357 817 et
380 760 451 816 ab
478 758 667 815 inferis
710 757 850 813 idem
882 757 1024 811 Deus
1058 754 1242 827 homo]
1287 753 1462 809 factus
1485 754 1573 808 die
1603 753 1760 807 tertia
1800 767 1885 805 re-

298 852 561 908 surrexit.
592 872 611 905 ι
641 850 774 905 ltem
802 850 855 904 in
876 850 1063 904 eadem
1093 848 1318 917 epistola
1345 862 1359 901 :
1387 866 1404 897 ‹
1434 846 1660 914 Quibus,
1688 846 1880 914 inquit,

295 944 485 1001 verbis
526 943 890 1014 explicabitur
923 942 1105 995 carnis
1136 940 1279 995 illius
1305 939 1621 993 excellentia
1650 937 1885 1007 singula-

294 1040 401 1101 ris,
446 1035 601 1106 cuius
644 1036 822 1090 divina
859 1042 942 1088 est
987 1049 1051 1087 ex
1092 1035 1203 1101 ipsa
1234 1032 1315 1085 sui
1365 1031 1721 1101 conceptione
1765 1045 1886 1100 per-

297 1129 470 1185 sena?
504 1149 524 1182 ι
560 1127 793 1183 Attende
838 1126 968 1195 quid
1008 1125 1181 1179 dicit:
1216 1141 1234 1173 ι
1268 1123 1436 1192 Cujus
1482 1133 1553 1175 est
1603 1122 1779 1174 dicina
1822 1136 1886 1173 ex.

298 1222 415 1289 ipsa
437 1219 521 1273 sui
545 1216 877 1287 conceptione
901 1231 1142 1285 persona.
1172 1212 1252 1267 An
1288 1212 1483 1282 aliquis
1512 1211 1675 1265 audet
1704 1209 1886 1265 dicere

297 1309 646 1380 adoptionem
678 1322 798 1362 esse
832 1306 885 1360 in
915 1304 1097 1360 divina
1130 1320 1358 1374 persona
1385 1303 1504 1357 Filii
1537 1303 1666 1357 Dei?
1692 1302 1882 1357 Totam

300 1402 485 1469 itaque
511 1397 897 1469 proprietatem
920 1410 1094 1459 suam,
1122 1409 1282 1464 quam
1306 1392 1497 1447 habuit
1523 1400 1648 1447 ante
1668 1390 1884 1455 saacula,

298 1493 482 1547 divina
512 1490 749 1546 servavit
776 1504 1005 1558 persona
1034 1487 1091 1540 in
1135 1500 1194 1540 se
1236 1486 1371 1554 ipsa,
1402 1485 1530 1538 licet
1579 1484 1888 1537 humanitas

298 1585 723 1655 eonjungeretur
754 1580 949 1636 divina:
978 1592 1224 1648 personae
1253 1577 1377 1632 Filii
1404 1577 1520 1630 Dei.
1552 1596 1571 1628 ι
1623 1575 1691 1630 Et
1728 1572 1889 1645 paulo

288 1683 423 1743 post
450 1691 465 1729 :
495 1692 514 1725 ‹
548 1672 691 1728 Deus
714 1671 1047 1740 unigenitus,
1073 1669 1165 1738 qui
1198 1670 1325 1722 dum
1370 1668 1766 1735 conciperetur,
1795 1678 1889 1719 ve-

299 1767 522 1819 ritatem
567 1762 749 1818 carnis
794 1760 1003 1830 accepit
1044 1775 1109 1813 ex
1154 1759 1391 1829 Virgine.
1439 1758 1545 1813 Ista
1592 1772 1754 1813 causa
1782 1764 1884 1820 est,

1983 577 2208 647 putabat
2255 577 2393 640 ﬁeri,
2438 577 2666 632 alterum
2713 591 3009 643 agnoscens
3057 575 3149 645 qui
3213 582 3338 628 ante
3383 572 3563 627 omnia

1988 678 2229 739 tempora
2253 684 2319 723 ex
2362 668 2521 722 Patre
2548 677 2706 722 natus
2729 675 2841 731 est;
2875 665 3100 721 alterum
3143 682 3375 737 namque
3418 681 3563 726 eum,

1984 762 2076 830 qui
2122 759 2175 813 in
2218 759 2552 829 plenitudine
2598 767 2900 828 temporum
2942 758 3235 813 carnaliter
3256 776 3321 811 ex
3347 759 3567 826 Virgine

1986 851 2146 906 homo
2177 850 2352 905 factus
2377 859 2479 904 est.
2510 852 2617 905 Vos
2648 851 2899 919 equidem
2930 866 3034 904 non
3065 850 3258 904 minori
3292 851 3570 918 impietate

1986 942 2192 1010 decepti
2242 956 2429 994 verum
2460 940 2552 994 Dei
2584 940 2776 994 Filium
2808 939 2969 993 vultis
2995 954 3139 1003 esse,
3174 940 3267 1007 qui
3314 948 3439 993 ante
3465 955 3568 994 sm—

1985 1032 2103 1087 eula
2126 1039 2285 1085 natus
2308 1038 2393 1084 est
2422 1046 2489 1085 ex
2515 1029 2705 1093 Patre;
2739 1029 2889 1083 illum
2926 1044 3078 1092 vero,
3119 1030 3208 1098 qui
3249 1043 3316 1084 ex
3344 1029 3568 1099 Virgine

1986 1133 2147 1180 natus
2176 1132 2282 1188 est,
2314 1123 2623 1192 adoptivum
2654 1120 2820 1176 ﬁlium
2850 1119 2943 1177 Dei
2974 1140 2987 1177 :
3020 1121 3278 1177 addentes
3305 1131 3362 1177 et
3392 1123 3569 1178 adhuc

1987 1215 2114 1270 huic
2141 1214 2502 1270 incredulitati
2532 1221 2725 1269 vestra:
2761 1212 2905 1268 aliud
2945 1214 3236 1285 impietatis
3266 1230 3453 1285 genus,
3487 1214 3567 1271 di-

1986 1316 2174 1362 centes
2215 1305 2384 1361 Deum
2423 1322 2545 1362 esse
2592 1321 2780 1361 verum
2818 1306 2909 1376 qui
2945 1320 3010 1360 ex
3047 1305 3156 1359 Deo
3194 1314 3353 1361 natus
3383 1313 3487 1371 est,
3517 1313 3567 1360 et

1988 1399 2154 1453 Deum
2199 1398 2617 1468 nuncupatimm
2649 1438 2663 1460 ,
2710 1397 2984 1452 hominem
3030 1396 3179 1452 illum
3227 1398 3317 1467 qui
3358 1398 3424 1452 de
3454 1397 3567 1452 Vir-

1987 1491 2113 1558 gine
2139 1488 2314 1545 factus
2345 1497 2428 1543 est
2457 1507 2469 1541 :
2508 1497 2672 1558 atque
2706 1503 2866 1558 super
2888 1488 3003 1543 huic
3033 1487 3306 1543 dualitatis
3332 1490 3571 1555 nomina,

1990 1583 2043 1638 id
2083 1591 2189 1644 est,
2233 1581 2479 1637 veritatis
2515 1592 2572 1635 et
2608 1582 3047 1650 uuncupationis,
3097 1583 3441 1652 proprietatis
3469 1582 3573 1656 [et]

1989 1671 2325 1743 adoptionis;
2389 1672 2553 1727 nimia
2603 1672 2847 1727 caecitate
2906 1672 3255 1728 obscuratum
3316 1673 3579 1730 habentes

1988 1779 2110 1831 eor,
2132 1764 2312 1820 dicitis
2334 1781 2499 1819 unum
2545 1765 2713 1819 Deunt
2754 1781 2873 1821 esse
2898 1772 2952 1819 et
2974 1782 3141 1820 unum
3166 1765 3385 1831 Filium,
3414 1782 3577 1837 quem

291 1873 407 1927 qua
442 1857 583 1911 Deus
626 1853 802 1909 factus
831 1862 914 1908 est
958 1851 1100 1907 ﬁlius
1136 1852 1361 1922 virginis
1406 1851 1611 1916 Mariae,
1639 1859 1694 1904 et
1724 1849 1890 1904 Maria
1925 1847 1966 1904 Β
1992 1873 2091 1912 vos
2118 1872 2309 1911 verum
2334 1855 2502 1911 Deum
2538 1863 2593 1910 et
2620 1857 3065 1927 nunciipativum,
3088 1859 3367 1927 proprium
3406 1857 3579 1914 mium

297 1949 456 2019 virgo
484 1954 658 2002 mater
701 1945 845 2002 facta
887 1952 971 2000 est
1012 1946 1276 2015 unigeniti
1308 1944 1424 2000 Dei.
1463 1965 1481 1997 ι
1517 1944 1693 2001 Unum
1723 1944 1891 2014 siqui-

298 2041 428 2095 dem
457 2047 515 2096 ct
540 2037 688 2095 illum
730 2037 1065 2108 unigenitum
1088 2037 1249 2092 beata
1280 2037 1445 2107 Virgo
1472 2038 1657 2107 genuit
1684 2036 1889 2103 Deum;

301 2146 410 2186 non
441 2129 598 2193 duos,
625 2144 794 2183 unum
824 2144 1011 2184 verum
1035 2126 1229 2193 Deum,
1255 2136 1313 2183 et
1338 2128 1570 2182 alterum
1610 2144 1892 2199 nuncupa-

297 2222 499 2284 tivum,
526 2219 667 2275 sicut
696 2230 877 2274 vestra
918 2218 1056 2273 solet
1079 2216 1352 2272 afﬁrmare
1379 2220 1730 2287 perversitas.
1758 2218 1891 2273 Item

296 2316 358 2369 in
386 2316 578 2369 eadem
605 2325 631 2354 ο
660 2330 673 2366 :
703 2332 721 2364 ι
751 2311 980 2380 Quando
1007 2312 1063 2366 in
1094 2308 1330 2367 Iordane
1351 2312 1646 2366 secundum
1674 2325 1891 2366 carnem

303 2407 610 2477 baptizatus
658 2412 744 2461 est
781 2405 1095 2473 unigenitus
1128 2403 1272 2460 Deus
1300 2425 1321 2456 ι
1354 2404 1496 2459 Ecce
1524 2405 1718 2459 beatus
1762 2404 1895 2459 Ful-

301 2498 521 2567 gentius
569 2495 742 2561 illum,
793 2495 885 2567 qui
932 2494 989 2551 in
1038 2494 1275 2550 Iordane
1324 2496 1620 2550 secundum
1673 2510 1896 2551 carnem

300 2589 612 2660 baptizatus
650 2596 756 2653 est,
787 2600 950 2657 super
978 2602 1140 2659 quem
1167 2594 1391 2658 paterna
1421 2586 1653 2641 intonuit
1685 2601 1809 2650 vox,
1842 2594 1900 2641 et

302 2679 545 2752 Spiritus
570 2686 792 2734 sanctus
830 2678 883 2733 in
910 2678 1093 2749 specie
1134 2677 1398 2733 columbas
1436 2678 1733 2744 descendit,
1776 2677 1897 2731 uni-

302 2772 550 2841 genitum
595 2769 765 2825 Deum
812 2770 1121 2825 conﬁtetur.
1164 2770 1297 2825 lteui
1345 2769 1437 2839 qui
1479 2784 1641 2839 supra
1670 2769 1725 2824 in
1756 2768 1898 2823 libro

302 2864 502 2929 tertio,
548 2864 642 2935 qui
695 2871 1041 2933 nuncupatur
1087 2863 1155 2918 de
1201 2860 1556 2918 Saeramento
1604 2861 1898 2917 Dominicze

302 2952 607 3024 passionis;
654 2954 782 3023 quia
832 2953 1162 3024 Redemptor
1208 2963 1415 3019 noster,
1459 2955 1658 3025 inquit,
1706 2962 1902 3008 auctor

303 3045 453 3112 vitm,
494 3045 618 3100 ideo
667 3044 904 3100 a'Petro
955 3044 1198 3114 apostolo
1245 3046 1591 3114 perdocetur,
1641 3046 1897 3115 quoniam

305 3135 455 3191 Deus
496 3151 659 3191 verus
702 3136 1100 3198 incunctanter,
1148 3153 1253 3191 non
1298 3138 1899 3209 autemsosnuncn-

1992 1957 2048 2003 et
2078 1948 2389 2018 adeptivum
2430 1947 2600 2003 multa
2644 1959 2959 2003 sermonum
2998 1950 3258 2004 varietate
3296 1949 3493 2019 smpius
3522 1950 3576 2006 in

1993 2041 2129 2095 duos
2166 2039 2295 2094 deos
2327 2047 2383 2094 et
2407 2040 2461 2094 in
2491 2039 2625 2095 duos
2665 2038 2804 2095 filios
2832 2040 3086 2095 dividatis
3127 2040 3411 2112 [diriditis]
3441 2062 3455 2097 :
3484 2059 3582 2098 no-

1992 2146 2116 2186 men
2137 2129 2414 2186 dualitatis
2445 2130 2819 2186 tantummodo
2858 2131 2911 2185 ia
2938 2131 3188 2201 personis
3214 2142 3579 2196 exsecrantes,

1992 2222 2088 2278 sed
2114 2223 2170 2277 in
2201 2220 2304 2277 [ide
2329 2220 2548 2291 propria
2580 2220 2810 2275 ﬁrmiter
2839 2237 2953 2275 rem
2980 2221 3256 2278 dualitatis
3295 2223 3583 2279 ostenden—

1996 2321 2096 2368 tes.
2135 2310 2242 2369 Sed
2285 2312 2449 2381 legite
2495 2310 2806 2380 diligentius
2849 2313 3135 2383 synodales
3180 2312 3391 2369 lihellos
3436 2313 3579 2369 beati

1993 2403 2178 2475 Cyrilli
2207 2403 2486 2467 antistitis,
2512 2409 2573 2456 ut
2608 2403 2947 2471 cognoscatis
2984 2406 3151 2460 vestri
3190 2407 3393 2460 erroris
3420 2406 3583 2475 origi-

1995 2511 2120 2551 nem
2153 2510 2220 2551 ex
2248 2509 2519 2551 venenosa
2552 2493 2788 2550 Nestorii
2823 2494 3048 2549 ebullire
3070 2495 3346 2567 voragine,
3372 2512 3438 2551 ae
3462 2513 3584 2552 vos-

1996 2587 2257 2656 metipsos
2290 2600 2354 2641 ex
2386 2584 2531 2640 illius
2565 2585 2894 2641 sanctissimi
2922 2584 3122 2648 Patris.
3149 2585 3291 2641 beati
3319 2587 3584 2656 siquidem

1995 2676 2205 2747 Cyrilli,
2251 2677 2449 2732 litteris
2494 2676 2780 2747 corrigite;
2820 2685 3107 2747 sequentes
3151 2677 3453 2733 cliarissimi
3485 2693 3581 2733 ve.

1997 2770 2095 2826 stri
2125 2767 2395 2839 quondam
2417 2766 2633 2831 Felicis,
2662 2780 2806 2823 nunc
2833 2775 3012 2823 autem
3043 2769 3212 2824 nostri
3237 2769 3582 2839 exemplum:

1998 2861 2091 2932 qui
2119 2861 2262 2915 viam
2305 2860 2550 2916 veritatis
2593 2874 2946 2930 wgnoscens,
2977 2874 3083 2915 non
3121 2859 3341 2915 erubuit
3376 2860 3582 2918 erroris

1999 2954 2082 3011 sui
2126 2952 2373 3009 conﬁteri
2408 2953 2804 3023 ignorantiam;
2841 2959 2897 3006 et
2934 2967 3033 3024 per
3061 2950 3220 3007 ﬁdem
3268 2952 3590 3011 catholicam

1998 3047 2195 3104 unitati
2225 3046 2480 3103 Ecclesia:
2505 3044 2709 3102 Christi
2734 3045 2973 3117 seipsum
3000 3046 3389 3115 compaginari.
3418 3046 3591 3103 Pona-

2000 3157 2124 3198 mns
2150 3148 2333 3196 tamen
2358 3153 2531 3209 pauca
2560 3152 2625 3194 ex
2662 3137 2810 3193 illius
2852 3145 2980 3193 ante
3008 3137 3272 3193 nominati
3309 3137 3491 3195 Patris
3528 3138 3594 3193 li-

306 3227 524 3298 pativus
550 3226 857 3282 credendus
897 3227 991 3293 sit,
1025 3227 1101 3283 ita
1119 3235 1248 3298 post
1270 3226 1500 3299 plurima
1531 3226 1799 3284 subinfert
1821 3228 1851 3269 δ
1876 3247 1893 3282 :
1924 3220 1971 3281 (ἶ
2000 3232 2142 3290 bello
2170 3231 2501 3295 testimonia,
2530 3238 2801 3301 quatenus
2843 3245 2912 3285 ex
2941 3228 3155 3284 illorum
3185 3230 3416 3286 lectione
3438 3231 3592 3287 intel-

314 3339 333 3374 ι
360 3320 444 3377 Ex
471 3336 582 3393 quo
608 3319 778 3390 igitur
799 3319 948 3375 Deus
974 3320 1100 3375 vitae
1124 3329 1316 3377 auctor
1344 3321 1619 3376 hominem
1648 3320 1702 3375 in
1724 3320 1902 3376 unita-

309 3420 422 3471 tem
440 3427 690 3485 personas
717 3412 973 3482 suscepit,
1006 3428 1073 3468 ex
1097 3428 1205 3482 quo
1228 3410 1369 3485 [Αι.,
1401 3427 1467 3468 ex
1494 3410 1583 3483 eo]
1614 3411 1706 3467 ilie
1738 3410 1903 3467 homo

309 3520 509 3562 nomen
524 3504 657 3559 vitae
677 3504 919 3561 auctoris
940 3504 1195 3559 obtinuit.
1223 3524 1243 3557 ι
1269 3504 1406 3570 Quis
1426 3511 1606 3573 potest
1630 3502 1756 3556 vita:
1783 3514 1905 3557 esse

310 3602 523 3661 auctor,
566 3593 670 3649 nisi
710 3609 873 3649 verus
917 3593 1096 3650 Deus?
1122 3593 1278 3662 Quod
1308 3595 1502 3649 beatus
1542 3593 1740 3648 Petrus
1782 3607 1906 3664 per-

309 3687 497 3756 spicue
523 3692 755 3740 testatur
781 3685 834 3740 in
864 3698 1137 3749 sermone,
1166 3697 1327 3754 quem
1354 3684 1544 3739 habuit
1564 3684 1631 3737 ad
1654 3680 1900 3747 Judasos;

310 3788 434 3850 post
456 3778 561 3833 alia
586 3778 915 3833 excellenter
936 3778 1166 3849 prolata,
1196 3778 1301 3832 hoc
1331 3791 1545 3846 quoque
1571 3775 1901 3831 subnexuit:

322 3864 426 3921 Vos
452 3882 588 3931 vero,
622 3866 817 3936 inquit.
840 3876 1082 3921 sanctum
1104 3875 1152 3920 et
1171 3866 1379 3936 justum
1407 3866 1635 3934 negastis
1665 3873 1789 3918 ante
1816 3862 1903 3933 fa-

309 3960 442 4012 ciem
488 3956 677 4025 Pilati,
704 3957 985 4028 judicante
1026 3954 1119 4010 illo
1161 3956 1381 4018 dimitti,
1419 3965 1469 4010 et
1503 3955 1708 4026 petistis
1736 3956 1905 4009 cirum

312 4048 635 4102 homicidam
678 4047 868 4104 donari
897 4048 1058 4103 vobis.
1108 4048 1385 4102 Auctorem
1414 4064 1534 4102 vero
1564 4047 1681 4102 vita
1708 4048 1905 4101 intere-

312 4140 504 4206 mistis,
531 4140 900 4210 suspendentes
923 4140 980 4194 in
1005 4140 1146 4207 ligno
1172 4141 1310 4209 (Act.
1342 4157 1426 4205 ιιι,
1455 4139 1565 4212 η).
1596 4140 1749 4208 Quod
1771 4141 1907 4195 olim

316 4228 530 4300 Moyses
565 4228 748 4284 divino
776 4229 971 4300 dignus
1022 4229 1237 4298 eloquio
1291 4230 1608 4300 prophetico
1656 4230 1909 4302 praedixit

312 4321 506 4392 Spiritu
527 4316 792 4384 futurum,
822 4318 913 4374 ubi
944 4320 1022 4373 ait
1050 4334 1064 4372 :
1105 4318 1312 4373 Videbis
1334 4320 1491 4373 vitam
1514 4330 1658 4374 tuam
1678 4322 1910 4391 penden-

315 4424 420 4468 tem
442 4422 562 4467 ante
583 4421 654 4477 te,
668 4420 716 4466 et
739 4410 890 4484 [non]
922 4411 1099 4466 credes
1120 4412 1239 4467 vita?
1261 4422 1364 4468 tua:
1387 4412 1565 4484 (Deut.
1582 4430 1775 4478 xxviii,
1794 4413 1906 4485 66).

392 4523 454 4577 V.
500 4522 614 4578 Hoc
653 4523 814 4578 velim
855 4524 1158 4579 certissime
1198 4540 1295 4579 vos
1332 4540 1681 4595 cognoscere,
1731 4542 1766 4580 ο
1801 4527 1905 4581 viri

319 4613 519 4667 fratres
547 4613 709 4683 hujus
748 4614 1052 4684 adoptionis
1076 4614 1129 4668 in
1174 4583 1739 4677 Christovassertores,
1766 4618 1909 4687 quod
1940 4583 1988 4642 θ

319 4702 583 4771 quidquid
615 4703 808 4757 beatus
835 4702 1070 4773 Cyrillus
1090 4702 1475 4760 Alexandrinae
1494 4706 1748 4762 Ecclesiae
1777 4724 1910 4776 pou-

321 4792 453 4848 til'ex
488 4793 736 4865 synodali
767 4794 1088 4849 auctoritate
1115 4794 1281 4865 impio
1325 4797 1604 4865 respondit
1636 4797 1909 4863 Nestorio,

321 4886 478 4939 vobis
534 4899 851 4953 responsum
900 4898 1021 4939 esse
1068 4885 1273 4954 absque
1318 4885 1482 4941 dubio
1526 4888 1709 4942 sciatis
1742 4903 1755 4941 :
1784 4890 1910 4957 quia

320 4975 564 5043 ejusdem
599 4976 802 5029 erroris
834 4975 1086 5047 impietas
1113 4976 1355 5045 ejusdem
1402 4980 1644 5034 veritatis
1690 4996 1913 5049 respon-

322 5067 567 5123 sionibus
593 5066 802 5122 destrui
849 5068 1027 5122 debet.
1057 5067 1198 5122 Nihil
1236 5083 1461 5139 prorsus
1507 5078 1677 5125 restat
1703 5068 1912 5143 [Forte,

323 5155 512 5229 distat]
548 5164 744 5212 vestra:
769 5157 1011 5228 perﬁdia:
1040 5166 1187 5214 secta
1219 5160 1287 5213 ab
1315 5159 1630 5215 inﬁdelitate
1659 5160 1913 5225 Nestorii,

325 5250 431 5304 nisi
468 5250 612 5319 quod
638 5250 725 5307 ille
756 5252 811 5305 in
841 5261 1016 5307 matre
1043 5252 1267 5323 Virgine
1294 5253 1515 5318 erravit,
1557 5269 1654 5308 vos
1692 5252 1748 5307 in
1776 5253 1915 5309 Filio

326 5342 565 5397 Christo.
608 5342 704 5398 llle
744 5346 977 5399 asseruit
1016 5343 1229 5399 beatam
1266 5346 1541 5417 Virginem
1569 5345 1663 5399 Dei
1693 5345 1915 5415 genitri-

326 5449 445 5487 cem
473 5448 580 5490 non
607 5450 748 5498 esse,
778 5452 874 5491 vos
899 5452 1027 5491 vero
1051 5434 1353 5501 aﬂirmatis,
1383 5453 1482 5492 nec
1504 5435 1675 5491 Deum
1704 5453 1913 5501 verum,

331 5541 429 5580 nec
460 5524 552 5580 Dei
582 5540 710 5583 vere
734 5526 930 5583 Filium
967 5543 1108 5593 esse,
1138 5531 1230 5601 qui
1263 5538 1423 5585 natus
1447 5539 1531 5585 est
1558 5546 1623 5586 ex
1665 5530 1915 5601 virginali

405 5690 429 5717 η
456 5675 530 5751 _S.
560 5676 803 5747 Fulgent.
852 5678 930 5751 De
972 5678 1105 5734 Fide
1146 5680 1212 5734 ad
1248 5680 1489 5751 Petrum,
1520 5696 1639 5751 cap.
1685 5682 1737 5739 9.
1766 5698 1913 5736 num.

332 5748 423 5809 ω.
455 5748 664 5818 integer
689 5756 886 5809 textus,
908 5749 979 5804 ita
1012 5759 1168 5804 sonat
1195 5765 1208 5804 :
1238 5750 1435 5806 «Filius
1460 5748 1607 5809 solus
1631 5761 1731 5811 est,
1760 5767 1921 5818 super

335 5834 497 5890 quem
528 5834 627 5875 vox
661 5819 747 5874 illa
775 5821 939 5876 solius
971 5819 1147 5877 Patris
1174 5823 1427 5887 insonuit,
1472 5823 1687 5894 quando
1724 5823 1776 5878 in
1802 5821 1923 5878 Jor-

2003 3324 2202 3396 ligatis,
2234 3322 2364 3393 quid
2392 3337 2489 3393 per
2532 3322 2827 3385 hominem,
2873 3321 3015 3376 serie
3054 3319 3210 3391 [Cod.
3241 3321 3443 3387 Paris.,
3468 3323 3597 3392 quid

2001 3433 2101 3489 per
2130 3429 2349 3472 omnem
2377 3413 2598 3485 seriem]
2629 3413 2937 3469 litterarum
2964 3430 3210 3479 suarum,
3244 3414 3414 3469 astrui
3446 3414 3596 3470 velit.

2072 3528 2162 3582 Vl.
2200 3525 2344 3583 Dicit
2375 3527 2557 3597 itaque
2596 3526 2651 3581 in
2694 3542 2757 3581 ea
2801 3526 3052 3597 epistola,
3094 3542 3256 3597 quam
3304 3528 3372 3582 ad
3419 3528 3593 3597 ipsum

2003 3619 2202 3674 direxit
2234 3616 2542 3672 Nestorium
2572 3617 2716 3671 inter
2749 3626 2944 3672 cetera
2973 3618 3052 3673 sic
3083 3637 3096 3671 ε
3128 3638 3146 3669 ‹
3182 3618 3283 3683 ita,
3325 3619 3598 3689 inquiens,

2004 3711 2278 3766 Christum
2307 3723 2474 3762 unum
2514 3717 2571 3761 et
2620 3708 2905 3762 Dominum
2952 3707 3290 3770 conﬁtemur,
3324 3726 3432 3765 non
3478 3719 3599 3765 tan-

2003 3816 2168 3872 quam
2201 3800 2471 3855 hominem
2492 3814 2617 3855 cum
2647 3799 2828 3855 Verbo
2856 3800 3149 3855 adorantes
3168 3843 3183 3866 ,
3217 3816 3285 3855 ne
3312 3802 3595 3857 divisionis

2004 3893 2253 3964 quaedam
2285 3890 2497 3962 species
2534 3891 2855 3956 inducatur;
2892 3892 2987 3947 sed
3017 3908 3184 3947 unum
3215 3893 3409 3949 Filium
3438 3909 3595 3949 eum-

2006 3985 2238 4053 demque
2276 3983 2587 4038 adorantes.
2634 4002 2654 4036 ι
2702 3984 2836 4039 item
2883 3984 2938 4039 in
2984 3983 3193 4055 synodo
3231 3984 3598 4043 celeberrime

2006 4073 2389 4137 auctoritatis,
2436 4089 2557 4143 quae
2597 4084 2929 4147 congregata
2969 4084 3055 4132 est
3106 4076 3159 4130 in
3206 4077 3476 4145 Ephesina
3520 4079 3598 4135 ci-

2006 4167 2177 4223 vitate
2215 4174 2407 4223 contra
2437 4166 2613 4237 ipsum
2652 4166 2987 4234 Nestorium,
3031 4169 3110 4224 sic
3147 4169 3213 4224 de
3238 4168 3458 4226 Christo
3488 4170 3605 4242 ipse
3644 4169 3648 4173 ’

2007 4256 2242 4327 Cyrillus
2288 4264 2524 4312 testatur
2563 4255 2773 4329 (Epist.
2816 4258 2840 4312 1
2873 4258 2939 4312 ad
2970 4260 3266 4315 monachos
3300 4258 3558 4333 Egypti)
3587 4280 3601 4317 :

2014 4363 2033 4395 α
2071 4344 2190 4401 Non
2238 4346 2552 4413 hominem,
2604 4348 2722 4411 ait,
2766 4356 2819 4403 et
2871 4348 3109 4403 Verbum
3159 4352 3295 4405 duos
3333 4351 3603 4417 Christos,

2010 4436 2241 4491 alterum
2288 4436 2597 4503 sublimem,
2632 4447 2689 4493 et
2712 4437 2941 4494 alterum
2968 4441 3274 4506 subditum;
3313 4442 3407 4498 sed
3436 4442 3606 4498 Deum

2010 4536 2068 4583 et
2113 4527 2387 4583 hominem
2441 4544 2609 4584 unum
2663 4530 3022 4603 eumdemque
3080 4532 3405 4587 conﬁtemur
3448 4534 3607 4588 (ibri-

2016 4628 2180 4675 stum.
2234 4640 2254 4673 ι
2310 4620 2565 4691 Nunquid
2620 4639 2728 4677 non
2782 4624 2918 4679 duos
2973 4623 3221 4679 Christos
3282 4626 3606 4692 confitetur,

2013 4727 2177 4765 unum
2225 4711 2534 4779 sublimem,
2580 4723 2635 4767 et
2674 4714 2908 4770 alterum
2952 4716 3275 4783 su‘jeetum,
3329 4720 3420 4788 qui
3474 4718 3608 4774 dicit

2012 4818 2181 4856 unum
2223 4802 2499 4859 Christum
2536 4819 2726 4859 verum
2756 4805 2948 4869 Deum,
2988 4815 3042 4861 et
3072 4806 3301 4861 alterum
3331 4825 3607 4881 nuncupa-

2011 4893 2213 4955 tivum;
2246 4893 2330 4947 vel
2359 4910 2527 4948 unum
2558 4894 2870 4960 Dominum,
2898 4905 2952 4951 et
2984 4897 3213 4953 alterum
3257 4899 3514 4955 servum?
3539 4900 3606 4959 Et

2013 4985 2172 5053 paulo
2200 4992 2355 5054 post:
2392 5004 2410 5035 t
2445 4984 2834 5056 Nuneupamur
2863 4989 3062 5042 etenim
3094 5004 3192 5043 nos
3236 4989 3335 5059 ipsi
3358 5006 3458 5060 per
3485 5006 3608 5061 gra—

2018 5076 2147 5129 tiam
2174 5074 2287 5135 Dci,
2314 5085 2686 5130 verumtamen
2725 5091 2830 5131 non
2866 5078 2937 5131 ita
2970 5078 3112 5133 Deus
3144 5077 3336 5143 Filius,
3379 5080 3472 5135 sed
3512 5094 3608 5133 na-

2020 5178 2141 5222 tura
2178 5168 2351 5233 magis
2386 5176 2440 5222 et
2468 5169 2719 5232 veritate,
2750 5170 2877 5224 licet
2912 5185 3042 5225 caro
3080 5172 3151 5225 sit
3180 5170 3372 5228 factus.
3410 5193 3427 5225 ι
3456 5172 3525 5227 Et
3554 5173 3605 5229 in

2019 5260 2365 5331 sequentibus
2398 5259 2554 5314 iniit:
2586 5278 2603 5309 ι
2633 5258 2742 5314 Nos
2764 5262 2980 5328 quidem
3011 5271 3065 5316 et
3101 5271 3290 5319 sancto
3328 5264 3474 5319 uncti
3516 5279 3609 5319 su-

2021 5368 2142 5406 mus
2164 5351 2331 5421 909
2356 5348 2584 5421 Spiritu,
2608 5351 2915 5422 adoptionis
2941 5354 3205 5422 siquidem
3230 5355 3465 5411 ditamur
3486 5369 3609 5425 gra-

2022 5443 2121 5506 tia,
2143 5456 2509 5512 vocamurque
2528 5442 2690 5497 etiam
2711 5443 2781 5498 dii
2801 5460 2814 5504 ;
2843 5452 3041 5498 nostrae
3067 5460 3197 5499 vero
3223 5454 3435 5502 natura:
3458 5459 3611 5501 meu-

2027 5547 2210 5586 suram
2268 5546 2375 5586 non
2414 5530 2740 5602 ignoremus.
2793 5530 2993 5589 Sumus
3032 5535 3174 5590 enim
3220 5550 3287 5590 ex
3338 5544 3506 5603 terra,
3552 5544 3611 5591 et

2026 5688 2162 5811 ill)ane
2214 5686 2505 5743 secundum
2554 5703 2771 5744 carnem
2809 5691 3113 5761 baptizatus
3166 5702 3249 5747 est
3302 5692 3610 5763 unigenitus

2075 5773 2188 5810 eus.
2223 5778 2242 5811 ι

2075 5773 2188 5810 HIS.
2223 5778 2242 5811 D

2105 5829 2130 5867 δ
2167 5826 2313 5885 Idem
2339 5830 2406 5884 ad
2428 5827 2843 5889 Trasimundum
2875 5847 3075 5903 regem,
3103 5849 3222 5905 cap.
3255 5832 3339 5890 12.
