4136 6576
505 388 607 444 291

509 592 605 648 sed
647 598 840 648 natura
886 601 1017 643 vere
1056 583 1248 650 Filius,
1273 590 1333 638 et
1367 580 1610 638 omnium
1636 575 1916 633 Dominus.
1948 590 1967 623 ι
1998 569 2097 624 Αι-

513 681 678 739 tende
719 676 1033 750 diligentius
1079 673 1353 747 quomodo
1403 670 1660 729 discrevit
1703 668 1846 723 inter
1904 672 2103 719 nostra:

514 774 818 847 adoptionis
840 770 1181 844 dignitatem,
1209 776 1267 824 et
1291 766 1593 823 naturalem
1626 765 1684 819 in
1708 762 1927 818 Christo
1964 758 2102 814 Filio

516 866 635 932 Dei,
689 865 782 937 qui
833 880 901 919 ex
940 861 1161 932 Virgine
1207 868 1371 915 natus
1420 867 1546 923 est,
1596 856 1925 911 veritatem:
1958 851 2103 923 quod

516 960 695 1016 adhuc
735 956 1102 1030 perspicacius
1143 954 1200 1010 in
1245 952 1599 1025 sequentibus
1650 964 1778 1005 mox
1816 946 2104 1005 ostendere

517 1048 773 1106 curavit:
812 1065 833 1098 ι
865 1044 1159 1114 Quocirca,
1205 1043 1479 1115 inquiem,
1531 1056 1598 1097 es
1634 1039 1847 1096 duabus
1884 1037 2103 1107 quidem

516 1141 681 1197 rebus
705 1136 1093 1199 indubitanter,
1117 1135 1400 1191 divinitate
1417 1141 1476 1190 et
1502 1131 1860 1197 humanitate,
1886 1130 2108 1186 Emma—

472 1268 475 1271 -
516 1226 644 1284 nucl
686 1235 789 1284 est.
836 1226 1227 1282 Verumtamen
1259 1237 1399 1279 unus
1439 1221 1703 1277 Dominus
1745 1216 1907 1274 Jesus
1944 1214 2104 1271 Chri-

520 1327 662 1383 stus,
691 1331 940 1387 unusque
976 1323 1034 1371 et
1069 1329 1197 1370 vere
1234 1312 1426 1377 Filius,
1452 1311 1599 1367 Deus
1636 1307 1800 1364 simul
1830 1314 1886 1363 et
1912 1306 2103 1369 homo;

516 1419 702 1467 etnon
723 1410 887 1465 homo
912 1408 1056 1464 Deus
1080 1405 1278 1471 factus,
1303 1402 1408 1460 sub
1427 1401 1741 1472 aequalitate
1766 1400 1980 1461 horum,
2008 1397 2105 1466 qui

516 1519 617 1575 per
633 1502 897 1575 gratiam;
935 1498 1033 1555 sed
1057 1498 1202 1553 Deus
1223 1496 1408 1567 potius
1451 1508 1629 1549 verus.
1666 1511 1685 1544 ι
1722 1490 1875 1557 Vide,
1914 1488 2105 1553 lector,

517 1601 576 1649 et
599 1590 839 1660 intellige
866 1605 1030 1662 quam
1052 1587 1371 1643 ﬁducialiter
1389 1585 1668 1643 Christum
1698 1583 1756 1638 in
1780 1581 1989 1637 duabus
2011 1596 2109 1635 na-

520 1687 660 1743 turis
683 1685 939 1749 adimat,
966 1682 1112 1754 quod
1140 1682 1213 1736 sit
1240 1696 1384 1735 unus
1413 1687 1472 1735 et
1496 1678 1667 1733 Filius
1692 1676 1860 1734 etiam
1898 1685 1956 1729 et
1980 1687 2109 1728 vere

520 1779 692 1845 Deus,
735 1793 844 1833 non
890 1775 1191 1833 secundum
1227 1773 1458 1843 gratiam
1503 1771 1647 1827 sicut
1687 1784 1807 1824 nos.
1853 1766 2107 1829 Attende,

521 1873 846 1930 subsecutus
870 1868 985 1925 ait:
1018 1887 1036 1918 ι
1065 1867 1252 1923 Palam
1292 1879 1426 1935 ergo
1462 1873 1573 1929 est,
1610 1862 1739 1935 quia
1766 1859 1993 1916 unitatis
2023 1874 2111 1914 res

523 1973 799 2036 assumpta
826 1960 1138 2018 necessario
1160 1958 1379 2030 quidem
1404 1956 1683 2027 proprium
1707 1954 1904 2010 Filium
1928 1952 2112 2008 decla—

527 2058 668 2113 ravit
691 2055 811 2122 Dei,
840 2054 935 2126 qui
969 2068 1039 2109 cx
1082 2059 1278 2109 sancta
1304 2050 1523 2122 Virgine
1548 2056 1651 2107 est.
1677 2067 1697 2100 ι
1731 2047 1887 2111 Item,
1916 2053 1978 2099 ut
2014 2044 2113 2099 ad-

525 2148 753 2204 versarii
788 2148 1100 2203 destrueret
1126 2145 1295 2208 dicta,
1322 2140 1598 2198 contrario
1616 2139 1798 2210 posuit
1829 2151 2118 2207 argumen—

527 2251 639 2297 tum
668 2255 685 2295 :
718 2258 740 2292 ‹
772 2238 883 2296 Sed
923 2239 972 2292 si
1016 2243 1104 2292 est
1146 2235 1420 2299 Christus,
1468 2232 1674 2302 inquit,
1728 2245 1906 2301 neque
1949 2228 2117 2284 Filius

528 2347 674 2396 vere,
708 2345 886 2402 neque
928 2327 1254 2384 naturaliter
1297 2325 1460 2391 Deus,
1490 2324 1587 2379 sed
1629 2326 1792 2379 homo
1833 2336 2004 2392 purus
2032 2336 2120 2375 se-

528 2425 761 2483 cundum
783 2437 904 2487 nos,
934 2430 992 2476 et
1017 2418 1320 2477 divinitatis
1338 2431 1634 2487 organum;
1682 2414 1874 2470 salvati
1899 2413 2119 2483 quidem

529 2532 717 2573 sumus
745 2530 851 2571 non
877 2514 933 2569 in
962 2512 1073 2569 Deo
1101 2509 1521 2581 quodammodo,
1566 2508 1663 2563 scd
1703 2506 1759 2561 in
1803 2519 1912 2560 uno
1949 2501 2122 2572 magis

533 2608 828 2665 secundum
876 2621 996 2670 nos,
1050 2603 1316 2659 moriente
1353 2615 1455 2671 pro
1504 2600 1679 2663 nobis,
1716 2605 1775 2652 et
1825 2594 2120 2650 virtutibus

534 2704 723 2760 alienis
775 2700 1120 2757 resuscitato.
1153 2715 1174 2750 ι
1206 2695 1274 2751 Et
1320 2696 1375 2749 in
1417 2694 1526 2749 ﬁne
1571 2691 1887 2747 eorumdem
1914 2702 2123 2745 sermo-

533 2810 662 2850 num
694 2808 711 2847 :
748 2811 766 2844 ι
795 2791 1035 2848 Colimus
1062 2798 1246 2844 autem
1275 2802 1381 2841 non
1408 2801 1605 2857 purum
1630 2783 1929 2846 hominem,
1959 2777 2118 2834 absit!

531 2883 629 2940 sed
672 2884 843 2939 Deum
881 2882 1065 2954 potius
1107 2877 1451 2946 naturaliter,
1501 2893 1609 2932 non
1657 2876 1968 2948 ignorantes
2004 2871 2124 2945 ejus

532 2974 786 3046 gloriam,
814 2972 942 3029 licet
961 2971 1143 3028 factrus
1165 2971 1257 3027 sit.
1286 2990 1306 3023 ι

608 3104 718 3161 Vll.
757 3103 898 3171 Quid
925 3117 1063 3174 opus
1094 3110 1183 3157 est
1215 3100 1371 3173 plura
1409 3099 1659 3170 excipere
1685 3095 1927 3170 ejusdem
1954 3095 2124 3153 libelli

1320 333 1404 429 .B.
1443 372 1505 428 ἰδ’.
1542 367 1771 426 ALBlNl
1808 363 1940 424 SEU
1980 357 2255 417 ALCUINI
2304 351 2587 409 OPERIJM
2629 346 2806 404 PARS
2846 344 2931 401 Ill.

509 501 820 560 habitamus
839 497 979 552 inter
999 507 1204 550 servos.
1225 491 1296 548 Et
1314 489 1402 545 ille
1419 497 1533 565 est,
1549 502 1656 543 non
1679 480 1955 554 inquibus
1975 492 2091 541 nos,
2124 479 2173 536 Α
2200 470 2370 565 ipsum
2396 462 2679 521 exinanirit
2709 461 2939 532 formam
2964 456 3103 565 serra:
3124 452 3414 565 suscipiens

3676 328 3789 384 291

3460 445 3681 519 (Philip.
3726 456 3790 502 tl.

2204 560 2281 631 6).
2327 559 2461 614 Item
2498 564 2559 611 ut
2598 566 2765 609 unam
2794 546 3109 606 ostenderet
3151 543 3205 598 in
3231 542 3450 599 Christo
3476 550 3794 611 personam,

2204 653 2312 708 alio
2361 650 2480 704 loco
2510 647 2627 701 ait:
2655 643 2721 697 Et
2767 658 2859 713 ego
2902 640 2950 695 si
2986 637 3114 710 quid
3154 634 3367 697 donavi,
3411 634 3469 687 in
3513 641 3797 701 personam

2205 743 2403 799 Christi
2433 738 2627 797 donavi
2656 735 2742 809 (Il
2773 732 2899 789 Cor.
2935 747 3000 797 Il,
3041 730 3150 801 l0).
3183 741 3208 769 ι
3246 746 3265 778 ι
3296 726 3418 797 Egit
3456 724 3600 779 enim
3642 729 3799 776 utra-

2204 851 2311 906 que
2338 835 2511 890 forma
2543 844 2667 886 cum
2698 825 2925 883 alterius
2952 820 3350 881 communione,
3380 825 3443 872 ut
3465 815 3658 871 beatus
3682 810 3800 868 Leo

2206 928 2307 992 ait,
2350 924 2495 995 quod
2542 919 2824 993 proprium
2867 922 2952 970 est
2978 912 3164 977 Verbi,
3195 910 3373 966 Verbo
3417 906 3628 963 scilicet
3664 916 3800 974 ope—

2207 1027 2385 1080 rante,
2424 1014 2570 1085 quod
2599 1010 2764 1068 Verbi
2795 1015 2902 1073 est,
2931 1020 3096 1062 carne
3122 1007 3476 1071 exsequente,
3505 995 3648 1068 quod
3672 1009 3801 1050 car-

2206 1111 2295 1166 nis
2315 1114 2420 1163 est.
2448 1105 2627 1162 Unum
2657 1103 2852 1158 horum
2883 1104 3137 1154 coruscat
3162 1090 3462 1157 miraculis,
3494 1088 3640 1145 aliud
3671 1100 3801 1142 suc-

2207 1198 2414 1257 cumbit
2454 1193 2682 1265 injuriis.
2714 1191 2785 1248 Et
2808 1190 2950 1246 sicut
2976 1187 3215 1243 Verbum
3254 1185 3325 1241 ab
3361 1180 3670 1251 aequalitate
3692 1191 3799 1250 pa-

2209 1300 2380 1347 ternae
2424 1287 2611 1360 gloria:
2654 1299 2761 1341 non
2812 1277 3037 1344 recedit,
3092 1279 3169 1334 ita
3209 1272 3385 1349 [caro]
3434 1281 3491 1328 et
3542 1280 3797 1327 naturam

2208 1378 2380 1437 nostri
2409 1377 2625 1450 generis
2652 1390 2759 1430 non
2796 1370 3034 1441 reliquit.
3061 1368 3213 1426 Unus
3240 1367 3386 1422 enim
3415 1364 3663 1433 idemque
3686 1366 3798 1424 est,

2208 1471 2353 1542 quod
2380 1484 2522 1541 stupe
2559 1466 2849 1524 dicendum
2889 1470 2996 1528 est,
3033 1475 3162 1515 vere
3205 1458 3299 1512 Dei
3339 1455 3533 1519 Filius,
3575 1463 3631 1508 et
3670 1466 3804 1506 vere

2208 1563 2449 1620 hominis
2474 1561 2637 1619 ﬁlius.
2669 1579 2688 1613 ι
2724 1557 3005 1613 Videtisne
3054 1553 3198 1624 quod
3244 1550 3437 1605 beatus
3468 1547 3581 1602 Leo
3602 1543 3799 1617 praci-

2208 1670 2348 1727 puus
2374 1652 2655 1709 catholica:
2684 1648 2806 1705 ﬁdei
2837 1647 3036 1703 Doctor
3059 1658 3246 1699 verum
3276 1640 3372 1695 Dei
3401 1638 3595 1694 Filium
3640 1634 3805 1691 Chri-

2209 1756 2355 1805 stum
2383 1745 2695 1809 conﬁtetur,
2721 1749 2778 1796 et
2800 1753 2991 1796 verum
3028 1733 3265 1793 hominis
3285 1730 3491 1788 lilium?
3520 1728 3621 1786 Ubi
3649 1728 3805 1783 inve-

2144 1833 2184 1889 Β
2215 1839 2377 1895 uistis
2406 1839 2461 1893 iu
2491 1836 2727 1891 humana
2752 1846 2877 1888 eum
2904 1843 3023 1885 esse
3045 1837 3241 1882 natura
3270 1823 3581 1894 adoptivum
3609 1818 3803 1883 ﬁlium,

2215 1943 2271 1989 ct
2294 1947 2402 1988 non
2430 1945 2643 1994 verum,
2673 1928 2777 1983 nisi
2808 1943 2879 1983 ex
2907 1924 3250 1988 Nestoriana,
3278 1919 3366 1977 vel
3395 1928 3588 1976 vestra:
3612 1916 3808 1988 inspie-

2216 2026 2344 2081 tatis
2389 2020 2728 2080 temeritate?
2774 2018 2907 2075 Item
2938 2017 3055 2089 ipse
3084 2016 3193 2072 Leo
3239 2014 3294 2070 in
3335 2013 3527 2070 eadem
3574 2008 3809 2082 epistola

2217 2118 2285 2171 ad
2311 2115 2627 2171 Flavianum
2653 2111 2971 2184 episcopum
3001 2107 3231 2171 directa,
3262 2104 3331 2160 de
3358 2118 3466 2176 qua
3495 2102 3811 2174 superiores

2216 2209 2335 2280 ejus
2373 2220 2655 2263 sermones
2679 2202 2945 2259 traximus
2976 2218 2991 2254 :
3029 2217 3049 2251 ι
3082 2198 3184 2268 Qui
3223 2199 3368 2253 enim
3395 2211 3476 2251 ve:
3491 2212 3557 2250 us
3582 2203 3691 2258 est,
3715 2194 3808 2250 in-

2216 2299 2432 2368 quiens,
2461 2297 2627 2361 Deus,
2656 2294 2797 2351 idem
2832 2306 2997 2348 verus
3040 2298 3124 2345 est
3172 2290 3354 2354 homo,
3382 2295 3440 2343 et
3487 2286 3692 2343 nullum
3725 2293 3813 2340 est

2219 2388 2275 2443 in
2302 2388 2406 2442 hac
2433 2386 2641 2441 unitate
2673 2382 3037 2444 mendacium,
3070 2381 3198 2435 dum
3225 2378 3391 2449 910
3420 2378 3648 2433 invicem
3682 2384 3814 2432 sunt

2219 2488 2276 2537 et
2304 2478 2583 2535 humilitas
2611 2475 2845 2534 hominis
2873 2482 2927 2530 et
2955 2472 3180 2529 altitudo
3198 2471 3444 2526 Deitatis.
3473 2487 3493 2521 ι
3514 2468 3649 2526 Item
3673 2482 3812 2539 quo-

2221 2587 2326 2642 que
2348 2571 2402 2626 in
2429 2569 2619 2625 eadem
2644 2566 2869 2624 homilia
2897 2565 2963 2623 de
2983 2564 3173 2621 Natale
3195 2562 3411 2619 Domini
3431 2563 3509 2619 ait
3536 2562 3691 2635 (Cap.
3716 2563 3811 2634 8):

2228 2681 2247 2714 ι
2285 2661 2516 2730 Quidam
2545 2675 2694 2725 vero,
2729 2658 2999 2730 inquiens,
3037 2664 3187 2712 tanta
3213 2653 3439 2726 perﬁdia
3476 2654 3722 2721 involuti,
3754 2663 3819 2710 ut

2222 2754 2500 2812 Christum
2531 2754 2700 2810 Deum
2731 2749 3018 2821 majorem,
3045 2758 3100 2808 et
3127 2750 3297 2819 Deum
3342 2748 3610 2805 minorem
3653 2756 3814 2819 puta-

2224 2848 2403 2904 verint
2434 2844 2762 2904 credendum
2790 2858 2933 2901 esse.
2964 2863 2983 2896 ι
3012 2840 3203 2898 Nonne
3227 2843 3346 2898 hac
3372 2848 3553 2897 vestra
3584 2840 3819 2897 inﬁdeli-

2224 2946 2309 2995 tas
2345 2954 2482 2996 nova
2509 2937 2646 2992 duos
2672 2936 2805 2992 deos
2828 2936 3003 3006 ﬁngit,
3033 2949 3203 2990 unum
3233 2933 3521 3003 majorem,
3551 2940 3609 2989 et
3646 2930 3813 2988 alium

2225 3031 2517 3096 minorem,
2546 3029 2674 3084 dum
2718 3027 2999 3084 Christum
3025 3026 3221 3082 asserit
3246 3026 3541 3081 secundum
3569 3025 3823 3081 divinita-

2229 3130 2336 3177 tem
2358 3133 2547 3175 verum
2572 3132 2692 3174 esse
2715 3117 2909 3184 Deum,
2936 3117 2991 3174 id
3014 3124 3100 3172 est
3122 3116 3414 3186 majorem;
3437 3124 3493 3171 et
3520 3118 3822 3173 secundum

534 3195 868 3259 testimonia,
899 3194 1027 3249 dum
1058 3194 1113 3247 in
1146 3192 1419 3264 Ephesina
1457 3190 1677 3245 civitate
1720 3188 1787 3243 ad
1816 3188 1920 3243 hoc
1946 3188 2124 3282 ipsum
2153 3203 2201 3265 ο
2230 3214 2624 3269 humanitatem
2667 3211 3093 3282 nuncupatim",
3129 3208 3328 3276 Deum.
3362 3209 3420 3266 id
3442 3218 3530 3265 est
3554 3210 3822 3267 mimum

536 3296 837 3345 moventes
859 3285 1203 3341 sacerdotum
1223 3283 1427 3339 Christi
1452 3297 1520 3340 ex
1545 3281 1779 3337 diversis
1799 3281 1986 3337 mundi
2003 3296 2131 3352 par-

542 3384 687 3438 tibus
710 3384 979 3437 adunatus
1005 3387 1110 3445 est,
1139 3384 1200 3433 ut
1224 3378 1529 3433 destrueret
1556 3376 1699 3433 hanc
1732 3374 1905 3446 ipsam
1936 3374 2131 3443 iniqui-

541 3476 672 3532 tatis
700 3484 927 3538 sectam,
951 3474 1005 3527 in
1032 3486 1139 3541 qua
1164 3484 1263 3526 vos
1290 3486 1414 3525 cum
1438 3469 1694 3524 Nestorio
1720 3467 1962 3524 irretitos
1987 3481 2129 3533 esse,

540 3566 687 3623 nulla
706 3574 793 3622 est
819 3563 1089 3620 dubitatio
1118 3578 1133 3617 :
1158 3563 1303 3633 quod
1332 3561 1638 3616 certissime
1668 3558 1913 3627 ejusdem
1939 3557 2131 3630 synodi

542 3660 757 3715 litteras
776 3656 1018 3728 legentes
1042 3668 1337 3727 agnoscere
1363 3654 1615 3723 potestis,
1635 3653 1681 3707 si
1707 3652 1885 3721 aliqua
1910 3651 1965 3706 in
1979 3649 2136 3705 vobis

544 3752 827 3809 rationalis
854 3760 1121 3807 creatura:
1150 3748 1417 3820 particula
1440 3747 1784 3802 remanserit.
1814 3745 1927 3802 Hoc
1959 3745 2133 3801 solum

544 3846 701 3903 vobis
731 3853 903 3901 restat
930 3843 1180 3908 remedii,
1211 3850 1270 3897 ut
1298 3850 1413 3895 tota
1434 3841 1633 3895 mentis
1660 3840 1943 3894 alacritate
1967 3839 2134 3894 relin-

544 3940 728 4011 quatis
775 3938 1148 3994 inﬁdelitatem
1196 3936 1343 3991 illius
1383 3934 1617 3990 Nestorii
1660 3943 1822 4002 atque
1863 3941 2134 3999 vestram,

546 4044 670 4100 quae
710 4027 900 4099 procul
940 4027 1106 4081 dubio
1145 4040 1214 4080 ex
1261 4024 1423 4079 unius
1463 4024 1662 4079 radicis
1706 4024 1981 4092 impietate
2010 4036 2139 4094 pro-

547 4122 736 4176 cessit.
762 4118 873 4176 Aut
909 4119 959 4173 si
997 4119 1103 4174 hoc
1144 4132 1255 4171 non
1294 4114 1561 4187 placuerit
1589 4113 1900 4184 pertinaciae
1922 4121 2136 4179 vestrm,

549 4215 745 4271 scitote
771 4211 1078 4268 certissime
1121 4210 1502 4266 ecclesiasticae
1543 4209 1883 4263 auctoritatis
1908 4221 2140 4263 censura

550 4324 652 4364 vos
676 4322 799 4363 cum
826 4304 919 4361 illo
946 4304 1113 4359 etiam
1144 4302 1476 4357 ctemaliter
1515 4300 1852 4357 damnandos
1881 4313 2025 4364 esse,
2049 4299 2141 4369 qui

553 4402 906 4459 serenitatem
953 4396 1234 4454 catholica:
1282 4395 1407 4450 ﬁdei
1456 4410 1552 4466 per
1602 4394 1800 4450 multas
1849 4391 2144 4449 orientales

556 4489 744 4549 mundi
778 4499 964 4561 partes
989 4504 1103 4543 sua:
1138 4487 1380 4559 perﬁdia:
1408 4486 1621 4542 nebulis
1664 4486 2029 4550 obumbravit,
2059 4494 2143 4539 at-

555 4599 665 4654 que
705 4582 825 4638 ideo
845 4579 995 4649 justo
1027 4578 1237 4648 judicio
1268 4578 1339 4634 ab
1363 4578 1554 4634 eadem
1580 4578 1875 4634 universali
1905 4577 2146 4634 Ecclesia
2179 4570 2228 4630 υ

561 4676 779 4730 Satanae
806 4671 1037 4726 traditus
1060 4668 1117 4723 in
1143 4676 1460 4739 perpetuam
1488 4668 1866 4737 perditionem.

639 4788 769 4843 VIII.
806 4785 914 4840 Sed
942 4791 1003 4839 ut
1028 4782 1217 4838 sciatis
1255 4796 1353 4835 nos
1381 4795 1555 4850 neque
1590 4796 1712 4835 cum
1754 4779 2022 4843 Nestoris,
2050 4795 2147 4834 nc-

563 4896 670 4952 que
699 4894 824 4933 citra
867 4884 1047 4931 vestra
1079 4873 1395 4928 inﬁdelitate
1426 4872 1702 4928 Christum
1748 4872 1799 4924 in
1840 4871 1977 4925 duas
2016 4870 2151 4928 divi-

566 4973 697 5029 dere
737 4981 1025 5039 personas;
1072 4980 1250 5034 neque
1298 4979 1423 5019 cum
1480 4960 1724 5033 Eutyche
1768 4962 2044 5017 Christum
2097 4960 2151 5014 in

568 5079 731 5120 unam
771 5060 1102 5118 confundere
1138 5066 1416 5123 naturam;
1446 5057 1543 5114 sed
1579 5072 1709 5112 vere
1750 5057 1882 5112 duas
1928 5065 2153 5110 naturas

566 5156 817 5230 proprias
838 5162 897 5209 et
915 5150 1206 5223 perfectas,
1230 5158 1285 5205 et
1304 5166 1465 5205 unam
1492 5164 1777 5221 personam
1803 5163 1900 5204 ore
1918 5156 1970 5203 et
1991 5149 2156 5208 corde

568 5248 840 5306 catholico
886 5244 1228 5301 conﬁtemur.
1278 5240 1338 5297 In
1386 5241 1481 5296 illo
1528 5256 1691 5306 unus,
1720 5239 1775 5295 id
1822 5247 1905 5295 cst
1947 5238 2155 5311 [Ιπόνιεν

570 5339 762 5412 idem],
808 5337 955 5392 Dens
1000 5343 1055 5389 et
1086 5337 1251 5391 homo
1298 5341 1384 5390 est
1413 5331 1681 5388 Christus.
1734 5331 1881 5387 Duas
1927 5340 2158 5399 namque

573 5443 821 5494 naturas,
868 5444 989 5501 qum
1033 5436 1159 5483 sunt
1201 5427 1254 5481 in
1298 5442 1386 5492 eo,
1431 5427 1564 5481 duas
1611 5422 1813 5480 formas
1862 5420 2161 5477 nominavit

576 5524 892 5597 Apostolus,
917 5522 1009 5576 ubi
1040 5521 1116 5575 ait
1144 5538 1157 5574 :
1188 5518 1291 5585 Qui
1317 5534 1436 5573 cum
1470 5521 1525 5572 in
1565 5516 1734 5587 forma
1760 5514 1854 5568 Dei
1880 5523 2032 5576 esset,
2063 5529 2165 5565 non

580 5617 822 5687 rapinam
843 5613 1130 5666 arbitratus
1146 5620 1219 5665 est
1235 5627 1343 5665 esse
1357 5627 1410 5665 se
1436 5607 1691 5679 (squalent
1717 5606 1849 5671 Deo,
1872 5606 1963 5659 sed
1986 5613 2168 5658 semet-

654 5734 681 5763 ⁶
725 5722 784 5781 S.
812 5724 941 5789 Lco,
972 5724 1127 5791 epist.
1158 5723 1227 5777 28
1258 5723 1324 5777 ad
1343 5722 1677 5783 Flavianum,
1712 5734 1831 5787 cap.
1864 5720 1915 5771 ι.

2230 3303 2437 3359 Deum?
2457 3301 2568 3359 Nec
2596 3304 2671 3358 ibi
2693 3318 2823 3358 vera
2849 3301 3031 3358 unitas
3052 3315 3175 3358 esse
3203 3301 3408 3372 poterit
3425 3317 3693 3374 personae,
3730 3303 3823 3359 ubi

2232 3404 2347 3452 tam
2374 3395 2549 3452 divisa
2569 3404 2656 3452 est
2683 3395 2968 3467 potestatis
2990 3394 3346 3465 inaequalitas.

2305 3506 2396 3565 lx.
2438 3505 2578 3563 Huic
2621 3519 2838 3579 quoque
2880 3506 3233 3562 sanctissimo
3268 3520 3423 3577 papa:
3462 3504 3632 3562 Leoni
3677 3507 3828 3579 Vigi.

2232 3603 2341 3660 lius
2383 3601 2537 3672 paria
2577 3601 2646 3657 de
2690 3601 2902 3658 dualms
2930 3601 2987 3657 ia
3031 3600 3253 3657 Christo
3288 3602 3499 3657 naturis
3531 3610 3588 3657 et
3617 3603 3831 3659 unitate

2233 3709 2481 3767 personae
2512 3694 2681 3749 sentit
2722 3692 2779 3748 in
2823 3693 2941 3748 suis
2986 3691 3295 3763 Opuseulis.
3340 3708 3463 3763 qua:
3488 3702 3680 3749 contra
3721 3692 3830 3750 Ne-

2234 3787 2389 3842 storii
2427 3786 2760 3857 impietatem
2798 3784 2884 3841 vel
2923 3785 3183 3855 Eutychis
3207 3785 3445 3842 veridico
3472 3784 3612 3855 ston
3634 3799 3833 3842 exara-

2236 3882 2342 3945 vit;
2371 3880 2465 3935 uhi
2500 3879 2735 3949 plurima
2765 3893 3001 3947 namque
3032 3878 3101 3932 de
3138 3877 3472 3947 proprietate
3510 3887 3830 3933 naturarum

2238 3976 2295 4030 iu
2321 3974 2565 4038 Christo,
2592 3983 2649 4028 et
2678 3972 3055 4044 singularitate
3095 3975 3260 4027 mlius
3287 3987 3534 4043 personae
3564 3971 3824 4027 mirabili-

2240 4075 2325 4121 ter
2361 4066 2635 4136 exposuit.
2677 4063 2846 4134 Cujus
2892 4062 3176 4120 catholica
3216 4062 3339 4118 ﬁdei
3387 4062 3601 4118 litteras
3645 4062 3692 4118 si
3740 4062 3833 4132 pia

2240 4164 2423 4213 mente
2442 4155 2625 4226 legere
2650 4154 2968 4224 dignemini,
2999 4153 3137 4210 forte
3159 4154 3455 4209 miserante
3476 4154 3586 4209 Deo
3606 4154 3663 4208 in
3684 4155 3835 4209 viam

2241 4245 2627 4304 ecclesiasticae
2654 4246 2806 4315 pacis
2832 4245 3179 4315 pervenietis.
3210 4244 3349 4299 Dicit
3389 4245 3534 4300 enim
3564 4245 3706 4299 inter
3728 4226 3840 4301 ea-

2247 4348 2383 4403 tera,
2418 4353 2540 4409 quae
2570 4337 2747 4394 lucide
2786 4337 2855 4391 de
2885 4336 3104 4393 Christo
3127 4344 3419 4392 exsecutus
3446 4345 3531 4392 est
3559 4337 3588 4378 δ
3617 4354 3631 4389 :
3667 4354 3689 4388 ι
3724 4335 3838 4395 Sed

2249 4430 2520 4495 Verbum,
2541 4429 2739 4499 inquit,
2762 4436 2984 4499 propter
3021 4442 3240 4483 carnem
3276 4442 3430 4483 suam
3466 4428 3628 4483 homo
3657 4428 3750 4494 sit,
3778 4437 3836 4484 et

2250 4537 2381 4579 caro
2408 4530 2627 4594 propter
2652 4520 2890 4576 Verbum
2918 4518 3061 4575 Deus
3090 4518 3192 4586 sit;
3229 4528 3287 4575 et
3315 4519 3576 4591 quidquid
3600 4528 3681 4575 est
3712 4536 3842 4591 pro-

2251 4616 2430 4689 prium
2457 4612 2641 4678 Verbi,
2677 4612 2748 4667 sit
2770 4626 3056 4666 commune
3085 4609 3232 4683 [cum
3261 4625 3455 4676 carne;
3483 4620 3540 4667 et
3573 4610 3839 4681 quidquid

2251 4714 2337 4762 cst
2354 4707 2632 4777 proprium
2654 4704 2860 4769 carnis,
2883 4719 3172 4759 commune
3190 4702 3286 4777 sit]
3311 4720 3433 4759 cum
3462 4704 3641 4760 Verbo
3665 4722 3679 4756 :
3702 4720 3843 4773 quo-

2254 4800 2401 4853 niam
2419 4798 2654 4852 Verbum
2680 4805 2734 4851 et
2752 4812 2879 4851 caro
2903 4812 3045 4851 unus
3065 4806 3148 4851 est
3171 4796 3422 4852 Christus
3448 4806 3504 4851 ct
3529 4813 3633 4851 una
3658 4812 3845 4867 perm-

2254 4908 2342 4946 na.
2358 4912 2377 4944 ι
2408 4892 2473 4945 Et
2494 4891 2661 4945 multa
2684 4891 2786 4944 alia
2811 4891 3069 4960 legentes,
3100 4900 3155 4946 et
3176 4892 3261 4961 pie
3288 4891 3646 4960 intelligentes
3666 4893 3843 4948 deve-

2258 4983 2440 5049 ritate,
2461 4998 2581 5053 quae
2608 4983 2662 5037 in
2683 4982 2899 5041 Christo
2930 4993 3036 5048 est,
3054 4996 3150 5038 seu
3180 4985 3245 5039 de
3272 4985 3498 5040 duarum
3518 4998 3843 5043 naturarum

2260 5074 2700 5145 proprietatibus,
2716 5090 2809 5129 seu
2831 5074 2898 5130 de
2920 5075 3294 5144 singularitate
3317 5078 3475 5131 unius
3502 5092 3772 5147 persona,
3788 5078 3846 5134 in

2269 5163 2511 5233 ejusdem
2535 5162 2716 5218 Patris
2735 5162 2931 5219 litteris
2958 5165 3189 5220 inveniri
3208 5174 3478 5234 poterunt.
3499 5166 3607 5223 Nec
3622 5183 3729 5224 non
3760 5170 3849 5226 his

2263 5254 2505 5325 praefatis
2533 5253 2783 5311 Patribus
2816 5256 3119 5325 prmcipuus
3141 5257 3326 5312 rhetor
3358 5258 3667 5314 Victorinus
3689 5260 3847 5316 valde

2265 5346 2460 5401 similia
2480 5346 2594 5400 suis
2621 5345 2865 5400 innexuit
2889 5348 3366 5416 disputationibus,
3394 5352 3484 5417 qui
3509 5348 3579 5402 de
3599 5350 3846 5405 Tulliana

2266 5437 2449 5493 schola
2474 5437 2540 5489 ad
2563 5436 2701 5489 bella
2729 5438 2989 5506 processit
3011 5438 3293 5493 ccclesiast
3317 5456 3402 5501 ca.
3427 5450 3535 5494 tam
3556 5441 3707 5496 fortis
3726 5442 3848 5497 ﬁdei

2267 5525 2518 5582 defensor
2531 5526 2722 5591 factus,
2738 5543 2900 5597 quam
2924 5529 3100 5583 clarus
3116 5531 3255 5585 inter
3270 5532 3515 5587 rhetores
3527 5533 3849 5589 habebatur.

2269 5616 2496 5687 Scripsit
2525 5618 2669 5673 enim
2688 5621 2740 5672 in
2776 5620 2914 5675 lilxro
2944 5619 3221 5677 catholica:
3250 5622 3371 5677 ﬁdei
3410 5628 3582 5692 primo
3602 5625 3668 5679 de
3688 5625 3851 5681 Chri-

2343 5734 2369 5773 h
2410 5734 2634 5804 Vigilius
2677 5734 2965 5804 Tapscnsis
3027 5734 3147 5789 libr.
3210 5754 3246 5790 ll
3305 5747 3488 5791 contra
3550 5740 3855 5803 Eutvdwn,

2271 5814 2400 5857 tom.
2439 5804 2546 5857 Vill
2576 5805 2675 5856 liii.
2713 5804 2837 5869 l’l‘.,
2869 5821 3014 5857 num.
3039 5806 3090 5858 7.
3659 5806 3674 5815 '
