4136 6616
356 492 462 547 295

1047 484 1467 544 DOGMATICA.
1507 513 1578 524 --
1613 481 1773 538 ADV.
1815 477 2216 535 ELIPANDUM
2251 476 2431 537 LIBRI
2469 478 2558 536 IV.
2586 509 2658 519 -—
2682 475 2810 535 LIB.
2855 477 2944 535 IV.

3531 476 3640 530 ειη

357 614 443 661 sto
486 604 563 660 ita
599 615 625 644 ι
664 617 682 657 :
719 620 738 655 ι
786 600 917 667 Nos,
964 600 1164 671 inquit,
1200 598 1431 655 dicimus
1477 612 1599 653 esse
1634 594 1793 652 nobis
1840 591 1942 650 Pa-
1967 590 2018 650 Δ
2045 591 2201 648 sibile
2219 600 2304 647 est
2329 591 2477 647 enim
2501 592 2621 647 sine
2644 590 2748 646 ﬁde
2767 589 2984 659 placere
3006 587 3141 661 [Deo
3171 606 3184 643 :
3228 588 3499 644 credendo
3542 600 3640 641 ve-

360 706 500 755 trem
536 695 726 761 Deum,
756 702 816 751 et
841 694 1097 750 maxime.
1128 690 1248 760 Qua
1275 692 1343 747 de
1365 705 1531 747 causa
1554 697 1614 746 et
1636 688 1793 761 iuxta
1817 686 1948 760 quid

362 785 504 844 Deus
528 781 698 858 [νεα.
729 798 852 855 qua:
877 796 1044 839 causa
1063 789 1122 837 et
1138 782 1291 853 juxta
1312 780 1476 851 quid?
1499 778 1755 852 quoniam
1780 774 1947 850 Deus]

362 873 635 935 ebarltate
660 872 1072 947 praedestinavit
1094 887 1197 928 nos
1224 871 1281 927 in
1305 871 1649 942 adoptionem
1671 884 1770 941 per
1792 867 1951 926 Chri-

358 976 528 1022 stum.
556 961 811 1034 Nunquid
851 972 909 1018 et
940 959 1219 1018 Christum
1252 974 1351 1031 per
1378 960 1727 1032 adoptionem
1752 957 1951 1014 Filium

362 1052 507 1113 Deus
532 1053 729 1112 habet?
756 1051 945 1111 Nullus
973 1066 1139 1108 ausus
1159 1058 1245 1108 est
1262 1050 1467 1107 dicere.
1501 1070 1520 1105 ι
1555 1050 1624 1106 Ει
1645 1049 1699 1104 in
1721 1063 1954 1119 sequen-
1980 1068 1985 1069 ί

360 1147 511 1203 tibus
534 1146 562 1205 ιι
588 1163 603 1200 :
642 1163 662 1197 ι
692 1143 794 1199 Dei
821 1144 985 1215 igitur
1003 1142 1176 1198 Filius
1201 1140 1470 1208 Christus,
1500 1139 1595 1195 ﬁlii
1622 1146 1676 1195 et
1701 1154 1832 1206 nos;
1856 1137 1953 1194 sed

355 1255 464 1298 nos
508 1253 609 1312 per
651 1236 1019 1309 adoptionem,
1054 1251 1154 1311 nos
1185 1250 1283 1307 per
1307 1232 1495 1290 Jesum
1527 1232 1829 1297 Christum,
1856 1245 1956 1287 nos

363 1328 534 1403 (Vict.
572 1327 696 1404 vos]
719 1336 781 1384 ut
804 1328 899 1384 ﬁlii
927 1328 1177 1400 dispersi.
1216 1324 1355 1382 Num
1381 1334 1438 1381 et
1476 1324 1727 1381 Christus
1757 1324 1839 1380 sic
1862 1321 1954 1378 Fi-

363 1420 505 1477 lius?
527 1418 732 1477 Natura
757 1417 925 1491 igitur
948 1416 1106 1475 Jesus
1140 1415 1332 1483 Filius,
1362 1431 1462 1472 nos
1487 1430 1586 1487 per
1608 1413 1955 1487 adoptionem

365 1512 485 1569 filii.
526 1510 683 1582 Quod
724 1518 921 1567 natura
951 1508 1024 1565 sit
1058 1506 1227 1573 ﬁlius,
1258 1506 1373 1580 ipse
1396 1504 1530 1561 dicit
1549 1495 1737 1576 sepe:
1772 1502 1955 1571 Pater,

359 1600 568 1675 gratias
596 1602 691 1659 tibi
732 1618 854 1673 ago,
897 1600 1039 1673 quod
1079 1615 1165 1654 me
1204 1596 1403 1653 audisti
1428 1593 1611 1669 (Joan.
1635 1612 1714 1661 xl,
1742 1593 1951 1669 4i),et,

365 1693 553 1760 Pater,
583 1692 732 1749 salva
760 1708 844 1747 me
867 1708 933 1748 ea:
955 1692 1057 1747 ista
1085 1690 1217 1746 hora
1236 1710 1256 1741 ι
1285 1687 1469 1761 (Joan.
1498 1703 1600 1752 xu,
1627 1687 1741 1759 27).

436 1782 506 1838 X.
547 1780 774 1849 Horum,
820 1780 1062 1853 inquam,
1110 1780 1377 1844 omnium,
1423 1792 1562 1849 quos
1611 1776 1955 1834 enumeravi—

362 1890 510 1941 mus,
536 1872 862 1931 auctoritate
884 1871 1106 1929 testium
1131 1870 1466 1928 conﬁdentes
1495 1876 1689 1934 estote,
1717 1866 1820 1922 viri
1844 1866 1955 1922 fra-

2050 698 2112 738 ro
2132 688 2345 753 oportet
2369 696 2470 737 nos
2497 680 2779 753 accedere]
2826 680 2897 735 ad
2923 681 3095 736 Deum
3132 677 3287 753 (Cod.
3340 678 3521 745 Paris,
3573 680 3642 735 ad

2050 773 2385 848 Dominum].
2412 772 2606 845 Omnia
2632 783 2802 829 vestra
2854 773 3093 837 honesta,
3146 772 3279 829 dicit
3330 770 3640 843 Apostolus,

2049 881 2170 919 eum
2195 864 2379 920 ordine
2407 863 2567 935 facite
2600 862 2654 936 (1
2682 860 2809 919 Cor.
2854 877 2967 927 xlv,
3002 860 3116 934 40).
3165 862 3232 917 Et
3278 862 3333 916 in
3372 862 3481 917 alio
3525 860 3645 917 loco

2050 962 2253 1012 sancta:
2283 954 2580 1025 Scriptum
2616 953 2816 1009 dicitur
2852 971 2866 1007 :
2898 951 3157 1006 Ordinate
3194 953 3250 1006 in
3280 968 3363 1006 me
3410 951 3645 1006 charito-

2051 1056 2154 1100 tein
2183 1043 2361 1118 (Cant.
2403 1061 2464 1110 ιι,
2501 1044 2578 1118 4).
2600 1044 2864 1100 Ordinata
2893 1042 3136 1099 charitas
3150 1042 3510 1112 cst,primum
3524 1058 3643 1098 cre-

2053 1136 2185 1192 dere
2215 1136 2284 1191 de
2306 1136 2417 1191 Deo
2445 1152 2567 1208 qua:
2595 1135 2649 1190 in
2677 1135 2876 1191 divinis
2908 1134 3168 1204 leguntur
3188 1133 3366 1200 libris,
3428 1142 3485 1190 et
3519 1142 3645 1193 post

2055 1229 2233 1292 iidem,
2263 1231 2635 1302 intelligentia:
2658 1231 3002 1288 devotionem
3037 1230 3319 1287 adhibere.
3365 1229 3473 1287 Sed
3522 1246 3642 1296 vos,

2054 1333 2115 1380 ut
2139 1323 2470 1394 patefactum
2499 1332 2605 1390 est,
2635 1324 2828 1380 ordine
2865 1333 3197 1396 przepostero
3236 1323 3497 1380 accedere
3523 1322 3647 1378 vul-

2055 1418 2127 1473 tis
2164 1417 2232 1472 ad
2261 1416 2452 1483 Deum,
2478 1425 2855 1488 praeponentes
2881 1418 3132 1472 humanm
3180 1416 3505 1487 conjectura:
3541 1415 3644 1471 fri-

2054 1507 2273 1564 hulosas
2290 1505 2499 1580 (Forte,
2526 1506 2769 1580 frivolas]
2819 1506 3152 1563 ratiunculas
3200 1508 3482 1563 catholicae
3520 1505 3646 1563 ﬁdei

2056 1598 2335 1664 soliditati,
2378 1599 2618 1654 volentes
2644 1599 2794 1671 prius
2819 1597 3144 1670 intelligere,
3173 1606 3230 1655 et
3260 1599 3497 1655 secundo
3526 1598 3647 1655 loco

2055 1693 2301 1749 credere.
2322 1693 2479 1762 Quod
2506 1692 2771 1764 propheta
2797 1692 3096 1764 prohibuit,
3120 1694 3211 1750 ubi
3234 1693 3311 1746 ait
3338 1711 3351 1747 :
3387 1690 3508 1747 Nisi
3534 1707 3647 1747 cre-

2055 1786 2322 1850 dideritis,
2383 1802 2491 1841 non
2534 1783 2840 1857 intelligetis
2886 1782 3043 1849 (Isai.
3089 1799 3185 1850 vn,
3238 1785 3301 1848 9,
3351 1783 3647 1839 secundum

2056 1877 2257 1951 LXX];
2289 1878 2603 1950 signiﬁcans
2631 1878 2912 1933 miraculis
2937 1877 3136 1933 divinis
3159 1878 3339 1949 primo
3374 1878 3535 1932 ﬁdem
3564 1891 3649 1931 es-

362 1976 502 2034 ίης,
530 1974 588 2031 αι
613 1965 976 2037 vosmetipsos
994 1980 1065 2023 ex
1093 1962 1481 2021 sacratissimis
1510 1961 1725 2018 illorum
1744 1960 1954 2033 paginis
1986 1937 2032 1999 Β
2057 1983 2118 2024 se
2157 1937 2545 2039 praestandam,
2570 1975 2626 2022 et
2652 1976 2842 2038 postea
2890 1937 3261 2038 intelligentiae
3298 1967 3438 2023 dona
3465 1983 3496 2022 a
3535 1962 3648 2021 Deo

363 2056 641 2130 corrigite,
692 2064 860 2127 atque
901 2044 1139 2113 adunate
1178 2056 1235 2112 in
1276 2054 1619 2112 confessione
1673 2052 1957 2109 catholicas

364 2146 491 2205 ﬁdei
543 2147 838 2204 universali
885 2147 1142 2205 Ecclesiae
1201 2148 1436 2215 Christi,
1481 2148 1784 2205 recolentes
1826 2145 1956 2219 quid

359 2240 599 2297 eximius
644 2239 969 2310 przedicator
1007 2240 1249 2313 gentium
1287 2239 1554 2297 Hebraico
1587 2241 1833 2298 scribens
1854 2254 1956 2309 po-

364 2329 514 2403 pulo,
545 2337 868 2388 enumerata
913 2345 1112 2402 magna
1151 2338 1465 2388 sanctorum
1499 2329 1846 2386 multitudine
1873 2337 1998 2394 te—.

364 2422 556 2487 stium,
586 2417 877 2488 adiunxit:
907 2418 1173 2476 Habentes
1216 2429 1394 2477 autem
1426 2429 1629 2476 tantum
1670 2420 1859 2476 nubem
1883 2428 1959 2472 te-

365 2514 545 2576 stium,
599 2510 915 2582 deponentes
957 2528 1108 2569 omne
1147 2511 1356 2582 pondus
1385 2522 1435 2567 et
1478 2513 1824 2567 circumstans
1863 2526 1957 2565 nos

366 2614 662 2676 peccatum,
676 2623 770 2678 per
779 2605 1090 2675 patientiam
1102 2620 1379 2659 curramus
1394 2602 1462 2658 ad
1472 2602 1798 2674 propositum
1809 2600 1958 2656 nobis

365 2710 635 2756 certamen
668 2698 859 2773 (Hebr.
899 2714 1003 2773 xu,
1032 2694 1110 2768 l).
1140 2695 1422 2767 Deponitc,
1455 2694 1675 2761 fratres,
1705 2693 1960 2766 deponite

367 2794 473 2848 hoc
499 2791 750 2865 pessimae
770 2788 1107 2846 inﬁdelitatis
1127 2788 1361 2860 pondus,
1386 2796 1442 2842 et
1468 2801 1737 2859 perversae
1763 2784 1961 2841 doctri—

368 2900 453 2940 nm
498 2881 821 2957 sarcinulas,
850 2889 907 2937 et
942 2880 1306 2937 circumstans
1345 2878 1530 2933 cordis
1556 2878 1724 2933 vestri
1764 2875 1958 2932 ostiola

366 2975 766 3033 incredulitatis
792 2980 1101 3047 peccatum.
1148 2970 1506 3026 Revertentes
1530 2967 1868 3025 revertimini
1902 2968 1958 3022 in

363 3070 543 3126 lucem
571 3084 781 3125 serenae
804 3065 1075 3131 veritatis,
1100 3072 1157 3119 et
1181 3064 1447 3119 unitatem
1477 3061 1758 3118 catholicze
1782 3060 1953 3133 pacis.

364 3162 566 3219 lterum
601 3161 910 3231 iterumque
939 3164 1320 3222 rememorate,
1343 3171 1481 3230 quos
1510 3156 1784 3227 posuerim
1804 3155 1959 3211 vobis

363 3261 557 3319 testes,
579 3260 639 3308 et
672 3251 886 3307 illorum
926 3248 1099 3322 magis
1133 3248 1531 3322 probatissimis
1567 3247 1772 3303 credite
1806 3246 1958 3302 testi-

363 3344 589 3410 moniis,
608 3360 773 3416 quam
805 3340 1137 3399 inanissimis
1171 3349 1370 3397 vestrm
1398 3338 1725 3395 temeritatis
1752 3339 1958 3393 ratiun-

363 3435 521 3493 culis.
560 3434 693 3504 Quae
720 3432 894 3504 major
921 3440 1099 3503 potest
1125 3447 1246 3488 esse
1280 3430 1638 3502 blasphemia,
1670 3445 1832 3501 quam
1861 3430 1956 3485 Dei

364 3526 549 3582 Patris
588 3524 900 3580 testimonio
946 3540 1055 3579 non
1102 3522 1323 3579 credere
1372 3523 1439 3578 de
1470 3522 1607 3578 Filio
1637 3536 1759 3588 suo,
1794 3537 1957 3593 quem

364 3620 535 3676 semel
560 3627 618 3675 et
644 3617 884 3675 secundo
910 3616 1120 3672 emlesti
1163 3631 1297 3671 voce
1335 3630 1496 3671 suum
1526 3629 1668 3681 esse,
1699 3615 1864 3669 etiam
1903 3623 1961 3669 et

361 3712 646 3775 dilectum,
680 3708 943 3776 t¢statur?
969 3706 1159 3775 Qualis
1194 3706 1446 3778 impietas
1489 3714 1593 3773 est,
1635 3705 1958 3777 evangelica:

366 3820 475 3860 non
498 3802 722 3859 credere
749 3799 1083 3863 auctoritati,
1112 3798 1326 3854 Veteris
1350 3796 1594 3867 Novique
1624 3796 1958 3853 Testamenti

338 3894 554 3965 (divina
592 3906 854 3963 spernere
895 3878 1074 3946 dicta?
1121 3888 1307 3957 Qualis
1335 3889 1664 3960 perversitas
1708 3898 1792 3945 est
1833 3904 1961 3959 prov

366 3984 604 4055 pheticis
623 3990 789 4048 atque
803 3981 1115 4052 apostolicis
1136 3980 1512 4035 contradicere
1523 3979 1767 4051 paginis?
1784 3977 1959 4046 Quam

367 4072 602 4159 nefanda
639 4081 696 4129 et
736 4073 900 4144 impia
925 4072 1205 4127 temeritas
1242 4086 1363 4127 esse
1395 4069 1748 4143 dignoscitur,
1791 4074 1959 4128 totius

367 4160 554 4222 mundi
576 4160 882 4220 doctorum
924 4163 1180 4220 resistere
1215 4163 1618 4234 praedicationi?
1648 4164 1744 4220 Vel
1792 4180 1957 4235 quam

367 4258 569 4313 misera
600 4255 888 4333 infelicitas
909 4263 1015 4321 est,
1044 4255 1286 4327 qualibet
1309 4256 1667 4327 perversitate
1691 4257 1956 4313 unitatem

364 4354 572 4403 sancta
608 4345 707 4403 Dei
749 4345 1006 4402 Ecclesiae
1048 4346 1321 4413 scindere,
1360 4355 1418 4402 et
1443 4347 1737 4418 quemlibet
1783 4348 1958 4405 homi-

364 4454 498 4495 num
526 4456 560 4494 a
594 4437 914 4510 compagine
939 4438 1224 4495 charitatis
1261 4438 1497 4511 seipsum
1535 4455 1807 4520 separare,
1840 4442 1958 4497 sine

363 4535 523 4608 cujus
550 4536 811 4593 societate
831 4536 908 4591 nil
935 4535 1046 4593 Deo
1072 4536 1287 4607 placere
1307 4537 1596 4610 Apostolus
1616 4548 1863 4597 testatur.

2056 2059 2348 2130 precanda.
2371 2059 2496 2114 Ideo
2526 2056 2728 2114 frustra
2752 2066 2932 2114 vestra
2955 2057 3165 2112 laborat
3190 2057 3439 2123 scientia,
3460 2056 3649 2113 volen-

2060 2157 2143 2205 tes
2162 2150 2312 2220 prius
2334 2148 2661 2219 intelligere,
2716 2155 2774 2203 et
2792 2155 2979 2219 postea
3026 2148 3281 2212 credere;
3325 2147 3454 2202 dum
3494 2147 3650 2219 prius

2057 2250 2145 2297 est
2166 2241 2409 2307 credere,
2434 2248 2489 2297 et
2524 2248 2711 2310 postea
2744 2241 3063 2311 intelligere.
3093 2240 3249 2309 Quod
3273 2242 3463 2295 beatus
3498 2237 3651 2309 prin-

2058 2350 2187 2406 ceps
2229 2332 2596 2404 apostolorum
2634 2333 2835 2397 sciens,
2884 2333 3013 2387 dum
3053 2331 3374 2403 interrogati
3419 2330 3649 2404 apostoli

2058 2426 2278 2483 fuerunt
2323 2426 2393 2482 ab
2419 2426 2537 2497 ipso
2559 2425 2670 2479 Deo
2697 2426 2933 2489 Christo,
2973 2424 3104 2493 quid
3132 2425 3198 2479 de
3246 2424 3426 2494 seipse
3479 2420 3652 2477 senti-

2061 2526 2201 2583 rent,
2229 2517 2313 2573 vel
2338 2517 2385 2573 si
2416 2517 2569 2573 abirc
2613 2516 2928 2580 voluissent,
2962 2517 3101 2571 sicut
3132 2515 3337 2580 cmteri,
3387 2513 3479 2584 qui
3524 2527 3649 2567 eum

2058 2611 2416 2680 reliquerunt,
2449 2608 2726 2678 respondit
2749 2607 2944 2663 Petrus
2967 2625 3107 2662 unus
3129 2623 3230 2678 pro
3253 2606 3525 2669 omnibus,
3565 2604 3649 2658 vel

2059 2705 2231 2773 magis
2240 2718 2429 2763 omnes
2445 2703 2499 2758 in
2514 2718 2620 2758 uno
2640 2721 2652 2755 :
2671 2702 2913 2767 Domine,
2930 2702 3000 2756 ad
3016 2718 3167 2773 quem
3183 2702 3371 2756 ibimus
3393 2701 3418 2755 .9
3434 2700 3610 2770 inquit
3628 2716 3644 2764 ;

2058 2794 2211 2850 verba
2231 2794 2349 2849 uiue
2366 2803 2579 2850 (elerum
2602 2792 2781 2847 habes.
2812 2791 2879 2846 Et
2907 2809 3000 2847 nos
3025 2792 3365 2857 credidimus,
3382 2801 3431 2845 et
3461 2805 3651 2859 cogno-

2058 2891 2246 2956 rimus,
2261 2890 2386 2961 quia
2408 2897 2463 2943 tu
2474 2904 2531 2947 es
2557 2887 2795 2943 Christus
2821 2884 2995 2939 Filius
3012 2885 3106 2939 Dei
3124 2883 3307 2957 (Joan.
3326 2899 3401 2948 vt,
3428 2881 3519 2948 69,
3536 2879 3651 2954 70).

2057 2984 2189 3052 Qum
2216 2984 2381 3040 verba
2410 2981 2724 3054 apostolica:
2768 2978 3127 3035 confessionis
3164 2979 3237 3032 ita
3282 2986 3505 3033 sanctus
3538 2974 3652 3030 Au-

2057 3077 2307 3147 gustinus
2350 3088 2626 3145 exponens
2660 3072 2737 3126 ait
2780 3083 2803 3110 ε
2842 3086 2856 3125 :
2899 3090 2917 3122 ι
2960 3070 3213 3136 Domine,
3239 3070 3310 3123 ad
3353 3085 3509 3141 quem
3552 3066 3650 3121 ibi-

2057 3169 2215 3223 mus?
2242 3167 2477 3238 chellis
2499 3181 2599 3222 nos
2623 3180 2653 3219 a
2684 3174 2757 3229 te,
2785 3164 2850 3219 da
2868 3164 3025 3219 nobis
3051 3163 3279 3218 alterum
3309 3171 3384 3218 te.
3398 3161 3481 3217 Ad
3496 3177 3649 3233 quem

2058 3259 2247 3313 ibimus
2264 3259 2290 3309 τ’
2332 3256 2415 3331 (Si
2441 3273 2471 3312 a
2499 3266 2549 3310 te
2572 3256 2894 3320 recedimus,
2918 3254 2987 3310 ad
3010 3268 3172 3324 quem
3209 3254 3409 3310 ibimus
3428 3252 3474 3323 ?|
3523 3250 3648 3306 Ver-

2062 3349 2128 3405 ba
2155 3349 2271 3404 vitae
2301 3358 2511 3403 teter-mc
2523 3347 2703 3400 habes.
2730 3345 2921 3401 Videte
2946 3343 3403 3413 quemadmodum
3430 3342 3645 3407 Petrus,

2066 3443 2229 3498 dante
2247 3441 2377 3505 Deo,
2412 3448 2691 3496 recreante
2705 3437 2912 3509 Spiritu
2926 3446 3134 3503 sancto,
3158 3435 3453 3502 intellexit;
3484 3438 3648 3501 unde,

2060 3534 2165 3589 nisi
2192 3534 2319 3604 quia
2353 3532 2584 3588 credidit
2603 3531 2769 3587 verba
2798 3532 2920 3585 vitm
2975 3540 3194 3585 aeterna:
3230 3529 3415 3601 [Ang.,
3472 3529 3643 3592 Unde.

2058 3626 2166 3682 nisi
2191 3626 2319 3697 quia
2349 3624 2613 3681 credidit?
2647 3621 2811 3677 Verba
2834 3625 2952 3677 vita:
2980 3632 3191 3676 (eterna:
3219 3621 3441 3693 habes]?
3468 3623 3646 3679 Vitam

2058 3718 2204 3773 enim
2233 3724 2495 3772 aeternam
2536 3716 2704 3770 habes
2743 3714 2798 3769 in
2848 3712 3249 3768 ministratione
3296 3714 3545 3783 corporis
3592 3727 3652 3770 et

2059 3809 2340 3881 sanguinis
2369 3808 2469 3875 tui,
2497 3815 2545 3863 et
2575 3822 2670 3864 nos
2691 3804 3008 3865 credidimus
3038 3816 3086 3864 et
3123 3806 3505 3883 cognoscimus.
3526 3806 3643 3868 Non

2061 3904 2412 3974 cognovimus
2438 3912 2494 3959 et
2529 3903 2820 3967 credimus,
2854 3903 2947 3957 sed
2990 3904 3320 3959 credidimus
3350 3915 3404 3960 ct
3440 3922 3643 3979 cogno-

2060 3997 2264 4053 scimus
2285 3993 2468 4069 [Aug.,
2492 3994 2888 4068 cognovimus].
2918 3995 3259 4052 Credidimus
3282 4000 3449 4062 enim,
3478 4008 3536 4053 ut
3554 4016 3647 4055 co-

2059 4101 2468 4159 gnosceremus.
2499 4084 2637 4140 Nam
2667 4086 2712 4141 si
2740 4087 2893 4157 prius
2953 4102 3300 4158 cognoscere,
3344 4099 3399 4144 et
3451 4092 3647 4149 deinde

2060 4180 2285 4236 credere
2312 4179 2563 4245 velimus,
2592 4194 2694 4235 nec
2712 4195 3041 4251 cognoscere
3067 4197 3166 4235 nec
3221 4186 3446 4238 credere
3498 4186 3641 4241 valc-

2058 4288 2261 4330 remus.
2299 4271 2440 4340 Quid
2460 4273 2810 4340 credidimus,
2839 4285 2894 4328 et
2921 4273 3049 4344 quid
3074 4278 3460 4344 cognovimus?
3499 4278 3641 4345 Quia

2058 4374 2117 4420 tu
2135 4382 2189 4421 es
2214 4360 2455 4419 Christus
2478 4363 2651 4418 Filius
2681 4364 2798 4431 Dei,
2822 4364 2877 4419 id
2897 4375 3001 4428 est,
3028 4366 3151 4435 quia
3185 4366 3301 4435 ipsa
3342 4369 3449 4422 vita
3477 4379 3644 4424 arter-

2059 4475 2128 4514 na
2151 4467 2206 4514 tu
2229 4475 2308 4515 es.
2346 4478 2364 4512 ι
2399 4458 2511 4514 Hac
2540 4460 2755 4528 cognita
2786 4460 3095 4529 apostolica:
3129 4462 3469 4517 auctoritatis
3512 4480 3645 4519 cou-

2057 4552 2312 4619 fessione,
2354 4554 2495 4609 hanc
2544 4552 2781 4622 regulam
2813 4554 3123 4624 sequimini,
3164 4555 3311 4610 hunc
3347 4557 3647 4613 confessio—

438 4624 546 4699 θι
557 4626 604 4698 ι
748 4626 904 4720 Ergo
915 4626 1147 4699 plurima
1160 4626 1229 4684 de
1243 4637 1555 4685 sanctorum
1571 4629 1795 4687 Patrum
1805 4647 1956 4702 opus-

2070 4648 2156 4704 nis
2181 4646 2431 4703 ordinem
2454 4654 2656 4711 tenete,
2686 4651 2750 4700 ut
2793 4646 3018 4716 possitis
3069 4648 3138 4702 ad
3192 4649 3526 4720 agnitionem
3552 4666 3650 4704 ve-

366 4720 509 4777 culis
550 4719 745 4793 collegi
787 4719 1118 4787 testimonia,
1152 4728 1209 4777 et
1225 4720 1559 4793 multoplura
1568 4725 1951 4795 potuissem,si

367 4828 477 4870 non
492 4813 656 4869 nimis
676 4812 897 4885 longum
910 4822 1057 4870 esset
1078 4831 1092 4868 :
1116 4813 1298 4870 sciens
1313 4830 1530 4887 quoque
1548 4816 1665 4872 haec
1686 4815 1950 4885 suﬁcere,

367 4905 453 4961 vel
480 4907 656 4977 magis
678 4907 1118 4977 superabundare
1139 4906 1237 4974 illi,
1274 4908 1359 4962 cui
1384 4907 1527 4963 Deus
1553 4924 1649 4964 cor
1678 4910 1853 4980 aperit
1884 4912 1954 4967 ad

363 4998 717 5056 credendum.
739 4998 820 5055 Illi
845 5014 995 5066 vero,
1018 4999 1110 5069 qui
1138 5001 1392 5056 obturato
1420 5000 1584 5056 corde
1606 5001 1660 5058 in
1690 5019 1786 5059 sua
1826 5019 1956 5060 con-

366 5093 488 5150 ﬁdit
516 5092 831 5164 pertinacia,
858 5092 932 5146 nil
954 5090 1169 5158 sullicit,
1190 5094 1316 5165 quia
1358 5092 1500 5150 ﬁlius
1520 5095 1780 5165 gehennae
1804 5094 1953 5152 futu-

367 5198 465 5239 rus
487 5190 591 5239 est.
619 5181 779 5237 Novit
801 5181 1080 5249 Dominus,
1108 5183 1199 5252 qui
1237 5190 1365 5239 sunt
1397 5180 1536 5252 ejus,
1563 5193 1619 5239 et
1674 5186 1793 5240 vias
1830 5185 1924 5241 illo

368 5291 491 5332 rum
537 5274 800 5347 agnoscit.
843 5273 1090 5331 Scientes
1124 5276 1317 5332 scitote
1339 5277 1483 5347 quod
1520 5277 1823 5347 ignorantia
1859 5298 1953 5337 vc-

368 5375 484 5425 stra
532 5381 631 5422 vos
660 5380 923 5422 excusare
971 5381 1080 5422 non
1113 5367 1342 5437 poterit,
1392 5367 1517 5437 quia
1577 5369 1670 5438 qui
1722 5370 1951 5440 ignorat,

367 5459 713 5536 ignorabitur
751 5458 803 5533 (l
831 5458 955 5513 Cor.
990 5475 1103 5526 xiv,
1127 5459 1239 5534 58).
1268 5458 1439 5516 Multo
1467 5461 1639 5531 magis
1665 5461 1861 5520 discite
1886 5464 1955 5519 ab

368 5563 457 5617 eo,
487 5550 581 5622 qui
615 5550 691 5605 ait
728 5564 743 5603 :
770 5547 970 5603 Discite
990 5566 1025 5603 a
1050 5566 1151 5616 me,
1198 5551 1326 5622 quia
1352 5551 1494 5604 mitis
1520 5567 1637 5604 sum
1669 5562 1719 5604 et
1738 5552 1954 5608 humilis

368 5642 527 5699 corde
555 5639 775 5715 (Matth.
806 5657 884 5707 xi,
904 5640 998 5714 29)
1023 5659 1035 5696 :
1070 5642 1161 5711 qui
1182 5642 1346 5698 etiam
1364 5645 1621 5698 sanandis
1638 5644 1845 5699 solebat
1869 5646 1954 5701 di-

369 5750 524 5791 cere:
558 5732 720 5788 Fides
741 5744 833 5788 tua
861 5744 911 5788 te
937 5734 1141 5789 salvum
1161 5736 1281 5807 fecit
1310 5736 1506 5809 (Marc.
1534 5753 1585 5801 χ,
1613 5736 1725 5810 52).
1746 5738 1952 5810 Impos-

443 5858 468 5920 ι)
510 5844 711 5920 Marius
740 5845 1047 5903 Victorinus
1072 5847 1201 5901 Afer
1230 5847 1283 5900 in
1311 5846 1681 5920 ReSponsione
1717 5849 1785 5903 ad
1816 5847 1954 5904 Can-

371 5916 555 5972 didum
585 5915 890 5970 Arrianum.

2051 4740 2232 4797 ritatis
2241 4741 2550 4809 pervenire.
2564 4738 2847 4794 Abstinete
2860 4754 2955 4794 vos
2966 4754 2996 4793 a
3009 4740 3277 4810 colloquio
3293 4742 3642 4812 nugacitatis,

2052 4832 2220 4888 nolite
2245 4832 2479 4887 scrutari
2526 4830 2812 4896 scrutinia,
2861 4846 2930 4887 ne
2984 4829 3250 4886 deﬁciatis
3298 4833 3351 4886 in
3401 4832 3642 4888 cﬂicacia

2053 4929 2255 4985 vestra,
2282 4927 2534 4991 putantes
2554 4935 2653 4975 vos
2672 4920 2945 4991 sapientes
2978 4934 3121 4984 esse,
3150 4936 3275 4975 cum
3322 4921 3640 4993 insipientes

2054 5016 2404 5071 inveniamiui
2437 5014 2575 5070 ﬁeri.
2614 5012 2793 5069 Nolite
2823 5013 2935 5068 alta
2974 5032 3174 5083 sapere,
3214 5015 3301 5068 sed
3352 5014 3638 5070 humilibus

2053 5110 2431 5163 consentientes
2456 5117 2616 5162 estote
2641 5106 2817 5178 (Rom.
2864 5124 2962 5171 xu,
2994 5108 3101 5177 lli).
3136 5106 3240 5173 Qui
3276 5108 3376 5161 mel
3418 5108 3639 5163 multum

2053 5200 2360 5265 manducat,
2391 5214 2498 5255 non
2512 5208 2586 5253 est
2611 5200 2658 5252 ei
2675 5199 2883 5264 bonum,
2907 5209 2953 5252 et
2980 5201 3069 5268 qui
3094 5210 3358 5254 scrutator
3376 5210 3451 5254 est
3472 5201 3639 5269 maje-

2053 5298 2225 5362 statis,
2273 5295 2595 5367 opprimetur
2618 5311 2651 5349 a
2684 5294 2857 5366 gloria
2880 5293 3061 5365 (Prov.
3098 5288 3229 5361 xiv,
3272 5296 3385 5367 27).
3428 5297 3625 5352 lncras

2056 5396 2208 5443 satus
2233 5401 2363 5443 vero
2374 5385 2609 5448 animus,
2636 5384 2907 5440 etcarnali
2923 5387 3314 5442 consuetudine
3338 5388 3633 5454 involutus,

2057 5480 2159 5535 nisi
2191 5477 2395 5548 Spiritu
2427 5477 2525 5534 Dei
2554 5476 2912 5541 illuminante,
2945 5494 3141 5548 purum
3174 5480 3419 5535 veritatis
3448 5480 3631 5535 lumen

2055 5572 2299 5641 aspicere
2327 5571 2635 5626 nullatenus
2661 5569 2819 5625 valet.
2863 5570 3002 5624 Nihil
3032 5571 3196 5639 igitur
3222 5573 3393 5643 magis
3444 5582 3637 5627 vestrae

2053 5667 2271 5723 obsistit
2319 5662 2687 5734 intelligentia:
2750 5679 2933 5719 veram
2988 5679 3316 5733 cognoscere
3354 5666 3512 5719 fidem
3569 5666 3637 5719 de

2054 5756 2271 5812 Christo
2294 5756 2523 5811 Domino
2560 5754 2899 5821 Dconostro,
2932 5770 3091 5824 quam
3131 5756 3366 5809 carnalis
3411 5770 3637 5809 consue-

2127 5848 2154 5887 ι)
2192 5846 2336 5903 Idem
2360 5845 2481 5901 libr.
2511 5863 2526 5900 ι
2551 5847 2808 5900 adversus
2833 5845 3015 5899 Arium
3047 5845 3149 5898 Bli.
3178 5844 3304 5902 ΡΡ..
3335 5855 3462 5899 tom.
3493 5847 3555 5898 IV

2134 5930 2153 5955 ε
2191 5916 2247 5970 S.
2281 5919 2415 5987 Aug.
2443 5917 2624 5969 Tract.
2659 5932 2806 5968 xxvii
2838 5916 2888 5968 in
2912 5916 3063 5968 δυτψ.
3098 5932 3244 5968 num.
3276 5917 3309 5969 9
