4136 6556
541 352 642 407 293

1394 344 1453 399 Β.
1486 345 1547 399 F.
1586 342 1813 397 ALBINI
1854 339 1983 397 Sili]
2022 337 2299 394 ALCL’lNl
2338 333 2619 393 OPERUM
2660 330 2840 387 PARS
2877 329 2942 387 lli

3705 325 3806 382 205

538 467 702 528 tudo;
753 460 879 532 quia
919 460 1137 531 quodin
1182 459 1461 514 hominum
1532 456 1673 517 ﬁliis,
1734 452 1875 525 [qui]
1936 466 2130 507 carna-
2161 456 2206 510 Λ
2236 448 2544 518 cupativum
2573 460 2635 499 ca
2664 454 2840 515 parte,
2868 443 2959 498 ubi
2989 451 3272 516 argentum
3304 442 3680 513 circumcingit
3710 459 3809 498 au—

518 557 575 609 .li
600 554 978 623 conjunctione
1006 548 1383 624 [generantur]
1406 562 1455 614 α,
1491 548 1609 601 fieri
1640 563 1744 601 non
1767 543 2126 616 posseintelli-

541 650 687 721 gitis,
716 650 817 702 hoc
849 646 901 699 in
929 646 1022 698 Dei
1054 643 1190 699 Filio
1226 657 1563 710 nequaquam
1581 639 1700 693 ﬁeri
1720 637 2128 708 posscmstima-

543 743 633 795 tis.
652 738 846 793 Procul
874 736 1225 792 dubioomnis
1260 733 1497 787 carnalis
1540 730 1796 802 cogitatio
1819 744 1848 781 a
1874 725 2129 781 cordibus

546 832 737 886 vestris
765 828 1007 883 funditus
1031 826 1335 896 repellenda
1375 833 1477 886 est,
1514 825 1557 878 si
1600 823 1886 875 veritatem
1931 818 2128 872 divinae

542 923 901 989 humanaeque
923 918 1285 989 generationis
1318 916 1371 969 in
1398 914 1617 968 Christo
1643 912 1736 965 Dei
1768 911 1906 965 Filio
1926 922 2128 978 cogno—

545 1032 697 1072 scere
718 1014 899 1068 vultis.
932 1012 998 1066 Et
1027 1011 1220 1065 habete
1249 1007 1406 1062 ﬁdem
1422 1014 1729 1060 sanctarum
1756 1001 1968 1073 paginis
1982 998 2132 1053 Scri-

546 1117 850 1180 ptnrarnm,
888 1112 941 1157 et
968 1103 1132 1157 nolite
1170 1099 1471 1167 transgredi
1508 1097 1799 1160 terminos,
1827 1108 1964 1163 quos
2015 1100 2129 1146 sta-

548 1204 770 1253 tuerunt
797 1194 986 1248 Patres
1013 1192 1398 1247 ecclesiasticrc
1419 1189 1718 1259 dignitatis.
1764 1187 1867 1255 Ipsi
1908 1192 2033 1238 sunt
2062 1198 2091 1236 a
2116 1183 2129 1235 l

548 1304 686 1360 quos
702 1285 1011 1341 dulcissima
1032 1282 1320 1352 promissio
1334 1279 1426 1333 Dei
1442 1278 1641 1333 Christi
1662 1279 1714 1331 in
1729 1277 1923 1331 rmlum
1943 1288 2130 1326 ascen-

548 1381 728 1435 dentis
772 1378 916 1433 dic‘a
952 1384 1071 1429 cst:
1101 1373 1234 1426 Ecce
1282 1388 1376 1441 ego
1420 1369 1681 1423 vobiscum
1728 1383 1843 1419 sum
1892 1363 2132 1417 omnibus

548 1471 730 1527 diebus
754 1486 916 1539 usque
928 1468 996 1520 ad
1011 1465 1510 1519 consummationem
1533 1459 1713 1514 scrculi
1729 1457 1943 1528 (Matth.
1959 1469 2131 1515 xxvu,
2160 1518 2163 1519 ν

548 1562 663 1628 20).
713 1562 849 1631 ipsis
883 1557 1016 1631 [Cod
1048 1555 1253 1619 Pcris.,
1278 1555 1329 1608 in
1362 1551 1513 1623 ipsis]
1540 1552 1679 1605 idem
1711 1545 2137 1615 quotidieloqui-

549 1664 640 1708 tur
671 1652 928 1723 Spiritus,
956 1648 1047 1717 qui
1078 1647 1207 1701 olim
1256 1646 1470 1698 locutus
1492 1650 1577 1697 est
1610 1641 1663 1696 in
1694 1637 1993 1709 prophetis,
2038 1633 2131 1703 qui

552 1758 840 1802 venturum
869 1740 1066 1797 mundo
1086 1737 1361 1793 Christum
1388 1735 1839 1805 prmdicavcrunt.
1869 1731 1975 1783 lsta
2017 1742 2136 1782 om-

2228 557 2347 596 rum
2369 557 2383 603 ;
2415 540 2523 594 ivno
2544 539 2709 595 etiam
2736 554 2876 594 unus
2897 546 2981 592 est
3008 537 3257 607 idemque
3288 537 3427 593 calix
3444 537 3511 591 ad
3529 538 3692 592 unius
3711 538 3812 593 mi-

2227 634 2436 690 nisterii
2465 633 2783 703 dignitatem
2810 631 3037 687 electus.
3066 630 3181 687 Hoc
3193 632 3499 703 exemplum
3518 633 3816 703 accipiatur

2228 724 2431 779 dictum
2456 731 2680 794 propter
2706 723 2969 777 unitatem
3016 737 3264 794 persona:
3289 729 3346 777 et
3388 723 3555 779 unius
3603 723 3816 793 dispen—

2228 816 2455 870 sationis
2486 815 2874 873 ministerium.
2914 814 3058 883 quod
3110 815 3165 869 in
3228 812 3448 869 Christo
3487 814 3816 885 completum

2227 915 2347 971 est;
2374 921 2504 970 non,
2534 913 2595 959 ut
2621 905 2743 975 quis
2771 906 3074 959 divinitatis
3101 905 3668 974 substantiam,quam
3686 919 3816 968 auro

2230 996 2529 1067 designavi,
2550 1005 2792 1050 creatam
2813 1012 2935 1051 esse
2969 998 3268 1052 arbitretur
3290 1012 3538 1069 prorsus.
3582 995 3736 1054 Sicut
3760 997 3817 1052 in

2226 1088 2402 1143 vitreo
2428 1086 2645 1141 vasculo
2663 1086 2752 1140 lux
2776 1087 2921 1142 intus
2941 1088 3308 1152 absconditur,
3359 1097 3417 1144 et
3432 1090 3577 1145 foras
3602 1103 3702 1160 per
3738 1087 3820 1142 vi-

2231 1187 2374 1233 trum
2403 1176 2630 1243 refulget
2661 1196 2673 1229 :
2708 1178 2783 1231 ita
2810 1193 2909 1247 per
2934 1193 3154 1234 carnem
3183 1180 3546 1249 purissimam
3564 1181 3819 1236 divinita-

2231 1279 2303 1323 tis
2329 1267 2520 1339 gloria,
2550 1266 2696 1321 foras
2717 1269 3113 1338 aspicientibus
3134 1277 3194 1325 et
3241 1271 3614 1337 credentibus,
3658 1272 3820 1326 mira-

2232 1360 2371 1415 culis
2406 1358 2757 1428 resplendnit.
2784 1359 2925 1414 sicut
2948 1359 3120 1414 voluit
3148 1366 3205 1413 et
3231 1358 3438 1430 placuit
3472 1361 3525 1417 ei
3551 1362 3644 1433 qui
3678 1363 3825 1418 intus

2233 1450 2459 1505 latebat.

2304 1541 2437 1595 XIII.
2498 1541 2633 1597 Audi
2689 1558 2775 1598 me
2796 1583 2812 1607 ,
2859 1542 3107 1606 obsecro,
3159 1542 3451 1613 patienter,
3495 1543 3823 1601 scholastica

2234 1632 2510 1702 Hi5pania2
2527 1632 2897 1704 congregatio,
2913 1631 3010 1686 tibi
3033 1632 3366 1701 loquentem,
3380 1648 3502 1703 qua:
3528 1633 3654 1689 novi
3674 1649 3826 1690 sem-

2235 1735 2335 1790 per
2384 1720 2585 1789 aliquid
2611 1721 2798 1776 audire
2828 1720 2911 1775 vel
2935 1721 3676 1790 prasdicarerdesiderasmon
3690 1739 3823 1780 con-

552 1838 642 1893 nia
668 1834 888 1905 impleta
912 1846 1053 1895 esse,
1081 1844 1201 1899 quae
1231 1826 1506 1898 prophetae
1522 1823 1886 1893 pmdixerunt
1912 1820 1964 1873 in
1978 1816 2131 1872 Cbri-
2163 1805 2210 1864 Β
2240 1822 2389 1868 tenta
2411 1814 2723 1884 apostolicis
2752 1815 3158 1883 traditionibus,
3187 1830 3289 1871 nec
3302 1817 3626 1872 universalis
3643 1818 3827 1873 Eccle-

556 1925 876 1997 toquotidie
906 1920 1225 1991 prrcdicant,
1265 1919 1318 1972 in
1368 1916 1449 1970 eis
1503 1924 1687 1970 manet
1739 1925 1865 1965 vera
1923 1924 2030 1979 pax
2084 1915 2141 1961 et

557 2018 799 2074 cbaritas
818 2031 914 2085 per
965 2013 1227 2083 Spiritum
1287 2017 1554 2070 sanctum,
1583 2006 1725 2060 sicut
1774 2005 1889 2072 ipsa
1927 2000 2143 2055 Veritas

559 2118 811 2172 testatur,
860 2107 1099 2160 dicens:
1149 2101 1343 2155 Pacem
1403 2115 1573 2152 meam
1622 2097 1690 2150 do
1738 2095 1913 2153 vobis,
1958 2106 2139 2163 pacem

556 2215 727 2252 meam
752 2196 986 2265 relinquo
1015 2182 1151 2247 nobis
1176 2191 1360 2263 (Joan.
1383 2205 1493 2255 xiv,
1547 2188 1661 2259 27),
1691 2188 1741 2241 id
1769 2194 1869 2247 est,
1890 2185 1967 2265 Ain
2007 2197 2167 2253 pace

558 2291 807 2359 relinquo
838 2304 955 2350 vos,
982 2286 1033 2339 in
1058 2299 1189 2355 pace
1221 2283 1492 2337 inveniam
1509 2296 1622 2334 vos.
1644 2279 1820 2333 Deliis
1847 2263 1954 2331 alio
1978 2276 2144 2346 912

557 2380 678 2435 loco
708 2380 913 2434 dictum
937 2383 1017 2431 est
1050 2390 1065 2428 :
1098 2373 1245 2428 Beati
1274 2371 1505 2443 paciﬁci,
1542 2370 1789 2441 quoniam
1812 2366 1910 2436 ﬁlii
1943 2366 2037 2421 Dei
2060 2381 2145 2419 ro-

563 2471 825 2524 cabuutur
849 2468 1066 2539 (Matth.
1098 2482 1149 2531 v,
1175 2466 1249 2536 9).
1277 2464 1354 2518 Illi
1381 2463 1545 2517 etiam
1576 2470 1701 2518 sunt
1729 2461 1887 2515 electi
1914 2458 2009 2513 filii
2025 2456 2144 2519 Dei,

557 2561 653 2631 qui
679 2561 731 2614 in
755 2575 887 2629 pace
899 2566 956 2612 et
970 2558 1177 2612 unitate
1203 2555 1583 2611 ecclesiastica:
1604 2552 1908 2608 concordize
1928 2565 2145 2622 perma-

560 2659 712 2715 nent,
742 2659 796 2704 et
824 2648 1100 2703 Christum
1128 2646 1417 2702 Dominum
1441 2652 1685 2699 nostrum
1722 2657 1907 2695 verum
1953 2640 2144 2705 Deum,

557 2756 858 2811 verumque
879 2740 973 2794 Dei
1001 2738 1197 2793 Filium
1221 2739 1385 2793 corde
1434 2738 1662 2791 credunt
1710 2743 1766 2788 et
1806 2748 1903 2787 ore
1952 2729 2149 2802 pradi-

560 2842 718 2897 cant;
744 2831 868 2901 quia
893 2830 1049 2884 corde
1074 2830 1308 2883 creditur
1326 2829 1395 2881 ad
1414 2827 1704 2897 justitiam,
1735 2832 2009 2878 oreautem
2023 2836 2149 2874 con-

560 2922 716 2994 fessio
752 2922 810 2989 ﬁt
839 2924 894 2975 in
923 2920 1145 2975 salutem
1169 2919 1345 2993 (Rom.
1388 2936 1446 2984 x,
1481 2918 1589 2989 {0).

631 3012 743 3068 XII.
775 3010 1065 3067 Sciendum
1095 3017 1177 3065 est
1196 3010 1522 3073 certissime,
1559 3026 1577 3057 ι
1612 3006 1758 3076 quod
1797 3006 2027 3059 multum
2056 3017 2153 3058 cx-

559 3105 726 3170 ccdit,
755 3113 815 3158 ut
836 3105 1028 3158 beatus
1056 3101 1166 3155 Leo
1215 3117 1350 3171 papa
1367 3101 1498 3155 dicit
1525 3099 1574 3162 δ,
1604 3107 1765 3167 atque
1780 3094 2151 3165 supereminet

2240 1905 2337 1959 size
2356 1905 2622 1960 catholica
2659 1904 2795 1971 ﬁde;
2820 1906 2923 1960 nisi
2947 1914 3003 1961 tu
3030 1906 3234 1977 aliquid
3276 1922 3377 1978 per
3420 1918 3479 1963 te
3532 1908 3828 1973 invenires,

2241 1996 2383 2051 unde
2408 2005 2558 2051 tuum
2593 2012 2791 2051 nomen
2819 1996 3127 2053 celebrares
3173 1998 3233 2053 in
3264 1999 3486 2053 mundo.
3541 1998 3659 2062 Dic,
3718 1999 3826 2063 dic,

2242 2102 2373 2158 gens
2401 2096 2612 2152 sancta,
2643 2087 2874 2157 populus
2904 2088 3302 2158 acquisitionis,
3349 2104 3522 2159 genus
3576 2089 3754 2161 regale
3775 2089 3829 2159 (1

2245 2178 2393 2233 Petr.
2419 2195 2480 2240 ιι.
2513 2178 2591 2246 9),
2623 2178 2753 2248 quid
2774 2180 2873 2234 tibi
2901 2177 3152 2235 Christus
3177 2180 3343 2235 fecit?
3365 2179 3507 2246 Quid
3533 2180 3589 2234 in
3613 2191 3667 2235 te
3706 2195 3834 2249 pec-

2243 2270 2408 2333 cavit,
2439 2280 2500 2325 ut
2518 2279 2728 2325 tantum
2757 2270 3005 2325 vilulsset
3050 2270 3105 2325 in
3137 2271 3303 2326 corde
3332 2271 3470 2325 tuo?
3519 2271 3701 2338 Quare
3753 2271 3837 2325 sic

2246 2365 2515 2419 minorata
2544 2372 2628 2419 est
2650 2362 2821 2435 gloria
2845 2362 2965 2432 ejus
3000 2364 3053 2417 in
3086 2372 3269 2420 mente
3290 2362 3417 2418 tua?
3446 2361 3559 2418 Cur
3587 2362 3838 2432 indigne-

2248 2456 2325 2510 ris
2355 2454 2663 2511 clariﬁcare
2692 2471 2840 2521 eum,
2866 2472 3028 2526 quem
3055 2464 3283 2527 paterna
3318 2471 3425 2512 vox
3446 2457 3514 2510 de
3540 2455 3699 2511 ccelis
3718 2456 3837 2510 cla-

2247 2546 2514 2603 rificavit?
2547 2545 2658 2601 Cur
2684 2547 2986 2602 contemnis
3009 2548 3239 2603 adorare
3266 2563 3391 2602 eum
3419 2561 3611 2600 vemm
3662 2544 3835 2598 Deum

2247 2647 2305 2695 et
2330 2655 2521 2695 verum
2545 2640 2640 2695 Dei
2668 2640 2884 2706 Filium,
2914 2656 3075 2710 quem
3106 2639 3279 2712 angeli
3316 2641 3549 2695 adorant
3573 2640 3628 2693 in
3650 2636 3839 2692 (ζωιίεῖ

2250 2730 2503 2803 Nunquid
2526 2746 2633 2786 non
2663 2730 2755 2787 ille
2780 2742 2885 2796 est,
2922 2733 3015 2803 qui
3047 2733 3341 2802 nonaginta
3368 2746 3562 2787 novem
3592 2745 3723 2784 oves
3753 2743 3842 2783 re-

2250 2826 2408 2897 liquit
2432 2827 2485 2880 in
2506 2827 2681 2892 caelis,
2701 2834 2764 2881 ut
2790 2836 2842 2881 te
2887 2828 3155 2898 perditam
3208 2829 3515 2898 requireret
3572 2829 3625 2881 in
3675 2826 3841 2880 terris

2255 2916 2470 2987 (Matth.
2497 2934 2652 2981 xvm,
2678 2918 2802 2988 12)?
2828 2919 3083 2990 Nunquid
3110 2935 3216 2974 non
3246 2919 3333 2974 ille
3358 2927 3459 2981 est.
3514 2918 3609 2989 qui
3662 2927 3714 2971 te
3738 2917 3839 2971 sub

2254 3008 2361 3064 ficu
2390 3008 2526 3063 vidit
2546 3008 2838 3078 iacentem,
2864 3018 3155 3079 antequam
3199 3009 3480 3080 Philippus
3508 3016 3731 3063 vocaret
3752 3017 3840 3069 te,

2254 3107 2310 3156 ct
2338 3100 2633 3165 descendit,
2658 3098 2985 3155 utliberaret
3002 3109 3055 3155 te
3082 3099 3270 3170 (loau.
3300 3115 3341 3164 r,
3381 3101 3510 3171 48)?
3530 3102 3712 3167 Quare
3729 3115 3842 3154 non

560 3160 784 3251 humani
804 3195 1003 3265 eloquii
1038 3160 1372 3257 facultatem,
1393 3160 1569 3246 divini
1591 3160 1771 3261 operis
1814 3160 2145 3261 magnitudo.
2175 3160 2221 3222 θ
2255 3190 2393 3247 dicis
2410 3206 2534 3246 cum
2584 3160 2888 3246 l‘iathanael
2915 3207 2929 3256 ;
2956 3160 3142 3257 Rablii,
3174 3201 3230 3246 tu
3255 3209 3308 3247 es
3329 3160 3515 3247 'Fitiiu
3541 3160 3673 3256 ~Dei,
3696 3202 3753 3245 tu
3782 3208 3839 3245 es

563 3288 631 3343 Et
660 3289 784 3343 inde
807 3288 985 3342 oritur
1031 3284 1316 3340 difficultas
1350 3284 1519 3348 fandi,
1568 3284 1713 3337 unde
1772 3290 1828 3337 et
1880 3288 1964 3336 est
2008 3278 2153 3335 ratio

565 3396 672 3434 non
726 3379 978 3433 tacendi:
1008 3378 1133 3446 quia
1181 3374 1310 3431 Jesu
1344 3376 1565 3431 Christo
1593 3374 1732 3428 Filio
1780 3372 1876 3427 Dei
1927 3388 2035 3427 non
2084 3369 2153 3426 ad

566 3470 803 3523 divinam
833 3467 1151 3532 essentiam,
1177 3467 1271 3522 sed
1307 3467 1473 3523 etiam
1509 3466 1577 3518 ad
1604 3466 1896 3518 humanam
1943 3468 2154 3532 spectat

569 3570 844 3626 naturam,
883 3560 1027 3631 quod
1050 3560 1255 3614 dictum
1285 3567 1369 3613 est
1395 3572 1492 3627 per
1518 3556 1843 3625 Prophetam
1874 3572 1887 3607 :
1920 3552 2156 3608 Genera-

568 3653 759 3708 tt'onem
780 3654 894 3722 ejus
916 3654 1033 3723 quis
1060 3651 1330 3706 enarrabit
1355 3651 1511 3723 (Isai.
1566 3666 1684 3715 LIII,
1712 3649 1808 3721 8)?
1853 3648 2157 3717 Utramque

569 3746 712 3799 enim
744 3745 1100 3799 substantiam
1128 3744 1181 3797 in
1208 3760 1372 3798 unam
1398 3744 1692 3798 convenire
1730 3758 2018 3812 personam
2048 3742 2155 3797 nisi

571 3836 753 3912 [ﬁdes]
784 3840 990 3901 credat,
1025 3854 1205 3891 sermo
1247 3853 1352 3892 non
1382 3837 1723 3906 explicatzet
1748 3835 2156 3902 ideonunquam

571 3930 799 3983 materia
825 3930 1005 3983 deﬁcit
1036 3930 1231 3993 laudis,
1265 3929 1390 3999 quia
1436 3942 1709 3998 nunquam
1760 3925 1967 3981 sufﬁcit
2003 3924 2157 3995 copia

570 4018 892 4075 laudatoris.
916 4040 934 4071 ι
964 4020 1030 4073 Et
1049 4029 1108 4073 ut
1132 4019 1346 4075 facilius
1367 4020 1550 4075 unitas
1571 4033 1819 4087 personae
1842 4017 1893 4072 in
1907 4015 2150 4081 Christo,

576 4112 909 4180 duarumque
948 4110 1251 4181 proprietas
1296 4119 1616 4166 naturarum
1655 4126 1685 4162 a
1743 4108 2159 4179 simplicioribus

576 4201 801 4270 intelligi
850 4202 1029 4256 valeat
1058 4201 1341 4269 fratribus,
1382 4218 1646 4273 ponamus
1691 4201 1893 4270 aliquid
1926 4200 2160 4270 exempli

575 4296 770 4364 gratia,
802 4310 949 4349 more
977 4304 1291 4350 sanctorum
1318 4298 1477 4351 solito
1506 4296 1788 4349 doctorum
1819 4309 1885 4347 ex
1916 4291 2150 4347 visibili-

578 4384 699 4445 bus,
737 4382 803 4435 ad
846 4383 1185 4453 intelligenda
1222 4384 1510 4438 invisibilia
1542 4382 1971 4452 :quamvisnibil
1995 4386 2158 4435 tantae

578 4473 933 4537 excellentiae,
958 4482 1015 4529 et
1041 4483 1148 4528 tam
1190 4473 1443 4529 ineffabili
1483 4474 1873 4543 conjunctioni,
1927 4489 2048 4543 quae
2098 4473 2154 4526 in
2193 4516 2241 4575 υ

578 4564 797 4618 Christo
821 4561 965 4619 facta
994 4573 1097 4629 est,
1127 4565 1286 4633 digne
1321 4565 1625 4634 comparari
1667 4574 1852 4632 queat.
1902 4564 2059 4630 Quod
2111 4563 2158 4616 si

579 4653 721 4708 calix
752 4668 818 4711 ex
840 4670 973 4711 auro
1013 4664 1347 4728 argentoque
1380 4655 1674 4711 fabricatur
1699 4659 1752 4709 in
1796 4654 2158 4709 ministerium

581 4746 770 4799 altaris
790 4748 986 4809 sancti,
1017 4748 1070 4800 in
1092 4763 1199 4817 quo
1225 4756 1563 4803 sacramenta
1591 4748 1777 4801 salutis
1806 4756 2006 4801 nostrae
2053 4747 2162 4816 spi-

586 4836 1162 4891 ritualibencdictionc
1192 4838 1583 4900 conficiuntur;
1620 4840 1691 4891 ita
1732 4848 1913 4893 tamen
1955 4846 2013 4891 ut
2064 4855 2160 4892 an-

586 4941 706 4978 t'tlttl
758 4924 807 4977 in
843 4941 951 4978 sua:
978 4933 1183 4978 naturae
1213 4925 1769 4997 perinaneatfulgore,
1796 4935 1851 4980 et
1872 4936 2157 4997 argentum

586 5016 802 5083 preprio
824 5015 1058 5069 camiore
1086 5015 1216 5069 locis
1243 5019 1560 5085 opportunis
1586 5018 1961 5088 circnmliugat
2004 5016 2161 5089 [Cod.

595 5104 793 5169 Parim,
820 5106 1229 5177 circumcingat]
1276 5108 1392 5161 auri
1449 5108 1729 5179 fulgorem.
1772 5108 1957 5163 Nonne
2006 5109 2171 5178 siqui-

591 5196 712 5249 dem
760 5212 896 5249 unus
921 5210 1006 5251 est
1031 5198 1191 5263 calix,
1219 5201 1465 5268 quamvis
1490 5214 1555 5253 ex
1613 5201 1819 5255 duobus
1850 5200 2169 5256 conﬁciatur

592 5287 823 5341 metallis
853 5305 865 5339 :
890 5290 998 5341 imo
1035 5298 1089 5343 et
1112 5291 1178 5341 ad
1208 5291 1366 5343 unius
1404 5292 1691 5346 ministerii
1729 5292 1997 5345 artiﬁciali
2056 5308 2171 5347 ma-

596 5393 665 5429 nu
701 5378 1034 5446 compositus
1060 5378 1331 5434 OfilCllllll?
1388 5381 1519 5447 Quis
1559 5380 1704 5448 juste
1754 5383 1935 5437 dicere
1990 5392 2168 5453 potest

595 5475 813 5535 propter
844 5468 959 5521 auri
988 5468 1462 5539 incomparabilem
1502 5470 1954 5539 pulchritudinem
1981 5489 2167 5527 verum

595 5570 715 5610 esse
745 5556 1000 5611 calicem?
1026 5557 1374 5617 Solutnmodo
1397 5576 1586 5615 aurum
1610 5561 1703 5615 tibi
1729 5560 1925 5633 fulget,
1962 5572 2015 5618 et
2040 5581 2173 5618 nun—

669 5681 691 5705 ³
724 5669 910 5723 Verbis
939 5669 1081 5724 inter
1110 5674 1325 5727 ansulas
1354 5672 1572 5728 inclusis
1595 5689 1719 5727 vera
1747 5674 1905 5729 lectio
1933 5676 2170 5730 restitui-

599 5744 689 5794 tur
716 5754 780 5796 ex
808 5740 926 5797 cod.
960 5739 1127 5797 Paris.

2254 3297 2347 3337 rex
2372 3280 2543 3335 Israel
2568 3280 2751 3353 (Joan.
2786 3299 2825 3347 ι,
2857 3282 2947 3354 40)
2977 3301 2989 3337 :
3021 3282 3208 3339 Nonne
3237 3292 3290 3337 te
3344 3283 3667 3339 semivivum
3716 3301 3847 3357 spo—

2255 3372 2440 3427 liatum
2462 3413 2477 3438 ,
2502 3372 2844 3429 vulneratum
2876 3390 2906 3429 a
2928 3373 3251 3439 latronibus,
3299 3390 3427 3429 cum
3471 3373 3849 3432 descendisset

2254 3465 2323 3519 ab
2346 3463 2644 3521 Jerusalem
2668 3466 2721 3519 in
2751 3462 2989 3529 Jericho,
3038 3466 3261 3536 reperit,
3315 3473 3373 3518 et
3417 3465 3713 3520 miseratus
3765 3466 3845 3521 tui

2257 3557 2586 3627 imposuitte
2604 3557 2854 3628 jumento
2890 3573 3012 3624 suo,
3042 3567 3097 3615 ct
3125 3558 3276 3614 duxit
3332 3558 3386 3613 in
3436 3558 3730 3621 stabulum,
3790 3568 3849 3615 et

2255 3650 2405 3706 dedit
2428 3665 2528 3721 pro
2560 3659 2613 3705 te
2641 3650 2937 3705 stabulario
2973 3650 3111 3706 duos
3166 3650 3438 3714 denarios,
3499 3648 3845 3721 prtecipiens,

2258 3752 2316 3799 ut
2341 3760 2529 3801 curam
2559 3744 2637 3800 tui
2670 3745 2899 3802 haberet
2952 3744 3105 3816 (Luc.
3161 3762 3218 3810 ι,
3274 3744 3346 3801 50
3382 3744 3591 3816 seqq.)?
3648 3744 3847 3800 Annon

2259 3836 2349 3891 ille
2373 3845 2476 3902 est,
2501 3836 2593 3905 qui
2615 3845 2721 3892 tua:
2731 3836 2925 3892 salutis
2946 3852 3134 3902 causa,
3159 3838 3313 3907 quasi
3334 3838 3453 3892 ovis
3464 3838 3662 3893 ductus
3680 3844 3763 3895 est
3777 3833 3849 3892 ad

2259 3927 2559 3994 victimam,
2591 3928 2808 3999 ligatus,
2841 3927 3160 4001 ﬁagellatus,
3184 3938 3503 3999 consputus,
3555 3929 3728 3999 spinis
3752 3941 3851 3983 co—

2261 4031 2505 4086 ronatus,
2537 4022 2833 4077 novissime
2867 4022 2920 4077 in
2943 4036 3165 4078 crucem
3190 4020 3423 4087 levatus,
3477 4031 3725 4076 mortuus
3762 4036 3852 4076 se

2261 4113 2452 4184 pultus
2470 4130 2483 4179 ;
2502 4114 2597 4170 sed
2622 4114 2781 4169 tertia
2802 4113 2889 4168 die
2924 4129 3216 4185 resurgens
3242 4122 3403 4184 atque
3431 4114 3707 4184 triumpho
3735 4112 3852 4184 glo-

2262 4205 2356 4259 rite
2380 4204 2549 4259 crrlos
2569 4205 2830 4268 ascendit,
2856 4220 2886 4259 a
2910 4206 3222 4275 dextrisque
3250 4205 3345 4259 Dei
3398 4206 3574 4260 Patris
3625 4207 3848 4269 sedens,

2256 4295 2420 4365 judcx
2442 4297 2685 4351 vivorum
2724 4308 2780 4351 et
2805 4305 3143 4351 mortuorum
3172 4306 3431 4352 venturus
3448 4296 3672 4351 ?Noune
3691 4296 3852 4349 audis

2261 4407 2385 4446 eum
2414 4390 2482 4445 de
2501 4390 2657 4445 cadis
2708 4388 3029 4446 clamantem
3072 4391 3210 4444 tibi:
3262 4387 3465 4460 Papule
3498 4406 3664 4450 meus.
3720 4389 3853 4455 quid

2265 4483 2363 4553 feci
2388 4483 2480 4535 tibi
2502 4480 2687 4552 (Mich.
2714 4497 2788 4544 vt,
2818 4481 2911 4553 5)?
2941 4480 3191 4550 Nunquid
3218 4480 3379 4535 eduxi
3412 4479 3544 4534 tedc
3559 4480 3722 4535 domo
3735 4493 3857 4534 ser-

2265 4574 2471 4633 vitutis,
2510 4579 2565 4627 et
2590 4571 2813 4626 liberavi
2850 4580 2902 4625 te
2924 4572 2988 4625 de
3012 4564 3261 4625 manibus
3300 4570 3644 4625 inimicorum
3700 4583 3858 4623 meo—

2267 4678 2385 4718 rum
2411 4660 2564 4734 [Cod.
2600 4661 2801 4725 Paris.,
2830 4661 3088 4732 tuorum],
3120 4675 3418 4731 omnesque
3448 4662 3684 4715 animam
3699 4675 3852 4729 quaa-

2268 4765 2451 4810 reutes
2466 4766 2613 4809 tuam
2629 4756 2787 4809 undis
2803 4754 3065 4809 salutiferi
3084 4754 3248 4810 fontis
3261 4756 3414 4811 obrui
3430 4752 3635 4827 [Forte,
3656 4749 3854 4826 abiui],

2266 4856 2321 4900 et
2366 4846 2573 4915 protexi
2598 4846 2700 4899 iter
2729 4854 2879 4900 tuum
2909 4844 3133 4899 rorifera
3160 4846 3333 4899 sancti
3362 4845 3587 4915 spiritus
3616 4844 3758 4897 nube
3799 4850 3860 4898 et

2268 4937 2429 5008 913
2459 4936 2660 4992 caelesti
2684 4951 2823 5007 pane
2850 4935 3093 5006 corporis
3127 4937 3232 4990 mei
3274 4936 3396 5006 pavi
3430 4943 3500 4997 te,
3562 4944 3617 4988 et
3670 4934 3856 5004 potavi

2271 5035 2321 5079 te
2344 5042 2482 5093 aqua
2508 5034 2562 5079 et
2602 5026 2885 5092 sanguine,
2909 5041 3031 5095 quae
3070 5024 3297 5080 feriente
3352 5026 3522 5079 milite
3577 5024 3644 5078 de
3682 5024 3857 5082 latere

2271 5132 2391 5171 meo
2433 5115 2734 5171 ﬂuxerunt?
2788 5116 2962 5186 Super
3025 5117 3139 5171 lure
3177 5117 3358 5170 omnia
3416 5118 3716 5188 prmparavi
3759 5119 3856 5174 tibi

2270 5207 2603 5273 mansionem
2657 5218 2930 5277 perpetua:
2979 5207 3326 5262 beatitudinis
3375 5207 3429 5261 in
3471 5206 3632 5262 domo
3680 5205 3861 5263 Patris

2273 5297 2398 5349 mei.
2439 5297 2518 5350 Tu
2540 5296 2626 5350 his
2646 5298 2899 5352 omnibus
2951 5297 3198 5367 ingratus
3248 5296 3529 5353 beneﬁciis
3578 5298 3736 5360 meis,
3770 5313 3860 5354 me

2273 5386 2558 5457 ignobilem
2606 5397 2845 5455 paterna:
2892 5389 3192 5456 majestatis
3252 5387 3421 5440 ﬁlium
3476 5386 3861 5454 blasphemare

2275 5480 2463 5541 audes,
2494 5478 2950 5549 conditionalique
2993 5488 3169 5535 tecum
3213 5480 3437 5533 servitio
3485 5494 3570 5534 me
3624 5478 3863 5548 degene-

2277 5587 2397 5626 rare
2425 5573 2633 5627 niteris.
2664 5571 2826 5639 Quasi
2856 5588 3021 5627 unum
3043 5589 3108 5626 ex
3141 5572 3313 5636 vobis,
3352 5579 3408 5627 et
3435 5572 3525 5626 vix
3569 5571 3862 5642 adoptionc

2348 5682 2375 5721 δ
2411 5680 2467 5735 S.
2508 5681 2617 5737 Leo
2656 5698 2813 5754 pain,
2855 5698 3017 5738 serm.
3054 5684 3106 5747 9,
3140 5684 3207 5739 de
3249 5683 3427 5738 Nativ.
3466 5684 3620 5740 Dom.
3649 5698 3770 5754 cap.
3809 5685 3858 5738 Ι.
