4136 6612
226 431 332 489 2ὓῖ

1054 440 1469 498 DOCMATICA.
1513 475 1583 485 —-
1619 445 1835 504 EPIST.
1881 447 2200 505 ELIPANDI
2240 451 2332 506 AD
2372 452 2689 511 FELICEM.

3402 469 3508 526 298

226 548 450 620 dignum
478 549 534 606 in
557 549 650 605 lilii
679 567 909 623 persona
949 555 1206 610 :estimas.
1249 555 1390 623 Quid
1446 558 1614 617 fuisti.
1658 570 1814 615 ante-
1845 569 1892 623 Α
1921 565 2229 618 necessaria
2261 575 2405 621 esset
2438 568 2551 624 hzee
2573 571 2783 627 novitas
2806 571 3084 632 nominum
3131 581 3326 651 populo
3352 582 3510 640 Chri-

223 655 395 710 quatn
436 650 489 697 le
537 656 656 696 mea
703 645 995 713 reSpiccret
1041 646 1232 715 pietas,
1300 648 1612 716 priusquam
1670 658 1816 704 tuam

224 741 483 786 naturam
501 731 559 788 in
584 747 872 803 personam
902 735 1246 806 proprietatis
1279 751 1412 792 mea:
1449 751 1812 805 assumerem;

223 823 634 894 tegloriiicans,
665 840 771 881 non
793 840 880 879 me
902 826 1187 882 minuens?
1209 826 1397 882 Nonne
1443 836 1497 882 te
1547 830 1724 885 inveni
1763 833 1815 887 in

221 917 490 986 sanguine
513 914 916 985 tuojacentem,
943 918 996 973 in
1029 919 1313 990 sanguine,
1338 921 1582 989 inquam,
1615 929 1709 976 tuo
1733 939 1816 978 tn-

219 1006 509 1063 volutum?
557 1005 847 1064 Umbiiicus
879 1019 1004 1065 tuus
1035 1027 1139 1064 non
1161 1020 1235 1066 est
1259 1013 1533 1081 pra’eisus,
1580 1014 1816 1069 membra

219 1107 319 1153 tua
348 1113 455 1154 non
487 1099 701 1168 {unum
735 1098 848 1155 sale
884 1101 1042 1156 salita
1071 1098 1290 1174 (Ezech.
1343 1119 1454 1169 xvi,
1504 1103 1582 1176 4).
1626 1104 1815 1162 Nonne

220 1191 536 1249 durissimis
570 1191 850 1250 diabolicae
877 1195 1098 1250 saevitia:
1124 1196 1358 1253 vinculis
1385 1206 1438 1253 te
1463 1200 1645 1256 inveni
1677 1201 1812 1273 liga-

222 1288 360 1346 tum,
389 1291 446 1337 et
472 1283 634 1338 modo
661 1297 748 1340 me
779 1283 950 1340 Deum
994 1300 1204 1353 verum,
1235 1290 1318 1342 vel
1347 1288 1546 1346 Filium
1570 1292 1667 1348 Dei
1722 1308 1814 1348 ve-

219 1387 348 1428 rum
375 1374 624 1430 conﬁteri
653 1374 920 1446 despicis?
944 1373 1164 1448 Regem,
1200 1377 1640 1450 Rcdcmptorem,
1695 1381 1813 1439 Sal-

219 1471 575 1536 vatoremque
601 1473 752 1521 tuum
789 1466 981 1523 saltem
1027 1483 1112 1524 me
1139 1471 1420 1526 nominare
1450 1471 1806 1531 reformidas:

218 1555 320 1612 sed
348 1554 682 1626 adoptivum,
734 1558 810 1612 tui
848 1571 949 1628 per
989 1559 1171 1616 omnia
1192 1560 1448 1630 similem,
1487 1577 1812 1636 servumque

215 1648 667 1713 conditionalem,
700 1649 786 1708 vel
820 1651 1157 1721 captivitatis
1177 1655 1402 1710 nomine
1445 1664 1689 1712 notatum
1719 1673 1811 1728 ap-

217 1737 427 1810 pellare
452 1737 536 1794 vel
563 1743 731 1796 etiam
775 1744 1001 1800 credere
1038 1759 1146 1799 non
1186 1747 1422 1803 dubitas.
1450 1746 1697 1806 Recessit
1712 1750 1809 1806 tibi

217 1823 291 1888 ab
320 1833 504 1888 animo
544 1841 784 1905 paterna:
822 1836 972 1892 vocis
1007 1834 1317 1892 testiﬁcatio
1343 1856 1358 1892 :
1383 1837 1556 1895 Filius
1582 1857 1727 1895 meus
1753 1858 1808 1896 es

1925 652 2122 714 stiano,
2157 671 2326 724 quare
2357 659 2458 714 hoc
2487 663 2720 731 apostoli
2771 680 2876 720 non
2927 669 3378 742 praedicaverunt,
3411 695 3510 735 nec

1923 743 1975 796 in
2003 744 2117 800 suis
2173 747 2369 803 litteris
2396 751 2553 808 nobis
2581 763 2867 811 exaratum
2903 758 3283 829 reliquerunt?
3312 768 3508 826 Procul

1921 831 2084 887 dubio
2112 834 2250 891 alius
2295 839 2518 908 spiritus
2549 857 2646 913 per
2685 852 2739 898 te
2765 847 3024 916 praedicat
3069 850 3345 910 Christum
3375 860 3503 914 adn.

1917 921 2124 990 ptivum
2173 925 2340 984 ﬁlium
2369 937 2426 984 ct
2460 937 2882 1004 nuncupativum
2936 937 3103 995 Deum
3137 959 3149 996 :
3202 945 3339 1001 alius
3377 964 3508 1007 vero

1916 1025 2016 1080 per
2035 1016 2310 1083 apostolos
2361 1017 2640 1076 Christum
2670 1023 2767 1079 Dei
2819 1027 3072 1084 virtutem
3100 1040 3155 1087 et
3178 1032 3272 1090 Dei
3294 1040 3507 1109 sapien-

1918 1103 2070 1168 tiam,
2112 1105 2283 1163 Dcum
2328 1125 2518 1166 verum
2563 1123 2618 1169 et
2642 1118 2926 1187 proprium
2974 1121 3068 1177 Dei
3097 1125 3294 1183 Filium
3321 1103 3504 1203 {quo-

1915 1207 2038 1248 rum
2072 1197 2447 1266 praedicationi
2497 1216 2597 1258 nos
2642 1211 2759 1261 toto
2807 1209 2970 1264 corde
3012 1197 3403 1286 consentimus,
3428 1222 3506 1277 nil

1914 1290 2136 1346 omnino
2159 1307 2350 1350 eorum
2376 1296 2638 1354 addentes
2675 1300 2761 1355 vel
2788 1303 3094 1361 minuentes
3120 1312 3506 1371 sacratissima:

1915 1378 2193 1448 doctrinm,
2224 1384 2310 1440 vel
2338 1386 2631 1443 universali
2668 1394 2938 1462 symbolo,
2987 1396 3072 1451 vel
3124 1399 3508 1461 ecclesiastica:

1913 1473 2328 1539 consuetudini;
2381 1477 2480 1534 sed
2518 1485 2880 1554 nosmetipsos
2929 1486 3076 1542 intra
3122 1493 3382 1549 terminos
3411 1511 3506 1567 pa-

1912 1571 2082 1620 ternm
2130 1568 2465 1637 traditionis,
2494 1581 2553 1628 et
2589 1575 2874 1633 catholica:
2928 1579 3050 1635 ﬁdei
3095 1582 3380 1639 veritatem
3413 1585 3506 1640 ﬁr-

1910 1656 2075 1713 miter
2126 1666 2453 1730 statuentes,
2493 1666 2755 1737 quidquid
2802 1669 2857 1724 in
2905 1671 3119 1728 illorum
3149 1677 3508 1734 sanctissimis

1910 1746 2109 1819 legitur
2137 1751 2353 1817 litteris,
2378 1754 2497 1810 sine
2525 1756 2862 1817 dubitatione
2891 1764 3163 1821 credimus
3187 1775 3246 1821 et
3282 1767 3507 1825 ﬁducia—

1909 1836 2034 1895 liter
2057 1842 2456 1912 praedicamus;
2501 1847 2734 1907 scientes
2773 1853 3076 1911 certissime
3103 1859 3246 1926 quod
3286 1858 3505 1914 laudan-

215 1934 302 1991 εκ,
332 1941 427 1997 ego
449 1926 605 1980 hodie
629 1928 786 1997 genui
810 1937 859 1982 te
881 1927 1055 1999 (Psal.
1101 1945 1161 1994 Il,
1187 1929 1264 2001 7).
1311 1930 1378 1985 Ει
1401 1948 1470 1987 ne
1505 1931 1801 1999 dubitares,
1835 1929 1885 1990 Β
1911 1929 1978 1984 da
2008 1941 2136 1986 sunt
2189 1936 2450 2006 mysteria
2508 1936 2627 2004 Dei,
2678 1954 2786 1995 non
2843 1943 3059 2000 ratione
3114 1946 3452 2005 discutienda
3486 1967 3499 2002 :

216 2018 288 2073 de
309 2032 418 2088 qua
440 2017 667 2073 dixisset
687 2028 900 2085 natura,
923 2037 1046 2080 mox
1072 2023 1350 2095 subjungit
1376 2043 1387 2078 :
1409 2024 1629 2081 Postulo
1656 2046 1688 2082 a
1705 2047 1804 2094 me,

216 2119 267 2163 et
295 2108 437 2162 dabo
460 2110 555 2163 tibi
581 2113 1128 2180 genteshwrcditatcm
1157 2123 1303 2168 luant
1335 2115 1385 2187 (1
1393 2117 1522 2182 bid.,
1549 2118 1624 2188 8).
1663 2118 1810 2176 Obli-

219 2200 369 2255 vioni
396 2199 592 2257 dedisti
615 2217 804 2258 versus
853 2205 1093 2275 ejusdem
1145 2209 1424 2278 prophetae
1484 2210 1536 2264 in
1602 2212 1809 2281 psalmo

217 2307 380 2359 χχιιι,
413 2294 503 2350 ubi
524 2310 612 2349 me
649 2295 937 2368 quinquies
965 2313 1144 2369 regem
1167 2300 1354 2372 glorize
1377 2304 1672 2374 priedicare
1700 2321 1807 2362 nun

218 2386 555 2454 formidavit,
595 2387 918 2461 adjecitque,
966 2400 1028 2446 ut
1075 2394 1246 2449 scires
1287 2393 1356 2451 de
1406 2411 1516 2468 quo
1553 2397 1804 2454 diceret:

215 2477 478 2536 Dominus
507 2480 660 2552 fortis
696 2492 744 2537 et
766 2493 966 2554 potens,
991 2484 1248 2541 Dominus
1263 2496 1444 2558 potens
1495 2489 1550 2543 in
1600 2491 1804 2560 pra-lio.

213 2565 396 2626 Etiam
417 2581 472 2628 et
492 2571 594 2629 hoc
625 2574 813 2630 addit:
849 2564 1113 2631 Dominus
1163 2579 1413 2634 uirtutum
1460 2581 1568 2651 ipse
1611 2592 1685 2637 est
1718 2599 1810 2638 rex

211 2662 404 2734 glorite
443 2663 619 2738 (Psal.
644 2669 1003 2741 xxttt,8,iO).
1035 2668 1279 2742 itemque
1302 2673 1354 2727 in
1390 2674 1495 2729 alio
1535 2675 1744 2744 psalmo
1792 2696 1804 2728 :

212 2753 383 2823 Dens,
401 2755 664 2826 judicium
688 2767 836 2814 tuum
860 2762 966 2831 regi
995 2761 1086 2828 da,
1116 2772 1163 2817 et
1197 2764 1467 2833 justitiam
1518 2776 1663 2820 tuam
1697 2768 1808 2837 [ilio

213 2846 354 2917 regis
367 2843 543 2918 (Psal.
573 2864 721 2910 uxr.
755 2849 843 2922 i);
873 2852 964 2923 qui
992 2854 1159 2908 etiam
1203 2853 1476 2926 Propheta
1533 2858 1810 2913 multoties

213 2939 386 2995 variis
424 2938 836 3012 allegationibus
858 2958 945 3000 me
983 2959 1210 3015 regnare
1254 2956 1502 3002 testatur.
1586 2949 1810 3020 insuper

211 3039 280 3089 ut
324 3033 630 3090 cert'ssime
645 3034 838 3100 scires,
876 3037 943 3092 de
981 3052 1086 3107 qua
1112 3048 1309 3095 natura
1338 3040 1585 3106 dixisset,
1631 3042 1705 3096 ait
1751 3042 1807 3097 in

211 3123 454 3198 quodam
497 3126 616 3184 loco
651 3125 948 3183 :Dominus
969 3131 1200 3201 regnavit
1230 3149 1263 3185 a
1286 3129 1429 3201 ligno
1462 3131 1637 3204 (Psal.
1680 3148 1805 3197 xcv,

214 3217 342 3292 10);
373 3234 444 3276 ne
487 3218 766 3276 dubitares
793 3222 1041 3278 eumdem
1071 3223 1458 3294 perpetualiter
1528 3238 1803 3296 regnasse,

209 3323 376 3380 quem
402 3310 456 3365 in
484 3307 630 3382 ligno
663 3325 985 3383 suspensum
1011 3327 1132 3370 esse
1155 3315 1354 3371 vidisti.

290 3400 428 3459 XIV.
467 3400 575 3458 Sed
603 3411 657 3458 et
681 3411 755 3470 te,
808 3403 1087 3475 Elipande,
1135 3407 1294 3463 video
1321 3415 1374 3463 te
1425 3409 1803 3465 immemorem

210 3505 338 3548 esse
361 3491 747 3550 beneﬁciorum
770 3509 1033 3550 meorum.
1065 3495 1322 3569 Nunquid
1350 3513 1460 3554 non
1487 3514 1588 3570 ego
1617 3507 1673 3556 te
1694 3501 1793 3558 tuli

210 3585 300 3641 de
321 3585 482 3642 domo
506 3585 673 3656 patris
698 3586 798 3651 tui,
822 3594 878 3641 et
910 3588 1064 3658 posui
1095 3595 1149 3646 te
1197 3605 1422 3660 pascere
1455 3606 1675 3663 gregem
1700 3609 1798 3664 po-

211 3675 328 3748 puli
360 3675 466 3733 mei
491 3677 516 3732 ἳ
550 3675 682 3735 Oleo
705 3686 895 3734 sancto
917 3695 1039 3736 meo
1065 3682 1196 3736 unxi
1224 3688 1294 3746 te,
1327 3690 1389 3736 ut
1437 3698 1588 3739 esses
1617 3684 1724 3740 dux
1747 3685 1803 3740 in

213 3769 378 3824 duino
404 3767 584 3824 Patris
613 3771 740 3824 mei.
773 3769 925 3842 Elegi
957 3779 1034 3838 te,
1061 3778 1122 3827 ut
1147 3785 1296 3828 esses
1330 3771 1506 3831 ﬁdelis
1529 3789 1723 3831 servus
1745 3785 1803 3832 et

211 3859 490 3932 prudens;
520 3867 576 3916 et
620 3862 872 3918 constitui
913 3870 965 3917 te
987 3878 1152 3934 super
1207 3862 1469 3920 familiam
1508 3881 1712 3932 meam,
1743 3876 1805 3925 ut

213 3949 380 4006 dares
422 3950 476 4004 ei
511 3949 567 4006 in
625 3957 868 4024 tempore
914 3953 1083 4008 tritici
1121 3968 1456 4022 mensuram,
1494 3965 1551 4012 et
1596 3955 1801 4013 cibaria

210 4039 565 4110 dispensans
585 4042 793 4098 ancillis
818 4042 972 4098 meis.
1009 4041 1092 4100 Tu
1129 4059 1261 4101 vero
1304 4046 1580 4117 sprevisti,
1611 4055 1667 4102 et
1704 4048 1798 4103 de-

213 4131 441 4202 spexisti
493 4146 599 4198 me,
629 4139 685 4188 et
725 4133 1004 4191 seminasti
1055 4132 1304 4191 clancula
1352 4151 1517 4192 manu
1559 4137 1803 4207 perﬁdiae

215 4224 486 4282 zizaniam
515 4226 570 4281 in
594 4226 773 4281 medio
819 4227 1124 4298 purissimae
1151 4227 1275 4285 ﬁdei
1327 4229 1530 4285 tritico.
1562 4231 1802 4303 Projeci-

213 4315 288 4372 sti
313 4331 402 4373 me
429 4326 552 4386 post
591 4325 800 4390 tergum
847 4328 1020 4383 tuum,
1079 4327 1141 4374 ut
1168 4319 1264 4375 tibi
1311 4318 1537 4377 fecisses
1578 4337 1796 4377 nomen.

215 4406 519 4480 Despexisti
543 4422 706 4464 omne
729 4409 1020 4465 consilium
1043 4424 1223 4466 meum
1247 4428 1263 4477 ;
1293 4411 1425 4484 quid
1455 4411 1640 4477 facies,
1670 4413 1800 4467 dum

213 4512 419 4554 venero
473 4500 752 4568 requirere
796 4500 1080 4571 pecuniam
1130 4515 1330 4569 meam,
1361 4518 1524 4573 quam
1554 4503 1652 4559 tibi
1678 4504 1801 4559 dedi

215 4589 702 4662 multiplicandam,
725 4607 832 4647 non
861 4590 966 4666 [ut]
1001 4593 1362 4650 abseonderes
1390 4594 1535 4648 illam
1561 4596 1663 4650 sub
1683 4593 1800 4664 pul-

217 4695 350 4738 vere
386 4681 590 4736 terrze?
617 4681 697 4737 Tu
727 4682 907 4751 itaque
925 4697 1035 4738 non
1064 4681 1237 4738 solum
1256 4683 1621 4753 multiplicare
1650 4683 1799 4739 illam

1909 2023 2035 2093 quia
2065 2026 2616 2097 incomprehensibilia
2665 2042 2787 2087 sunt
2821 2034 3036 2104 judicia
3071 2037 3210 2107 ejus,
3235 2048 3283 2092 et
3305 2040 3505 2094 ininve—

1907 2113 2172 2183 stigabiles
2201 2117 2298 2170 vita
2339 2119 2475 2188 ejus.
2506 2119 2638 2186 Quis
2690 2124 2828 2177 enim
2879 2128 3120 2196 cognovit
3157 2144 3366 2184 sensum
3397 2130 3504 2184 Do-

1907 2204 2036 2257 mini
2045 2216 2165 2269 ,ant
2192 2208 2310 2277 quis
2334 2210 2671 2269 consiliarius
2693 2214 2811 2285 ejus
2841 2215 2939 2285 fuit
2960 2215 3139 2290 (Rom.
3173 2235 3250 2285 χι,
3272 2221 3359 2285 33,
3385 2220 3501 2293 54).

1911 2293 2144 2350 Tantum
2189 2298 2368 2353 divina
2397 2299 2569 2358 voluit
2614 2303 2976 2374 providentia,
3017 2316 3077 2362 ut
3111 2311 3506 2368 rescriberetur

1909 2385 1963 2439 in
2001 2387 2326 2459 evangelica:
2351 2391 2690 2453 celsitudinis
2725 2398 3129 2467 auctoritatem,
3159 2411 3502 2460 sanctorum-

1908 2494 2014 2549 que
2035 2480 2258 2538 Patrum
2284 2485 2655 2553 probabilibus
2689 2489 2858 2563 914
2895 2491 3116 2560 litteris,
3145 2502 3410 2565 quantum
3433 2495 3504 2554 ad

1909 2580 2154 2628 nostram
2175 2573 2423 2634 suﬁlcere
2471 2577 2702 2634 salutem
2723 2581 2956 2638 censuit.
3004 2581 3116 2640 Illis
3159 2592 3378 2642 utamur
3405 2600 3503 2643 που

1909 2663 2148 2721 minibus
2189 2665 2258 2721 de
2280 2665 2522 2736 Christo,
2552 2684 2676 2740 quat
2698 2670 2754 2726 in
2799 2670 2983 2728 Veteri
3007 2672 3266 2746 Novoque
3309 2675 3499 2732 Testa-

1909 2763 2092 2811 mento
2121 2755 2470 2812 inveniuntur
2489 2760 2715 2830 scripta.
2745 2759 2991 2820 Sniﬁciat
3015 2763 3174 2821 nobis
3196 2765 3506 2837 apostolica:

1911 2848 2254 2905 auctoritatis
2282 2849 2553 2918 doctrina,
2574 2859 2633 2909 et
2650 2851 3046 2911 catholicorum
3076 2854 3300 2913 Patrum
3342 2859 3504 2931 longo

1910 2945 2154 3006 tempore
2174 2938 2458 3008 explorata
2482 2938 2630 2996 fides.
2681 2939 2956 3012 Quidquid
2977 2943 3054 2999 illi
3083 2944 3149 3000 de
3176 2945 3391 3004 Christo
3420 2949 3503 3005 di-

1911 3035 2127 3092 xerunt,
2169 3028 2416 3085 dicamus
2458 3041 2513 3084 et
2542 3046 2664 3098 nos,
2704 3032 2817 3087 imo
2843 3035 2932 3104 pia
2959 3035 3282 3092 credulitate
3322 3045 3508 3094 tenea—

1910 3136 2052 3186 mus,
2081 3123 2342 3194 quidquid
2369 3124 2437 3179 ab
2470 3123 2593 3180 aliis
2635 3125 2792 3181 nobis
2837 3142 2997 3184 sacro
3040 3128 3294 3199 dogmate
3335 3131 3506 3189 tradi-

1911 3219 2026 3270 tum
2057 3229 2176 3271 esse
2225 3214 2550 3275 inveniatur.
2609 3215 2784 3272 Aliter
2818 3216 3014 3285 Judaei,
3052 3221 3146 3290 qui
3198 3222 3252 3275 in
3308 3223 3503 3280 umbra

1831 3279 1881 3348 α
1908 3305 2045 3378 legis
2071 3317 2413 3375 erraverunt,
2435 3309 2797 3379 impingentes
2818 3309 2873 3365 in
2901 3279 3136 3384 lapidem
3163 3310 3505 3378 oﬂensionis.

1906 3398 1975 3454 de
2001 3397 2363 3469 Redemptore
2383 3401 2568 3456 mundi
2598 3410 2926 3457 censuerunt
2956 3420 2971 3458 :
3005 3401 3167 3460 aliter
3188 3420 3287 3461 nos
3308 3405 3365 3461 in
3384 3405 3506 3463 luce

1904 3490 2199 3562 evangelici
2215 3490 2518 3562 splendoris
2534 3492 2873 3550 ambulantes
2895 3493 3200 3566 intelligere
3217 3496 3500 3553 debemus.

1903 3583 2013 3639 illis
2032 3584 2290 3655 parvulus
2316 3594 2478 3642 natus
2495 3593 2597 3652 est,
2620 3587 2777 3643 nobis
2799 3584 2941 3643 ﬁlius
2969 3590 3126 3646 datus
3145 3596 3249 3647 est.
3308 3588 3368 3644 Si
3397 3589 3504 3646 illis

1905 3689 2094 3732 servus
2125 3676 2466 3747 aenigmatieo
2492 3677 2880 3748 prophetarum
2923 3693 3174 3736 somnone
3200 3681 3505 3751 promissus

1904 3775 2008 3833 est,
2040 3767 2197 3824 nobis
2224 3768 2486 3825 Dominus
2512 3779 2568 3823 et
2595 3765 2690 3823 Dei
2721 3766 2913 3836 Filius,
2961 3770 3098 3825 sicut
3124 3770 3204 3826 sol
3228 3775 3415 3829 oriens
3441 3773 3501 3834 in

1901 3865 2170 3914 mternum
2187 3866 2342 3914 ortus
2383 3864 2469 3912 est
2495 3857 2658 3913 diem.
2704 3856 2788 3913 llli
2816 3858 3227 3926 crucifixerunt,
3261 3859 3318 3915 in
3339 3875 3503 3932 quem

1903 3963 2012 4004 non
2036 3948 2421 4014 crediderunt;
2463 3963 2565 4005 nos
2619 3947 3006 4022 gioriﬁcemus,
3038 3949 3094 4003 in
3138 3964 3300 4019 quem
3329 3951 3501 4007 credi-

1903 4056 2044 4097 mus.
2076 4039 2187 4096 Nos
2215 4050 2500 4096 cantemus
2555 4039 2628 4095 illi
2670 4055 2794 4095 eum
2818 4039 2970 4096 omni
3018 4040 3226 4096 cretesti
3264 4040 3498 4097 militia:

1903 4132 2090 4190 Gloria
2140 4132 2196 4186 in
2230 4130 2450 4187 excelsis
2491 4131 2602 4195 Deo
2651 4130 2804 4205 (Luc.
2837 4149 2903 4200 ιι,
2949 4131 3062 4204 14),
3092 4143 3359 4203 quatenus
3385 4133 3504 4204 ejus

1903 4223 2147 4294 piissima
2185 4222 2559 4278 misericordia
2590 4223 2746 4280 nobis
2791 4224 2956 4280 donet
2997 4239 3187 4295 pacem
3216 4233 3271 4279 et
3299 4224 3499 4282 bonam

1907 4313 2236 4370 voluntatem
2265 4314 2321 4369 in
2348 4317 2530 4370 terris.

1975 4414 2091 4472 XV.
2132 4413 2433 4469 Credamus
2475 4428 2607 4485 ergo
2633 4429 2758 4469 eum
2801 4413 2900 4470 Dei
2925 4429 3050 4472 vere
3079 4413 3269 4480 ﬁlium,
3299 4421 3349 4470 et
3374 4428 3503 4470 con-

1905 4506 2156 4564 ﬁteamur
2201 4520 2328 4562 eum
2382 4505 2451 4562 de
2497 4507 2720 4578 Virgine
2767 4517 2981 4573 natum,
3029 4522 3220 4564 verum
3249 4506 3421 4564 Deum
3447 4516 3504 4563 et

1906 4614 2097 4654 verum
2128 4597 2427 4664 hominem,
2456 4613 2625 4652 unum
2649 4597 2746 4653 Dei
2766 4597 2986 4662 Filium,
3006 4597 3288 4669 proprium
3308 4607 3364 4653 et
3383 4610 3503 4668 per-

1905 4689 2130 4754 fectum,
2169 4703 2360 4745 verum
2390 4696 2448 4745 et
2467 4689 2739 4744 viventem
2766 4688 2823 4743 in
2865 4688 3086 4756 saecula,
3127 4699 3184 4745 et
3219 4686 3503 4746 laudemus

216 4772 403 4845 segnis
427 4771 595 4837 fuisti,
624 4787 732 4827 non
783 4772 918 4829 dans
947 4773 1094 4829 illam
1145 4774 1546 4844 nummulariis,
1588 4784 1650 4831 ut
1677 4792 1801 4832 cum
1907 4779 2287 4834 miserationes
2325 4775 2469 4847 ejus,
2524 4787 2582 4833 et
2633 4791 2956 4832 veneremur
3003 4777 3303 4848 potentiam
3339 4774 3498 4846 ejus;

217 4886 383 4927 usura
431 4869 759 4940 recepissem
805 4869 948 4939 quod
971 4884 1152 4926 meum
1188 4878 1317 4927 est:
1349 4871 1444 4928 sed
1494 4870 1804 4927 adulterino
1906 4869 2034 4939 quia
2059 4868 2176 4938 ipse
2199 4876 2284 4924 est
2310 4882 2406 4924 rex
2451 4867 2659 4940 gloriae,
2688 4875 2744 4923 et
2767 4882 2864 4923 rex
2910 4881 3118 4937 regum,
3140 4875 3196 4923 et
3241 4865 3503 4925 Dominus

219 4966 548 5024 numismate
575 4962 675 5020 sub
703 4977 824 5018 meo
847 4961 1064 5020 nomine
1088 4961 1314 5034 signasti
1331 4978 1477 5031 eam,
1502 4973 1559 5019 et
1577 4973 1805 5036 argento
1907 4958 2326 5024 dominantium,
2356 4965 2412 5014 et
2437 4957 2585 5014 Deus
2609 4959 2857 5024 deorum,
2915 4965 2972 5012 et
2994 4956 3139 5014 Deus
3167 4971 3419 5028 magnus,
3445 4967 3530 5047 et:

217 5055 644 5130 septempliciter
665 5063 894 5126 purgato
947 5053 1180 5111 scoriam
1210 5053 1519 5110 immiscere
1560 5055 1801 5120 tentasti,
1910 5049 2054 5106 Deus
2102 5049 2468 5123 omnipotens,
2520 5055 2580 5105 et
2603 5064 2766 5105 verus
2812 5049 2911 5104 Dei
2945 5047 3136 5106 Filius.
3186 5049 3295 5106 Per
3320 5051 3500 5121 ipsum

218 5166 394 5221 caupo
421 5149 596 5205 factus
615 5145 854 5218 perfidus
878 5162 893 5211 ;
926 5161 1033 5200 non
1053 5159 1244 5202 servus
1264 5146 1500 5214 prudens
1526 5155 1585 5202 et
1606 5146 1802 5211 ﬁdelis,
1906 5141 2161 5197 universa
2181 5148 2372 5197 creata
2392 5146 2521 5196 sunt
2542 5155 2558 5208 ;
2583 5152 2684 5210 per
2710 5140 2888 5212 ipsum
2914 5141 3168 5196 universa
3197 5147 3501 5197 restaurata

220 5244 319 5300 sed
337 5256 530 5297 servus
553 5253 786 5309 nequam
813 5247 870 5294 et
904 5237 1133 5293 inﬁdelis
1162 5254 1177 5291 :
1225 5240 1319 5308 qui
1345 5253 1432 5293 me
1453 5254 1561 5294 non
1587 5247 1804 5295 tantum
1906 5242 2053 5300 sunt,
2087 5249 2208 5305 quae
2229 5234 2286 5288 in
2334 5232 2512 5300 cmlis,
2535 5239 2592 5287 et
2611 5245 2734 5302 qua:
2777 5232 2833 5286 in
2861 5231 3026 5287 terris
3072 5239 3219 5286 sunt.
3258 5231 3378 5303 Ipse
3405 5233 3502 5290 bo-

221 5336 419 5391 durum
445 5330 752 5393 Dominum,
782 5328 879 5384 sed
913 5341 1128 5384 servum
1150 5326 1425 5398 captivum
1455 5341 1652 5385 vocare
1676 5328 1805 5384 soli-

223 5437 312 5482 tus
335 5432 439 5481 est.
472 5422 615 5492 Quid
639 5421 707 5477 ad
736 5421 852 5476 huic
874 5433 1234 5491 responsurus
1268 5417 1401 5484 eris,
1423 5432 1459 5472 o
1481 5417 1809 5488 prtedieator

223 5516 553 5588 adoptionis,
578 5523 633 5570 et
659 5520 897 5568 assertor
923 5509 1336 5580 nuncupationis
1364 5510 1419 5564 in
1445 5508 1664 5565 Christo
1689 5508 1807 5564 Deo

225 5611 321 5669 Dei
342 5607 503 5674 Filio,
531 5607 658 5662 dum
677 5605 794 5661 haec
815 5611 872 5658 et
895 5602 1002 5657 alia
1027 5602 1199 5657 multo
1219 5601 1374 5672 plura
1399 5602 1499 5656 tibi
1525 5601 1581 5656 in
1610 5599 1806 5657 faciem

222 5700 606 5773 objiciuntur?
652 5697 832 5765 Quare
861 5711 970 5751 non
1013 5696 1191 5766 primo
1236 5695 1478 5751 omnium
1531 5695 1804 5765 cogitasti,

224 5815 348 5870 qua:
373 5794 580 5851 utilitas
606 5799 752 5848 esset
778 5788 1032 5844 Ecclesia:
1078 5786 1280 5842 Christi
1324 5789 1376 5842 in
1407 5789 1508 5842 hac
1549 5786 1806 5857 praedica-

228 5894 377 5948 tione
403 5887 727 5960 adoptionis,
785 5882 869 5938 vel
921 5883 974 5936 in
1018 5881 1253 5939 nominis
1275 5880 1720 5954 nuncupatione?
1751 5879 1807 5936 Si

624 5976 902 6041 Ρηιοι.
936 5972 1038 6035 Cl.

1907 5326 2136 5391 minem,
2165 5340 2292 5381 cum
2335 5340 2446 5381 non
2484 5331 2651 5390 esset,
2680 5323 2924 5388 creavit;
2957 5321 3075 5392 ipse
3121 5323 3393 5392 perditum
3417 5336 3503 5377 re-

1910 5416 2183 5472 formavit.
2249 5413 2370 5484 lpse
2412 5421 2500 5472 est
2551 5413 2718 5470 totius
2757 5410 3045 5483 potestatis
3085 5425 3335 5478 summa;
3387 5411 3504 5484 ipse

1910 5522 1996 5567 est
2020 5510 2311 5566 thesaurus
2337 5508 2619 5572 virtutum,
2648 5506 2771 5562 fons
2791 5506 2935 5570 vitae,
2960 5502 3307 5574 pulchritudo
3328 5505 3497 5574 pacis.

1911 5600 2031 5670 Ipse
2055 5611 2142 5658 est
2163 5599 2265 5655 ﬂos
2287 5599 2544 5671 paradisi,
2576 5599 2667 5667 qui
2708 5598 2774 5652 de
2802 5597 2952 5667 virga
2994 5596 3194 5650 radicis
3229 5593 3381 5650 Iesse
3401 5609 3500 5648 nn-

1913 5701 2089 5750 strum
2117 5693 2366 5748 ascendit
2404 5692 2456 5746 in
2479 5691 2690 5745 orbem.
2741 5690 2860 5759 ipse
2886 5698 2972 5744 est
3009 5688 3313 5746 convivium
3336 5701 3503 5758 ange-

1913 5783 2110 5849 lorum,
2135 5783 2404 5840 festivitas
2445 5791 2778 5846 sanctorum,
2804 5780 2949 5836 salus
2995 5779 3349 5835 inﬁrmorum.
3382 5777 3501 5847 Ipse

1916 5886 1998 5936 est
2031 5878 2239 5936 amicus
2288 5890 2473 5941 verus,
2515 5873 2858 5931 consiliarius
2909 5872 3100 5927 salutis
3127 5881 3353 5937 nostrae,
3384 5867 3504 5928 dia-

2913 5965 2990 6026 10
