4136 6614
289 474 389 531 501

1123 481 1534 539 ΡΟϋΜΑΤΙΟΑ.
1576 513 1650 523 --
1691 481 2029 538 ALCl‘lNUS
2066 481 2268 539 FlLl/‘E
2305 483 2375 538 ΙΝ
2410 482 2728 547 CHRISTO.

3474 488 3581 543 509

282 594 482 665 paucis
509 602 739 668 tangere
767 588 1051 667 apicibus;
1076 612 1146 653 ne
1170 614 1259 654 me
1285 600 1540 669 quislibet
1563 600 1884 656 obliviosum
1916 606 1962 660 Α
1993 610 2171 654 tamen
2205 616 2343 656 unus
2368 601 2512 656 ﬁlius
2554 611 2610 658 et
2649 600 2904 672 proprius
2932 641 2949 666 ,
2992 601 3156 656 homo
3184 601 3327 657 Deus
3361 613 3578 673 propter

284 695 517 743 notaret
542 696 739 743 vestra:
782 688 1042 745 bonitatis
1070 731 1088 756 ,
1141 707 1262 761 qua:
1310 708 1588 763 nunquam
1637 693 1883 751 oblivisci

285 782 514 853 pOterit.
540 781 639 837 sed
664 796 881 852 semper
902 781 1062 837 ﬁrma
1093 783 1275 839 radice
1300 792 1523 855 pectore
1548 795 1737 840 nostro
1761 801 1888 856 per-

288 873 590 943 petualiter
612 883 924 945 permanet;
952 875 1296 947 assiduisque
1323 877 1661 935 orationibus
1690 886 1887 933 vestrae

284 964 483 1020 salutis
515 966 934 1037 prosperitatem
961 966 1250 1024 Dominum
1273 968 1597 1039 deprecans,
1614 977 1885 1039 quatenus

284 1072 403 1114 non
454 1066 664 1113 tantum
708 1056 973 1115 felicitate
1014 1063 1294 1132 praesenti,
1345 1065 1443 1119 scd
1487 1065 1654 1119 etiam
1681 1072 1885 1120 eterna

282 1148 629 1205 beatitudine
656 1156 710 1204 te
739 1150 975 1222 gaudere
1000 1153 1302 1208 concedat:
1330 1153 1671 1220 desiderans,
1697 1164 1761 1210 ut
1784 1169 1884 1210 no-

282 1239 476 1297 bilitas
523 1249 612 1295 tua
654 1241 709 1297 in
752 1243 997 1298 moribus
1025 1242 1226 1315 fulgeat
1265 1246 1508 1315 optimis,
1546 1254 1604 1301 et
1642 1255 1888 1317 potestas

283 1331 554 1388 clarescat
598 1333 653 1387 in
697 1332 983 1389 dulcedine
1036 1334 1259 1405 pietatis
1309 1354 1321 1389 :
1376 1338 1522 1406 quod
1578 1315 1887 1393 sublimitas

283 1434 537 1489 ametur,
569 1433 624 1478 et
654 1423 907 1479 laudetur
934 1425 1195 1496 dignitas.
1238 1426 1366 1482 Haec
1416 1427 1648 1485 obsecro
1688 1428 1886 1483 ﬁducia

281 1514 413 1569 ﬁdei
443 1526 646 1570 nostrae
672 1515 873 1571 vestris
903 1532 1011 1571 non
1033 1518 1255 1573 recedat
1284 1519 1554 1583 sensibus,
1584 1520 1711 1588 quia
1761 1535 1887 1590 pro-

284 1607 517 1662 verbiali
569 1610 836 1665 sententia
881 1610 951 1665 ab
1001 1612 1241 1680 antiquis
1294 1612 1500 1668 dictum
1553 1626 1673 1669 esse
1728 1614 1882 1669 scio:

282 1698 557 1765 Charitas,
583 1716 705 1769 quae
733 1702 911 1760 deseri
940 1712 1139 1773 potest.
1162 1720 1438 1775 nunquam
1462 1720 1591 1761 vera
1619 1705 1742 1761 fuit.
1771 1706 1887 1764 Hoc

284 1807 506 1862 quoque
556 1792 889 1865 Hieronymo
943 1794 1255 1865 proferente
1299 1797 1546 1868 legebam
1602 1815 1615 1851 :
1659 1797 1887 1853 Amicus

286 1885 382 1939 diu
414 1886 700 1956 qureritur,
732 1888 822 1941 vix
852 1887 1128 1942 invenitur
1148 1929 1164 1953 ,
1200 1887 1419 1946 dillicile
1440 1896 1692 1945 servatur
1722 1907 1738 1955 ;
1783 1905 1885 1946 nec

1993 691 2184 759 Datin,
2237 701 2294 748 et
2337 692 2481 749 Deus
2504 695 2669 750 homo
2691 702 2917 765 propter
2939 695 3233 760 hominem,
3264 696 3318 749 in
3347 704 3579 766 utraque

1988 784 2339 853 generatione
2388 787 2641 858 proprius
2666 794 2722 842 et
2748 786 3021 856 perfectus
3068 786 3238 843 Filius
3279 787 3393 843 Dei.
3428 787 3579 843 Hanc

1991 872 2151 927 ﬁdem
2187 883 2365 928 vestra
2394 876 2701 930 veneranda
2727 875 3021 937 credulitas
3048 875 3276 932 ﬁrmiter
3317 884 3502 934 teneat
3522 887 3578 934 et

1990 963 2317 1022 ﬁd‘ucialiter
2343 968 2623 1038 przedicet.

2061 1054 2200 1124 Quia
2227 1058 2354 1113 novi
2376 1058 2721 1129 prudentiam
2746 1066 2981 1113 vestram
3019 1058 3226 1127 optime
3248 1057 3304 1113 in
3333 1057 3578 1115 dialecti-

1988 1147 2070 1203 cis
2096 1148 2489 1204 subtilitatibus
2515 1149 2784 1204 eruditam
2811 1163 2935 1206 esse
2952 1189 2967 1213 ,
2990 1148 3194 1218 placuit
3243 1163 3445 1219 paucas
3491 1149 3576 1205 in-

1989 1244 2387 1312 terrogationes
2415 1228 2714 1300 dialecticae
2740 1243 3038 1314 disciplinae
3063 1245 3189 1301 huic
3205 1253 3405 1302 nostra
3418 1244 3581 1302 char-

1991 1331 2116 1387 tula:
2177 1332 2459 1405 injungere
2486 1375 2502 1399 ,
2550 1334 2748 1406 quibus
2789 1336 3040 1392 evacuari
3107 1337 3283 1407 possit
3344 1337 3580 1394 assertio

1991 1424 2303 1495 adoptionis
2330 1425 2414 1479 vel
2442 1426 2864 1496 nuncupationis
2884 1428 2940 1483 in
2965 1426 3204 1483 Christo.
3233 1425 3580 1499 Interrogan-

1990 1516 2118 1570 dum
2149 1526 2235 1571 est
2261 1517 2305 1572 si
2332 1518 2512 1573 omnis
2539 1516 2722 1583 homo,
2771 1519 2865 1589 qui
2907 1518 3087 1574 anima
3112 1526 3167 1575 et
3194 1534 3423 1591 corpore
3447 1534 3580 1576 eon-

1990 1615 2120 1668 stat.
2141 1607 2397 1676 proprius
2420 1608 2493 1663 sit
2514 1606 2658 1663 ﬁlius
2678 1610 2853 1679 patris
2875 1610 3001 1664 sui?
3026 1609 3085 1665 Si
3111 1610 3263 1674 dicit,
3286 1611 3539 1682 proprius
3565 1630 3578 1667 :

1992 1696 2122 1752 item
2150 1698 2598 1770 interrogandum
2621 1702 2775 1756 estsi
2802 1699 2983 1757 anima
3009 1716 3075 1757 ex
3105 1710 3263 1771 patre
3310 1704 3580 1759 seminata

1990 1789 2064 1847 sit
2092 1791 2237 1846 sicut
2262 1793 2426 1847 caro?
2454 1792 2513 1849 Si
2566 1793 2740 1860 dicit,
2778 1808 2887 1850 non
2920 1811 2935 1847 :
2967 1795 3309 1852 inferendum
3338 1804 3422 1852 est
3447 1811 3585 1867 quo—

1991 1881 2155 1937 modo
2181 1884 2431 1953 proprius
2453 1892 2538 1939 est
2564 1884 2618 1938 in
2642 1886 2820 1940 anima
2857 1884 3020 1951 ﬁlius,
3052 1886 3097 1941 si
3129 1888 3309 1942 anima
3358 1903 3465 1943 non
3498 1895 3585 1943 εει

287 1993 423 2043 non,
451 1978 715 2048 Apostolo
742 1988 980 2035 testante
1005 2020 1021 2044 ,
1064 1979 1300 2035 sollicita
1339 1990 1523 2037 mente
1546 1982 1839 2037 considero
1866 2024 1882 2049 ,

1996 1987 2057 2027 ex
2087 1975 2265 2042 patre,
2289 1975 2432 2029 sicut
2454 1975 2625 2030 caro?
2650 1974 2999 2032 inferendum
3037 1992 3255 2048 quoque
3276 1987 3378 2043 est,
3407 1993 3580 2049 quare

285 2069 384 2137 qui
435 2070 573 2124 dixit
621 2086 637 2124 :
692 2068 1029 2141 lmpossibile
1079 2080 1158 2125 est
1201 2071 1316 2127 sine
1363 2071 1472 2141 ﬁde
1526 2070 1736 2142 placere
1774 2070 1887 2126 Deo

286 2156 484 2231 (Hebr.
512 2176 590 2224 st,
615 2158 692 2229 6).
723 2161 901 2215 Etiam
927 2162 1106 2216 onmis
1131 2160 1392 2227 amicitia,
1445 2176 1565 2231 qua:
1600 2159 1745 2219 inter
1794 2161 1889 2216 ho-

289 2249 471 2303 mines
500 2248 764 2305 custodiri
798 2248 937 2304 solet
963 2249 1080 2304 sine
1106 2248 1232 2315 ﬁde,
1261 2249 1451 2320 procul
1497 2250 1664 2306 dubio
1710 2250 1887 2311 inanis

286 2348 399 2404 est,
431 2340 514 2395 vel
545 2342 720 2413 magis
749 2340 917 2397 nulla.
942 2341 1068 2397 Ideo
1092 2342 1379 2403 charitatis
1400 2342 1578 2399 oﬁicio
1604 2342 1742 2402 ﬁdes
1761 2340 1890 2412 jun-

288 2430 468 2502 genda
490 2441 595 2498 est,
645 2442 707 2488 ut
756 2432 925 2489 semel
954 2443 1134 2505 empta
1175 2434 1552 2505 germanitatis
1594 2436 1886 2492 concordia

288 2523 525 2580 sollicita
558 2525 917 2581 unanimitate
940 2526 1330 2596 perpetualiter
1357 2526 1658 2583 nutriatur.

361 2616 483 2672 Misi
531 2616 834 2672 Candidum
879 2626 1125 2674 vestrum
1176 2631 1201 2660 ι
1240 2616 1467 2686 iubente
1496 2619 1728 2674 Domino
1764 2635 1890 2675 meo

288 2706 461 2761 David
492 2721 614 2762 cum
660 2707 845 2763 libello
892 2718 1082 2764 contra
1131 2719 1436 2766 assertores
1484 2709 1795 2780 adoptionis
1834 2713 1889 2766 in

285 2798 507 2853 Christo
528 2807 775 2863 exarato,
802 2800 1049 2856 nesciens
1076 2814 1144 2854 ne
1172 2798 1314 2856 forte
1336 2802 1467 2871 quid
1492 2801 1618 2857 novi
1649 2816 1715 2856 ex
1745 2803 1893 2873 prio-

286 2893 446 2947 ribus
470 2893 756 2963 pravitatis
780 2893 1055 2950 radicibus
1076 2894 1275 2951 alicubi
1293 2896 1632 2967 pullulasset.
1660 2896 1739 2952 Tu
1764 2913 1892 2954 vero

283 2986 344 3040 in
376 2982 481 3041 ﬁde
511 2984 780 3041 catholica
805 2986 1059 3041 inviolata
1094 2996 1280 3042 mente
1307 3003 1657 3059 permaneas,
1681 2989 1892 3045 habens

283 3089 507 3145 semper
550 3076 934 3146 responsiones
961 3086 1185 3151 paratas
1214 3117 1234 3146 ,
1283 3079 1484 3150 quibus
1533 3080 1887 3137 adversarius

286 3164 432 3220 vinci
461 3166 654 3235 possit.
688 3165 756 3220 Et
784 3175 845 3221 ut
873 3167 1078 3236 aliquid
1104 3167 1215 3223 ludi
1258 3182 1385 3223 cum
1437 3176 1530 3224 tua
1577 3168 1772 3242 loquar
1799 3185 1888 3225 sa-

284 3256 494 3328 pientia
532 3257 697 3328 (solet
737 3260 887 3313 enim
929 3260 1165 3329 quisque
1212 3261 1450 3316 maxime
1481 3276 1594 3317 sum
1631 3262 1769 3317 artis
1804 3263 1888 3319 uti

284 3315 598 3422 exemplis).
630 3348 805 3404 Nauta
832 3315 1007 3406 tristia
1034 3315 1092 3406 εί
1111 3350 1233 3405 laeta
1258 3352 1567 3422 tempestati
1596 3360 1653 3407 et
1682 3353 1887 3408 sereni-
1915 3315 1964 3380 ε

286 3442 389 3495 tati
416 3448 722 3510 comparat,
766 3440 1000 3497 bellator
1029 3442 1096 3496 de
1122 3442 1291 3496 armis
1314 3442 1575 3513 disputat,
1612 3457 1889 3514 gramma-

289 3534 437 3590 ticus
462 3547 577 3588 sure
599 3532 739 3589 artis
763 3532 937 3586 utitur
965 3530 1259 3607 suﬁ‘ragils.
1296 3531 1376 3588 Tu
1418 3547 1551 3589 vero
1595 3534 1663 3590 de
1711 3548 1886 3607 gram-

289 3623 497 3679 matica
549 3632 641 3678 tua
701 3620 889 3696 profer
939 3621 1157 3694 regulas
1218 3613 1494 3679 naturales
1517 3664 1533 3690 ,
1595 3626 1893 3682 ostendens

287 3713 539 3785 quaedam
563 3715 781 3786 propria
806 3730 912 3769 non
941 3712 1183 3782 ejusdem
1224 3713 1545 3770 substantiae
1567 3730 1714 3783 esse,
1742 3716 1895 3786 cujus

288 3809 511 3881 propria
537 3823 660 3864 esse
686 3805 961 3863 dicuntur.
992 3805 1127 3861 Nam
1152 3808 1372 3877 propria
1395 3807 1629 3863 dicimus
1646 3808 1891 3875 nomina,

289 3917 400 3956 non
450 3917 571 3971 quae
634 3909 835 3955 nostra:
884 3900 993 3954 sint
1059 3900 1418 3964 substantiae,
1458 3900 1555 3955 sed
1600 3914 1722 3972 qua:
1777 3915 1897 3973 spe-

288 3993 487 4048 cialem
537 4000 743 4047 nostrae
783 3992 1023 4047 habeant
1070 3991 1391 4048 substantia:
1414 3989 1892 4062 signiﬁcationem.

292 4086 594 4142 Terrarum
624 4098 841 4155 quoque
863 4083 1235 4153 possessiones
1260 4082 1509 4152 proprias
1538 4082 1719 4137 dicere
1756 4084 1899 4139 sole-

292 4191 444 4240 mus,
478 4190 599 4244 (λικε
627 4174 785 4229 nobis
814 4173 1162 4227 haereditario
1208 4171 1535 4240 perveniunt
1575 4170 1699 4241 jure
1732 4188 1745 4224 :
1778 4187 1898 4242 quae

292 4276 479 4321 tamen
506 4266 665 4337 longe
702 4280 731 4318 a
763 4263 922 4319 nobis
950 4262 1175 4318 alterius
1200 4270 1325 4317 sunt
1351 4262 1693 4319 substantiae.
1741 4263 1895 4332 Quod

292 4371 350 4417 et
373 4359 688 4431 evangelieo
715 4358 919 4413 ﬁrmari
946 4356 1149 4428 poterit
1170 4355 1439 4426 exemplo,
1471 4354 1689 4413 dicente
1731 4372 1899 4412 evan-

293 4453 489 4526 gelista
517 4451 587 4507 de
615 4451 711 4507 Dei
738 4450 923 4506 Filio:
956 4447 1022 4503 In
1058 4450 1274 4520 propria
1302 4450 1439 4503 venit
1465 4489 1481 4515 ,
1538 4458 1587 4504 et
1639 4450 1722 4504 sui
1774 4466 1893 4504 eunt

296 4564 405 4601 non
438 4552 743 4615 receperunt
774 4542 960 4615 (Joan.
992 4557 1009 4595 ι
1036 4582 1051 4606 ,
1087 4541 1198 4613 Η).
1238 4540 1393 4595 Licet
1421 4538 1672 4612 populus,
1697 4542 1764 4596 de
1788 4556 1896 4611 quo

296 4640 404 4695 hoc
429 4637 637 4694 dictum
662 4644 746 4692 est
769 4677 784 4700 ,
813 4634 1059 4704 ejusdem
1102 4648 1213 4689 non
1242 4633 1314 4689 sit
1338 4630 1579 4698 naturae,
1614 4648 1722 4704 qua
1752 4634 1897 4689 Deus

297 4740 407 4798 est,
434 4739 619 4791 tamen
648 4727 999 4800 proprietatis
1027 4725 1246 4782 nomine
1283 4724 1351 4780 ab
1392 4713 1724 4796 evangelista
1769 4740 1897 4780 cen-

298 4826 527 4882 sebatur
554 4831 781 4893 propter
808 4821 1059 4879 notitiam
1100 4819 1195 4876 Dei
1222 4859 1237 4885 ,
1266 4834 1386 4890 quae
1426 4818 1616 4875 diebus
1655 4818 1895 4887 antiquis

299 4918 429 4974 huic
474 4916 619 4989 plebi
664 4914 1040 4970 tantummodo
1073 4927 1332 4970 concessa
1354 4921 1473 4978 est,
1499 4911 1711 4967 dicente
1738 4909 1912 4969 Psal-

301 5012 467 5067 mista
495 5024 509 5062 :
540 5008 717 5065 Notus
742 5008 799 5061 in
824 5006 1017 5061 Judwa
1048 5004 1211 5068 Deus,
1254 5013 1303 5059 et
1338 5005 1395 5059 in
1444 5002 1619 5058 Israel
1646 5019 1895 5074 magnum

303 5117 495 5157 nomen
523 5099 641 5169 eius
668 5095 842 5170 (Psal.
873 5111 1036 5163 Lxxv,
1072 5094 1153 5167 2).
1202 5095 1341 5150 Dum
1371 5095 1426 5148 in
1455 5096 1618 5150 rebus
1643 5092 1899 5148 humanis

304 5205 418 5250 tam
463 5193 635 5249 multa
665 5191 1014 5261 proprietatis
1054 5188 1221 5261 922
1264 5188 1485 5246 nomine
1515 5186 1858 5257 appellantur
1880 5225 1898 5252 ,

307 5305 408 5344 cur
434 5288 488 5343 in
510 5286 627 5343 solo
650 5285 789 5340 Filio
814 5284 909 5339 Dei
934 5283 1051 5338 hcce
1078 5282 1382 5351 proprietas
1404 5296 1510 5337 non
1544 5289 1723 5350 potest
1759 5293 1901 5345 esse,

309 5388 371 5434 ut
398 5381 469 5435 sit
491 5377 745 5449 proprius
773 5375 942 5430 Filius
968 5374 1062 5429 Dei
1088 5413 1104 5439 ,
1131 5373 1224 5443 qui
1247 5389 1314 5427 ex
1340 5372 1560 5443 Virgine
1587 5380 1745 5425 natus
1771 5376 1857 5425 est
1885 5408 1901 5436 ,

310 5472 405 5545 qui
452 5469 599 5526 solus
638 5469 781 5522 inter
828 5480 1019 5520 omnes
1058 5463 1199 5519 ﬁlios
1258 5462 1355 5518 Dei
1406 5464 1511 5519 hoc
1556 5462 1745 5517 habuit
1779 5477 1907 5533 pro-

310 5564 512 5635 prium,
542 5570 603 5615 ut
629 5574 733 5614 una
766 5557 837 5613 sit
868 5570 1099 5629 persona
1143 5570 1269 5622 cum
1298 5570 1384 5621 eo,
1428 5553 1551 5623 quia
1579 5551 1909 5608 :eternaliter

312 5671 383 5711 ex
412 5654 524 5710 Deo
542 5652 704 5707 Patre
724 5648 940 5720 genitus
961 5654 1065 5711 est,
1086 5661 1197 5701 non
1224 5644 1365 5699 alter
1387 5654 1443 5700 et
1464 5645 1625 5709 alter,
1649 5643 1742 5698 sed
1766 5656 1907 5696 unus

315 5760 371 5806 ct
414 5763 555 5803 unus
581 5788 596 5811 ,
651 5746 777 5800 licet
825 5758 936 5796 non
975 5756 1141 5795 unum
1180 5748 1237 5794 ct
1274 5754 1439 5794 unum
1466 5779 1481 5803 ,
1528 5737 1653 5806 quia
1684 5734 1907 5789 alterius

318 5839 634 5899 substantia:
656 5847 744 5894 est
768 5834 1047 5897 divinitas,
1072 5842 1126 5887 et
1146 5831 1369 5887 alterius
1388 5828 1718 5886 humanitas.
1738 5825 1907 5881 Totus

389 6003 416 6027 υ
454 5984 575 6040 Vid.
611 5980 771 6053 epist.
807 5975 928 6040 ηε,
958 5983 1071 6029 not.

1992 2064 2046 2117 in
2072 2063 2291 2122 Christo
2312 2080 2420 2122 non
2446 2067 2632 2123 credat
2656 2106 2671 2131 ,
2718 2067 2830 2121 ﬁlio
2878 2067 3149 2140 Virginis,
3194 2059 3579 2139 proprietatem

1990 2156 2109 2222 ﬁlii,
2138 2172 2259 2227 qua:
2294 2155 2351 2211 in
2378 2158 2525 2213 omni
2560 2158 2783 2213 homine
2819 2158 3132 2214 necessario
3160 2158 3428 2213 credenda
3476 2166 3581 2212 εει.

1990 2248 2442 2320 lutei-rogandum
2463 2258 2551 2305 est
2578 2264 2646 2305 an
2673 2250 2848 2317 major
2873 2249 3112 2321 dignitas
3141 2250 3213 2305 sit
3250 2249 3456 2321 proprii
3487 2250 3583 2305 lilii

1989 2344 2076 2398 vel
2101 2344 2343 2415 adoptivi
2364 2346 2389 2398 ?
2414 2343 2472 2399 Si
2498 2344 2660 2410 dicit,
2706 2344 2913 2415 proprii
2948 2360 2960 2397 :
2997 2342 3338 2399 inferendum
3367 2352 3452 2399 est
3484 2361 3586 2401 cur

1990 2433 2270 2490 Christum
2301 2434 2527 2490 secundi
2556 2433 2755 2505 gradus
2788 2434 2955 2489 ﬁlium
3002 2448 3126 2490 esse
3169 2434 3374 2492 credat.
3408 2436 3583 2492 luter-

1991 2528 2291 2597 rogandum
2334 2536 2420 2583 est
2461 2527 2506 2582 si
2550 2543 2691 2581 unus
2733 2526 2876 2582 ﬁlius
2911 2526 3072 2581 unius
3095 2529 3268 2596 patris
3294 2538 3586 2599 utrumque

1990 2621 2164 2689 possit
2208 2634 2363 2686 esse,
2415 2619 2668 2690 proprius
2715 2628 2771 2675 et
2815 2606 3139 2689 adoptivus?
3188 2618 3248 2674 Si
3279 2619 3441 2686 dicit,
3474 2636 3584 2675 non

1992 2727 2156 2781 posse
2195 2732 2205 2764 :
2238 2710 2579 2766 inferendum
2610 2719 2694 2766 est
2732 2725 2833 2765 nec
2875 2707 3125 2765 Christus
3167 2709 3440 2765 ullatenus
3467 2726 3585 2765 cre-

1993 2803 2223 2863 dendus,
2257 2801 2351 2872 qui
2380 2817 2486 2855 una
2508 2808 2594 2855 est
2618 2800 2923 2856 certissime
2950 2814 3204 2871 persona,
3240 2802 3492 2870 preprius
3531 2810 3588 2857 ει

1992 2894 2280 2965 adoptivus
2310 2892 2405 2949 Dei
2437 2892 2619 2949 Patris
2664 2891 2858 2948 Filius.
2896 2891 3346 2962 interrogandum
3396 2902 3481 2947 est
3538 2894 3583 2949 si

1992 2999 2058 3039 ex
2090 2983 2312 3053 proprio
2345 2983 2431 3039 vel
2470 2983 2646 3039 alieno
2682 2981 2797 3039 ﬁlio
2840 2984 3061 3053 adoptio
3086 2982 3214 3036 ﬁat?
3245 2982 3492 3054 Sidieit,
3514 2998 3585 3037 ex

1993 3078 2177 3132 alieno
2205 3094 2220 3130 :
2253 3075 2595 3132 inferendum
2620 3085 2706 3133 est
2723 3076 2940 3147 quando
2965 3076 3217 3136 Christus
3246 3076 3455 3130 alienus
3479 3076 3580 3130 fuit

1992 3170 2104 3224 Deo
2126 3168 2311 3235 Patri,
2340 3176 2399 3222 ut
2423 3183 2491 3222 ex
2518 3167 2697 3223 alieno
2721 3168 3003 3238 adoptaret
3044 3168 3101 3223 in
3149 3167 3317 3222 ﬁlium
3338 3168 3364 3220 ’ἒ
3396 3166 3584 3221 Nonne

1992 3263 2048 3316 in
2077 3262 2195 3331 ipso
2220 3266 2484 3331 conceptu
2507 3266 2564 3314 et
2582 3259 2868 3315 nativitate
2898 3258 3039 3315 Deus
3064 3274 3227 3313 verus
3247 3267 3303 3313 et
3330 3258 3583 3329 preprius

1993 3353 2138 3409 ﬁlius
2176 3360 2475 3422 conceptus
2502 3357 2584 3407 est
2613 3358 2669 3406 et
2706 3350 2913 3405 natus?
2948 3349 3399 3419 lnterrogandum
3427 3348 3582 3402 estsi

1992 3447 2168 3501 Filius
2201 3445 2298 3500 Dei
2333 3459 2495 3500 verus
2528 3444 2601 3501 sit
2637 3443 2778 3499 ﬁlius
2808 3444 3085 3515 Virginis?
3114 3443 3171 3498 Si
3210 3441 3379 3509 dicit,
3426 3458 3585 3497 verus

1992 3547 2049 3593 et
2085 3539 2378 3609 proprius:
2406 3533 2749 3591 inferendum
2784 3543 2874 3590 est
2898 3536 3169 3607 quomodo
3203 3548 3365 3589 verus
3390 3576 3403 3597 ,
3457 3535 3583 3588 dum

1997 3631 2223 3687 alterius
2268 3638 2354 3687 est
2403 3635 2613 3685 natura:
2664 3628 2946 3703 divinitas,
2980 3628 3204 3683 alterius
3232 3627 3544 3682 humanitas
3563 3632 3586 3679 ’ἰ
3684 3669 3691 3674 .

1994 3724 2444 3796 interrogandum
2474 3730 2579 3788 est,
2604 3723 2732 3778 dum
2759 3722 2855 3778 Dei
2882 3721 3052 3777 Filius
3071 3721 3225 3790 juxta
3257 3721 3585 3776 catholicam

1997 3817 2158 3872 Iidem
2180 3831 2341 3871 verus
2362 3823 2445 3871 εει
2461 3814 2603 3870 ﬁlius
2616 3815 2874 3887 Virginis,
2890 3816 3162 3885 quomodo
3185 3814 3326 3869 ﬁlius
3342 3814 3584 3885 Virginis

1997 3925 2105 3964 non
2121 3909 2191 3964 sit
2202 3922 2365 3963 verus
2377 3906 2549 3962 Filius
2562 3908 2657 3962 Dei
2671 3908 2695 3963 ?
2710 3908 2820 3963 Aut
2834 3910 2877 3963 si
2892 3908 3036 3963 ﬁlius
3047 3908 3283 3977 Virginis
3298 3908 3583 3977 adoptivus

1998 4010 2081 4055 est
2094 3998 2188 4052 Dei
2205 3997 2748 4067 Patris,conscquens
2772 4011 2891 4051 esse
2912 3997 3123 4051 videtur
3144 3996 3234 4051 illa
3249 3995 3578 4059 absurditas,

1998 4101 2058 4147 ut
2077 4092 2362 4162 adoptivus
2375 4089 2547 4144 sitDei
2562 4087 2733 4143 Filius
2748 4087 2983 4159 Virginis
3012 4087 3172 4143 ﬁlius.
3198 4088 3340 4157 Ergo
3355 4089 3399 4142 si
3414 4087 3586 4141 Filius

1997 4184 2094 4238 Dei
2117 4198 2245 4238 vere
2274 4189 2358 4238 est
2384 4181 2524 4236 ﬁlius
2552 4181 2807 4251 Virginis,
2839 4180 3003 4235 etiam
3033 4178 3174 4234 ﬁlius
3196 4180 3432 4249 Virginis
3459 4194 3585 4233 vere

1997 4275 2170 4331 Filius
2192 4283 2276 4330 est
2298 4274 2394 4343 Dei
2427 4292 2440 4329 :
2467 4281 2522 4330 et
2549 4289 2656 4329 non
2686 4274 2849 4329 habet
2889 4272 3069 4328 locum
3111 4273 3165 4327 in
3208 4272 3461 4328 utralibet
3496 4288 3587 4343 ge-

1996 4366 2281 4422 neratione
2324 4364 2629 4435 adoptionis
2681 4379 2901 4419 nomen.
2946 4363 3392 4435 Interrogandum
3430 4366 3588 4441 estsi

1995 4456 2396 4528 nuncupativus
2441 4455 2585 4511 Deus
2626 4453 2937 4509 adorandus
2972 4453 3087 4509 sit?
3116 4453 3173 4507 Si
3207 4454 3380 4519 dicit,
3434 4468 3541 4507 non
3572 4471 3583 4505 :

1996 4546 2343 4603 inferendum
2363 4552 2448 4601 est
2468 4543 2739 4615 quomodo
2754 4543 3004 4599 Christus
3016 4541 3272 4598 adoretur
3293 4543 3362 4597 ab
3384 4542 3591 4613 angelis

2001 4639 2068 4693 de
2094 4653 2162 4693 ει
2181 4636 2274 4703 lis,
2301 4635 2370 4690 de
2399 4650 2507 4707 quo
2533 4632 2827 4705 Apostolus
2856 4633 2935 4687 ait
2960 4650 2973 4687 :
3002 4631 3134 4687 Cum
3162 4632 3448 4686 introducit
3474 4632 3557 4702 pri
3581 4661 3587 4666 ς

2005 4730 2324 4801 mogenitum
2350 4728 2409 4783 in
2441 4726 2617 4781 orbem
2646 4733 2822 4788 terra',
2850 4723 3069 4778 adorent
3112 4735 3232 4776 eum
3284 4739 3461 4776 omnes
3488 4739 3570 4775 au-

2005 4818 2105 4891 geli
2133 4819 2233 4873 Dei
2255 4816 2444 4889 (Hebr.
2470 4834 2511 4882 ι,
2537 4814 2616 4884 6).
2648 4812 3097 4884 [interrogandum
3140 4821 3225 4867 est
3266 4812 3312 4867 si
3338 4810 3592 4867 Christus

2005 4910 2286 4980 requaliter
2317 4907 2716 4977 nuncupativus
2752 4913 2839 4960 est
2872 4905 3036 4969 Deus,
3083 4904 3226 4958 sicut
3261 4912 3316 4957 et
3362 4903 3589 4965 Petrus;

2006 5018 2108 5057 cur
2150 5000 2424 5055 Christus.
2453 5014 2561 5054 non
2613 4997 2811 5067 legitur
2855 5010 2916 5050 sc
2965 4995 3311 5065 prohibuisse
3375 4993 3589 5048 adorari

2007 5094 2200 5159 Deum,
2224 5099 2281 5146 ct
2304 5090 2498 5145 Petrus
2524 5088 2799 5157 prohibuit
2824 5085 3076 5140 Cornelio
3113 5096 3172 5139 sc
3212 5082 3487 5138 adorare?
3532 5081 3592 5134 Si

2005 5185 2206 5241 dicitur
2227 5223 2240 5245 ,
2272 5181 2400 5250 quia
2432 5179 2627 5235 Petrus
2658 5178 2820 5232 homo
2845 5190 3013 5245 purus
3036 5215 3050 5239 ,
3081 5173 3330 5228 Christus
3370 5173 3513 5227 Deus
3540 5181 3594 5225 et

2006 5277 2169 5333 homo
2211 5290 2224 5326 :
2258 5269 2601 5327 inferendum
2644 5276 2733 5325 est
2770 5268 2821 5322 si
2865 5267 3006 5321 Deus
3055 5274 3111 5321 et
3156 5266 3319 5319 homo
3364 5279 3468 5319 una
3511 5275 3596 5318 εει

2004 5380 2256 5437 persona,
2288 5377 2418 5431 ergo
2448 5376 2554 5415 una
2588 5372 2820 5429 persona
2867 5370 3030 5410 verus
3067 5363 3151 5409 est
3180 5355 3322 5408 Deus
3343 5394 3358 5419 ,
3392 5362 3448 5407 et
3484 5367 3589 5407 non

2010 5459 2172 5514 habet
2202 5455 2381 5510 locum
2410 5450 2737 5521 nuncupatio
2776 5448 2834 5504 in
2868 5456 3119 5517 utraque.
3150 5444 3595 5514 Inter-rogandum

2011 5545 2250 5616 estquid
2279 5545 2350 5598 sit
2392 5539 2627 5596 medium
2664 5540 2804 5593 inter
2836 5550 3024 5591 verum
3064 5542 3250 5589 etnon
3280 5533 3514 5587 verum?
3538 5528 3595 5585 Si

2013 5636 2165 5700 dicit,
2196 5633 2332 5688 nihil
2365 5650 2377 5684 :
2411 5629 2752 5686 inferendum
2783 5635 2869 5683 est
2897 5643 2911 5680 :
2943 5626 3088 5697 Ergo
3109 5625 3378 5686 Christus,
3400 5636 3583 5677 secun-

2015 5732 2143 5787 dum
2175 5726 2321 5798 quod
2356 5724 2520 5780 homo
2557 5729 2639 5778 cst
2664 5762 2678 5786 ,
2720 5728 2814 5776 aut
2859 5734 3021 5774 verus
3052 5718 3194 5773 Deus
3222 5725 3329 5782 cst,
3368 5724 3459 5768 aut
3492 5726 3599 5765 non

2014 5806 2194 5881 verus.
2230 5817 2337 5875 Sed
2384 5816 2541 5875 valde
2569 5814 2863 5873 absurdum
2906 5821 2991 5869 cst
3033 5812 3215 5868 dicere
3259 5822 3382 5865 eum
3430 5804 3599 5860 Deum
