4136 6556
582 413 689 473 503

1398 403 1457 461 Β.
1491 403 1554 461 F.
1592 401 1818 459 ALBINI
1860 399 1994 459 SEU
2031 395 2314 457 ALCUINI
2347 390 2633 453 OPERUM
2669 388 2852 447 PARS
2885 387 2971 444 111.

3760 367 3862 429 504

590 544 728 596 esse,
752 526 848 584 sed
872 540 980 582 non
1000 537 1213 580 verum.
1224 521 1332 578 Aut
1346 519 1391 576 si
1414 519 1518 576 hoc
1535 517 1813 576 erubescit
1825 512 2172 572 adversarius
2200 518 2249 578 Α
2276 525 2425 576 eum,
2453 507 2549 581 qui
2587 504 2844 596 clamavit
2870 502 2920 596 ei
2952 517 2967 557 :
2996 501 3125 556 Iesu
3146 499 3226 596 ριε
3253 495 3446 596 Dauid,
3495 494 3737 596 miserere
3761 486 3867 596 utri

593 621 801 684 ﬁcere,
848 614 1092 688 proferat
1139 613 1269 684 quid
1308 611 1381 668 sit
1416 610 1656 666 medium
1693 609 1837 664 inter
1881 619 2073 661 verum
2120 613 2178 660 et

586 725 695 765 non
738 720 950 763 verum.
995 701 1307 760 Secundum
1354 708 1527 756 artem
1557 697 1900 755 dialecticam
1942 696 2179 751 intenu-

585 802 818 875 gandum
845 810 932 858 est
954 799 1000 855 si
1028 812 1136 856 una
1162 810 1396 869 persona
1424 792 1599 866 possit
1623 805 1749 849 me
1795 791 1963 846 homo
2013 801 2182 844 verus

586 901 644 949 et
669 891 832 948 homo
866 889 1045 961 pictus
1071 927 1090 955 ,
1119 886 1212 957 qui
1240 895 1329 943 est
1351 900 1461 942 non
1487 898 1654 941 verus
1676 881 1882 939 homo?
1912 878 1973 937 Si
2003 879 2137 936 dicit
2161 918 2179 945 ,

587 1000 696 1041 non
723 998 883 1055 posse
909 1024 922 1038 .
956 978 1296 1037 inferendum
1323 984 1411 1033 est
1432 1018 1447 1041 ,
1478 991 1580 1031 nec
1608 975 1664 1031 in
1685 972 1938 1037 Christo,
1970 971 2067 1043 qui
2097 977 2183 1026 est

591 1089 699 1129 una
726 1086 957 1144 persona
984 1071 1039 1125 in
1072 1068 1281 1126 duabus
1322 1066 1535 1122 naturis
1554 1106 1571 1132 ,
1610 1078 1802 1121 verum
1827 1077 1952 1119 esse
1976 1067 2177 1132 potest,

592 1172 649 1220 et
674 1178 783 1219 non
811 1176 1036 1226 verum;
1065 1159 1161 1216 sed
1188 1156 1451 1230 quidquid
1489 1156 1546 1211 in
1582 1170 1648 1211 ω
1690 1162 1815 1221 est,
1840 1167 2030 1209 verum
2052 1159 2178 1217 est;

592 1252 722 1322 quia
745 1251 864 1323 ipse
893 1258 1040 1307 totus
1062 1257 1147 1304 est
1187 1247 1353 1313 Deus,
1377 1254 1436 1301 et
1461 1253 1610 1302 totus
1641 1258 1805 1299 verus
1842 1243 2012 1299 Filius
2043 1241 2137 1297 Dei
2165 1280 2181 1305 ,

593 1356 652 1401 et
690 1354 804 1402 tota
843 1343 1048 1399 veritas
1078 1342 1133 1397 in
1177 1354 1244 1396 eo
1269 1348 1373 1405 est,
1404 1349 1461 1393 et
1487 1336 1624 1394 nihil
1656 1336 1821 1392 habet
1860 1332 2100 1406 ﬁgmenti
2128 1332 2184 1387 in

596 1451 677 1492 se.
704 1432 1148 1503 interrogandum
1189 1438 1307 1495 est,
1337 1429 1386 1484 si
1414 1427 1619 1499 aliquid
1660 1425 1997 1481 adorandum
2027 1423 2185 1480 nobis

596 1526 670 1583 sit
689 1533 783 1581 aut
805 1523 1113 1588 colendum,
1135 1520 1237 1577 nisi
1261 1534 1425 1575 verus
1448 1518 1625 1574 Deus?
1646 1517 1704 1572 Si
1725 1516 1877 1581 dicit,
1902 1528 2010 1569 non
2028 1527 2180 1570 esse:

602 1617 942 1673 inferendum
971 1623 1055 1672 est
1099 1612 1372 1684 quomodo
1414 1610 1667 1667 adorabis
1712 1608 1881 1665 lilium
1906 1607 2183 1679 Virginis,

604 1709 655 1764 si
704 1723 815 1764 non
862 1714 949 1763 est
1000 1719 1161 1761 verus
1218 1703 1399 1758 Deus?
1465 1700 1912 1773 Interrogandum
1959 1705 2045 1753 est
2066 1737 2083 1762 ,
2138 1695 2186 1752 si

604 1798 1005 1869 nunetipativus
1018 1796 1162 1853 Deus
1185 1793 1496 1851 adorandus
1508 1790 1613 1847 sit?
1638 1790 1697 1847 Si
1723 1790 1874 1855 dicit,
1890 1804 1998 1844 non
2020 1801 2182 1844 esse:

2281 578 2525 673 (March
2536 639 2553 661 ,
2565 596 2657 663 17,
2672 594 2789 668 48)ἳ
2807 593 2942 661 Quis
2952 599 3131 662 potest
3146 589 3328 644 lumen
3343 587 3475 642 dare
3488 600 3553 639 ex
3574 597 3638 637 eo
3654 578 3864 653 [Forte,

2280 693 2414 749 dare
2434 687 2605 759 etnec]
2620 728 2638 753 ,
2663 686 2768 743 uisi
2793 684 2976 741 Deus?
3013 682 3082 739 Et
3102 682 3150 739 si
3173 681 3319 736 Deus
3342 685 3447 743 est,
3476 676 3568 747 qui
3590 673 3863 731 illumina-

2280 786 2362 843 vit
2392 798 2596 843 aecum
2619 823 2637 849 ,
2675 780 2865 851 utique
2904 779 3048 834 Deus
3085 784 3172 833 est
3203 773 3347 830 ﬁlius
3386 769 3579 827 David.
3624 766 3867 823 Interro-

2282 877 2520 949 gandum
2546 881 2633 930 est
2657 874 2704 929 si
2730 870 2890 927 beata
2916 869 3083 941 Virgo
3121 881 3290 922 unum
3334 864 3613 936 genuisset
3653 860 3825 915 Deum
3850 897 3868 921 ,

2283 966 2370 1023 vel
2387 964 2562 1024 duos?
2585 962 2646 1020 Si
2667 961 2822 1027 dicit,
2845 974 3011 1015 unum
3036 973 3051 1011 :
3076 958 3272 1012 iterum
3292 951 3735 1024 interrogandum
3751 956 3865 1004 est:

2284 1057 2509 1122 Verum,
2531 1061 2747 1111 autnon
2768 1051 2996 1108 verum?
3017 1048 3077 1105 Si
3101 1048 3251 1114 dicit,
3273 1061 3461 1104 verum
3488 1063 3501 1099 :
3531 1039 3874 1100 inferendum

2283 1157 2369 1207 est
2400 1167 2415 1205 :
2447 1148 2591 1219 Ergo
2626 1153 2777 1203 totus
2802 1142 2947 1200 illius
2984 1140 3225 1213 Virginis
3265 1154 3409 1195 unus
3464 1143 3551 1194 est
3582 1136 3726 1191 Deus
3749 1174 3766 1198 ,
3816 1138 3877 1188 et

2282 1253 2449 1300 verus
2493 1258 2510 1297 :
2555 1238 2683 1312 quia
2736 1237 2785 1294 si
2829 1252 3021 1294 verum
3062 1245 3119 1293 et
3186 1233 3613 1303 nuncupatimm
3678 1227 3870 1301 genuit

2284 1333 2495 1400 Deum,
2561 1328 2755 1402 procul
2815 1329 2980 1385 dubio
3040 1328 3178 1385 duos
3240 1324 3430 1399 genuit
3488 1322 3651 1388 deos,
3702 1332 3878 1374 unum

2286 1440 2474 1482 verum
2504 1465 2519 1490 ,
2576 1430 2635 1479 et
2688 1421 2919 1478 alterum
2986 1418 3435 1491 uuncupativum.
3496 1414 3632 1471 item
3705 1413 3878 1469 inter-

2285 1513 2585 1587 rogandum
2606 1518 2695 1569 est
2715 1512 2762 1567 si
2786 1512 2919 1567 duos
2939 1511 3083 1566 iilios
3111 1508 3385 1581 genuisset
3407 1547 3424 1573 ,
3449 1513 3544 1563 aut
3562 1517 3728 1559 unum
3750 1502 3777 1557 ?
3815 1500 3878 1556 Si

2286 1606 2420 1663 dicit
2444 1618 2611 1660 unum
2640 1621 2653 1657 :
2679 1600 3022 1658 inferendum
3043 1609 3127 1657 est
3159 1620 3172 1654 :
3202 1598 3510 1669 Proprium,
3543 1606 3639 1652 aut
3666 1595 3881 1664 adopti-

2284 1697 2459 1753 vum?
2494 1695 2550 1754 Si
2598 1695 2732 1751 dicit
2762 1734 2777 1760 ,
2825 1703 3118 1765 utrumque
3165 1709 3178 1748 :
3218 1692 3560 1749 inferendum
3582 1698 3706 1745 est:
3732 1687 3882 1757 Ergo

2288 1789 2425 1847 duos
2450 1787 2593 1845 ﬁlios
2614 1786 2802 1859 genuit
2827 1786 2990 1843 beata
3037 1786 3224 1858 Virgo,
3272 1799 3442 1840 unum
3475 1782 3752 1855 proprium
3784 1778 3883 1835 Dei

605 1864 948 1946 inferendum
997 1892 1082 1943 est
1125 1902 1139 1940 :
1193 1885 1336 1955 Ergo
1386 1883 1639 1940 Christus
1663 1923 1677 1943 ,
1735 1881 1827 1951 qui
1874 1896 1944 1936 ει
1967 1878 2189 1951 Virgine
2224 1864 2263 1922 θ
2289 1880 2471 1938 Patris
2496 1921 2512 1947 ,
2554 1888 2612 1935 et
2643 1879 2875 1935 alterum
2898 1878 3243 1949 adoptivum;
3268 1875 3398 1948 quia
3428 1874 3731 1945 proprietas
3753 1884 3883 1927 eum

602 1988 767 2036 natus
794 1986 900 2045 est,
925 1992 1037 2035 non
1065 1987 1151 2033 est
1195 1975 1503 2031 adorandus
1520 2014 1534 2040 ,
1561 1973 1691 2044 quia
1726 1987 1889 2028 verus
1915 1972 2058 2028 Deus
2081 1985 2189 2026 non

599 2081 720 2137 est;
748 2079 803 2127 et
826 2078 955 2126 sunt
984 2070 1091 2125 duo
1120 2067 1229 2132 dii,
1259 2064 1511 2123 Christus
1553 2064 1700 2118 Deus
1733 2071 1792 2119 et
1811 2062 2065 2120 Christus
2092 2061 2193 2116 bo-

601 2176 725 2230 mo;
745 2174 887 2217 unus
931 2157 1241 2216 adorandus
1267 2194 1288 2223 ,
1327 2164 1385 2212 et
1406 2154 1548 2211 alter
1568 2170 1678 2212 non
1702 2152 2033 2211 adorandus.
2081 2150 2194 2209 Sed

603 2263 815 2313 avertat
838 2255 984 2311 Deus
1010 2250 1159 2309 hunc
1186 2264 1406 2307 sensum
1435 2250 1506 2306 ab
1525 2248 1677 2305 omni
1704 2247 1871 2306 corde
1894 2246 2187 2314 catholico,

601 2347 731 2418 quia
758 2354 906 2403 totus
929 2343 1180 2402 Christus
1201 2356 1344 2398 unus
1365 2348 1452 2397 est
1475 2339 1641 2408 Deus,
1664 2348 1721 2396 et
1747 2353 1853 2396 una
1877 2338 2194 2396 adoratione

603 2436 963 2494 venerandus.
1004 2431 1453 2506 luterrogandum
1480 2439 1588 2498 est,
1632 2429 1681 2487 si
1722 2430 1866 2487 Deus
1905 2444 2014 2485 non
2057 2435 2143 2486 est
2169 2466 2190 2495 ,

603 2530 698 2603 qui
733 2528 878 2587 illius
907 2526 1077 2585 David
1121 2534 1227 2593 est,
1260 2538 1369 2598 qua
1393 2531 1666 2597 potestate
1698 2523 2058 2582 illuminasset
2084 2536 2194 2579 cas-

2289 1973 2582 2043 adoptione
2606 1985 2715 2027 non
2739 1970 3015 2026 convenit.
3042 1968 3140 2025 His
3167 1968 3243 2024 ita
3281 1964 3621 2024 confirmatis
3657 1978 3755 2034 per
3801 1963 3888 2017 in-

2291 2066 2687 2137 terrogationes
2714 2072 2771 2120 et
2814 2063 3198 2134 responsiones
3220 2102 3235 2128 ,
3283 2059 3415 2133 quid
3447 2066 3727 2132 superest,
3774 2054 3884 2111 nisi

2291 2168 2355 2214 ut
2377 2156 2629 2214 Christus
2650 2154 2810 2212 Iesus
2836 2168 3001 2210 verus
3024 2155 3276 2211 credatur
3304 2151 3450 2208 Deus
3497 2164 3661 2206 verus
3688 2155 3744 2203 et
3768 2146 3886 2217 ple-

2293 2263 2429 2315 nus;
2458 2256 2515 2303 et
2538 2262 2681 2304 unus
2706 2245 2967 2303 credatur
3002 2244 3177 2300 Filius
3215 2245 3507 2318 preprius,
3549 2249 3607 2297 et
3641 2237 3890 2312 perfecte

2296 2339 2560 2395 adoretur
2576 2343 2635 2392 et
2655 2335 2910 2393 laudewr
2932 2336 3002 2391 ab
3026 2334 3174 2391 omni
3204 2341 3479 2400 creatura,
3502 2331 3716 2388 dicente
3729 2327 3889 2385 Psal-

2296 2429 2459 2486 mista
2491 2441 2507 2481 :
2540 2423 2777 2482 Laudent
2806 2442 2925 2480 eum
2950 2425 3066 2481 caeli
3112 2431 3164 2481 et
3208 2432 3351 2479 terra
3375 2464 3393 2489 ,
3438 2436 3587 2477 mare
3620 2429 3672 2474 et
3712 2417 3892 2473 omnia

2296 2535 2415 2590 qua
2442 2518 2499 2573 in
2521 2519 2598 2572 eis
2623 2525 2744 2573 unt
2770 2515 2945 2589 (Paul.
2973 2530 3169 2580 smn,
3191 2514 3305 2588 55).

2913 2654 3883 2686 *Μ

2499 2667 2911 2690 m

1461 2789 1629 2864 9’3
1685 2802 2375 2886 DISSEBTATIO
2451 2800 3008 2883 HISTORICA

1019 2985 1131 3051 DE
1169 2985 1487 3051 HEBESI
1529 2986 1905 3051 ELIPANDI
1943 2985 2360 3051 TOLETANI
2404 2984 2508 3047 ET
2550 2979 2858 3046 FELICIS
2899 2981 3474 3062 ORGELLITANI,

670 3133 747 3199 ln
774 3150 905 3218 qua
938 3150 1087 3220 qua)
1120 3132 1437 3199 hactenus
1469 3134 1745 3200 obscura
1771 3133 2063 3207 fuerunt,
2097 3149 2179 3195 ex
2210 3130 2448 3196 chartis
2480 3136 2771 3195 recenter
2798 3130 3094 3209 detectis,
3125 3141 3190 3196 et
3219 3128 3431 3214 ipsius
3458 3137 3531 3197 Β.
3572 3133 3837 3199 Alcuini

1881 3230 2141 3312 scriptis
2176 3228 2607 3295 illustrantur.
2765 3242 2768 3246 λ

2050 3360 2475 3377 Μ

685 3423 729 3479 1.
753 3419 1134 3493 Controgersice
1158 3429 1449 3493 πίστιες-τ
1467 3419 1855 3493 Controversia
1878 3419 1975 3493 illa
2003 3461 2019 3487 ,
2049 3435 2118 3475 an
2142 3427 2199 3493 et
2223 3419 2272 3483 C
2301 3417 2549 3493 obscura:
2573 3415 2665 3493 lux
2695 3416 2919 3493 accendi
2941 3416 3137 3493 possit.
3155 3414 3299 3493 diu:
3316 3428 3670 3493 monumenta
3696 3421 3900 3493 partim

578 3486 580 3489 ·
614 3465 729 3574 quo
745 3465 1975 3616 ζεᾘὲὶἑ⁷ᾷῐέἑῐιιῖι’ῖ›ἕῐὶςίῆυἷὲᾱὶἐὶεἶᾱζᾱὶὲῖ
2003 3465 2201 3574 ὐςὲῶ

614 3566 704 3622 vel
721 3564 931 3622 debeat,
959 3579 1011 3617 In
1039 3562 1279 3619 Ecclesia
1304 3563 1434 3617 olim
1464 3564 1533 3619 ab
1573 3562 1618 3617 A
1672 3577 1792 3617 anis
1814 3602 1831 3622 .
1875 3560 2200 3617 Bonosianis

613 3602 1059 3703 immissae
1084 3602 1438 3689 ἶτιᾜὶἒέιὶιᾟ
1459 3602 1740 3697 νέυιῐιρᾶῖ
1753 3602 1952 3687 ἔεέαἶῑο
1979 3602 2200 3687 aena;

613 3705 925 3762 Christiano
952 3702 1145 3759 Octavo
1185 3704 1239 3760 in
1283 3702 1538 3773 Hispania
1568 3702 1890 3758 resuscitata
1934 3712 2098 3773 atque
2144 3703 2201 3757 in

616 3775 866 3846 Francici
911 3789 1127 3846 quoque
1184 3774 1336 3846 regni
1382 3770 1688 3846 provincias
1731 3770 2027 3846 propagata
2076 3770 2199 3846 fuit.

612 3844 862 3918 Episcopi
884 3842 1125 3918 quidam,
1146 3842 1571 3918 quorum—duces
1593 3842 1749 3918 fuere
1777 3842 2202 3918 Elipandus'l‘o-

616 3913 850 3979 ie'taute‘,
876 3913 933 3970 et
955 3914 1108 3986 Felix
1133 3913 1480 3986 Orgellitanae
1506 3913 1876 3986 Ecclesiarum
1904 3915 2200 3981 antistites,

617 3986 1014 4043 contendebant
1040 3984 1318 4041 Christum
1339 3984 1532 4041 saltem
1568 3985 1867 4041 secundum
1907 3986 2202 4040 humanam

618 4068 870 4113 namnam
894 4069 1000 4127 non
1020 4064 1232 4111 tantum
1257 4070 1435 4127 posse,
1452 4055 1549 4111 sed
1569 4062 1629 4112 et
1644 4054 1842 4111 debere
1866 4056 1973 4110 dici
2001 4055 2202 4127 Filium

617 4129 715 4183 Dei
744 4125 1077 4196 adoptivum,
1100 4140 1208 4182 non
1224 4125 1531 4196 proprium;
1554 4134 1610 4179 et
1628 4128 1927 4182 secundum
1953 4125 2202 4181 eamdem

619 4195 1089 4279 naturam,_Deum
1108 4195 1557 4279 nuncupativnm,
1584 4209 1691 4251 non
1716 4211 1927 4251 verum.

688 4266 749 4322 11.
808 4265 950 4338 ριῦᾴ
996 4267 1052 4338 in
1099 4266 1199 4321 hac
1251 4265 1616 4338 dissertatione
1646 4270 2053 4338 exspectandum
2074 4267 2205 4338 .’_--

619 4335 1278 4409 liistoriam_hujus,_guge
1304 4350 1371 4409 ex
1412 4336 1519 4392 hoc
1559 4352 1700 4392 novo
1728 4335 1978 4409 dogmate
2002 4339 2058 4393 in
2099 4336 2203 4394 Ec-

617 4409 786 4463 clesia
834 4404 1065 4462 multum
1098 4404 1350 4463 eﬂ‘erbuit
1371 4447 1387 4470 ,
1419 4404 1841 4473 controversias]
1895 4416 2019 4473 post
2064 4422 2202 4464 none

621 4479 797 4533 nullos
837 4475 1176 4549 antiquiores
1198 4478 1534 4549 “scriptores
1583 4478 1800 4549 egregie
1835 4475 2206 4549 dijucidarunt

620 4549 724 4603 viri
750 4547 850 4604 aevi
878 4544 1053 4602 nostri
1078 4544 1455 4612 eruditissimi,
1489 4548 1552 4602 D.
1594 4544 1830 4604 foarines
1880 4547 2206 4604 Franciseus

623 4617 918 4693 Madrisius
933 4616 1234 4693 _Utinens_is.
1258 4614 2205 4693 congregationisOratorii‘presbr

623 4698 709 4758 ter
774 4690 827 4744 in
884 4686 1273 4758 Dissertatione
1322 4686 1587 4744 historico
1606 4717 1632 4729 -
1651 4686 2038 4758 chronologiéa
2071 4703 2104 4758 a
2142 4686 2205 4745 se

623 4756 908 4815 adornata.
939 4763 995 4811 et
1012 4772 1165 4813 novze

625 4829 703 4884 sis
729 4828 970 4899 editioni,
1017 4841 1072 4898 p.
1095 4827 1224 4893 212,
1240 4826 1819 4899 insertajPatrologia:
1829 4826 1992 4899 tomb
2012 4828 2205 4899 XCIX,

623 4898 881 4968 eol.557)
916 4915 927 4949 :
970 4896 1051 4968 et'_
1072 4909 1196 4966 post
1235 4896 1397 4968 illum
1452 4896 1548 4968 D,
1574 4896 1776 4953 Christ.
1814 4896 1958 4968 Guil.
2003 4896 2201 4956 Frane.

624 4964 901 5039 Walehinis
924 4964 1200 5037 professor
1218 4966 1609 5039 Gottingensis,
1634 4968 1689 5023 in
1715 4967 1976 5039 singulari
1999 4969 2201 5032 libello.

618 5038 690 5093 de
710 5037 945 5094 Historia
984 5037 1460 5108 Adoptianorum':
1498 5037 1696 5108 quibus
1736 5037 1859 5093 addi
1899 5047 2079 5108 potest
2119 5040 2207 5095 vir

622 5109 1009 5163 celeberrimus
1039 5106 1247 5179 Diiac.
1284 5106 1614 5179 Basnagius,
1669 5117 1800 5163 tom.
1849 5106 1915 5179 11⁷
1938 5109 2204 5166 Thesauri

624 5187 1098 5243 monumentorum
1132 5178 1371 5251 Canisii,
1419 5178 1543 5249 pag.
1573 5178 1679 5251 28d
1713 5193 1827 5251 seq.
1863 5178 2206 5251 Quapropter

623 5261 1080 5319 supervacaneum
1110 5249 1278 5304 videri
1308 5251 1478 5319 possit
1501 5249 1747 5304 eamdem
1774 5249 2060 5304 historiam
2086 5266 2207 5305 rur-

625 5334 720 5373 sus
771 5319 839 5371 ad
884 5319 1133 5372 incudem
1173 5331 1449 5375 revocare.
1483 5318 1867 5374 Verumtamen
1904 5319 2206 5376 peritorum

1436 5359 1449 5373 .
1490 5336 1520 5374 Υ
1529 5336 1867 5373 erumtamen
1904 5336 2145 5375 neruoru

625 5334 720 5373 sus
771 5334 839 5371 au
884 5334 1133 5372 incudem
1173 5334 1449 5375 revocare.
1490 5334 1867 5374 verumtamen
1904 5334 2206 5389 peritorum

624 5385 829 5461 iudicio
848 5401 1308 5461 supervacaneum
1328 5388 1470 5461 haud
1495 5389 1705 5461 censeri
1736 5389 1915 5454 debet,
1946 5390 1991 5444 si
2020 5390 2206 5459 plures

625 5458 1053 5540 suaensymbolas
1080 5459 1362 5541 conferant
1406 5459 1472 5511 ad
1503 5459 1878 5539 elucidandam
1905 5458 2206 5541 historiam

627 5528 789 5585 medu
814 5542 935 5585 am.
969 5528 1110 5585 quod
1138 5529 1320 5583 multis
1342 5527 1519 5583 adhuc
1542 5528 1780 5584 tenebris
1802 5530 2037 5585 obsitum
2069 5540 2152 5585 est
2183 5572 2202 5585 .

919 5566 935 5590 ,
969 5545 1110 5590 quon
1138 5545 1320 5583 mulus
1342 5545 1519 5583 aunuc
1542 5545 1780 5584 tenebris
1802 5545 2037 5585 ousntum
2069 5546 2128 5587 es

625 5572 2202 5669 ἕίῖιὶἰιὶὲἰὶὶιιῖιῖΞάῖιῖὲ”ἇοὶἷιῖἔηίἶ’ἷᾶὼῖιζῖιῖῗὲἀ’ὁεωάἔ

628 5669 844 5739 tegendi
869 5681 1123 5739 spestnon
1160 5668 1337 5724 omnis
1372 5669 1554 5739 periit.
1581 5669 1650 5725 Et
1674 5669 1729 5723 id
1756 5668 2007 5739 profecto
2026 5668 2199 5727 felici-

630 5737 758 5813 tatis
802 5738 936 5794 mihi
964 5737 1159 5813 obtigit
1177 5749 1285 5813 ,_ut
1314 5737 1542 5810 repertis
1567 5747 1624 5794 et
1649 5737 1886 5813 obtentis
1913 5741 1984 5797 iis
2007 5781 2024 5806 ,
2079 5756 2202 5813 qua:

632 5755 758 5794 tatis
802 5755 936 5794 nunt
964 5755 1077 5793 00H
1118 5755 1159 5793 11
1177 5780 1193 5805 ,
1225 5755 1285 5793 111
1314 5755 1542 5810 reperus
1567 5755 1624 5794 ει
1649 5755 1886 5797 0111811118
1913 5756 1984 5797 IIS
2007 5781 2024 5806 ν
2079 5756 2198 5813 qua:

632 5807 913 5880 hucusque
950 5755 1399 5868 desiderabantur
1425 5849 1445 5879 ,
1488 5812 1850 5868 monumentis
1870 5850 1888 5881 ,
1933 5822 2074 5869 nova
2120 5816 2198 5867 rei

1189 4756 1859 4848 Pessusestifssliei
1873 4756 2203 4848 iniisse
2231 4783 2283 4848 υ
2306 4757 3056 4848 ἓὲίξὲηέιεῑέρὲιξιί.

2302 3490 2357 3544 in
2387 3485 2997 3561 pracedentibusbea'ti
3012 3485 3229 3561 Alcuini
3258 3488 3481 3561 scriptis
3508 3485 3896 3560 exhibuimus;

2298 3556 2500 3636 partim
2529 3559 2586 3613 in
2620 3558 2931 3636 Appendice
2952 3556 2998 3613 11
3024 3556 3473 3636 proferemuinn
3499 3561 3760 3636 praesenti
3788 3556 3897 3636 isi;

2299 3629 2391 3685 tur
2420 3629 2809 3701 Dissertatione
2837 3637 3023 3701 nostra
3048 3637 3114 3701 ea
3133 3643 3255 3701 qua!
3279 3630 3410 3686 alibi
3439 3629 3574 3687 satis
3601 3629 3900 3690 dilucidita

2300 3710 2429 3781 sunt
2461 3715 2493 3753 a
2522 3699 2767 3781 laudatis
2792 3699 3197 3781 scriptoribus,
3222 3701 3899 3781 _brevite_r_attingemus_,

2301 3771 2583 3845 solumque
2627 3769 2682 3824 in
2732 3768 2802 3825 iis
2848 3768 3193 3845 aliquatenus
3220 3771 3635 3845 immorabimur
3656 3768 3783 3845 ξιυε
3807 3768 3903 3831 Αιζ

2302 3840 2522 3898 cuinum
2569 3849 2840 3907 nostrum,
2870 3840 2964 3911 qui
2982 3842 3232 3916 maxima
3271 3840 3717 3916 hujusthistoriae
3765 3860 3900 3916 pars

2302 3921 2409 3987 est,
2451 3920 2791 3987 concernunt
2821 3949 2856 3987 ,_
2884 3910 2941 3966 et
2978 3910 3035 3965 in
3073 3913 3270 3987 quibus
3292 3910 3547 3987 quaedam
3566 3910 3901 3987 argumenta

2301 3982 2759 4053 deprehendimus
2806 3982 2878 4037 ob
2910 3997 3041 4053 quas
3072 3982 3105 4053 a
3132 3982 3266 4041 viris
3290 3982 3399 4041 illis
3425 3982 3667 4041 eruditis
3686 3986 3903 4044 dissen-

2304 4050 2411 4108 tire
2439 4067 2595 4108 amor
2620 4053 2867 4108 veritatis
2895 4050 2995 4108 nos
3023 4050 3201 4120 jubet.

2371 4122 2458 4198 ill,
2494 4122 2709 4198 Primus
2739 4124 3106 4198 controuersia-
3124 4124 3215 4195 qut'
3240 4133 3441 4179 auctor.
3458 4155 3529 4166 -—
3551 4124 3722 4198 Igitur
3748 4143 3903 4185 com-

2303 4195 2485 4267 munis
2508 4194 2737 4267 quidem
2759 4194 3143 4267 histot-icomm
3186 4209 3293 4250 vox
3333 4205 3424 4267 est
3472 4205 3527 4252 et
3572 4194 3851 4255 sententia
3880 4242 3897 4267 ,

2301 4264 2537 4335 primum
2565 4265 2771 4320 erroris
2801 4265 2868 4319 de
2894 4264 3101 4335 Christi
3147 4266 3448 4321 secundum
3485 4278 3739 4324 naturam
3791 4264 3898 4327 hu;

2304 4333 2523 4407 :manam
2558 4335 2848 4407 adoptione
2879 4335 2932 4407 in
2978 4333 3176 4407 Filium
3212 4336 3309 4392 Dei
3341 4348 3673 4407 ,Aauctorem
3724 4340 3900 4397 fuisse

2303 4403 2540 4463 Felicem
2559 4403 2872 4478 episcopum
2898 4404 3274 4477 Orgelitanum
3295 4422 3313 4461 :
3334 4405 3457 4463 e‘us
3480 4408 3745 4479 siquidem
3765 4428 3901 4468 cono

2304 4477 2428 4533 silio
2460 4477 2786 4533 scriptisque
2829 4475 2982 4531 libris
3003 4475 3300 4533 Elinandus
3341 4422 3618 4533 'laoletana:
3638 4481 3899 4533 Ecclesia:

2304 4475 2786 4547 silioscriptisque
2829 4475 3300 4546 librisiElipandus
3341 4475 3618 4535 Toletaua:
3638 4481 3899 4539 Ecclesia:

2303 4546 2745 4625 archiepiscopus
2770 4547 3046 4625 iaciture
3086 4562 3203 4625 s_eu_
3226 4546 3539 4625 instructus
3564 4566 3671 4625 seu
3697 4553 3900 4625 conﬁr-

2304 4616 3001 4693 matus—esse’perhibetur.
3040 4617 3243 4693 «felix
3286 4617 3386 4693 (ita
3413 4620 3606 4693 scribit
3631 4622 3901 4693 Eginhar.

2305 4686 2408 4761 dus
2434 4688 2490 4742 in
2518 4685 2816 4761 Annalibus
2842 4688 2909 4761 ad
2946 4704 3037 4743 an.
3071 4685 3456 4761 792)__natione
3482 4685 3755 4761 Hispanus
3779 4734 3798 4759 ,
3830 4697 3901 4750 ab

3152 4757 3185 4835 ις’
3204 4757 3413 4835 litteras
3430 4757 3730 4835 consultus
3764 4757 3901 4835 quid

3165 4829 3181 4885 i
3206 4839 3263 4886 et
3286 4831 3501 4887 Domini
3536 4832 3664 4888 Iesu
3688 4829 3902 4892 Christi

2305 4900 2508 4971 sentire
2528 4899 2781 4971 deberet;
2808 4901 3319 4971 utrumtsecundum
3342 4902 3399 4957 id
3426 4904 3568 4971 quod
3594 4904 3760 4961 homo
3787 4916 3900 4971 est,

2304 4970 2560 5041 proprius
2583 4985 2653 5024 an
2681 4970 2966 5041 adoptivus
2992 4969 3091 5030 Dei
3117 4970 3287 5026 Filius
3324 4969 3627 5029 credendus
3654 4987 3803 5031 esset
3834 4969 3901 5033 ac

2305 5038 2589 5105 dicendus,
2615 5038 3025 5097 valde'incaute
3059 5050 3114 5097 et
3139 5042 3577 5109 inconsiderate,
3608 5055 3665 5101 et
3705 5057 3900 5103 contra

2308 5112 2585 5188 antiquam
2615 5109 3193 5188 Ecclesia-catholica
3241 5113 3542 5188 doctrinam
3582 5116 3899 5188 adoptivum

2308 5195 2415 5236 non
2441 5181 2617 5234 solum
2645 5182 3063 5257 pronuntiavit,
3092 5183 3187 5239 sed
3226 5185 3391 5257 etiam
3417 5186 3638 5257 scriptis
3678 5181 3744 5242 ad
3776 5204 3896 5243 mc-

2307 5261 2575 5327 moratum
2607 5250 2919 5327 episcopum
2946 5251 3099 5327 libris
3118 5250 3552 5327 pertinacissime
3571 5262 3900 5327 pravitatem

2303 5321 2576 5398 Opinionis
2616 5336 2727 5398 suae
2764 5321 3064 5398 defendere
3085 5321 3313 5398 curavit.
3355 5348 3373 5378 ›
3406 5321 3717 5398 Εείηιῐτπὼ
3759 5345 3896 5385 con-

2307 5391 2522 5467 cordat,
2545 5401 2606 5446 ut
2629 5392 2787 5467 solet,
2820 5402 2979 5467 poeta
3031 5393 3174 5467 saxo
3198 5396 3269 5467 ad
3296 5391 3544 5453 eumdém
3574 5415 3779 5455 annum
3800 5439 3819 5467 ,
3842 5413 3899 5456 et

2306 5460 2472 5537 Jonas
2497 5460 2900 5537 {inrelianensis
2921 5462 3015 5537 lib.
3044 5480 3062 5519 ι
3086 5466 3154 5537 de
3178 5465 3335 5521 Cultu
3361 5468 3676 5537 imaginum.

2380 5532 2466 5605 IV.
2500 5530 2657 5588 Felix
2677 5551 2747 5588 an
2776 5534 3069 5605 Elipondus
3088 5536 3113 5588 ἵ
3136 5566 3207 5577 -λ
3233 5537 3358 5593 Haec
3379 5538 3423 5593 si
3444 5530 3519 5593 itua
3543 5542 3670 5605 sint,
3690 5541 3895 5598 mirum

2344 5601 2571 5679 retecto,
2601 5601 2873 5679 neminem
2897 5604 3112 5679 illorum
3122 5609 3229 5679 qui
3260 5623 3453 5679 magno
3483 5610 3600 5665 zelo
3623 5601 3892 5667 adversus

2352 5674 2544 5728 elicem
2575 5675 2933 5743 scripserunt,
2975 5684 3030 5729 et
3078 5674 3223 5732 illius
3247 5674 3464 5735 errores
3489 5696 3613 5735 cum
3639 5683 3788 5737 omni
3813 5683 3898 5738 in-

2304 5743 2515 5819 dustria
2557 5754 2954 5819 egent-nerunt,
2988 5746 3132 5819 iilius
3176 5756 3357 5803 tamen
3399 5764 3500 5819 pro
3553 5752 3744 5807 haeresi
3785 5766 3888 5808 sua

2305 5814 2538 5884 scriptos
2565 5815 2636 5870 ad
2663 5814 2983 5887 Elipandum
3014 5816 3200 5885 libros,
3233 5814 3463 5890 quorum
3487 5820 3696 5893 prtel'ati
3725 5837 3897 5880 anna-

2307 4829 2375 4886 de
2396 4828 2737 4885 humanitate
2762 4828 3059 4885 servatoris
