4136 6592
299 342 402 398 337

951 341 1318 400 ENHUEBER
1360 341 1671 397 DISSERT.
1714 340 1804 396 DE
1840 337 2119 396 ILERESI
2158 338 2477 396 ELIPANDI
2510 339 2598 395 ET
2634 339 2918 397 FELlClS.

3464 337 3570 393 358

723 653 889 728 θα
923 618 1673 782 DlSSER’l‘ATIll
1776 622 3136 806 D06MATICO-IIIS’1‘0RIGA,

1875 907 2017 978 QUA

940 1084 1384 1160 CONTRA
1456 1081 2240 1158 CHRISTIANUM
2314 1079 2930 1160 WALCHIUM

302 1303 716 1363 ΔυοΡτιοΝιδ
752 1305 821 1362 1N
859 1304 1159 1363 CHRISTO
1193 1305 1454 1364 HOMINE
1489 1304 1942 1364 ASSERTORES
1976 1306 2274 1363 FELlCEM
2305 1306 2395 1363 ET
2435 1306 2838 1366 ELlPANDUM
2878 1307 3138 1366 MENTO
3168 1307 3580 1370 ABALCUINO

1113 1399 1647 1459 NESTORIANISMI
1681 1400 1926 1459 FUISSE
1963 1401 2277 1469 PETITOS,
2314 1402 2777 1462 OSTENDITUR.

1177 1599 1552 1664 AUCTORE
1593 1601 1670 1661 D.
1715 1599 1941 1663 JOAN.
1989 1602 2218 1663 BAPT.
2265 1604 2718 1677 ENHUEBER,

1470 1789 1704 1833 PRIORE
1751 1790 1832 1831 AD
1873 1788 1937 1833 ε.
1978 1787 2429 1833 ΕΜΜΕΗΔΜυΜν

381 2042 529 2098 inter
555 2056 745 2097 omnes
788 2039 1000 2112 Alcuini
1028 2038 1433 2112 lucubrationes
1471 2039 1891 2112 principem_fa-
1920 2051 1970 2111 Α
1993 2037 2176 2112 aperis
2218 2038 2503 2096 elenchum
2546 2041 2819 2110 potiorum
2858 2040 3237 2112 difﬁcultatum
3283 2057 3403 2112 qua:
3431 2047 3482 2098 in
3510 2046 3588 2099 le-

310 2114 415 2169 cile
444 2113 622 2169 locum
664 2112 731 2167 iis
760 2111 961 2171 deberi.
995 2126 1131 2179 quas
1160 2110 1584 2181 Adoptianorum
1608 2109 1892 2181 erroribus

306 2183 602 2265 ορρρξιιὶιτ.
618 2190 674 2236 et
716 2181 968 2265 dignitas
988 2178 1253 2246 materiai,
1269 2178 1354 2265 "et
1376 2178 1695 2265 eruditionis
1720 2179 1895 2261 eccle-

310 2249 544 2310 siasticae
564 2254 872 2313 thesaurus,
918 2260 975 2305 et
1002 2259 1459 2321 argumentorum
1484 2249 1719 2319 gravitas
1744 2250 1896 2305 evin-

309 2326 402 2379 cit.
443 2323 639 2401 Agitur
662 2336 854 2401 nempe
895 2321 968 2376 ibi
994 2319 1356 2401 dep—primario
1382 2319 1894 2401 religionisnnostra:

310 2390 570 2464 mysterio
599 2408 693 2447 seu
743 2392 809 2447 de
839 2390 1205 2464 incarnatione
1235 2390 1407 2464 Yerbi
1427 2390 1626 2464 divini,
1659 2391 1896 2464 fidesqne

309 2460 568 2519 Ecclesia:
597 2478 703 2515 non
754 2468 961 2514 tantum
1004 2460 1441 2529 locupletissimis
1486 2461 1704 2516 Patrum
1752 2461 1895 2514 anti-

308 2548 540 2603 quorum
570 2530 920 2603 testimoniis,
951 2530 1043 2603 sed
1072 2530 1340 2586 rationum
1380 2532 1545 2587 etiam
1571 2530 1898 2601 theologica-

310 2600 431 2659 runn
463 2601 793 2673 ponderibus
819 2600 1064 2673 apprime
1091 2604 1398 2657 roboratur.

382 2670 555 2728 Fuere
582 2670 932 2727 nihilominus
972 2672 1065 2741 qui
1096 2673 1425 2741 praestantia:
1453 2670 1635 2741 operis
1665 2670 1896 2725 multum

311 2744 602 2837 ειεξηιιετεξ
633 2751 980 2837 erratur;
1021 2745 1197 2837 athe?
1223 2742 1441 2837 trite
1468 2744 1520 2837 i9
1552 2756 1762 2837 tam
1789 2757 1899 2837 se

311 2814 445 2871 teris
498 2816 701 2869 eminet
748 2812 1091 2867 Christianus
1145 2812 1288 2867 Guil.
1342 2812 1536 2867 anc.
1592 2811 1895 2877 Walchius,

312 2884 603 2955 theologia:
646 2884 847 2955 doctos
882 2891 937 2936 et
967 2880 1295 2955 professor,
1341 2882 1434 2955 qui
1465 2883 1518 2937 in
1548 2897 1698 2955 sua,
1734 2897 1897 2955 quam

313 2950 581 3025 Gottingae
616 2968 703 3007 an.
747 2952 851 3006 755
894 2950 1149 3025 vulgavit,
1184 2950 1606 3025 Adoptianorum
1640 2950 1895 3025 insterni,

314 3026 367 3082 id
401 3022 574 3081 solum
606 3033 881 3093 spectasse
908 3022 1163 3093 videtur:
1205 3031 1266 3077 ut
1288 3022 1625 3093 Elipandum
1647 3037 1709 3093 ac
1755 3022 1896 3079 Feli-

314 3112 431 3153 cem
460 3097 619 3165 longe
644 3094 747 3147 alia
770 3092 1012 3165 sensisse
1038 3107 1102 3147 ac
1130 3093 1266 3165 ipsis
1292 3093 1583 3165 imputarat
1602 3092 1893 3165 Alcuinus;

314 3168 461 3222 hunc
496 3162 648 3235 proin
678 3162 817 3217 male
846 3172 1034 3216 contra
1075 3163 1415 3235 adversarios
1455 3178 1581 3219 suos
1621 3164 1898 3235 ineprazdi-

314 3237 419 3292 ctis
451 3232 604 3290 libris
629 3235 929 3302 disputasse
954 3232 1278 3287 ostenderet.
1314 3232 1422 3288 Nec
1452 3249 1579 3289 vero
1615 3232 1786 3288 solam
1817 3235 1898 3288 in-

315 3314 471 3361 cusat
515 3305 800 3374 Aleuinum
854 3302 1165 3374 Walchius,
1210 3304 1304 3374 scd
1347 3303 1638 3374 Adrianum
1683 3318 1899 3374 quoque

314 3377 551 3446 primum
575 3373 632 3429 S.
660 3373 742 3436 P.,
772 3373 1052 3427 Paulinum
1078 3372 1711 3446 Aquileiensem,_Patres
1732 3372 1898 3428 Fran—

316 3420 703 3503 colordienseS.
729 3420 811 3498 ἐι
845 3452 1107 3511 quotquot
1137 3420 1187 3496 in
1224 3420 1627 3498 concertatione
1656 3443 1746 3498 illa
1778 3459 1901 3499 cum
1932 3420 1981 3482 Β

315 3516 635 3594 A_d0p'.iauis
663 3514 961 3594 symbolam
998 3514 1363 3594 contulerunt,
1416 3522 1650 3568 mentem
1679 3523 1903 3587 antago-

318 3583 586 3642 nistarum
616 3600 835 3640 suorum
864 3583 1137 3651 ignorasse
1168 3583 1383 3637 asserit.

389 3656 704 3726 Arguebant
757 3653 961 3726 scilicet
1003 3654 1056 3706 hi
1084 3668 1273 3707 omnes
1318 3652 1552 3726 Felicem
1594 3652 1918 3726 acElipan»

319 3729 447 3783 dum
473 3723 542 3780 de
569 3724 1011 3782 Nestorianismo,
1044 3738 1144 3777 nec
1166 3723 1489 3793 sententiam
1514 3723 1579 3778 de
1620 3723 1918 3793 adoptione-

320 3799 377 3853 in
404 3796 624 3851 Christo
671 3793 882 3848 defendi
924 3807 1080 3860 posse
1125 3792 1489 3858 affirmabant,
1540 3796 1669 3862 quin
1700 3792 1819 3850 duae
1850 3796 1907 3849 in

319 3868 413 3922 illo
452 3880 694 3937 personae
720 3862 1065 3937 inferrentur.
1119 3864 1318 3918 Eodem
1346 3865 1503 3937 modo
1534 3865 1674 3919 hanc
1701 3864 1768 3937 de
1797 3864 1909 3920 filio

320 3933 577 4005 adoptivo
626 3933 983 4005 assertionem
1033 3934 1371 4005 interpretati
1404 3942 1553 4005 sunt
1613 3934 1907 4005 scriptores

394 4003 658 4066 sterioris,
696 4003 972 4072 ipsiusque
1001 4003 1163 4056 etiam
1214 4004 1533 4058 reccntioris
1570 4004 1689 4063 :evi,
1724 4003 1768 4059 si
1799 4004 1908 4060 Ga-

361 4077 547 4132 rielem
588 4073 967 4143 Vasquesium,
1016 4081 1072 4127 et
1108 4073 1443 4143 rcardinalem
1490 4074 1798 4143 Aguirrium
1836 4091 1905 4131 ex

322 4147 541 4208 nostris,
579 4142 888 4215 paucosque
915 4142 1051 4197 alios
1088 4142 1155 4215 de
1188 4154 1333 4215 cestu
1364 4142 1783 4201 Protes’tantium
1811 4160 1907 4199 ex-

320 4219 512 4288 cipias,
546 4212 695 4288 quos
720 4216 786 4268 ad
806 4227 1098 4288 numerum
1129 4212 1438 4288 faciendum
1464 4216 1515 4288 in
1546 4216 1905 4288 patrocinium

321 4282 606 4343 sententia:
635 4301 744 4339 suae
773 4284 866 4339 cit.
906 4283 1025 4337 loco
1052 4284 1242 4337 recitat
1270 4282 1565 4345 Walchius,
1600 4282 1903 4351 affirmans,

323 4360 607 4428 episcopos
641 4356 927 4428 Hispanos,
954 4352 1081 4428 licet
1107 4353 1157 4406 in
1182 4354 1430 4428 omnibus
1454 4356 1589 4428 bene
1618 4355 1759 4428 haud
1785 4370 1910 4410 sen-

324 4422 523 4491 serint,
548 4428 657 4480 imo
677 4422 983 4496 gravissimi
1009 4424 1507 4496 deregeneratione
1533 4422 1735 4479 Christi
1756 4441 1907 4481 erro-

325 4499 402 4553 ris
436 4498 513 4551 rei
544 4494 871 4554 exstiterint,
920 4494 1262 4563 adoptionem
1303 4502 1480 4549 tamen
1516 4510 1675 4549 sensu
1709 4511 1774 4550 eo
1816 4497 1909 4551 de-

324 4568 582 4629 fendisse,
623 4566 715 4636 qui
752 4564 909 4636 sicuti
939 4578 969 4616 a
1001 4572 1177 4618 mente
1206 4562 1438 4636 Nestorii
1474 4572 1618 4619 esset
1646 4565 1909 4622 alienissi-

324 4655 468 4701 mus,
499 4638 571 4690 ita
601 4632 657 4690 et
680 4635 939 4689 unitatem
967 4648 1214 4701 persona:
1240 4632 1545 4690 nullatenus
1575 4636 1808 4690 tolleret.

398 4708 639 4784 Ulterius
683 4705 859 4759 adhuc
879 4717 1205 4784 progressus
1251 4715 1356 4784 es_t__
1380 4704 1613 4759 Jacobus
1639 4706 1901 4784 manage,

2004 2109 2182 2166 ctione
2208 2109 2578 2174 conciliorum,
2616 2112 2861 2172 Patrum,
2908 2120 2964 2166 et
2999 2109 3380 2169 ecclesiasticae
3420 2115 3589 2171 histo—

1997 2181 2096 2255 riae
2120 2190 2422 2255 eccurrunt
2444 2189 2499 2235 et
2521 2181 2744 2255 majoris
2769 2183 2944 2236 adhuc
2966 2182 3363 2255 explanationis
3405 2196 3586 2255 egent,

1999 2250 2102 2309 alia
2130 2252 2272 2305 inter
2299 2252 2461 2306 dubia
2489 2252 2557 2306 ad
2585 2250 2839 2306 surculum
2884 2267 3001 2310 vm,
3056 2252 3247 2309 ultimo
3283 2253 3400 2310 loco
3423 2250 3589 2311 etiam

2000 2336 2233 2390 sequens
2254 2322 2472 2377 exhibet
2498 2339 2511 2374 :
2557 2341 2577 2373 ι
2612 2322 2761 2375 Felix
2788 2328 2841 2375 et
2871 2320 3188 2391 Elipandus,
3221 2340 3451 2391 quorum
3480 2330 3590 2381 ha:-

2000 2392 2139 2446 resis
2163 2392 2214 2445 in
2236 2391 2465 2455 concilio
2478 2391 2914 2447 Francofurtcnsi
2938 2393 3191 2447 damnata
3217 2394 3337 2461 fuit,
3363 2407 3590 2451 crantne

2000 2461 2352 2516 Nestoriani?
2379 2481 2398 2515 ι

2072 2532 2436 2598 Qumstionem
2481 2532 2624 2586 banc
2668 2530 3010 2600 postmodum
3039 2532 3251 2587 caeteris
3282 2536 3590 2591 accuratius

2002 2602 2251 2671 equidem
2278 2602 2633 2671 pertractavit
2656 2611 2712 2654 et
2738 2601 3059 2656 affirmative
3083 2602 3303 2671 resolvit
3330 2605 3400 2659 cl.
3430 2604 3586 2660 Joan.

2002 2670 2198 2727 Franc.
2233 2670 2518 2727 Madrisius
2549 2672 2603 2725 in
2645 2671 3034 2728 Dissertatione
3066 2670 3372 2741 dogmatica
3401 2676 3466 2730 de
3492 2676 3593 2730 Fe-

2004 2741 2124 2812 licis
2171 2750 2227 2812 et
2261 2742 2507 2812 Elipandi
2544 2742 2776 2812 baaresi,
2823 2748 3020 2811 quam,
3065 2758 3294 2798 numero
3347 2747 3589 2810 tertiam,

2005 2811 2269 2881 Operibns
2321 2810 2495 2866 sancti
2542 2810 2752 2865 Paulini
2792 2810 3153 2881 Aquileiensis
3202 2814 3446 2881 Venetiis
3500 2832 3588 2870 an.

2006 2882 2145 2954 1757
2164 2880 2393 2954 (Patrol.
2418 2891 2556 2954 tom.
2575 2881 2760 2954 XCIX)
2783 2880 2895 2954 a_se_
2907 2882 3075 2954 peditis
3095 2880 3388 2951 subjunxit,
3414 2893 3593 2941 osten-

2004 2952 2140 3008 dens
2176 2951 2295 3008 tam
2326 2968 2393 3009 ex
2437 2952 2761 3009 testimoniis
2804 2951 3061 3023 Feliciani
3110 2969 3263 3023 aeque
3307 2971 3371 3009 ac
3418 2956 3594 3010 nostri

2005 3024 2124 3086 aevi,
2162 3038 2325 3092 quam
2353 3038 2419 3078 ex
2454 3023 2755 3093 rationibus
2797 3022 3134 3093 theologicis,
3176 3022 3488 3080 doctrinam
3524 3026 3594 3081 de

2006 3093 2293 3166 adoptione
2316 3092 2479 3166 945
2520 3094 2577 3166 in
2602 3092 2839 3166 Qhristh
2865 3092 3291 3166 Nestorianismo
3331 3095 3593 3166 imbutam

2007 3162 2191 3219 fuisse.
2231 3163 2303 3217 At
2329 3162 2518 3234 parum
2549 3162 2719 3217 defert
2762 3163 2847 3218 bis
2873 3164 3038 3218 etiam
3066 3166 3400 3234 argumentis
3427 3165 3595 3234 ινδι-

2005 3235 2182 3298 chius,
2212 3249 2312 3289 nec
2330 3232 2476 3289 forte
2506 3241 2713 3305 tantum
2741 3235 2896 3305 abest
2922 3234 3052 3302 quin
3081 3232 3151 3289 eti
3172 3234 3286 3304 ipse
3315 3233 3595 3305 conjectu—

2005 3321 2125 3430 Iram
2151 3305 2407 3428 Pasnagii
2444 3303 2604 3375 paulo
2632 3315 2758 3359 ante
2784 3303 3008 3359 relatam
3044 3303 3303 3375 approbet
3331 3303 3594 3376 suamque

2027 3391 2145 3430 aeta
2176 3415 2189 3428 .

2027 3375 2189 3431 'aciat.

2080 3445 2272 3514 Operae
2300 3443 2466 3516 igitur
2483 3444 2718 3516 pretium
2744 3442 2859 3499 fore
2877 3443 3317 3516 existimavimus
3340 3443 3385 3500 si
3416 3445 3469 3499 in
3493 3443 3595 3501 hac

2010 3516 2303 3570 novissima
2332 3514 2573 3571 editione
2597 3514 2832 3583 Operam
2862 3514 3091 3577 Alcuini,
3129 3530 3316 3570 eorum
3347 3515 3589 3569 omnium

2009 3586 2102 3655 qui
2143 3594 2334 3641 contra
2375 3583 2710 3653 Adoptianos
2739 3586 3290 3655 decertaruntasane
3314 3586 3594 3655 praecipui,

2008 3654 2097 3711 res
2124 3671 2264 3711 novo
2289 3655 2525 3711 examini
2549 3655 2888 3726 subjiciatur,
2917 3662 3057 3726 utet
3078 3654 3315 3726 affinitas
3337 3654 3598 3724 Adoptia-

2009 3726 2171 3782 nismi
2217 3741 2342 3780 cum
2380 3724 2661 3796 erroribus
2693 3727 2759 3782 de
2805 3725 3001 3796 duplici
3034 3724 3334 3796 inChristo
3359 3740 3592 3795 persona

2008 3796 2297 3852 momentis
2343 3794 2809 3865 irrefragabilibus
2835 3835 2849 3858 ,
2879 3794 2951 3849 'et
2982 3795 3199 3864 quidem
3237 3811 3345 3849 non
3366 3794 3497 3849 tam
3527 3812 3596 3851 ex

2008 3867 2218 3921 ratione
2249 3866 2573 3936 theologica,
2604 3881 2767 3934 quam
2795 3866 2911 3933 ipsa
2938 3873 3240 3933 temporum
3263 3865 3479 3920 illorum
3508 3867 3595 3921 hi-

2006 3937 2176 4007 storia
2218 3937 2872 4007 petitisircomprobetur,
2922 3943 2977 3989 et
3014 3943 3205 4007 auctor
3229 3944 3434 4007 noster,
3464 3936 3593 4007 dum

2006 4004 2240 4062 Felicem
2297 4013 2352 4060 et
2386 4004 2726 4076 Elipandum,
2775 4013 3034 4074 tanquam
3080 4004 3315 4061 Nestorii
3362 4006 3596 4061 asseclas

2008 4078 2325 4140 insectatur,
2369 4075 2507 4130 bene
2532 4091 2653 4131 cum
2682 4076 3007 4146 adversariis
3036 4075 3149 4129 suis
3173 4090 3441 4146 pugnasse
3472 4077 3591 4131 vin-

2007 4147 2237 4210 dicetur,
2274 4160 2431 4217 seeus
2459 4161 2524 4217 ac
2549 4145 2882 4217 existimavit
2906 4144 3208 4217 Walchius,
3237 4144 3328 4217 qui
3358 4145 3593 4201 Felicem

2006 4226 2062 4273 et
2089 4216 2408 4286 Elipandum
2442 4216 2509 4271 de
2540 4216 2736 4286 unione
2771 4215 3109 4286 hypostatica
3154 4216 3206 4269 in
3255 4214 3473 4271 Christo
3501 4232 3593 4270 or-

2008 4284 2244 4343 thodoxe
2268 4287 2473 4341 locutos
2497 4300 2616 4340 esse
2637 4284 2863 4354 judicat,
2895 4284 3178 4340 Alcuinum
3207 4301 3333 4341 vero
3368 4304 3386 4336 ι
3423 4286 3595 4340 homi-

2006 4374 2130 4413 nem
2181 4356 2453 4418 mobilem,
2509 4356 2936 4420 inconstantem,
2982 4364 3096 4410 tum
3144 4357 3279 4420 hoc,
3311 4365 3429 4411 tum
3468 4357 3595 4411 illud

2008 4429 2296 4490 dicentem,
2347 4427 2477 4496 quid
2524 4440 2654 4481 vero
2687 4435 2895 4481 certum
2932 4426 3035 4491 sit,
3076 4427 3406 4481 nescientem
3444 4447 3465 4478 ι
3500 4441 3597 4496 ap-

2007 4498 2188 4567 pellat,
2220 4495 2434 4567 aliaque
2463 4496 2630 4551 multa
2660 4497 2716 4551 in
2742 4495 2993 4552 Historia:
3021 4511 3131 4551 sua:
3157 4497 3386 4551 decursu
3413 4495 3591 4562 affert,

2007 4566 2226 4639 quibus,
2251 4567 2297 4622 si
2324 4566 2537 4639 veritati
2567 4576 3031 4639 essenteonsona,
3062 4567 3309 4639 laudibus
3334 4575 3388 4621 et
3411 4576 3596 4621 aucto-

2010 4636 2159 4694 ritati
2190 4637 2472 4706 scriptoris
2515 4636 2675 4706 hujus
2717 4636 2851 4693 alias
2896 4636 3247 4693 celeberrimi
3268 4653 3371 4691 non
3401 4650 3593 4706 parum

2010 4708 2409 4763 detraheretur.

330 4779 395 4832 ab
421 4778 672 4832 universa
723 4771 927 4829 erroris
960 4771 1264 4841 suspicione
1306 4775 1504 4847 liberos
1542 4771 1981 4847 pronuntiinsC
2082 4778 2267 4832 Finem
2292 4792 2453 4847 porro
2484 4778 2638 4833 nobis
2660 4776 3276 4847 propositumsecurius
3304 4783 3357 4831 et
3395 4777 3597 4847 certius

333 4848 616 4917 llispanos,
666 4846 793 4899 dum
820 4858 1043 4917 omnem
1090 4845 1489 4917 contentionem
1539 4846 1636 4899 hos
1668 4846 1824 4917 inter
1850 4856 1905 4902 et

336 4913 568 4973 Francos
604 4925 767 4983 atque
810 4913 1109 4983 Germanos
1139 4929 1243 4967 nou
1292 4914 1393 4968 nisi
1435 4917 1500 4970 de
1530 4916 1710 4970 verbis
1746 4914 1911 4973 fuisse

334 4982 895 5042 confidenter’statuit.
931 5002 947 5033 ι
986 4982 1094 5037 Nos
1123 4983 1349 5053 ingenue
1380 4983 1628 5050 fatemur,
1670 4987 1765 5050 ait,
1800 5003 1913 5043 me-

336 5075 444 5113 ram
476 5057 645 5114 fuisse
686 5053 1096 5125 logomachiam,
1128 5068 1249 5121 qua:
1282 5055 1477 5123 saepius
1504 5057 1742 5110 occurrit
1768 5058 1909 5125 apud

342 5128 632 5200 xheologos.
670 5146 703 5200 ρ
745 5122 1002 5200 ’Τριηκιζ
1029 5122 1291 5200 Thesanr.
1339 5122 1573 5200 Monum.
1605 5127 1762 5200 ecel.,
1800 5122 1906 5181 Tol.

342 5199 452 5263 288,
483 5194 632 5253 num.
665 5196 718 5249 5.
772 5196 882 5269 Nec
910 5194 1245 5269 defuereqni
1288 5196 1475 5269 eadem
1515 5211 1636 5269 cum
1664 5195 1910 5269 Basnage

343 5270 613 5332 sentirent,
644 5281 779 5337 quos
808 5266 982 5337 dean
1011 5266 1150 5337 apud
1183 5264 1482 5337 Walchium
1502 5265 1730 5337 sideris.

400 5334 725 5393 Moderatior
753 5337 900 5391 hisce
928 5334 1269 5389 Mabillonius
1301 5336 1352 5388 in
1379 5335 1691 5403 prmfatione
1720 5336 1784 5389 ad
1810 5352 1908 5391 sm-

344 5409 509 5463 :ulum
559 5425 611 5463 tv
654 5406 1081 5476 Benedictinum,
1120 5412 1275 5473 parte
1320 5421 1356 5469 l,
1404 5406 1431 5476 ᾗ
1484 5407 1535 5469 1,
1576 5404 1808 5476 Felicem
1856 5416 1912 5461 et

344 5480 650 5548 Elipandum
680 5476 903 5532 haeresis
950 5473 1290 5548 Nestoriange
1309 5473 1589 5548 accusatos
1638 5474 1803 5548 fuisse
1833 5478 1909 5531 ita

350 5545 519 5615 'efert,
567 5558 630 5603 ut
664 5548 819 5618 plane
852 5546 1098 5618 eamdem
1141 5546 1208 5618 de
1240 5545 1387 5599 hisce
1417 5546 1684 5618 episcOpis
1723 5546 1911 5602 tulisse

350 5615 740 5675 sententiam'et
773 5618 887 5686 ipse
915 5616 1210 5670 existimari
1242 5622 1423 5687 queat.
1451 5615 1530 5670 ’At
1566 5631 1688 5671 cum
1728 5627 1911 5674 nosset

355 5707 437 5747 iac
464 5692 531 5746 de
556 5704 614 5744 re
638 5690 781 5744 inter
804 5686 1044 5742 eruditos
1070 5688 1243 5743 adhuc
1260 5686 1390 5742 dum
1411 5689 1759 5753 controverti,
1787 5703 1909 5757 pro-

358 5776 543 5818 woncns
570 5761 626 5817 in
654 5767 889 5816 tractatu
919 5758 983 5813 de
1024 5757 1228 5814 Studiis
1270 5759 1583 5814 monasticis
1609 5761 1674 5814 ad
1705 5762 1915 5815 calcem

2012 4862 2109 4903 nos
2133 4846 2474 4902 assecdturos
2503 4862 2621 4903 esse
2647 4846 2899 4915 putamus
2923 4847 2969 4900 si
2994 4846 3347 4914 Adoptianos,
3372 4846 3596 4915 paribus

2010 4934 2137 4973 cum
2169 4918 2503 4973 Nestorianis
2543 4918 2813 4972 natalibus
2849 4924 3031 4980 ortos,
3082 4917 3272 4971 iisdem
3316 4917 3597 4985 principiis

2011 4989 2244 5053 innixos,
2299 5004 2362 5044 ac
2391 4988 2582 5043 iisdem
2629 4988 2845 5043 demum
2875 4988 3043 5042 armis
3090 4987 3388 5041 debellatus
3429 4985 3597 5042 fuisse

2009 5059 2427 5115 ostenderimus.
2477 5058 2533 5112 ld
2575 5066 2634 5113 ut
2661 5057 2969 5112 accuratius
2994 5056 3106 5121 fiat,
3135 5065 3303 5111 totam
3328 5056 3593 5111 Disserta-

2010 5130 2209 5185 tionem
2239 5130 2294 5183 in
2329 5128 2431 5183 tria
2458 5129 2637 5198 capita
2668 5128 2978 5192 dividimus,
3009 5127 3064 5180 in
3093 5128 3270 5198 primo
3295 5128 3360 5181 de
3386 5130 3594 5198 genesi,

2011 5201 2067 5254 in
2123 5199 2294 5253 altero
2347 5198 2414 5252 de
2461 5197 2723 5259 assertis,
2780 5199 2833 5251 in
2884 5198 3046 5252 tertio
3092 5197 3158 5252 de
3194 5197 3596 5267 impnguatione

2012 5271 2295 5339 utriusque
2319 5269 2524 5324 erroris
2548 5269 2744 5323 acturi.

2048 5409 2076 5481 §
2118 5409 2157 5463 l.
2198 5439 2267 5449 -
2295 5406 2383 5462 DE
2426 5406 2673 5462 GENESI
2721 5402 3257 5462 NESTORIANISMI
3306 5403 3394 5459 ET
3443 5405 3563 5458 AD-

2598 5497 3007 5557 OP'HANISMI.

2084 5616 2122 5669 l.
2156 5613 2444 5685 Difficultas
2481 5614 2538 5667 in
2578 5612 2859 5683 detegenda
2874 5613 3142 5685 nmmum}
3168 5611 3359 5685 genesi:
3388 5640 3451 5685 —_—
3485 5608 3596 5664 Dif-

2015 5669 2309 5743 ﬁcultatem
2336 5699 2442 5739 non
2471 5684 2646 5739 levem
2671 5669 2730 5739 se
2753 5683 2985 5754 prodere
3026 5669 3596 5754 inide'tegendahmre-

2014 5774 2130 5816 sum
2180 5755 2397 5826 genesi,
2443 5755 2643 5811 dudum
2692 5751 2910 5824 agnovit
2952 5754 3021 5809 cl.
3071 5753 3132 5805 ι).
3185 5751 3488 5807 Bernardus
3528 5751 3595 5803 de
