4136 6604
307 449 415 506 545

946 447 1315 506 ENHUEBER
1355 448 1667 505 DlSSERT.
1709 451 1795 505 DE
1836 447 2113 504 ":EBESI
2152 447 2471 504 ELlPANDl
2512 447 2600 504 ET
2641 446 2922 504 FELlClS.

3474 450 3579 503 5-16

308 566 486 634 ipsum
522 562 667 636 enim
695 562 930 618 Verbum
960 564 1188 636 dicimus
1238 565 1290 618 in
1342 581 1505 621 carne
1550 565 1746 627 fuisse;
1783 581 1887 618 non
1920 570 1962 623 Α
1990 563 2179 618 Refert
2208 565 2295 619 hic
2325 574 2543 619 sanctus
2573 565 2735 620 Pater
2774 567 2845 621 ibi
2889 566 3179 620 absurdam
3220 567 3577 636 quorumdam

308 636 457 690 aliud
492 634 723 689 Verbum
752 647 870 687 esse
899 641 951 688 et
977 635 1120 688 aliud
1150 635 1447 698 hominem.
1481 636 1535 690 iu
1578 650 1685 704 quo
1733 637 1889 689 Chri-

307 715 453 778 stum
512 705 699 778 dicunt
730 718 904 778 esse,
956 704 1050 758 sed
1097 706 1271 774 ipsum
1324 708 1483 778 .1670»
1543 721 1762 761 carnem
1810 707 1891 759 in-

307 777 513 830 duisse.
540 774 800 846 lllideuim
832 775 1019 829 dicunt
1063 791 1181 846 esse
1231 784 1287 829 et
1327 774 1515 839 Deum,
1548 786 1601 829 et
1631 779 1806 846 Λόγον,
1837 783 1894 829 et

306 846 583 916 spiritum.
616 844 879 912 Quartum
908 856 1087 899 autem
1127 844 1343 909 Filium,
1371 846 1423 900 id
1459 854 1563 909 est,
1593 844 1889 910 hominem,

306 914 494 996 quiens
524 914 708 996 Maria,
732 916 1210 996 quem_assumpsit
1234 919 1409 996 Λργος,
1426 926 1481 971 et
1503 928 1558 969 ut
1582 917 1888 972 ministrum

306 987 470 1057 rexit,
505 987 589 1039 cui
621 986 825 1040 homini
861 987 1074 1057 dicunt,
1108 994 1161 1040 et
1210 989 1391 1042 sedem
1449 995 1691 1057 paratam
1742 1000 1886 1057 esse.

307 1055 645 1110 Exciderunt
672 1073 800 1126 ergo
826 1071 856 1109 a
886 1056 1171 1126 Trinitate.
1203 1077 1222 1108 ι
1256 1055 1615 1111 Nihilominus
1643 1072 1707 1110 ex
1740 1056 1889 1110 hisce

307 1134 459 1196 patet
482 1125 756 1196 quomodo
784 1142 849 1181 ex
888 1126 1099 1180 incauta
1148 1125 1437 1181 Arianismi
1488 1126 1889 1195 impugnatione

306 1195 374 1251 ac
403 1195 785 1252 distributione
826 1212 1103 1251 sacrarum
1141 1212 1334 1251 vocum
1361 1198 1444 1250 via
1470 1196 1538 1250 ad
1567 1195 1887 1250 divisionem

308 1281 664 1336 personarum
713 1265 875 1321 fuerit
915 1275 1104 1329 strata,
1136 1268 1261 1320 dum
1300 1268 1527 1329 scilicet,
1554 1280 1889 1336 qumcunque

304 1336 491 1392 Verbo
539 1335 882 1406 aliquatenus
923 1338 1243 1392 videbantur
1281 1335 1726 1406 indigna,statim
1772 1335 1889 1391 sine

305 1408 510 1462 selecto
538 1408 606 1461 ad
632 1405 924 1463 humanam
952 1415 1201 1461 naturam
1252 1406 1539 1471 referrent,
1573 1405 1718 1475 quod
1767 1406 1889 1473 qui-

306 1476 645 1547 demaliqui
671 1477 866 1546 spiritu
907 1477 1045 1533 forte
1089 1477 1364 1543 hatretieo,
1395 1476 1484 1531 alii
1536 1478 1676 1533 bona
1721 1477 1885 1529 etiam

307 1547 415 1629 fide
442 1546 635 1629 fecisse
657 1549 857 1629 merito
883 1557 1192 1629 censentur,
1223 1564 1290 1602 eo
1342 1549 1508 1629 quod,
1554 1563 1618 1629 re_
1656 1548 1887 1629 necdum

304 1618 466 1687 plene
495 1616 763 1673 elucidala
791 1627 952 1689 atque
977 1619 1241 1681 diseusSa,
1266 1616 1565 1689 periculum
1602 1617 1747 1673 haud
1771 1616 1888 1670 ani-

306 1689 729 1743 madverterent.

380 1758 496 1813 XV.
532 1755 931 1829 Conﬁrmantur
956 1757 1305 1829 parcetis-mia
1334 1775 1401 1812 ea:
1423 1766 1606 1829 sancto
1633 1754 1886 1827 Gregorio

308 1827 553 1898 Nysseno
582 1837 630 1882 et
652 1827 1050 1883 ΑιΙιαηαδίοζ-
1070 1828 1436 1883 Conlirmatur
1463 1828 1580 1883 lucc
1608 1842 1889 1898 argumen-

305 1897 443 1969 tatio
464 1913 529 1952 ex
559 1898 625 1953 iis
647 1912 767 1967 qua:
796 1907 1015 1969 sanctus
1044 1898 1336 1968 Gregorius
1359 1897 1886 1969 Nyssenusrpistola

307 1969 375 2023 ad
400 1968 758 2037 Theophilum
976 1967 1423 2032 Alexandrinum,
1460 1978 1592 2023 tom.
1627 1968 1667 2022 ll
1693 1967 1739 2024 Ο
1810 1983 1884 2029 r.,

307 2039 439 2093 edit.
473 2040 645 2093 Paris.
673 1968 950 2093 annm
976 2049 1029 2093 et
1057 2048 1185 2093 tom.
1219 2039 1241 2093 Ι
1278 2039 1439 2093 Thes.
1472 2038 1707 2093 Monum.
1740 1983 1884 2093 Ecl.

303 2039 439 2093 edit.
473 2040 645 2095 Paris.
673 2055 763 2094 an.
792 2037 946 2103 ίϋίὅ,
976 2049 1029 2094 et
1057 2048 1185 2093 tom.
1219 2039 1241 2094 Ι
1278 2039 1439 2095 Thes.
1472 2038 1707 2094 Monum.
1740 2037 1886 2093 Eccl.

304 2107 579 2179 Basnagii,
604 2109 695 2165 fol.
733 2108 855 2175 192,
882 2110 1070 2165 scribit
1106 2128 1120 2164 :
1174 2128 1193 2159 ι
1246 2110 1347 2177 Qui
1396 2110 1646 2179 dogmata
1690 2108 1892 2179 Apolli-

307 2179 443 2232 narii
473 2177 789 2243 defendunt,
817 2190 1081 2235 conantur
1108 2180 1411 2234 accusando
1434 2177 1531 2235 nos
1568 2194 1665 2233 sua
1694 2177 1892 2235 conﬁr-

307 2264 483 2313 mare,
508 2249 741 2306 Verbum
776 2259 830 2305 et
866 2259 1141 2306 auctorem
1175 2249 1528 2314 saeculorum,
1555 2250 1752 2304 Filium
1792 2250 1891 2302 bo—

305 2319 468 2374 minis
519 2320 657 2386 dico,
691 2320 948 2376 facientes
992 2337 1250 2377 carneum
1300 2329 1355 2374 et
1384 2320 1719 2375 divinitatem
1766 2317 1889 2372 Filii

308 2391 613 2461 mortalem.
648 2390 935 2446 Profcrunt
959 2391 1123 2452 enim,
1146 2392 1302 2461 quasi
1331 2390 1553 2461 quidam
1592 2390 1889 2461 secundum

307 2459 633 2517 catholicam
666 2462 964 2517 Ecclesiam
1007 2459 1277 2530 duplicem
1328 2461 1497 2515 filium
1542 2460 1597 2515 in
1636 2460 1892 2530 dogmate

306 2532 681 2599 profiteantur,
713 2548 879 2586 unum
924 2539 1138 2594 natura,
1166 2532 1395 2586 alterum
1444 2531 1714 2600 positione
1758 2530 1889 2591 (seu

305 2600 616 2675 adoptione)
650 2605 738 2658 τὸν
765 2606 854 2675 diu
882 2605 1013 2658 κατὰ
1044 2602 1196 2675 poeta
1230 2601 1370 2675 ὄντα,
1397 2602 1554 2675 {esse
1581 2603 1713 2675 κατᾴ
1751 2602 1888 2655 eam

304 2671 523 2749 ᾖᾳτξρον
551 2671 973 2749 πρρσγεὺόιέενοντ
1010 2692 1028 2724 ι
1051 2671 1358 2749 'Subjungit
1375 2672 1625 2749 equidem
1658 2672 1742 2749 his
1766 2686 1889 2723 ver-

304 2739 390 2797 bis
409 2739 745 2812 Gregorius:
770 2761 787 2794 t
811 2739 1008 2799 Nescio
1030 2758 1060 2797 a
1082 2739 1315 2813 quanam
1344 2739 1447 2797 hoc
1470 2742 1889 2813 audierint,A_ne-_-

304 2826 410 2894 que
453 2810 645 2895 contra
694 2828 853 2895 quem
900 2810 1172 2895 pugnem;
1194 2813 1439 2895 Nondum
1468 2813 1614 2893 enim
1646 2810 1888 2895 intellexi

302 2883 426 2950 quis
452 2882 586 2939 falso
608 2880 726 2939 haec
746 2880 963 2939 dixerit.
979 2880 1017 2936 ἰ
1047 2885 1116 2938 At
1143 2884 1266 2939 licet
1294 2881 1586 2953 Gregorius
1616 2880 1887 2953 neminem

304 2954 545 3017 sciverit,
577 2955 670 3025 qui
717 2954 851 3010 duos
904 2963 1087 3025 aperte
1136 2954 1279 3025 filios,
1314 2951 1683 3025 profiteretur,
1720 2951 1888 3025 fuisse

304 3030 485 3094 tamen
510 3020 719 3094 aliquos
741 3027 831 3092 qui
870 3020 973 3079 ista
1007 3024 1074 3079 de
1104 3020 1387 3079 catholicis
1430 3020 1756 3094 criminandi
1794 3036 1889 3094 oc—

302 3093 580 3150 casionem
601 3091 1033 3163 ‘Apoll’inaristis,
1064 3110 1158 3151 sua
1188 3095 1329 3149 inter
1348 3092 1648 3149 naturalem
1676 3098 1733 3146 et
1759 3091 1851 3145 at"
1880 3120 1889 3127 -

304 3165 511 3231 ptivum
562 3165 754 3219 Filium
804 3165 1150 3221 distinctione
1193 3164 1476 3229 dederunt,
1525 3178 1631 3216 non
1683 3163 1780 3219 abs
1828 3174 1888 3214 re

303 3234 520 3289 dicitur.
561 3234 862 3291 Admodum
908 3250 1249 3289 communem
1288 3234 1433 3290 enim
1476 3233 1713 3287 evasisse
1745 3233 1887 3286 hanc

1991 637 2326 702 opinionem,
2358 652 2463 704 qua
2497 638 2675 689 unitas
2716 637 2767 689 in
2812 636 3131 691 Trinitatem
3175 636 3391 691 dilatari
3436 638 3583 695 dice-

1992 705 2190 769 batur;
2229 705 2428 777 illaque
2456 708 2658 777 reiecta
2678 707 2761 777 sic
2790 706 3028 777 scribere
3050 707 3228 777 pergit
3253 721 3268 759 :
3303 724 3320 757 ι
3352 707 3582 774 Quando

1992 790 2122 845 vero
2149 775 2241 845 qui
2274 777 2347 829 ita
2376 777 2615 829 sentiunt
2641 775 2874 845 Verbum
2904 785 2959 829 et
2982 775 3176 830 Filium
3208 776 3447 831 dividere
3479 794 3577 832 au-

1991 844 2633 914 dent,conlenduntque
2674 844 2817 899 aliud
2857 861 2977 900 esse
3025 846 3261 899 Verbum
3313 856 3367 901 et
3412 846 3576 903 alium

1990 914 2230 992 Filiuan
2257 918 2400 992 ᾀλλὸν
2426 920 2515 982 μὲν
2542 915 2666 992 circa
2694 918 2781 992 ron
2807 918 2964 992 A_r37_o_v
2982 957 2996 981 ,
3027 916 3202 992 ἕτερον
3233 916 3401 992 δέ-τόν
3428 920 3577 986 Υἰὸν)

1991 987 2142 1054 prius
2176 985 2408 1039 Verbum
2439 1002 2555 1040 esse
2576 1027 2591 1050 ,
2624 987 2814 1039 deinde
2844 985 3077 1052 Filium;
3112 985 3251 1055 'age,
3296 988 3398 1041 ista
3440 1004 3577 1055 quo—

1991 1071 2126 1124 que,
2159 1057 2203 1109 si
2234 1057 2436 1125 placet,
2469 1058 2883 1125 perpendamus.
2928 1057 3090 1111 Varia
3134 1066 3313 1112 autem
3362 1057 3577 1112 illorum

1989 1136 2073 1179 est
2102 1126 2397 1179 temeritas.
2432 1126 2535 1179 Alii
2576 1128 2720 1179 enim
2766 1127 3066 1189 hominem,
3118 1143 3278 1196 quem
3326 1126 3582 1181 Salvator

1990 1196 2315 1267 assumpsit,
2339 1195 2534 1267 Filium
2558 1212 2677 1250 esse
2699 1196 2916 1267 volunt:
2942 1197 3030 1250 alii
3056 1195 3360 1267 utrumque,
3386 1213 3583 1267 nempe

1990 1266 2264 1321 hominem
2295 1274 2350 1319 et
2380 1266 2643 1329 Verbum,
2674 1276 2801 1321 tunc
2829 1266 3024 1320 Filium
3056 1266 3253 1321 factum
3286 1266 3451 1323 fuisse
3480 1266 3579 1336 pu—

1991 1343 2145 1399 tant,
2176 1351 2299 1389 cum
2345 1336 2485 1389 inter
2526 1351 2583 1391 se
2627 1336 2857 1404 copulati
2899 1345 3042 1390 sunt.
3090 1337 3193 1390 Alii
3225 1346 3404 1391 autem
3435 1339 3581 1393 arbi-

1990 1413 2201 1460 trantur
2228 1407 2404 1475 ipsum
2432 1406 2664 1461 Verbum
2696 1416 2822 1461 tunc
2844 1406 3036 1461 Filium
3065 1406 3263 1461 factum
3291 1422 3431 1472 esse,
3452 1424 3578 1464 cum

1990 1476 2152 1531 homo
2182 1477 2354 1546 factos
2380 1483 2502 1531 est:
2536 1476 2802 1545 siquidem
2848 1492 2912 1531 ex
2946 1478 3150 1541 Verbo,
3182 1478 3464 1546 inquiunt,
3499 1478 3580 1532 fa—

1989 1554 2113 1632 ctus
2152 1554 2240 1601 est
2280 1545 2479 1632 Filius,
2506 1548 2601 1632 qui
2647 1556 2803 1601 antea
2834 1547 3165 1632 nooFilips,
3196 1545 3291 1602 sed
3319 1549 3581 1632 duntaxat

1990 1617 2226 1688 Verbum
2268 1625 2406 1671 erat.
2441 1637 2462 1688 ε
2506 1616 2679 1670 Fuere
2723 1633 2853 1687 ergo
2896 1619 3037 1672 inter
3060 1616 3291 1671 Arianos
3320 1618 3576 1688 quidam,

1988 1688 2081 1757 qui
2106 1687 2341 1742 Verbum
2369 1703 2399 1740 a
2420 1686 2561 1757 Filio
2589 1686 2917 1757 diviserant,
2947 1695 3039 1741 aut
3062 1688 3155 1757 qui
3183 1686 3417 1742 Verbum
3452 1698 3581 1743 ttmc

1988 1756 2327 1828 solummodo
2354 1756 2545 1811 Filium
2574 1773 2696 1813 esse
2723 1756 2925 1812 factum
2956 1756 3301 1828 asseruerant
3320 1800 3334 1824 ,
3362 1759 3582 1828 quando

1989 1828 2152 1882 homo
2180 1827 2355 1882 factus
2383 1836 2485 1881 est.
2520 1828 2674 1883 Hunc
2699 1843 2865 1896 perm
2892 1842 3137 1882 errorem
3167 1827 3402 1883 refutare
3430 1830 3582 1883 vide-

1991 1908 2080 1951 tur
2105 1906 2296 1953 auctor
2325 1898 2446 1952 libri
2482 1907 2669 1953 contra
2696 1901 3107 1959 Σύνουσιάστκς,
3138 1914 3299 1967 quem
3342 1900 3430 1953 alii
3481 1899 3584 1954 sub

1920 1942 1963 2001 Β
1994 1968 2211 2023 Diodori
2258 1967 2571 2032 Tarsensis,
2616 1970 2709 2023 alii
2753 1970 2853 2022 sub
2899 1942 3171 2023 Theodori
3216 1967 3580 2037 MOpsuestcni

1991 2040 2209 2093 nomine
2230 2040 2439 2109 ﬁcitant,
2472 2039 2599 2109 dum
2625 2040 2701 2091 ait
2728 2039 2867 2109 apud
2895 2037 3177 2093 Leontium
3202 2037 3427 2108 Byzant.
3457 2039 3579 2093 Act.

1993 2124 2086 2180 Iv,
2111 2108 2425 2180 de_Se_ct_is,
2470 2108 2605 2163 Bibl.
2652 2108 2968 2180 PP.:7Lugd.
3011 2118 3143 2163 tom.
3172 2109 3241 2162 IX
3262 2150 3274 2172 ,
3308 2110 3401 2163 fol.
3434 2109 3538 2163 704
3566 2129 3578 2163 :

1996 2196 2014 2225 σ
2050 2178 2238 2234 Gratia
2268 2178 2437 2233 Filius
2466 2180 2629 2234 homo
2658 2194 2726 2235 ex
2756 2178 2923 2234 Maria
2951 2188 3143 2244 natus,
3174 2191 3367 2233 natura
3397 2188 3581 2234 autem

1990 2248 2135 2304 Deus
2180 2249 2460 2304 Verbum:
2510 2250 2643 2304 illud
2685 2250 2890 2319 gratia,
2936 2257 2995 2319 et
3039 2265 3146 2305 non
3192 2258 3427 2315 natura;
3476 2251 3580 2305 hoc

1990 2328 2172 2373 autem
2201 2327 2480 2390 naturaet
2507 2335 2613 2373 non
2642 2317 2839 2390 gratia.
2873 2317 3112 2374 Sufficiet
3142 2320 3357 2390 corpori
3384 2336 3449 2375 ex
3478 2336 3578 2375 no-

1990 2396 2106 2460 _stro
2152 2402 2350 2460 genere
2400 2388 2590 2444 liliatio
2640 2388 2938 2444 Secundum
2985 2388 3261 2460 gratiam,
3308 2390 3478 2460 gloria
3503 2396 3584 2460 "et

1990 2458 2401 2529 immortalitas,
2444 2467 2503 2513 et
2537 2460 2682 2529 quod
2724 2458 3107 2527 templum'Dei
3136 2458 3335 2515 factum
3365 2469 3469 2516 est.
3502 2459 3584 2515 Ne

1989 2527 2231 2599 elevetur
2254 2544 2415 2599 supra
2442 2527 2693 2584 naturam
2713 2570 2727 2599 ,
2755 2541 2810 2581 et
2835 2530 2977 2584 Deus
3004 2531 3241 2585 Verbum
3268 2530 3389 2587 loco
3413 2531 3581 2585 aetio-

1990 2598 2076 2653 nis
2116 2598 2414 2670 gratiarum
2438 2640 2454 2663 ,
2495 2615 2657 2669 quam
2696 2598 2989 2664 debemus,
3023 2602 3351 2656 contumelia
3377 2599 3582 2657 allicia—

1990 2677 2102 2733 tur,
2130 2678 2188 2725 et
2216 2686 2335 2739 qua:
2364 2670 2693 2725 contumelia
2713 2671 2739 2723 ἲ
2774 2685 3099 2739 componere
3139 2686 3267 2725 eum
3298 2688 3422 2726 cum
3457 2687 3581 2726 cor-

2137 2749 2195 2821 _et
2220 2740 2542 2823 existin'mre,
2571 2739 2804 2823 apus'illi
2830 2757 2940 2823 esse
2965 2757 3182 2823 corpore
3207 2742 3277 2823 ad
3301 2741 3584 2823 perfectam

1989 2808 2373 2880 filiqtionem._p
2405 2810 2483 2864 En
2514 2808 2678 2880 negat
2703 2808 2793 2865 hic
2817 2820 3009 2865 auctor
3047 2808 3186 2876 iste,
3231 2808 3468 2866 Verbum
3513 2813 3581 2866 ad

1988 2878 2282 2960 perlectam
2314 2878 2632 2960 filiationem
2664 2883 3059 2960 assumptione_
3080 2883 3334 2960 humanae
3360 2889 3583 2960 paturae

1990 2949 2318 3021 indiguisse,
2348 2951 2493 3021 quod
2524 2949 2868 3005 Arianorum
2888 2952 3151 3021 quosdam
3177 2950 3485 3007 defendisse
3513 2967 3579 3007 ex

1988 3017 2301 3103 Athanasio
2338 3017 2647 3103 retulimusz
2698 3017 2936 3103 dicitque
2982 3022 3218 3103 Verbum
3267 3038 3333 3076 ex
3383 3029 3581 3076 natura

1987 3103 2085 3143 sua
2101 3089 2222 3215 ιἔξω]
2253 3089 2321 3144 ab
2346 3098 2549 3145 aeterno
2576 3089 2740 3145 fuisse
2768 3087 2961 3147 Filium
2989 3110 3004 3158 ;
3032 3093 3205 3163 gratia
3235 3104 3417 3147 autem
3436 3135 3453 3157 ,
3486 3107 3581 3147 seu

1988 3174 2097 3215 ouo
2155 3160 2297 3215 idem
2320 3168 2428 3215 est.
2453 3161 2743 3215 adoptione
2767 3163 3041 3215 hominem
3065 3173 3423 3215 assunmtum.
3450 3162 3581 3215 Ouis

1988 3160 2130 3232 quod
2155 3160 2297 3215 idem
2320 3168 2428 3225 est,
2453 3161 2743 3229 adoptione
2767 3160 3423 3232 hominem'assumptum.
3450 3162 3582 3228 Quis

1990 3230 2079 3284 hic
2097 3245 2211 3305 non
2234 3232 2408 3305 videt,
2430 3232 2692 3305 directam
2720 3232 3061 3305 occasionem
3086 3247 3150 3305 εξ
3179 3230 3580 3305 impugnatione

304 3306 372 3377 de
418 3306 719 3377 assertione
763 3306 991 3377 duplicis
1016 3304 1125 3377 lilii
1165 3305 1572 3377 imputationem
1595 3302 1884 3377 catholicis
1911 3291 1959 3354 C
1987 3301 2228 3377 perfidia;
2254 3291 2501 3377 Arianze,
2530 3309 2590 3355 ut
2616 3301 3055 3377 duplexAFilius,
3101 3302 3240 3358 alter
3258 3291 3577 3369 'na'turalis,

304 3372 706 3446 factam,etiam
727 3390 791 3431 ex
818 3372 882 3431 iis
903 3376 1177 3446 colligitur
1204 3372 1325 3443 qua:
1349 3374 1675 3446 Athanasius
1706 3372 1843 3426 libro
1865 3388 1883 3426 ι

302 3445 567 3501 adversus
613 3444 1055 3515 Apollinaristas,
1079 3454 1363 3515 postquam
1395 3444 1771 3515 hzereticornm
1799 3458 1887 3515 er-

304 3530 459 3571 rores
482 3511 863 3580 recensuisset,
896 3511 1124 3571 scribit:
1156 3535 1175 3567 ι
1209 3511 1288 3570 Ita
1316 3531 1413 3569 vos
1454 3529 1669 3585 quoque
1692 3511 1880 3583 (Apol-

303 3585 951 3658 linaristaspalloquitur)
1013 3589 1161 3642 velut
1208 3586 1552 3658 sycophanta:
1590 3585 1732 3658 duos
1785 3596 1887 3637 nos

302 3657 446 3712 lilios
469 3655 983 3723 admittere'diciti's,
1013 3658 1099 3712 vel
1128 3655 1493 3711 nos’hominis
1519 3655 1756 3710 cultores
1791 3668 1885 3706 vo-

303 3727 696 3798 _catis,nosque
731 3728 938 3798 peccati
989 3727 1331 3783 insimulatis.
1399 3746 1417 3777 ι
1468 3725 1700 3793 Nempe,
1743 3723 1886 3777 inter

294 3795 411 3865 jam
437 3795 767 3853 memoratos
792 3798 907 3854 Arii
934 3814 1150 3853 errores
1169 3798 1216 3851 is
1250 3799 1438 3861 etiam,
1461 3803 1521 3850 ut
1546 3810 1713 3865 supra
1729 3802 1886 3865 nota-

300 3863 504 3945 vimus,
529 3866 724 3945 fuerat,
753 3869 898 3938 quod
931 3887 953 3945 ε
1001 3883 1220 3923 carnem
1260 3869 1430 3945 solam
1470 3867 1538 3921 ad
1563 3863 1885 3945 occultatio-

303 3952 429 3991 nem
453 3937 751 3994 divinitatis
772 3934 791 3991 ἱ
818 3938 1201 4003 confiteretur;
1231 3956 1249 3988 ‹
1272 3939 1391 3994 vice
1406 3944 1588 3991 autem
1611 3934 1885 3990 interioris

300 4008 475 4061 nostri
504 4008 768 4073 hominis,
798 4008 852 4063 id
874 4017 957 4064 est
982 4010 1196 4071 animae,
1220 4009 1456 4063 Verbum
1488 4007 1542 4061 in
1586 4020 1751 4061 carne
1784 4018 1883 4057 ex-

302 4078 530 4149 stitisse,
563 4097 587 4149 ιν
604 4079 843 4149 diceret,
876 4097 894 4128 ι
924 4080 1230 4149 passionem
1254 4086 1312 4133 ct
1334 4078 1403 4132 ab
1428 4076 1617 4149 inferis
1641 4088 1887 4149 resurre-

302 4148 539 4204 ctionem
563 4148 828 4204 divinitati
854 4145 1129 4205 ascribere
1155 4164 1337 4204 ausus.
1370 4167 1389 4200 ι
1423 4149 1501 4202 ita
1531 4145 1881 4201 Athanasius.

302 4217 587 4288 Negabant
627 4219 681 4274 id
726 4219 996 4285 catholici,
1028 4220 1413 4275 contendentes
1452 4215 1744 4288 perfectam
1782 4215 1887 4288 ho-

302 4284 468 4343 minis
496 4298 745 4344 naturam
774 4306 897 4344 cum
925 4284 1153 4360 cerpore
1178 4298 1235 4343 et
1256 4291 1435 4360 anima
1454 4284 1487 4343 a
1514 4288 1691 4343 Verbo
1720 4284 1886 4360 fuisse

303 4368 656 4431 assumptam,
687 4376 754 4414 ex
783 4376 890 4429 quo
916 4356 1271 4431 Apollinaris,
1298 4359 1631 4431 Arianorum
1651 4356 1881 4431 vestigia

302 4429 359 4500 in
385 4444 451 4485 eo
483 4426 938 4500 saltemrsecutus,
965 4426 1112 4500 quod
1159 4448 1179 4481 ‹
1226 4431 1345 4500 vice
1391 4428 1668 4500 interioris
1711 4426 1885 4481 nostri

303 4499 543 4555 hominis
590 4499 865 4555 caelestem
900 4497 1137 4557 mentem
1184 4500 1239 4555 in
1286 4498 1504 4555 Christo
1530 4497 1694 4552 fuisse
1727 4514 1743 4546 ι
1775 4504 1886 4549 sta-

304 4578 503 4635 tueret,
533 4572 672 4639 apud
700 4571 962 4625 Athanas.
998 4572 1101 4626 loc.
1129 4572 1316 4633 citato,
1348 4569 1690 4639 occasionem
1713 4581 1882 4639 ﬁsum-

1988 3370 2129 3425 alter
2156 3371 2438 3438 adoptivus
2465 3372 2839 3427 statueretur?

2058 3464 2235 3540 XVIL
2256 3465 2522 3540 Diodorus
2538 3464 2824 3540 Iarsensis
2854 3465 3401 3540 Arianoswimpugnal.
3429 3466 3579 3540 Idem

1986 3532 2115 3658 iacit
2172 3533 2474 3589 Theodorus
2526 3536 2941 3606 Mopsuestenus.
2976 3565 3047 3577 --
3086 3532 3282 3593 Verum
3330 3539 3580 3608 equidem

2027 3606 2181 3658 abet.
2212 3606 2440 3658 librum.
2480 3621 2547 3658 ex
2579 3622 2687 3658 ouo
2719 3616 2899 3658 textus
2944 3607 3047 3658 iste
3091 3608 3411 3658 desumntns
3458 3619 3578 3658 est.

2027 3606 2181 3677 abet,
2212 3606 2440 3677 librum,
2480 3621 2547 3661 ex
2579 3622 2687 3673 quo
2716 3616 2899 3677 textus
2944 3607 3047 3661 iste
3091 3606 3411 3677 desumptus
3458 3619 3578 3672 est,

1986 3674 2327 3747 directe‘non
2357 3674 2604 3742 Arianis,
2636 3675 2729 3731 sed
2748 3675 3095 3747 ,Synusiastis
3130 3694 3226 3733 seu
3251 3674 3579 3747 Apollinari-

1988 3744 2087 3798 stis
2115 3746 2419 3814 oppositum
2446 3762 2588 3802 esse.
2617 3746 2687 3801 At
2714 3746 2759 3802 si
2783 3744 2830 3802 is
2849 3747 2917 3801 ad
2940 3747 3230 3804 Diodorum
3259 3744 3578 3805 Tarsensem

1985 3814 2443 3887 referridebeat,
2474 3826 2691 3871 constat
2733 3818 3046 3887 episcopum
3094 3820 3237 3874 hunc
3281 3836 3388 3873 non
3434 3819 3577 3873 solos

1984 3883 2440 3954 Appollinaristas
2459 3926 2474 3951 ,
2507 3888 2603 3942 sed
2630 3883 2862 3942 Arianos
2890 3883 3053 3942 etiam
3084 3904 3178 3943 seu
3210 3888 3578 3943 Eunomianos

1987 3953 2350 4027 impugnasse,
2379 3966 2539 4027 prout
2561 3957 2627 4011 de
2652 3972 2719 4012 eo
2747 3959 2913 4012 refert
2934 3957 3216 4013 Fabricius
3238 3959 3375 4013 Bibl.
3399 3959 3575 4013 (hunc.

1987 3970 2350 4080 impugnasse,
2379 3970 2539 4027 prout
2561 3970 2627 4011 de
2652 3972 2719 4012 eo
2747 3970 2913 4012 retert
2934 3970 3216 4013 r'anricms
3238 3970 3375 4013 mm.
3399 3970 3575 4013 Graec.

1986 4038 2053 4107 vo
2079 4063 2113 4107 τ’
2159 4026 2423 4107 'lll,_pag.
2450 4027 2758 4107 558._seq.n,
2784 4027 2887 4107 qui
2919 4028 3139 4107 insuper
3178 4045 3235 4083 n.
3380 4028 3577 4083 ibidem

1988 4094 2120 4149 dicit
2147 4094 2600 4168 quod‘sc'ripserit
2630 4094 2696 4153 de
2726 4094 2931 4167 Spiritu
2976 4094 3167 4154 sancto
3215 4098 3362 4152 varia
3408 4114 3577 4168 argu-

1987 4174 2176 4238 menta
2190 4166 2621 4238 Macedonianis,
2649 4175 2710 4220 ut
2733 4166 2965 4231 videtur,
2996 4169 3267 4238 opposita,
3302 4168 3353 4222 in
3383 4166 3577 4237 quilms

1986 4235 2405 4307 eumﬁNestorio
2450 4236 2787 4307 przelusisse,
2821 4247 2974 4292 notat
3016 4235 3242 4294 Photius
3267 4235 3533 4295 codle
3556 4278 3572 4302 ,

1986 4306 2079 4379 qui
2111 4306 2280 4379 illain
2310 4306 2498 4363 eodem
2526 4307 2796 4379 volumine
2823 4307 2983 4379 legit,
3015 4323 3122 4377 quo
3158 4308 3361 4365 Gclasii
3399 4306 3577 4363 (ἔκδει-

1986 4376 2351 4449 riensisiiher
2376 4384 2566 4449 contra
2606 4376 2968 4433 Eunomianos
2993 4376 3417 4449 comprehensus
3442 4380 3575 4432 fere-

1985 4446 2166 4518 batur.
2195 4446 2585 4518 Mirumiigitur
2612 4462 2717 4501 non
2748 4456 2831 4503 est
2852 4490 2867 4510 ,
2892 4449 2937 4503 si
2969 4450 3020 4503 in
3051 4446 3169 4517 ipso
3192 4450 3357 4504 etiam
3385 4455 3575 4502 contra

1988 4515 2333 4585 Synusiastas
2358 4515 2497 4573 libro
2523 4521 2727 4573 erroris
2750 4515 3189 4574 Eunomiauiseu
3216 4519 3403 4573 Ariani
3430 4534 3576 4572 men-

1988 4588 2187 4657 tionem
2218 4586 2438 4651 fecerit,
2469 4604 2701 4657 eumque
2729 4589 2904 4645 denuo
2931 4588 3204 4644 debellare
3232 4596 3459 4645 mnatus
3482 4590 3575 4653 sit,

300 4638 690 4728 psitler’rorem
715 4641 870 4728 illum
897 4642 965 4728 de
994 4642 1206 4728 duplici
1234 4640 1355 4728 uno
1382 4638 1883 4728 gatlgplicjsjrnntgj
1917 4668 1964 4728 υ
1986 4638 2902 4728 sectans;sensisseeos
2937 4638 3201 4714 ἶὲεἶῖἱῖὁιῖ
3227 4638 3575 4727 signate:

305 4710 686 4777 tandi,ductus
714 4712 925 4766 ratione
949 4710 1091 4781 quod
1117 4730 1134 4761 ‹
1160 4710 1266 4766 duo
1299 4712 1537 4781 perfecta
1565 4724 1730 4762 unum
1755 4722 1884 4781 esse

302 4798 410 4836 non
465 4776 693 4850 possint.
753 4802 772 4834 ι
822 4776 1108 4845 Athanas.,
1138 4781 1241 4835 loc.
1287 4776 1380 4835 cit.
1425 4780 1593 4850 Porro
1614 4776 1883 4850 seufalsa

303 4847 483 4906 fuerit
504 4851 671 4921 (quod
715 4852 932 4921 quidem
973 4852 1148 4921 quoad
1194 4851 1481 4920 plerosque
1523 4848 1679 4902 facile
1725 4847 1884 4916 largi-

304 4924 474 4993 mur),
499 4938 595 4977 seu
624 4930 872 4993 respectu
902 4921 1201 4993 aliquorum
1239 4921 1416 4976 minus
1449 4929 1611 4993 caute
1636 4932 1881 4993 pugnat)»

307 4987 441 5047 tium
463 4993 625 5047 etiam
652 4987 781 5047 vera
812 4992 927 5046 haec
952 4987 1244 5055 accusatio,
1280 5006 1342 5044 ea
1387 5000 1536 5045 certe
1582 4990 1757 5049 docet,
1784 4987 1884 5040 im—

303 5064 688 5133 pugnationem
722 5062 1010 5115 Arianismi
1042 5078 1229 5116 ansam
1255 5062 1551 5133 praebuisse
1576 5058 1642 5111 de
1683 5057 1880 5133 duplici

306 5128 360 5189 in
384 5128 603 5189 Christo
639 5133 748 5187 lilio
776 5141 831 5203 et
855 5133 1150 5203 cogitandi,
1179 5140 1229 5203 et
1258 5128 1565 5203 ἐρήρεινόῇ
1617 5137 1711 5181 aut
1756 5128 1883 5203 talia

306 5205 496 5259 saltem
550 5202 862 5267 asserendi,
904 5198 1048 5258 unde
1103 5201 1297 5271 duplex
1351 5200 1439 5255 ille
1496 5199 1636 5254 filius
1688 5198 1884 5251 merito

306 5274 621 5330 inferretur.

376 5364 517 5420 XVI.
558 5364 671 5434 Ipsi
698 5364 884 5418 Ariani
913 5362 1235 5434 occasionem
1266 5360 1393 5434 dant
1419 5359 1673 5434 doctrinm
1698 5356 1763 5409 de
1789 5356 1887 5409 du-

304 5434 430 5506 plici
462 5428 600 5506 ﬁlio.
628 5464 699 5506 -ςέ
726 5434 864 5501 Quin
900 5434 1115 5502 ipsimet
1142 5431 1327 5485 Ariani
1346 5471 1360 5491 ,
1393 5446 1515 5506 cum
1547 5428 1737 5506 spiritu
1767 5442 1889 5506 ver-

310 5496 494 5576 tiginis
537 5504 593 5559 in
638 5496 1231 5576 divErsapraperentur.
1278 5509 1440 5568 atque
1470 5500 1530 5576 in
1553 5496 1889 5576 expositione

308 5568 571 5631 doctrina:
600 5589 710 5631 suae
734 5568 989 5629 continuo
1019 5580 1073 5626 et
1098 5572 1373 5626 variarent
1400 5580 1455 5621 et
1480 5568 1885 5631 discordarent,

307 5644 658 5720 e_rrori_huic
700 5643 1103 5720 fundamentum
1147 5656 1406 5720 posuere,
1452 5647 1614 5709 prout
1652 5653 1717 5691 ex
1744 5652 1887 5720 _ora-

310 5717 458 5775 tione
484 5714 518 5774 4
544 5717 717 5770 sancti
744 5710 1025 5771 Athanasii
1053 5707 1242 5768 contra
1272 5707 1500 5765 Arianos
1525 5721 1714 5763 eruere
1744 5707 1887 5761 licet.

379 5895 411 5940 ι
449 5892 731 5953 Fabricius
758 5890 892 5961 Bibl.
924 5890 1016 5949 Gr.
1052 5889 1112 5945 L.
1144 5886 1206 5944 V.
1236 5887 1297 5943 P.
1326 5886 1415 5954 νὴ,
1446 5901 1568 5957 pag.
1606 5884 1724 5953 l57,
1765 5883 1916 5956 ponit
1944 5902 1955 5937 :

1990 4727 2145 4780 eerit.
2177 4726 2328 4793 Quod
2357 4728 2403 4782 si
2428 4741 2559 4782 vero
2584 4729 2894 4797 pmcitatus
2922 4728 3060 4784 liber
3089 4726 3429 4784 Theodorum
3464 4728 3573 4780 Mo-

1988 4804 2337 4864 psuestenum
2383 4807 2659 4852 auctorem
2707 4799 2931 4859 habeat,
2979 4800 3223 4854 eamdem
3267 4813 3499 4867 pugnam
3532 4798 3574 4851 is

1989 4881 2205 4936 quoque
2250 4868 2541 4936 pugnavit,
2586 4876 2750 4936 prout
2791 4867 3062 4936 colligitur
3102 4884 3170 4923 ex
3212 4866 3330 4935 ejus
3358 4867 3570 4930 verbis,

2030 4885 2205 4936 uoque
2250 4885 2541 4936 pugnavit,
2586 4885 2750 4936 prout
2791 4885 2910 4921 com
2952 4885 3062 4921 Itur
3102 4885 3170 4923 ex
3212 4885 3330 4935 cjus
3358 4885 3570 4930 vernis,

2029 4953 2110 4991 me
2137 4936 2421 4991 Facundos
2447 4936 2847 4990 llermianeusis
2877 4885 2966 4991 lig.
3000 4954 3064 4997 ι,
3093 4953 3141 4992 c.
3172 4937 3222 4995 l.
3253 4938 3381 4992 edit.
3410 4936 3570 5002 Oper.

2035 5006 2265 5060 irmondi
2286 5046 2299 5069 ,
2328 5014 2456 5059 tom.
2485 5006 2559 5069 ll,
2586 5007 2777 5060 Venet.
2814 5008 2983 5071 1728,
3010 5007 3115 5063 col.
3146 5006 3283 5070 515,
3315 5005 3479 5060 refert
3505 5023 3569 5058 ex

1992 5075 2127 5129 libro
2171 5076 2237 5130 de
2266 5075 2597 5144 Apollinario
2625 5085 2678 5130 et
2707 5076 2822 5143 ejus
2866 5077 3058 5130 hrcresi
3090 5091 3103 5129 :
3139 5095 3156 5126 ι
3188 5078 3324 5130 Aule
3351 5076 3569 5141 triginta

1984 5144 2005 5212 j
2047 5161 2099 5198 m
2140 5146 2240 5200 hos
2267 5160 2438 5199 annos
2465 5157 2489 5185 ι
2519 5146 2586 5201 de
2628 5145 3004 5200 lncarnatione
3040 5144 3289 5200 Codieem
3334 5148 3571 5199 conseri—

1990 5216 2196 5285 psimus
2226 5230 2397 5282 usque
2423 5214 2488 5267 ad
2518 5215 2821 5285 quindecim
2851 5215 3020 5269 millia
3048 5231 3318 5285 versuum
3368 5224 3573 5285 perhn-

1990 5283 2235 5353 gentem,
2287 5286 2342 5337 in
2383 5299 2489 5353 quo
2531 5284 2644 5337 Arii
2674 5295 2728 5337 et
2753 5284 3000 5338 Eunomii
3025 5283 3093 5338 de
3122 5285 3223 5338 hac
3251 5299 3309 5339 re
3338 5284 3530 5338 delicta
3554 5325 3567 5346 ,

1992 5369 2093 5408 nec
2141 5370 2251 5407 non
2298 5355 2461 5408 etiam
2508 5354 2825 5423 Apollinarii
2869 5370 3061 5408 vanam
3102 5356 3570 5424 praesumptionem

1990 5440 2089 5495 per
2127 5433 2298 5495 totum
2341 5424 2643 5495 illudopus
2670 5424 3114 5495 examinavimus.
3153 5443 3172 5476 ι
3201 5424 3572 5495 Convenerant

1993 5493 2185 5563 nempe
2214 5493 2457 5547 haeretici
2482 5494 2603 5557 isti,
2636 5503 2695 5546 ut
2720 5508 2885 5563 supra
2914 5493 3175 5556 diximus,
3219 5494 3273 5548 in
3318 5508 3385 5563 eo
3426 5494 3570 5560 quod

1991 5562 2226 5634 Verbum
2273 5564 2466 5634 animae
2504 5563 2649 5618 vices
2692 5564 2744 5617 in
2788 5562 3005 5634 Christo
3040 5562 3573 5634 suppleverit_,_unde

1991 5633 2151 5707 simul
2196 5648 2263 5687 ac
2305 5632 2469 5707 semel
2512 5648 2605 5687 eos
2633 5634 2890 5707 refutant
2913 5632 3261 5707 Theodorus,
3290 5632 3454 5702 950
3479 5632 3570 5699 qui

1993 5703 2231 5772 insuper,
2264 5702 2436 5773 prout
2452 5703 2570 5758 loco
2599 5703 2764 5758 citato
2794 5702 2962 5759 refert
2988 5703 3303 5771 Facundos,
3334 5717 3571 5771 conque-

1992 5882 2133 5937 circa
2157 5896 2351 5935 annum
2380 5878 2571 5935 Christi
2600 5879 2724 5937 583.
