4136 6592
546 376 547 379 η
576 332 675 387 5,47

1390 331 1449 386 Β.
1492 332 1553 387 F.
1593 332 1818 387 ALBlNl
1859 331 1991 387 SEU
2032 328 2309 385 ALCL’INI
2364 331 2651 389 OPERUM
2692 332 2871 389 PARS
2904 334 2991 390 Ill.

3732 325 3831 382 5ὶὸ

576 451 717 506 ritur
757 448 858 504 siLi
896 465 993 520 per
1030 448 1353 504 calumniam
1397 449 1662 520 imputari
1690 450 1832 518 quod
1863 450 1996 504 duos
2027 447 2167 501 lilios
2195 451 2241 507 A
2268 450 2399 505 dum
2429 465 2563 520 esse
2608 450 2943 506 decerneret.
2993 450 3127 505 Vide
3171 458 3328 504 notas
3369 447 3433 520 D.
3480 444 3746 520 πίῃ-ιμψῇΔ
3775 445 3837 499 de

576 522 822 585 diceret;
854 518 918 575 ei
949 536 1054 589 qua
1088 521 1302 589 quidem
1333 520 1551 587 querela
1583 518 1832 583 infertur,
1865 520 1916 573 in
1946 534 2122 589 pugna
2143 557 2158 582 ,

578 590 670 644 illa
700 600 886 645 contra
915 592 1161 645 Eunomii
1189 599 1245 644 et
1270 589 1597 657 Apollinaris
1622 592 1951 644 assertiones
1978 603 2163 643 susce-

575 670 667 729 pta
701 660 827 715 talia
860 661 1143 718 Theodoro
1167 660 1467 724 excidisse,
1497 676 1561 714 ex
1591 662 1786 728 quibus
1824 661 1961 717 duos
2003 659 2069 712 ab
2098 673 2163 712 eo

578 728 721 786 lilios
749 730 915 785 fuisse
940 732 1201 787 admissos
1226 729 1339 799 jam
1368 742 1481 783 tum
1510 729 1675 799 aliqui
1693 730 2035 800 colligerent.
2068 728 2165 800 De:

576 816 724 855 mum
750 809 802 854 et
826 803 889 855 de
916 801 1165 856 Nestorio
1190 798 1255 855 ex
1284 801 1507 854 historia
1534 798 1882 854 manifestum
1910 808 1994 854 est
2020 798 2165 868 quod

577 873 644 942 ad
701 887 983 926 excessum
1030 886 1202 942 usque
1252 879 1442 942 contra
1488 870 1725 925 Arianos
1774 870 2160 942 decertaverit.

570 941 793 1011 jamque
822 958 983 1012 supra
1010 959 1074 997 ex
1100 940 1347 1011 epistolis
1369 942 1486 1012 ejus
1513 942 1760 1009 quasdam
1793 940 2163 1002 recitavimus,

574 1027 645 1067 ex
670 1014 867 1084 quibus
890 1011 1045 1084 patet
1075 1012 1179 1084 hoc
1202 1011 1647 1084 contra'Arianos
1673 1019 1945 1084 certamen
1977 1025 2165 1084 ansam

575 1084 748 1154 errori
778 1082 845 1136 de
870 1081 1067 1154 duplici
1098 1083 1241 1154 ﬁlio,
1270 1081 1681 1154 alterogscilicet
1702 1082 1962 1154 naturali,
1992 1081 2165 1154 altero

576 1153 831 1224 adoptivo
859 1151 1173 1224 praebuisse.
1206 1152 1579 1224 Apertissimis
1608 1151 1790 1205 verbis
1835 1151 1887 1224 id
1932 1152 2167 1224 habetur

574 1221 636 1277 in
656 1221 879 1292 epistola
895 1222 1120 1278 Joannis
1141 1223 1460 1278 Antiocheni
1480 1263 1496 1287 ,
1517 1232 1570 1277 et
1592 1222 1950 1291 quorumdam
1976 1221 2168 1292 Orien-

573 1291 762 1364 talium
781 1334 795 1356 ,
824 1294 920 1364 qui
942 1293 1462 1364 Constantinopolim
1505 1292 1672 1364 missi
1690 1293 1902 1364 fuerant
1920 1332 1942 1364 ,Α
1962 1294 2028 1364 ad
2044 1291 2168 1364 Ptu-

572 1361 689 1418 fum
733 1360 1128 1428 'fbessalonic.,
1158 1360 1386 1419 tomflV
1415 1362 1583 1418 Cone.
1631 1362 1797 1418 Mansi
1818 1403 1830 1426 ,
1861 1362 1964 1417 col.
1997 1360 2161 1425 1415,

574 1434 665 1507 ubi
695 1436 766 1507 ita
786 1445 975 1490 contra
998 1435 1257 1507 Cyrillum
1278 1433 1701 1507 Alexandrinum
1728 1442 2162 1507 conqueruntur:

577 1524 598 1555 ι
629 1503 713 1558 Ad
743 1506 857 1559 hate
896 1503 1357 1585 eos_éxt_s_ec-ratur‘
1393 1506 1483 1585 qui
1531 1503 1870 1585 evangelieas
1897 1503 2169 1585 apostoli-

573 1588 776 1644 casque
804 1592 962 1631 voces
987 1575 1054 1629 de
1079 1575 1298 1631 Christo
1321 1574 1546 1630 Domino
1574 1574 1940 1644 distinguunt,
1970 1582 2042 1644 ut
2068 1574 2168 1627 hu-

572 1642 732 1702 miles
751 1646 967 1715 quidem
994 1646 1059 1700 ad
1084 1646 1475 1700 humanitatem
1495 1686 1510 1709 ,
1534 1642 1898 1699 divinas'vero
1925 1643 1992 1697 ad
2014 1642 2169 1715 Chrif

574 1717 648 1772 sti
677 1713 1015 1771 divinitatem
1044 1715 1299 1771 referant.
1332 1715 1485 1783 Quod
1513 1716 1699 1770 Ariani
1742 1723 1795 1769 et
1841 1713 2165 1769 Eunomiani

2268 518 2609 575 Montfaucon
2650 520 2891 589 epistolae
2923 522 3096 576 sancti
3128 519 3504 589 Athanasiiad
3530 515 3837 589 Adelphium

2262 591 2573 660 praemissas
2602 587 2735 645 torni
2766 590 2789 645 ι
2814 590 3049 660 Operum
3080 600 3220 660 part.
3254 607 3326 651 ιι,
3361 588 3452 643 fol.
3486 587 3608 642 910.
3638 587 3749 660 Hoc
3774 600 3838 660 ex

2262 657 2450 716 errore
2498 661 2588 714 alii
2624 657 2911 716 emanasse
2950 657 3221 722 videntur,
3264 674 3401 729 quos
3437 657 3761 712 Athanasius
3787 657 3841 729 in

2262 731 2421 800 epist.
2448 732 2517 784 ad
2538 731 2840 800 Epictetum
2866 742 3113 785 recenset
3137 748 3192 784 n.
3217 730 3252 783 ἓ
3272 726 3295 793 ,⁷
3312 729 3574 800 illiquein
3596 726 3841 800 eopositi

2263 796 2423 883 erant
2448 796 2599 883 quod
2606 816 2819 883 corpus
2843 817 2907 856 ex
2938 801 3119 883 Maria.
3132 800 3371 883 genitum
3401 796 3559 854 Verbi
3580 796 3843 883 divinitati

2265 871 2337 925 sit
2364 869 2825 927 consubstantiale
2854 889 2868 926 :
2900 870 3043 940 quod
3075 869 3311 925 Verbum
3343 869 3398 924 in
3437 883 3657 924 carnem
3679 909 3694 932 ,
3721 880 3841 922 ossa

2263 950 2319 996 et
2346 940 2569 1010 capillos
2595 950 2650 995 et
2678 942 2733 995 in
2762 948 2931 996 totum
2964 956 3159 1010 corpus
3186 940 3257 994 sit
3283 947 3579 1005 mutatum,
3608 946 3724 1010 eta
3753 952 3844 1010 na-

2266 1019 2386 1065 tura
2414 1008 2520 1065 sua
2560 1011 2888 1077 desciverit;
2928 1008 3075 1081 quod
3115 1011 3353 1081 Verbum
3398 1025 3505 1081 non
3543 1024 3606 1065 ex
3646 1008 3843 1081 Maria,

2265 1082 2361 1136 sed
2384 1095 2451 1135 ex
2477 1097 2575 1135 sua
2602 1081 2769 1151 ipsius
2797 1076 3092 1137 substantia
3120 1079 3373 1151 passibile
3396 1080 3499 1135 sibi
3524 1095 3720 1151 corpus
3741 1076 3846 1151 for-

2266 1154 2525 1217 maverit;
2554 1149 2696 1222 quod
2724 1152 2841 1222 ipsa
2869 1149 3220 1222 deitasAPatri
3248 1149 3724 1222 consubstantialis
3743 1149 3847 1204 cir-

2266 1223 2504 1277 cumeisa
2523 1263 2538 1286 ,
2568 1219 2825 1290 crocique
2858 1220 3017 1276 allisa
3047 1219 3238 1283 fuerit,
3272 1229 3378 1276 etc.
3418 1219 3572 1276 Haud
3595 1220 3845 1291 equidem

2268 1292 2496 1363 dixerim
2538 1293 2789 1348 absurdis
2824 1293 2973 1349 hisce
3000 1292 3346 1363 opinionibus
3372 1290 3547 1363 ipsum
3576 1290 3850 1363 Apollina;

2268 1376 2382 1433 rem
2428 1362 2760 1427 adhresisse;
2806 1365 2937 1433 quin
2979 1360 3337 1433 contrarium
3355 1360 3423 1417 ei
3465 1360 3848 1433 librojlseontii

2265 1430 2550 1503 Byzantini
2574 1441 2704 1488 tom.
2733 1435 2752 1488 l
2781 1429 2930 1489 Lect.
2951 1434 3135 1489 Canis.
3161 1432 3292 1488 edit.
3317 1429 3699 1503 BiasnageJol.
3726 1430 3849 1503 600,

2266 1500 2559 1575 colligitur,
2588 1504 2677 1575 ubi
2707 1504 2754 1558 is
2780 1503 3138 1575 fragmentum
3164 1502 3407 1575 epistolas
3430 1500 3757 1574 Apollinaris
3783 1500 3851 1575 ad

2268 1571 2621 1644 Serapionem
2657 1574 2744 1628 his
2788 1571 2966 1630 verbis
3002 1572 3169 1629 refert
3197 1571 3214 1626 Ξ
3245 1571 3499 1644 (Eorum
3543 1581 3721 1628 autem
3759 1572 3851 1643 qui

2266 1642 2454 1699 dicunt
2475 1660 2695 1699 carnem
2726 1645 2836 1699 Deo
2862 1642 3378 1714 consubstantialem
3398 1685 3413 1709 ,
3441 1659 3689 1714 magnam
3719 1642 3853 1714 insa-

2267 1714 2412 1785 niam
2436 1715 2845 1770 damnavimus.
2887 1735 2904 1767 ι
2934 1715 3065 1769 Item
3109 1713 3471 1784 fragmentum
3515 1713 3580 1770 ex
3628 1713 3853 1785 epistola

571 1788 869 1860 sentientes
889 1828 914 1860 ,_
936 1786 1275 1860 humilesque
1306 1786 1721 1860 dispensationis
1749 1800 1909 1839 voces
1935 1785 2002 1837 ad
2030 1783 2162 1860 di_vi-
2190 1799 2239 1860 Β
2267 1782 2511 1860 ejusdem
2545 1786 2613 1840 ad
2650 1785 2964 1856 Dionysium
2996 1804 3009 1839 :
3042 1804 3061 1836 ι
3095 1782 3249 1855 Quod
3288 1792 3467 1860 autem
3505 1782 3675 1860 nemo
3699 1784 3854 1839 nobis

571 1858 798 1914 nitatem
828 1857 1156 1923 referentes,
1187 1853 1356 1911 Deum
1390 1853 1623 1910 Verbum
1655 1864 1962 1910 creaturam
1993 1862 2049 1909 et
2077 1853 2162 1907 fa-

571 1938 782 1985 cturam
803 1969 821 1992 ,
850 1927 1181 1997 alteriusque
1210 1927 1557 1992 substantiae,
1586 1935 1641 1982 et
1668 1926 1820 1981 Patri
1846 1924 2167 1994 inm-qualem

572 2014 698 2057 esse
724 1999 995 2053 afﬁrmare
1023 2014 1131 2054 non
1158 1998 1491 2053 dubitarunt.
1525 2017 1544 2049 ι

643 2108 827 2166 XVIII.
863 2109 1102 2180 Amplior
1118 2126 1424 2181 progressus
1465 2108 1873 2181 Nestorianismi
1902 2124 1967 2161 ea:
1996 2109 2169 2178 impu-

570 2181 819 2251 gnatioue
844 2179 1262 2251 Apollinar'ismi.
1287 2209 1361 2221 —
1383 2179 1687 2249 Ampliores
1716 2189 1901 2251 tamen
1923 2194 2169 2251 progres-

570 2248 667 2305 sus
698 2252 783 2305 hic
812 2248 1229 2333 errorsumpsit
1272 2265 1338 2304 ex
1382 2248 1560 2333 pugna
1608 2260 1795 2333 contra
1817 2248 2167 2333 “Apollinari-

572 2330 715 2386 stas,
745 2336 841 2374 seu
860 2361 875 2387 ,
904 2322 992 2391 qui
1023 2338 1091 2376 ex
1124 2320 1320 2376 horum
1350 2320 1475 2375 sinu
1499 2320 1783 2391 prodiere,
1817 2320 2166 2391 Synusiastas

570 2402 839 2463 suscepta.
867 2390 1063 2446 [teratu
1080 2392 1195 2461 jam
1225 2390 1549 2455 notavimus,
1575 2391 1721 2460 ipsos
1745 2390 1910 2463 etiam
1932 2390 2168 2463 Ariaan

573 2462 639 2516 ad
666 2459 787 2516 eum
815 2477 1056 2516 errorem
1083 2459 1332 2516 deviasse
1359 2478 1465 2531 quo
1492 2459 1795 2515 statuerant
1812 2461 2059 2531 Verbum
2087 2459 2168 2531 di-

570 2533 755 2585 vinum
788 2534 839 2587 in
870 2533 1086 2587 homine
1115 2541 1395 2601 assumpto
1420 2533 1613 2586 animm
1646 2532 1761 2586 loco
1801 2530 2000 2595 fuisse,
2032 2530 2168 2584 adeo

570 2611 631 2656 ut
679 2603 893 2671 passio,
942 2619 1089 2657 mors
1134 2612 1449 2671 ceterasque
1496 2602 1842 2658 infirmitates
1889 2604 1941 2656 in
1988 2602 2165 2671 ipsum

573 2672 811 2727 Verbum
857 2673 1189 2739 reciderent,
1226 2673 1461 2742 illudque
1505 2672 1968 2742 exconsequenti
2014 2686 2167 2725 crea-

574 2752 693 2798 tura
712 2785 727 2808 ,
762 2759 867 2797 non
898 2744 1036 2799 Deus
1065 2744 1349 2799 dicendum
1378 2741 1541 2799 esset.
1573 2741 1864 2808 Adoptavit
1902 2745 2047 2797 hunc
2075 2754 2167 2795 er-

573 2828 752 2897 rorem
801 2822 1005 2897 postea.
1038 2814 1397 2897 Apollinaris,
1446 2830 1551 2867 non
1582 2813 1797 2897 quidem
1827 2813 2165 2897 divinitatem

577 2884 736 2956 Verbi
763 2900 885 2938 cum
914 2883 1132 2939 Arianis
1158 2900 1378 2955 negans,
1406 2900 1710 2956 pernegaris
1739 2894 1921 2939 tamen
1945 2883 2166 2956 Christo

570 2955 838 3019 animam,
891 2963 984 3009 aut
1031 2951 1268 3010 mentem
1317 2951 1509 3010 saltem
1562 2951 1855 3009 humanam
1904 2951 2162 3015 adfuisse,

570 3033 927 3097 statuensque
956 3041 1079 3079 eum
1112 3026 1242 3097 (Dei
1274 3026 1483 3081 scilicet
1510 3025 1740 3091 Filium,
1774 3040 1871 3080 seu
1897 3022 2159 3097 Verbum)

569 3095 743 3168 instar
780 3093 971 3168 organi
1015 3093 1450 3151 circumferentia
1474 3097 1735 3168 corporis
1764 3111 1921 3168 usum
1952 3093 2158 3168 fuisse;

571 3167 770 3238 quippe
810 3152 929 3221 ἢὲτί
975 3182 1081 3220 non
1110 3169 1353 3238 potuisse
1382 3175 1440 3221 ut
1470 3152 1634 3221 hom'o
1661 3166 1935 3234 perfectus
1963 3152 2171 3238 existe;
2189 3152 2241 3219 ο

572 3236 681 3291 ret.
708 3236 978 3308 Ubienim
1008 3236 1277 3308 perfeetus
1303 3239 1487 3301 homo,
1514 3238 1588 3291 ibi
1614 3246 1671 3290 et
1694 3246 1974 3307 peccatum
1993 3276 2019 3308 ,_
2035 3236 2168 3308 duo-

566 3323 675 3376 que
701 3306 940 3378 perfecta
971 3306 1023 3361 in
1051 3325 1216 3361 unum
1247 3308 1470 3362 conﬂari
1497 3322 1602 3361 non
1628 3306 1814 3376 posse,
1844 3316 1951 3378 etc.
1994 3306 2168 3378 Atha-

571 3375 760 3432 nasius
779 3378 873 3432 lib.
900 3394 916 3432 ι
941 3380 1007 3433 de
1032 3379 1247 3432 lncarn.
1275 3387 1463 3433 contra
1489 3375 1810 3447 Apollinar.,
1838 3393 1893 3431 n.
1916 3377 1969 3430 2.
2004 3375 2169 3447 Erro-

573 3462 689 3502 rem
734 3449 877 3504 hunc
922 3450 1172 3503 hausisse
1207 3450 1449 3503 creditur
1474 3445 1804 3518 Apollinaris
1830 3462 1898 3502 ex
1926 3445 2167 3517 philoso-

611 3518 715 3573 hia:
761 3519 1049 3574 Platonica:
1100 3519 1376 3583 fontibus,
1426 3528 1565 3574 teste
1610 3518 1864 3573 Nemesio
1911 3518 2166 3588 episcopo

598 3588 841 3643 Emeseno
885 3591 1041 3644 initio
1086 3590 1208 3644 libri
1253 3592 1318 3645 de
1361 3589 1566 3643 Natura
1593 3589 1869 3644 hominis:
1903 3607 1923 3638 ‹
1948 3588 2162 3656 Aliqui,

572 3659 781 3729 inquit,
817 3660 868 3713 in
899 3661 1097 3729 quibus
1124 3669 1211 3714 est
1233 3660 1506 3723 Plotinus,
1539 3660 1685 3713 aliud
1726 3673 1847 3713 esse
1886 3658 2128 3712 animum
2148 3698 2164 3723 ,

571 3730 718 3783 aliud
746 3730 1155 3793 intelligentiam
1185 3740 1519 3793 statuentes,
1565 3745 1635 3785 ex
1673 3730 1849 3784 tribus
1888 3729 2167 3784 hominem

572 3809 823 3872 constare
850 3798 1061 3863 volunt,
1094 3816 1351 3872 corpore,
1379 3803 1584 3865 animo,
1616 3799 1986 3872 intelligentia.
2021 3798 2168 3865 Quos

571 3871 738 3925 etiam
761 3870 1127 3941 Apollinarius
1148 3870 1366 3941 secutus
1389 3882 1501 3934 est,
1531 3870 1811 3927 Laodicea:
1835 3870 2124 3941 episcopus
2150 3886 2163 3921 :

573 3957 699 4012 nam
726 3937 826 3996 hoc
851 3943 1122 4012 opinionis
1145 3958 1254 3996 suae
1273 3940 1422 4009 jacto
1447 3942 1818 4012 fundamento,
1840 3937 2052 4012 reliqua,
2070 3955 2167 3994 suo

573 4011 810 4081 dogmati
863 4010 1251 4067 convenienter
1301 4014 1552 4067 astruxit.
1595 4033 1613 4065 ι
1650 4011 1804 4067 Tom.
1862 4011 1973 4066 Vlll
2026 4010 2164 4065 Bibl.

573 4079 721 4135 Patr.
762 4083 928 4153 Lugd.
953 4125 966 4146 ,
1002 4083 1094 4137 fol.
1124 4084 1251 4137 619.
1295 4083 1500 4138 Praeter
1536 4082 1648 4152 jam
1692 4084 1996 4153 assignatas
2024 4081 2169 4153 talia

572 4150 854 4206 asserendi
898 4155 1163 4211 rationes.
1216 4169 1409 4223 nempe
1452 4150 1596 4223 quad
1641 4150 1968 4223 Apollinaris
2010 4150 2169 4223 Chri-

571 4231 715 4275 stum
746 4234 971 4291 peccato
999 4225 1300 4292 subjectum
1332 4222 1486 4287 fore,’
1499 4232 1593 4278 aut
1619 4226 1671 4277 in
1691 4222 1835 4279 ’duos
1863 4223 2003 4277 lilios
2031 4222 2169 4276 divi-

574 4292 811 4347 dendum
842 4295 1091 4357 timeret,
1121 4295 1164 4349 si
1197 4306 1377 4349 mente
1405 4296 1638 4349 humana
1669 4295 1926 4363 prmditus
1956 4295 2167 4363 dicere-

574 4372 680 4425 tur,
711 4366 849 4418 alias
882 4366 1101 4435 insuper
1128 4365 1294 4420 fuisse
1324 4382 1430 4419 non
1462 4368 1560 4420 abs
1600 4361 1953 4418 fundamento
1980 4361 2165 4430 conje-

572 4442 836 4488 cturatur.
882 4437 1103 4498 Ariani,
1130 4437 1344 4491 etiamsi
1369 4437 1603 4491 Verbum
1631 4450 1743 4488 rem
1783 4444 2020 4489 creatam
2045 4449 2167 4488 esse

2270 1855 2386 1909 haec
2405 1856 2641 1926 objicere
2664 1854 2873 1924 potest,
2894 1872 3016 1926 qua:
3036 1854 3223 1911 contra
3250 1857 3509 1925 quosdam
3530 1854 3672 1909 dicta
3696 1864 3819 1910 sunt
3836 1895 3853 1919 ,

2268 1925 2613 1980 manifestum
2651 1934 2737 1980 est
2773 1943 2840 1981 ex
2878 1925 2977 1992 iis,
3004 1942 3124 1997 qua:
3149 1942 3364 1996 semper
3387 1926 3735 1996 scripsimus,
3763 1941 3856 1979 ne-

2267 2010 2374 2064 que
2413 2012 2632 2051 carnem
2672 1997 2973 2051 Salvatoris
3007 2013 3038 2052 e
3069 1998 3208 2052 ccelo
3244 2010 3398 2061 esse,
3425 2011 3599 2066 neque
3633 2012 3853 2051 carnem

2267 2067 2847 2138 ejusdemsubstantim
2871 2083 2990 2122 esse
3012 2083 3135 2123 cum
3158 2067 3290 2132 Deo,
3312 2075 3579 2138 quatenus
3602 2075 3683 2121 est
3704 2082 3854 2131 caro,

2267 2136 2321 2190 et
2360 2152 2464 2190 non
2504 2136 2683 2202 Deus;
2714 2137 2859 2193 Deus
2893 2146 3107 2203 autem,
3141 2136 3408 2203 quatenus
3434 2138 3581 2192 unita
3607 2146 3691 2192 est
3716 2138 3858 2192 divi-

2268 2208 2421 2279 nitati
2465 2208 2518 2261 in
2558 2223 2719 2262 unam
2761 2224 3069 2279 personam.
3108 2229 3124 2261 ι
3159 2208 3223 2261 Et
3248 2208 3409 2278 paulo
3437 2210 3621 2279 infra;
3656 2229 3673 2259 ς
3708 2208 3856 2262 Ana-

2268 2278 2450 2350 thema
2495 2279 2659 2348 igitur
2697 2277 2893 2350 sit—qui
2933 2294 3039 2333 non
3079 2279 3209 2335 dicit
3233 2277 3454 2334 carnem
3480 2295 3546 2333 ex
3575 2277 3776 2344 Maria,
3803 2288 3857 2333 et

2267 2347 2358 2415 qui
2397 2347 2558 2413 dicit,
2598 2366 2719 2404 eam
2754 2347 2971 2405 carnem
3006 2365 3127 2405 esse
3166 2356 3369 2404 natura:
3407 2365 3513 2402 non
3549 2358 3777 2413 creatae,
3805 2358 3860 2404 et

2268 2417 2536 2489 ὁμοούσιον
2576 2419 2722 2486 Deo,
2774 2420 2883 2475 imo
2929 2430 2984 2476 et
3021 2420 3113 2488 qui
3157 2420 3324 2485 dicit,
3363 2420 3702 2474 divinitatem
3736 2436 3858 2475 esse

2266 2488 2544 2572 patibilem
2560 2531 2583 2573 ,Δ
2620 2500 2779 2573 et__ex
2821 2492 2933 2573 ipsa
2978 2506 3100 2545 esse
3121 2490 3644 2573 passion'esunimaa.
3676 2513 3695 2542 ι
3725 2491 3861 2573 lute-

2268 2560 2394 2632 _rim,
2425 2561 2527 2632 etsi
2556 2560 2884 2632 Apollinaris
2913 2563 3027 2631 ipse
3054 2577 3083 2615 a
3109 2562 3382 2631 perversis
3407 2562 3556 2632 hisce
3591 2560 3861 2632 dogmati-

2266 2628 2367 2684 bus
2394 2628 2815 2704 alienus'fuerit,
2844 2648 2912 2704 ex
2934 2628 3316 2704 'ipsius'tamen
3342 2631 3527 2704 schola
3550 2628 3739 2685 eorum
3768 2649 3859 2686 as-

2267 2709 2505 2772 sertores
2526 2703 2871 2771 prodierant,
2895 2700 3101 2772 hosque
3124 2702 3266 2756 inter
3290 2700 3480 2756 famosi
3505 2704 3678 2771 magis
3700 2711 3861 2756 erant

2271 2771 2305 2825 ii
2334 2774 2424 2841 qui
2452 2769 2672 2827 carnem
2700 2772 2902 2829 Christi
2929 2769 3107 2829 Verbo
3131 2769 3651 2828 consubstantialem
3677 2773 3863 2829 defen-

2271 2840 2496 2913 debant,
2514 2841 2643 2897 dicti
2662 2852 2951 2913 propterea
2975 2853 3367 2909 Συνουσίασται,
3391 2851 3484 2897 aut
3504 2845 3596 2913 qui
3621 2843 3859 2899 Verbum

2266 2912 2323 2966 in
2347 2928 2599 2984 carnem,
2637 2912 2794 2978 ossa,
2821 2914 3073 2984 capillos,
3118 2928 3311 2984 nervos
3347 2925 3401 2969 et
3437 2914 3492 2967 in
3523 2912 3698 2968 totum
3742 2930 3863 2970 cor-

2304 2996 2367 3038 us
2402 2982 2570 3038 fuisse
2606 2982 2928 3040 conversum
2966 2983 3315 3049 asserebant,
3343 3000 3449 3054 qua
3472 2985 3690 3053 quidem
3718 2986 3773 3039 in
3804 3001 3864 3041 re

2290 3053 2499 3124 iutycbi
2548 3054 2909 3180 Eneludentes
2946 3053 3710 3110 distinctionem'naturatum
3744 3055 3863 3126 jam

2290 3140 2388 3178 ,um
2422 3125 2476 3179 in
2502 3124 2543 3179 C
2588 3125 2724 3179 risto
2752 3126 3107 3180 sustulerant.

2273 3132 2388 3178 tum
2422 3125 2476 3179 in
2502 3124 2724 3180 Christo
2752 3126 3107 3181 sustulerant.

2340 3236 2481 3291 XIX.
2523 3236 2932 3307 Apoll-inmixta;
2981 3235 3119 3291 male
3164 3236 3381 3307 quidam
3427 3239 3759 3307 impugnavit.
3795 3266 3867 3283 -

2266 3305 2615 3362 lnsurrexere
2651 3317 2839 3361 contra
2878 3305 3043 3362 hosce
3078 3305 3294 3363 errores
3332 3306 3517 3376 plures
3544 3305 3610 3361 ex
3650 3310 3863 3366 sanctis

2267 3378 2541 3439 Patribus,
2567 3386 2621 3429 et
2636 3378 2679 3431 si
2700 3379 2821 3446 quis
2848 3378 3006 3438 alius,
3032 3387 3182 3433 certe
3204 3386 3424 3433 sanctus
3444 3377 3777 3433 Athanasius
3811 3381 3866 3436 in

2267 3449 2493 3531 epistola
2535 3448 2602 3501 ad
2640 3448 2943 3531 Epictetum
2980 3448 3227 3531 Corinthi
3264 3448 3577 3531 episcopum
3606 3451 3865 3531 eos_soli-

2267 3517 2507 3573 dissimis
2540 3517 2875 3587 argumentis
2907 3518 3227 3573 confutavit.
3268 3517 3443 3573 Fuere
3473 3526 3654 3573 tamen
3680 3519 3867 3577 denuo

2268 3590 2359 3658 qui
2380 3631 2393 3650 ,
2425 3590 2543 3643 zelo
2576 3591 2756 3643 minus
2785 3589 3035 3663 prudenti
3069 3590 3635 3663 in_pugnam_excitati
3655 3629 3672 3653 ,
3700 3606 3864 3658 cum,

2266 3669 2428 3733 prout
2464 3675 2530 3733 ex
2566 3670 2755 3733 sancto
2787 3660 2989 3733 Cyrillo
3026 3675 3091 3715 ac
3129 3659 3355 3715 Leontio
3384 3659 3684 3729 Byzantina
3718 3676 3870 3733 stupe

2269 3731 2643 3793 meminimus,
2693 3730 3096 3800 Scripturarum
3141 3746 3304 3785 voces
3348 3741 3542 3786 contra
3584 3730 3868 3789 Σννουσιᾶ-

2269 3821 2432 3861 στας.
2472 3817 2581 3854 non
2616 3803 2745 3856 satis
2795 3810 3048 3857 accurate
3077 3802 3415 3863 dividerent,
3449 3802 3503 3855 in
3535 3801 3865 3859 divisionem

2268 3883 2626 3939 personarum
2662 3871 2812 3925 fuere
2847 3872 3011 3942 lapsi,
3042 3887 3107 3927 ac
3141 3873 3192 3926 in
3232 3873 3412 3940 specie
3442 3871 3593 3926 illum
3622 3872 3689 3927 de
3724 3872 3870 3929 Falio

2270 3943 2526 4013 adoptivo
2551 3942 2725 4013 quoad
2757 3943 3145 4013 humanitatem
3176 3958 3419 4013 errorem
3449 3943 3552 3997 sibi
3580 3944 3867 4013 proprium

2269 4010 2533 4065 fecerunt.
2586 4011 2805 4066 Notavit
2837 4013 2890 4067 id
2922 4012 3035 4080 jam
3075 4023 3297 4068 sanctus
3328 4010 3656 4068 Athanasius
3682 4010 3865 4136 #51

2270 4081 2325 4134 in
2363 4083 2587 4136 epistola
2626 4084 2858 4136 primum
2898 4085 3092 4136 citata.
3123 4083 3213 4136 ubi
3254 4093 3543 4136 postquam
3587 4083 3865 4136 Anolina-

2270 4081 2325 4154 in
2363 4083 2587 4151 epistola
2626 4084 2858 4152 primum
2898 4085 3092 4145 citata,
3123 4083 3213 4138 ubi
3254 4093 3543 4154 postquam
3587 4081 3869 4154 Apollini-

2270 4153 2527 4225 ristarum
2554 4168 2768 4225 errores
2795 4155 3097 4225 recensuit,
3124 4154 3201 4225 ita
3222 4153 3399 4225 pergit
3425 4170 3479 4207 n.
3508 4154 3574 4217 2,
3599 4153 3689 4207 fol.
3717 4156 3824 4209 902
3845 4194 3865 4209 .

2276 4240 2295 4272 ‹
2318 4223 2435 4296 Quo
2461 4232 2618 4293 pacto
2644 4222 2746 4296 viri
2776 4223 2867 4296 qui
2892 4224 3145 4296 dicuntur
3167 4222 3456 4296 Christiani
3482 4225 3562 4278 vel
3587 4225 3867 4296 ambigere

2271 4294 2388 4348 ausi
2428 4302 2584 4353 sunt,
2615 4295 2754 4348 sitne
2782 4293 3072 4355 Dominus,
3105 4295 3197 4364 qui
3238 4311 3303 4348 ex
3344 4294 3507 4349 Maria
3545 4305 3706 4351 natus
3739 4293 3863 4361 est,

2271 4364 2572 4420 substantia
2606 4374 2660 4418 et
2701 4372 2895 4418 natura
2925 4381 3019 4418 sua
3052 4364 3221 4419 Filius
3252 4365 3377 4430 Dei,
3408 4367 3702 4421 secundum
3733 4381 3861 4420 car-

2272 4450 2395 4489 nem
2426 4449 2554 4489 vero
2583 4450 2649 4488 ex
2678 4435 2884 4488 semine
2915 4435 3115 4499 David,
3144 4444 3199 4489 et
3224 4452 3289 4490 ex
3330 4451 3495 4491 carne
3519 4446 3721 4492 sancta:
3750 4436 3865 4491 Mr.-

572 4504 798 4575 vellent,
832 4508 961 4559 illud
993 4508 1341 4561 nihilominus
1386 4508 1688 4562 adorabant
1712 4522 1727 4569 ;
1778 4506 1921 4560 un'le
1964 4505 2165 4574 passim
2195 4514 2249 4575 ι)
2274 4506 2365 4559 ria:
2388 4505 2581 4575 ortus?
2603 4505 2833 4572 Quinam
2856 4520 2983 4559 vero
3008 4521 3073 4559 ea
3102 4507 3407 4561 temeritate
3435 4506 3679 4573 fuerunt,
3705 4516 3765 4561 ut
3783 4509 3867 4562 di-

573 4574 681 4627 illis
709 4579 998 4646 exprobrat
1026 4577 1355 4632 Athanasius
1383 4578 1526 4645 quod
1558 4592 1672 4631 rem
1702 4584 1941 4629 creatam
1970 4576 2166 4628 a.l0ra-

574 4654 695 4698 rent
720 4648 877 4716 eique
904 4649 1189 4702 servirent.
1223 4648 1461 4714 Quaastio
1490 4655 1671 4701 autem
1703 4647 1942 4716 ulterior
1985 4661 2166 4701 move-

573 4717 753 4775 batur,
785 4715 852 4771 an
892 4720 1054 4772 etiam
1087 4719 1322 4772 Verbum
1370 4720 1645 4773 hominem
1689 4715 1888 4770 factum
1936 4716 2167 4770 adorare

573 4786 801 4851 liceret;
832 4796 887 4842 et
917 4799 1062 4843 recte
1100 4789 1150 4841 id
1197 4804 1254 4842 se
1295 4788 1473 4843 facere
1504 4788 1911 4842 arbitrabantur
1944 4785 2163 4850 Ariani,

573 4872 639 4929 eo
680 4859 855 4927 quod,
888 4868 947 4911 ut
977 4875 1114 4913 vane
1160 4862 1455 4929 putabant,
1488 4860 1682 4913 anima:
1723 4858 1903 4929 locum
1931 4856 2165 4929 Verbum

574 4928 748 4994 ipsum
774 4930 1063 4992 obtineret,
1094 4928 1217 4983 cum
1238 4945 1268 4983 e
1290 4940 1478 4984 contra
1500 4930 1778 4983 Christum
1805 4935 1864 4980 ut
1894 4928 2167 4981 hominem

575 4999 911 5053 adorandum
939 5016 1059 5053 esse
1088 5009 1349 5067 negarent
1367 5041 1379 5060 ,
1413 5000 1457 5053 si
1482 5041 1495 5062 ,
1524 5007 1585 5054 ut
1612 5007 1731 5052 erat
1771 4997 2164 5051 catholicorum

573 5071 871 5132 sententia,
906 5072 1176 5138 perfectus
1206 5072 1367 5125 homo
1405 5080 1584 5134 esset;
1619 5077 1780 5136 atque
1824 5069 1897 5121 ita
1942 5067 2165 5138 intelligi

574 5138 735 5193 debet
761 5136 921 5209 quod'
950 5142 1000 5193 in
1031 5142 1187 5209 epist.
1217 5143 1283 5195 ad
1311 5141 1631 5209 Adelphium
1653 5180 1667 5203 ,
1697 5155 1753 5192 n.
1784 5138 1839 5201 7,
1882 5138 1959 5193 ait
2002 5136 2168 5190 Atha-

573 5210 790 5267 nasius.
821 5210 1029 5265 scilicet
1053 5210 1285 5265 Arianos
1312 5211 1597 5265 Dominum
1628 5211 1682 5263 in
1714 5224 1879 5263 carne
1906 5216 2167 5274 tanquam

575 5279 626 5330 in
672 5280 874 5346 templo
917 5282 1238 5335 existentem
1283 5283 1514 5335 adorare
1557 5279 1717 5334 nolle.
1750 5278 2079 5346 Apollinaris
2107 5286 2168 5331 ut

573 5348 944 5404 difﬁcultatem
976 5354 1044 5404 ab
1072 5352 1288 5404 Arianis
1318 5361 1519 5406 motam
1542 5393 1555 5415 ,
1586 5350 1651 5403 ad
1682 5348 2019 5403 solummodo
2047 5361 2169 5415 spe-

572 5420 815 5474 cietenus
846 5421 1006 5474 talem
1033 5422 1263 5474 evitaret
1282 5463 1295 5482 ,
1326 5438 1391 5477 ac
1418 5423 1593 5491 ipsum
1623 5423 1785 5474 etiam
1815 5418 2016 5491 Christi
2045 5433 2169 5472 cor-

571 5503 675 5557 pus
722 5492 1054 5545 adorandum
1098 5506 1215 5547 esse
1262 5509 1359 5561 pro
1398 5489 1551 5554 aret,
1596 5491 1792 5544 rationi
1837 5489 2167 5561 Arianorum

572 5568 797 5632 eatenus
820 5577 1099 5616 assensum
1126 5559 1353 5632 praebuit
1370 5604 1384 5627 ,
1417 5571 1683 5631 quatenus
1708 5561 1945 5632 Verbum
1973 5559 2168 5632 animm

571 5630 721 5685 vices
746 5633 1020 5701 supplesse
1044 5629 1345 5687 statuerant
1366 5674 1379 5696 ,
1408 5629 1544 5689 adeo
1564 5673 1579 5696 ,
1607 5640 1667 5685 ut
1690 5647 1755 5685 ex
1783 5630 1961 5685 Verbo
1986 5629 2168 5701 divino

572 5709 630 5754 et
656 5700 847 5773 natura
880 5704 1113 5756 humana
1144 5702 1455 5772 imperfecta
1484 5717 1649 5773 unum
1680 5700 2166 5773 perfecturn‘quasi

575 5771 897 5839 conﬂatum,
932 5774 1139 5843 hocque
1167 5770 1231 5828 in
1250 5783 1391 5829 statu
1421 5790 1521 5829 una
1554 5770 1902 5837 adolatione,
1937 5770 2164 5825 adoran-

2269 4586 2475 4635 cerent,
2506 4574 2805 4637 Christum,
2834 4576 2924 4644 qui
2951 4592 3114 4631 carne
3140 4593 3332 4645 passus
3357 4585 3412 4631 et
3436 4577 3729 4632 crucifixus
3753 4587 3861 4641 est.

2268 4662 2374 4700 non
2402 4662 2522 4699 esse
2547 4645 2831 4699 Dominum
2858 4656 2912 4700 et
2934 4646 3269 4701 Salvatorem
3288 4688 3303 4712 ,
3329 4663 3393 4702 ac
3414 4648 3611 4711 Deum,
3637 4648 3865 4703 Filium-

2268 4732 2373 4789 que
2399 4716 2606 4789 Patris?
2630 4714 2737 4789 Aut
2760 4716 3349 4789 quomodoiChristiani
3375 4719 3561 4773 volunt
3585 4734 3867 4789 nuncupa-

2271 4788 2347 4849 ri,
2372 4788 2460 4854 qui
2485 4786 2672 4841 dicunt
2692 4788 2745 4840 in
2767 4794 3017 4841 sanctum
3041 4788 3314 4842 hominem
3334 4829 3349 4853 ,
3374 4790 3597 4858 perinde
3618 4786 3786 4858 atque
3808 4790 3864 4845 in

2269 4872 2434 4929 unum
2461 4873 2527 4929 es
2555 4857 2860 4929 prophetis,
2888 4859 3104 4929 venisse
3133 4857 3399 4921 Verbum,
3430 4875 3529 4914 nec
3560 4860 3733 4929 ipsum
3766 4860 3866 4915 ho-

2269 4928 2473 4999 minem
2501 4926 2702 4982 factum
2734 4926 2930 4999 fuisse,
2960 4944 3026 4982 ex
3060 4928 3223 4983 Maria
3265 4944 3463 4999 corpus
3502 4926 3861 4995 assumenda,

2270 4998 2364 5050 sed
2410 4997 2575 5051 alium
2622 5013 2742 5052 esse
2789 4996 3089 5061 Christum,
3144 5008 3200 5053 et
3246 4996 3411 5053 alium
3460 4999 3555 5054 Dei
3586 5000 3863 5066 Verbum,

2270 5068 2413 5134 quod
2441 5075 2567 5122 ante
2596 5067 2820 5121 Mariam
2850 5078 2903 5122 et
2932 5077 3058 5123 ante
3085 5070 3279 5124 saacula
3308 5068 3474 5124 Filius
3501 5078 3618 5125 erat
3644 5070 3865 5126 Patris?

2267 5137 2378 5191 Aut
2412 5153 2541 5210 qua,
2572 5153 2776 5206 qumso,
2819 5139 3033 5210 ratione
3070 5139 3366 5195 Christiani
3408 5141 3628 5204 fuerint,
3663 5142 3755 5210 qui
3785 5143 3867 5197 di-

2270 5216 2400 5261 cunt
2444 5208 2610 5261 alium
2654 5223 2774 5263 esse
2819 5208 3043 5275 Filium,
3088 5219 3145 5265 et
3184 5211 3348 5264 alium
3392 5211 3485 5265 Dei
3530 5208 3812 5267 Verbum?
3838 5234 3857 5266 ι

2270 5278 2425 5361 Quod
2457 5294 2586 5365 vero
2620 5280 2948 5361 assertiones
2984 5280 3101 5365 isne
3134 5291 3314 5365 ortum
3352 5297 3421 5363 ex
3455 5283 3867 5365 impugnatione

2269 5350 3153 5430 priorumtraxerint,manifeste
3194 5351 3465 5430 colligitur
3486 5350 3566 5430 ex
3609 5350 3706 5430 iis,
3740 5370 3864 5423 qua:

2271 5420 2581 5491 immediate
2607 5436 2661 5473 n.
2693 5421 2726 5474 5
2753 5421 3031 5491 subjungit
3051 5420 3413 5478 Athanasius:
3438 5441 3456 5472 ‹
3486 5422 3687 5479 Haecin
3712 5420 3863 5479 com-

2270 5490 2551 5563 triental-iis
2594 5498 2783 5563 erant,
2826 5492 2936 5554 ait,
2962 5490 3209 5547 diversis
3250 5493 3468 5563 quidem
3510 5494 3721 5559 verbis,
3768 5496 3863 5550 sed

2269 5559 2467 5628 quibus
2495 5574 2602 5633 una
2642 5562 2940 5633 eademque
2980 5559 3482 5633 sententia'visque
3522 5563 3862 5633 impietatem

2270 5638 2541 5704 spectans
2565 5630 2759 5685 inerat.
2804 5629 3036 5704 Propter
3084 5632 3172 5704 illa
3213 5629 3410 5704 mutuo
3450 5629 3858 5704 disceptabant.

2270 5701 2787 5823 cclincertlabantque,
2815 5701 3000 5772 qui'de
3024 5702 3361 5759 confessione
3387 5701 3614 5759 Patrum
3639 5704 3858 5763 Nicaeus

2272 5788 2302 5823 Ε
2326 5786 2477 5823 ortan
2506 5786 2588 5823 ur.
2627 5791 2643 5822 ι

2272 5786 2588 5842 gloriantur.
2627 5791 2643 5822 ι
