  <div class='ocr_page' id='page_1' title='image "/cluster/home/n/w/nwhite01/storage/ocr_20150623/101/umn.31951002477394h/216.png"; bbox 0 0 4122 6548; ppageno 0'>
   <div class='ocr_carea' id='block_1_1' title="bbox 276 302 386 360">
    <p class='ocr_par' dir='ltr' id='par_1_1' title="bbox 276 302 386 360">
     <span class='ocr_line' id='line_1_1' title="bbox 276 302 386 360; baseline 0 0"><span class='ocrx_word' id='word_1_1' title='bbox 276 302 386 360; x_wconf 71' lang='grc'><strong>405</strong></span> 
     </span>
    </p>
   </div>
   <div class='ocr_carea' id='block_1_2' title="bbox 925 297 2896 362">
    <p class='ocr_par' dir='ltr' id='par_1_2' title="bbox 925 297 2896 362">
     <span class='ocr_line' id='line_1_2' title="bbox 925 297 2896 362; baseline -0.001 -1"><span class='ocrx_word' id='word_1_2' title='bbox 925 303 1298 361; x_wconf 78' lang='lat' dir='ltr'><strong>ENHUEBER</strong></span> <span class='ocrx_word' id='word_1_3' title='bbox 1337 302 1649 362; x_wconf 77' lang='lat' dir='ltr'><strong>DISSERT.</strong></span> <span class='ocrx_word' id='word_1_4' title='bbox 1692 302 1781 359; x_wconf 88' lang='lat' dir='ltr'><strong>DE</strong></span> <span class='ocrx_word' id='word_1_5' title='bbox 1821 297 2100 359; x_wconf 71' lang='grc' dir='ltr'><strong>ΙΙᾸΞΒΕΞῙ</strong></span> <span class='ocrx_word' id='word_1_6' title='bbox 2134 301 2455 360; x_wconf 68' lang='grc' dir='ltr'><strong>ΕιιΡΑΝῡι</strong></span> <span class='ocrx_word' id='word_1_7' title='bbox 2491 303 2580 360; x_wconf 85' lang='grc' dir='ltr'><strong>ΕΤ</strong></span> <span class='ocrx_word' id='word_1_8' title='bbox 2615 303 2896 361; x_wconf 83' lang='lat' dir='ltr'><strong>FEIJClS.</strong></span> 
     </span>
    </p>
   </div>
   <div class='ocr_carea' id='block_1_3' title="bbox 3457 305 3566 366">
    <p class='ocr_par' dir='ltr' id='par_1_3' title="bbox 3457 305 3566 366">
     <span class='ocr_line' id='line_1_3' title="bbox 3457 305 3566 366; baseline -0.018 0"><span class='ocrx_word' id='word_1_9' title='bbox 3457 305 3566 366; x_wconf 65' lang='lat'><strong>406</strong></span> 
     </span>
    </p>
   </div>
   <div class='ocr_carea' id='block_1_4' title="bbox 259 415 3570 541">
    <p class='ocr_par' dir='ltr' id='par_1_4' title="bbox 259 415 3570 541">
     <span class='ocr_line' id='line_1_4' title="bbox 259 415 3570 541; baseline 0.002 -67"><span class='ocrx_word' id='word_1_10' title='bbox 259 419 481 474; x_wconf 81' lang='lat' dir='ltr'><strong>‘minem</strong></span> <span class='ocrx_word' id='word_1_11' title='bbox 501 415 714 474; x_wconf 88' lang='lat' dir='ltr'><strong>adorari</strong></span> <span class='ocrx_word' id='word_1_12' title='bbox 731 431 854 474; x_wconf 88' lang='lat' dir='ltr'><strong>cum</strong></span> <span class='ocrx_word' id='word_1_13' title='bbox 873 418 1004 484; x_wconf 84' lang='lat' dir='ltr'><strong>Deo,</strong></span> <span class='ocrx_word' id='word_1_14' title='bbox 1019 427 1074 474; x_wconf 90' lang='lat' dir='ltr'><strong>et</strong></span> <span class='ocrx_word' id='word_1_15' title='bbox 1093 417 1416 541; x_wconf 65' lang='lat' dir='ltr'><strong>coaprellari</strong></span> <span class='ocrx_word' id='word_1_16' title='bbox 1437 417 1866 483; x_wconf 87' lang='lat' dir='ltr'><strong>Deum,omnino</strong></span> <span class='ocrx_word' id='word_1_17' title='bbox 1893 421 1946 484; x_wconf 70' lang='grc' dir='ltr'><strong>Α</strong></span> <span class='ocrx_word' id='word_1_18' title='bbox 1970 415 2120 474; x_wconf 85' lang='lat' dir='ltr'><strong>illum</strong></span> <span class='ocrx_word' id='word_1_19' title='bbox 2158 419 2404 475; x_wconf 85' lang='lat' dir='ltr'><strong>venerari</strong></span> <span class='ocrx_word' id='word_1_20' title='bbox 2443 421 2747 487; x_wconf 85' lang='lat' dir='ltr'><strong>contiteris,</strong></span> <span class='ocrx_word' id='word_1_21' title='bbox 2796 437 2920 477; x_wconf 89' lang='lat' dir='ltr'><strong>cum</strong></span> <span class='ocrx_word' id='word_1_22' title='bbox 2961 429 3142 476; x_wconf 88' lang='lat' dir='ltr'><strong>tamen</strong></span> <span class='ocrx_word' id='word_1_23' title='bbox 3173 421 3454 489; x_wconf 79' lang='lat' dir='ltr'><strong>formides,</strong></span> <span class='ocrx_word' id='word_1_24' title='bbox 3502 434 3570 482; x_wconf 83' lang='lat' dir='ltr'><strong>ut</strong></span> 
     </span>
     <span class='ocr_line' id='line_1_5' title="bbox 273 488 3570 541; baseline 0 0"><span class='ocrx_word' id='word_1_25' title='bbox 273 497 363 541; x_wconf 86' lang='lat' dir='ltr'><strong>est</strong></span> <span class='ocrx_word' id='word_1_26' title='bbox 383 488 633 541; x_wconf 83' lang='lat' dir='ltr'><strong>conﬁteri</strong></span> <span class='ocrx_word' id='word_1_27' title='bbox 656 489 791 541; x_wconf 89' lang='lat' dir='ltr'><strong>duos</strong></span> <span class='ocrx_word' id='word_1_28' title='bbox 811 488 1133 541; x_wconf 79' lang='lat' dir='ltr'><strong>adorandus.</strong></span> <span class='ocrx_word' id='word_1_29' title='bbox 1159 504 1226 541; x_wconf 91' lang='lat' dir='ltr'><strong>ve</strong></span> <span class='ocrx_word' id='word_1_30' title='bbox 1264 491 1427 541; x_wconf 91' lang='lat' dir='ltr'><strong>etiam</strong></span> <span class='ocrx_word' id='word_1_31' title='bbox 1455 490 1596 541; x_wconf 88' lang='lat' dir='ltr'><strong>inter</strong></span> <span class='ocrx_word' id='word_1_32' title='bbox 1623 503 1684 541; x_wconf 88' lang='lat' dir='ltr'><strong>se</strong></span> <span class='ocrx_word' id='word_1_33' title='bbox 1709 503 1868 541; x_wconf 83' lang='lat' dir='ltr'><strong>coan-</strong></span> <span class='ocrx_word' id='word_1_34' title='bbox 1969 489 2178 541; x_wconf 80' lang='lat' dir='ltr'><strong>dixisti.</strong></span> <span class='ocrx_word' id='word_1_35' title='bbox 2215 503 2284 541; x_wconf 90' lang='lat' dir='ltr'><strong>ne</strong></span> <span class='ocrx_word' id='word_1_36' title='bbox 2321 491 2649 541; x_wconf 86' lang='lat' dir='ltr'><strong>hominieola</strong></span> <span class='ocrx_word' id='word_1_37' title='bbox 2690 507 2809 541; x_wconf 84' lang='lat' dir='ltr'><strong>esse</strong></span> <span class='ocrx_word' id='word_1_38' title='bbox 2852 493 3128 541; x_wconf 72' lang='lat' dir='ltr'><strong>videaris?</strong></span> <span class='ocrx_word' id='word_1_39' title='bbox 3163 491 3269 541; x_wconf 77' lang='lat' dir='ltr'><strong>Sed</strong></span> <span class='ocrx_word' id='word_1_40' title='bbox 3302 495 3467 541; x_wconf 68' lang='lat' dir='ltr'><strong>habet</strong></span> <span class='ocrx_word' id='word_1_41' title='bbox 3492 497 3570 541; x_wconf 75' lang='lat' dir='ltr'><strong>ad</strong></span> 
     </span>
    </p>
   </div>
   <div class='ocr_carea' id='block_1_5' title="bbox 1264 504 1294 543">
    <p class='ocr_par' dir='ltr' id='par_1_5' title="bbox 1264 504 1294 543">
     <span class='ocr_line' id='line_1_6' title="bbox 1264 504 1294 543; baseline 0 0"><span class='ocrx_word' id='word_1_42' title='bbox 1264 504 1294 543; x_wconf 93' lang='lat' dir='ltr'><strong>e</strong></span> 
     </span>
    </p>
   </div>
   <div class='ocr_carea' id='block_1_6' title="bbox 273 488 1226 556">
    <p class='ocr_par' dir='ltr' id='par_1_6' title="bbox 273 488 1226 556">
     <span class='ocr_line' id='line_1_7' title="bbox 273 488 1226 556; baseline -0.003 -11"><span class='ocrx_word' id='word_1_43' title='bbox 273 497 363 545; x_wconf 87' lang='lat' dir='ltr'><strong>est</strong></span> <span class='ocrx_word' id='word_1_44' title='bbox 383 488 633 544; x_wconf 82' lang='lat' dir='ltr'><strong>conﬁteri</strong></span> <span class='ocrx_word' id='word_1_45' title='bbox 656 489 791 543; x_wconf 90' lang='lat' dir='ltr'><strong>duos</strong></span> <span class='ocrx_word' id='word_1_46' title='bbox 811 488 1133 556; x_wconf 88' lang='lat' dir='ltr'><strong>adorandos,</strong></span> <span class='ocrx_word' id='word_1_47' title='bbox 1159 488 1226 544; x_wconf 80' lang='lat' dir='ltr'><strong>ve</strong></span> 
     </span>
    </p>
   </div>
   <div class='ocr_carea' id='block_1_7' title="bbox 1300 489 3570 558">
    <p class='ocr_par' dir='ltr' id='par_1_7' title="bbox 1300 489 3570 558">
     <span class='ocr_line' id='line_1_8' title="bbox 1300 489 3570 558; baseline 0.004 -16"><span class='ocrx_word' id='word_1_48' title='bbox 1300 491 1427 544; x_wconf 90' lang='lat' dir='ltr'><strong>tiam</strong></span> <span class='ocrx_word' id='word_1_49' title='bbox 1455 490 1596 544; x_wconf 88' lang='lat' dir='ltr'><strong>inter</strong></span> <span class='ocrx_word' id='word_1_50' title='bbox 1623 503 1684 544; x_wconf 89' lang='lat' dir='ltr'><strong>se</strong></span> <span class='ocrx_word' id='word_1_51' title='bbox 1709 503 1868 558; x_wconf 85' lang='lat' dir='ltr'><strong>coap-</strong></span> <span class='ocrx_word' id='word_1_52' title='bbox 1969 489 2178 555; x_wconf 78' lang='lat' dir='ltr'><strong>dixisti,</strong></span> <span class='ocrx_word' id='word_1_53' title='bbox 2215 503 2284 544; x_wconf 90' lang='lat' dir='ltr'><strong>ne</strong></span> <span class='ocrx_word' id='word_1_54' title='bbox 2321 491 2650 547; x_wconf 87' lang='lat' dir='ltr'><strong>hominicola</strong></span> <span class='ocrx_word' id='word_1_55' title='bbox 2690 507 2809 547; x_wconf 90' lang='lat' dir='ltr'><strong>esse</strong></span> <span class='ocrx_word' id='word_1_56' title='bbox 2852 493 3128 547; x_wconf 84' lang='lat' dir='ltr'><strong>videaris?</strong></span> <span class='ocrx_word' id='word_1_57' title='bbox 3163 491 3271 550; x_wconf 85' lang='lat' dir='ltr'><strong>Sed</strong></span> <span class='ocrx_word' id='word_1_58' title='bbox 3302 495 3467 552; x_wconf 89' lang='lat' dir='ltr'><strong>habet</strong></span> <span class='ocrx_word' id='word_1_59' title='bbox 3492 497 3570 551; x_wconf 73' lang='lat' dir='ltr'><strong>ad.</strong></span> 
     </span>
    </p>
   </div>
   <div class='ocr_carea' id='block_1_8' title="bbox 271 557 3559 634">
    <p class='ocr_par' dir='ltr' id='par_1_8' title="bbox 271 557 3559 634">
     <span class='ocr_line' id='line_1_9' title="bbox 271 557 3559 634; baseline 0.002 -20"><span class='ocrx_word' id='word_1_60' title='bbox 271 558 576 634; x_wconf 73' lang='lat' dir='ltr'><strong>pellandos.</strong></span> <span class='ocrx_word' id='word_1_61' title='bbox 616 578 634 610; x_wconf 71' lang='grc' dir='ltr'><strong>ι</strong></span> <span class='ocrx_word' id='word_1_62' title='bbox 681 557 842 634; x_wconf 86' lang='lat' dir='ltr'><strong>Tom.</strong></span> <span class='ocrx_word' id='word_1_63' title='bbox 874 560 935 634; x_wconf 33' lang='grc' dir='ltr'><strong>,ν</strong></span> <span class='ocrx_word' id='word_1_64' title='bbox 964 559 1274 634; x_wconf 39' lang='lat' dir='ltr'><strong>Conthcol2</strong></span> <span class='ocrx_word' id='word_1_65' title='bbox 1300 559 1503 634; x_wconf 26' lang='lat' dir='ltr'><strong>54.‘E_t</strong></span> <span class='ocrx_word' id='word_1_66' title='bbox 1543 559 1598 613; x_wconf 92' lang='lat' dir='ltr'><strong>in</strong></span> <span class='ocrx_word' id='word_1_67' title='bbox 1643 557 1868 628; x_wconf 80' lang='lat' dir='ltr'><strong>respon-</strong></span> <span class='ocrx_word' id='word_1_68' title='bbox 1967 560 2072 634; x_wconf 73' lang='lat' dir='ltr'><strong>hoc</strong></span> <span class='ocrx_word' id='word_1_69' title='bbox 2106 559 2362 629; x_wconf 86' lang='lat' dir='ltr'><strong>aliquam,</strong></span> <span class='ocrx_word' id='word_1_70' title='bbox 2399 570 2460 615; x_wconf 91' lang='lat' dir='ltr'><strong>ut</strong></span> <span class='ocrx_word' id='word_1_71' title='bbox 2496 563 2609 634; x_wconf 80' lang='lat' dir='ltr'><strong>ipse</strong></span> <span class='ocrx_word' id='word_1_72' title='bbox 2639 571 2810 631; x_wconf 88' lang='lat' dir='ltr'><strong>putat,</strong></span> <span class='ocrx_word' id='word_1_73' title='bbox 2851 571 3064 617; x_wconf 84' lang='lat' dir='ltr'><strong>acutam</strong></span> <span class='ocrx_word' id='word_1_74' title='bbox 3109 566 3559 634; x_wconf 81' lang='lat' dir='ltr'><strong>responsionem:</strong></span> 
     </span>
    </p>
   </div>
   <div class='ocr_carea' id='block_1_9' title="bbox 272 628 3565 705">
    <p class='ocr_par' dir='ltr' id='par_1_9' title="bbox 272 628 3565 705">
     <span class='ocr_line' id='line_1_10' title="bbox 272 628 3565 705; baseline 0.002 -20"><span class='ocrx_word' id='word_1_75' title='bbox 272 628 539 705; x_wconf 72' lang='lat' dir='ltr'><strong>aione_ad</strong></span> <span class='ocrx_word' id='word_1_76' title='bbox 575 629 1048 699; x_wconf 82' lang='lat' dir='ltr'><strong>reprehensionem</strong></span> <span class='ocrx_word' id='word_1_77' title='bbox 1077 629 1415 705; x_wconf 72' lang='lat' dir='ltr'><strong>Theodoreti</strong></span> <span class='ocrx_word' id='word_1_78' title='bbox 1465 630 1643 705; x_wconf 77' lang='lat' dir='ltr'><strong>docet,</strong></span> <span class='ocrx_word' id='word_1_79' title='bbox 1687 645 1756 705; x_wconf 73' lang='lat' dir='ltr'><strong>e_s</strong></span> <span class='ocrx_word' id='word_1_80' title='bbox 1799 643 1867 684; x_wconf 89' lang='lat' dir='ltr'><strong>eo</strong></span> <span class='ocrx_word' id='word_1_81' title='bbox 1967 628 2393 705; x_wconf 87' lang='lat' dir='ltr'><strong>Nam_tanquam</strong></span> <span class='ocrx_word' id='word_1_82' title='bbox 2438 628 2758 705; x_wconf 73' lang='lat' dir='ltr'><strong>coniunctus</strong></span> <span class='ocrx_word' id='word_1_83' title='bbox 2793 635 3091 689; x_wconf 85' lang='lat' dir='ltr'><strong>assumenti</strong></span> <span class='ocrx_word' id='word_1_84' title='bbox 3133 628 3294 705; x_wconf 77' lang='lat' dir='ltr'><strong>simul</strong></span> <span class='ocrx_word' id='word_1_85' title='bbox 3328 628 3565 705; x_wconf 82' lang='lat' dir='ltr'><strong>appella-</strong></span> 
     </span>
    </p>
   </div>
   <div class='ocr_carea' id='block_1_10' title="bbox 271 698 1861 771">
    <p class='ocr_par' dir='ltr' id='par_1_10' title="bbox 271 698 1861 771">
     <span class='ocr_line' id='line_1_11' title="bbox 271 698 1861 771; baseline -0.001 -17"><span class='ocrx_word' id='word_1_86' title='bbox 271 700 423 769; x_wconf 88' lang='lat' dir='ltr'><strong>quod</strong></span> <span class='ocrx_word' id='word_1_87' title='bbox 449 699 612 756; x_wconf 90' lang='lat' dir='ltr'><strong>homo</strong></span> <span class='ocrx_word' id='word_1_88' title='bbox 637 698 950 771; x_wconf 81' lang='lat' dir='ltr'><strong>assumptus</strong></span> <span class='ocrx_word' id='word_1_89' title='bbox 989 717 1111 756; x_wconf 91' lang='lat' dir='ltr'><strong>cum</strong></span> <span class='ocrx_word' id='word_1_90' title='bbox 1141 700 1320 771; x_wconf 66' lang='lat' dir='ltr'><strong>Verbo</strong></span> <span class='ocrx_word' id='word_1_91' title='bbox 1361 699 1660 771; x_wconf 76' lang='lat' dir='ltr'><strong>appelletur</strong></span> <span class='ocrx_word' id='word_1_92' title='bbox 1701 698 1861 771; x_wconf 84' lang='lat' dir='ltr'><strong>Deus,</strong></span> 
     </span>
    </p>
   </div>
   <div class='ocr_carea' id='block_1_11' title="bbox 275 768 1863 840">
    <p class='ocr_par' dir='ltr' id='par_1_11' title="bbox 275 768 1863 840">
     <span class='ocr_line' id='line_1_12' title="bbox 275 768 1863 840; baseline 0 -16"><span class='ocrx_word' id='word_1_93' title='bbox 275 768 375 840; x_wconf 73' lang='lat' dir='ltr'><strong>seu</strong></span> <span class='ocrx_word' id='word_1_94' title='bbox 419 769 784 840; x_wconf 88' lang='lat' dir='ltr'><strong>nuncupative</strong></span> <span class='ocrx_word' id='word_1_95' title='bbox 828 768 1043 826; x_wconf 76' lang='lat' dir='ltr'><strong>tantum</strong></span> <span class='ocrx_word' id='word_1_96' title='bbox 1089 770 1212 826; x_wconf 89' lang='lat' dir='ltr'><strong>talis</strong></span> <span class='ocrx_word' id='word_1_97' title='bbox 1247 772 1338 835; x_wconf 85' lang='lat' dir='ltr'><strong>sit,</strong></span> <span class='ocrx_word' id='word_1_98' title='bbox 1389 768 1679 826; x_wconf 76' lang='lat' dir='ltr'><strong>manifeste</strong></span> <span class='ocrx_word' id='word_1_99' title='bbox 1711 769 1863 838; x_wconf 87' lang='lat' dir='ltr'><strong>sequi</strong></span> 
     </span>
    </p>
   </div>
   <div class='ocr_carea' id='block_1_12' title="bbox 271 839 1862 912">
    <p class='ocr_par' dir='ltr' id='par_1_12' title="bbox 271 839 1862 912">
     <span class='ocr_line' id='line_1_13' title="bbox 271 839 1862 912; baseline -0.001 -18"><span class='ocrx_word' id='word_1_100' title='bbox 271 839 516 912; x_wconf 51' lang='lat' dir='ltr'><strong>Veritum</strong></span> <span class='ocrx_word' id='word_1_101' title='bbox 541 839 762 912; x_wconf 76' lang='lat' dir='ltr'><strong>proprie</strong></span> <span class='ocrx_word' id='word_1_102' title='bbox 783 841 885 897; x_wconf 84' lang='lat' dir='ltr'><strong>sibi</strong></span> <span class='ocrx_word' id='word_1_103' title='bbox 905 856 1014 896; x_wconf 91' lang='lat' dir='ltr'><strong>non</strong></span> <span class='ocrx_word' id='word_1_104' title='bbox 1038 841 1244 912; x_wconf 85' lang='lat' dir='ltr'><strong>uniisse</strong></span> <span class='ocrx_word' id='word_1_105' title='bbox 1269 849 1520 896; x_wconf 84' lang='lat' dir='ltr'><strong>naturam</strong></span> <span class='ocrx_word' id='word_1_106' title='bbox 1550 841 1862 912; x_wconf 83' lang='lat' dir='ltr'><strong>humanam,</strong></span> 
     </span>
    </p>
   </div>
   <div class='ocr_carea' id='block_1_13' title="bbox 269 908 1864 982">
    <p class='ocr_par' dir='ltr' id='par_1_13' title="bbox 269 908 1864 982">
     <span class='ocr_line' id='line_1_14' title="bbox 269 908 1864 982; baseline 0 -18"><span class='ocrx_word' id='word_1_107' title='bbox 269 919 330 982; x_wconf 78' lang='lat' dir='ltr'><strong>et</strong></span> <span class='ocrx_word' id='word_1_108' title='bbox 367 908 774 982; x_wconf 56' lang='lat' dir='ltr'><strong>Emmanuelem</strong></span> <span class='ocrx_word' id='word_1_109' title='bbox 812 926 933 967; x_wconf 89' lang='lat' dir='ltr'><strong>esse</strong></span> <span class='ocrx_word' id='word_1_110' title='bbox 969 927 1166 982; x_wconf 86' lang='lat' dir='ltr'><strong>purum</strong></span> <span class='ocrx_word' id='word_1_111' title='bbox 1196 911 1470 982; x_wconf 83' lang='lat' dir='ltr'><strong>hominem</strong></span> <span class='ocrx_word' id='word_1_112' title='bbox 1516 911 1688 982; x_wconf 15' lang='lat' dir='ltr'><strong>nobis;</strong></span> <span class='ocrx_word' id='word_1_113' title='bbox 1713 908 1864 964; x_wconf 86' lang='lat' dir='ltr'><strong>simi-</strong></span> 
     </span>
    </p>
   </div>
   <div class='ocr_carea' id='block_1_14' title="bbox 270 979 1861 1052">
    <p class='ocr_par' dir='ltr' id='par_1_14' title="bbox 270 979 1861 1052">
     <span class='ocr_line' id='line_1_15' title="bbox 270 979 1861 1052; baseline -0.001 -16"><span class='ocrx_word' id='word_1_114' title='bbox 270 979 419 1052; x_wconf 75' lang='lat' dir='ltr'><strong>lem._</strong></span> <span class='ocrx_word' id='word_1_115' title='bbox 452 997 471 1030; x_wconf 76' lang='grc' dir='ltr'><strong>ι</strong></span> <span class='ocrx_word' id='word_1_116' title='bbox 507 979 811 1051; x_wconf 84' lang='lat' dir='ltr'><strong>Siquidem,</strong></span> <span class='ocrx_word' id='word_1_117' title='bbox 856 979 1050 1052; x_wconf 79' lang='lat' dir='ltr'><strong>inquit,</strong></span> <span class='ocrx_word' id='word_1_118' title='bbox 1088 982 1201 1051; x_wconf 91' lang='lat' dir='ltr'><strong>ipse</strong></span> <span class='ocrx_word' id='word_1_119' title='bbox 1234 981 1379 1037; x_wconf 88' lang='lat' dir='ltr'><strong>Deus</strong></span> <span class='ocrx_word' id='word_1_120' title='bbox 1402 981 1562 1037; x_wconf 86' lang='lat' dir='ltr'><strong>simul</strong></span> <span class='ocrx_word' id='word_1_121' title='bbox 1599 988 1656 1036; x_wconf 91' lang='lat' dir='ltr'><strong>et</strong></span> <span class='ocrx_word' id='word_1_122' title='bbox 1675 980 1861 1046; x_wconf 89' lang='lat' dir='ltr'><strong>homo,</strong></span> 
     </span>
    </p>
   </div>
   <div class='ocr_carea' id='block_1_15' title="bbox 268 1050 1863 1116">
    <p class='ocr_par' dir='ltr' id='par_1_15' title="bbox 268 1050 1863 1116">
     <span class='ocr_line' id='line_1_16' title="bbox 268 1050 1863 1116; baseline -0.001 -11"><span class='ocrx_word' id='word_1_123' title='bbox 268 1050 614 1106; x_wconf 81' lang='lat' dir='ltr'><strong>etadoratur</strong></span> <span class='ocrx_word' id='word_1_124' title='bbox 642 1052 786 1108; x_wconf 83' lang='lat' dir='ltr'><strong>sicut</strong></span> <span class='ocrx_word' id='word_1_125' title='bbox 829 1050 969 1109; x_wconf 85' lang='lat' dir='ltr'><strong>unus</strong></span> <span class='ocrx_word' id='word_1_126' title='bbox 1008 1050 1323 1107; x_wconf 82' lang='lat' dir='ltr'><strong>adoratione</strong></span> <span class='ocrx_word' id='word_1_127' title='bbox 1352 1067 1478 1116; x_wconf 90' lang='lat' dir='ltr'><strong>una,</strong></span> <span class='ocrx_word' id='word_1_128' title='bbox 1521 1059 1577 1107; x_wconf 88' lang='lat' dir='ltr'><strong>et</strong></span> <span class='ocrx_word' id='word_1_129' title='bbox 1614 1065 1722 1105; x_wconf 90' lang='lat' dir='ltr'><strong>non</strong></span> <span class='ocrx_word' id='word_1_130' title='bbox 1770 1064 1863 1104; x_wconf 88' lang='lat' dir='ltr'><strong>co-</strong></span> 
     </span>
    </p>
   </div>
   <div class='ocr_carea' id='block_1_16' title="bbox 271 1119 1863 1206">
    <p class='ocr_par' dir='ltr' id='par_1_16' title="bbox 271 1119 1863 1206">
     <span class='ocr_line' id='line_1_17' title="bbox 271 1119 1863 1206; baseline -0.001 -30"><span class='ocrx_word' id='word_1_131' title='bbox 271 1121 556 1206; x_wconf 69' lang='lat' dir='ltr'><strong>adoi&#39;atur,</strong></span> <span class='ocrx_word' id='word_1_132' title='bbox 589 1129 646 1177; x_wconf 89' lang='lat' dir='ltr'><strong>et</strong></span> <span class='ocrx_word' id='word_1_133' title='bbox 685 1123 846 1206; x_wconf 81' lang='lat' dir='ltr'><strong>simul</strong></span> <span class='ocrx_word' id='word_1_134' title='bbox 877 1121 1178 1206; x_wconf 68' lang='lat' dir='ltr'><strong>appellatur</strong></span> <span class='ocrx_word' id='word_1_135' title='bbox 1211 1121 1356 1206; x_wconf 80' lang='lat' dir='ltr'><strong>Deus</strong></span> <span class='ocrx_word' id='word_1_136' title='bbox 1384 1141 1397 1176; x_wconf 89' lang='lat'><strong>:</strong></span> <span class='ocrx_word' id='word_1_137' title='bbox 1439 1137 1507 1177; x_wconf 92' lang='lat' dir='ltr'><strong>ne</strong></span> <span class='ocrx_word' id='word_1_138' title='bbox 1545 1119 1863 1206; x_wconf 75' lang='lat' dir='ltr'><strong>Emmanuel</strong></span> 
     </span>
    </p>
   </div>
   <div class='ocr_carea' id='block_1_17' title="bbox 268 1190 1864 1262">
    <p class='ocr_par' dir='ltr' id='par_1_17' title="bbox 268 1190 1864 1262">
     <span class='ocr_line' id='line_1_18' title="bbox 268 1190 1864 1262; baseline -0.002 -16"><span class='ocrx_word' id='word_1_139' title='bbox 268 1192 531 1247; x_wconf 83' lang='lat' dir='ltr'><strong>credatur</strong></span> <span class='ocrx_word' id='word_1_140' title='bbox 571 1207 694 1248; x_wconf 87' lang='lat' dir='ltr'><strong>esse</strong></span> <span class='ocrx_word' id='word_1_141' title='bbox 726 1193 889 1249; x_wconf 86' lang='lat' dir='ltr'><strong>homo</strong></span> <span class='ocrx_word' id='word_1_142' title='bbox 910 1190 1256 1262; x_wconf 67' lang='lat' dir='ltr'><strong>simpliciter,</strong></span> <span class='ocrx_word' id='word_1_143' title='bbox 1291 1202 1348 1248; x_wconf 90' lang='lat' dir='ltr'><strong>et</strong></span> <span class='ocrx_word' id='word_1_144' title='bbox 1391 1191 1693 1247; x_wconf 86' lang='lat' dir='ltr'><strong>communis</strong></span> <span class='ocrx_word' id='word_1_145' title='bbox 1723 1190 1864 1262; x_wconf 82' lang='lat' dir='ltr'><strong>sicut</strong></span> 
     </span>
    </p>
   </div>
   <div class='ocr_carea' id='block_1_18' title="bbox 268 1261 1861 1334">
    <p class='ocr_par' dir='ltr' id='par_1_18' title="bbox 268 1261 1861 1334">
     <span class='ocr_line' id='line_1_19' title="bbox 268 1261 1861 1334; baseline 0 -20"><span class='ocrx_word' id='word_1_146' title='bbox 268 1275 410 1334; x_wconf 72' lang='lat' dir='ltr'><strong>nos,</strong></span> <span class='ocrx_word' id='word_1_147' title='bbox 461 1269 517 1318; x_wconf 92' lang='lat' dir='ltr'><strong>et</strong></span> <span class='ocrx_word' id='word_1_148' title='bbox 549 1276 646 1333; x_wconf 89' lang='lat' dir='ltr'><strong>per</strong></span> <span class='ocrx_word' id='word_1_149' title='bbox 681 1268 915 1334; x_wconf 74' lang='lat' dir='ltr'><strong>gratiam</strong></span> <span class='ocrx_word' id='word_1_150' title='bbox 961 1261 1154 1334; x_wconf 76' lang='lat' dir='ltr'><strong>divinae</strong></span> <span class='ocrx_word' id='word_1_151' title='bbox 1195 1263 1380 1334; x_wconf 67' lang='lat' dir='ltr'><strong>gloria:</strong></span> <span class='ocrx_word' id='word_1_152' title='bbox 1406 1263 1720 1334; x_wconf 88' lang='lat' dir='ltr'><strong>particeps;</strong></span> <span class='ocrx_word' id='word_1_153' title='bbox 1766 1261 1861 1315; x_wconf 89' lang='lat' dir='ltr'><strong>sed</strong></span> 
     </span>
    </p>
   </div>
   <div class='ocr_carea' id='block_1_19' title="bbox 267 1329 1864 1404">
    <p class='ocr_par' dir='ltr' id='par_1_19' title="bbox 267 1329 1864 1404">
     <span class='ocr_line' id='line_1_20' title="bbox 267 1329 1864 1404; baseline -0.001 -18"><span class='ocrx_word' id='word_1_154' title='bbox 267 1329 632 1404; x_wconf 79' lang='lat' dir='ltr'><strong>conﬁteamur</strong></span> <span class='ocrx_word' id='word_1_155' title='bbox 683 1329 833 1389; x_wconf 78' lang='lat' dir='ltr'><strong>illum</strong></span> <span class='ocrx_word' id='word_1_156' title='bbox 877 1335 1058 1404; x_wconf 89' lang='lat' dir='ltr'><strong>potius</strong></span> <span class='ocrx_word' id='word_1_157' title='bbox 1107 1329 1273 1404; x_wconf 72' lang='lat' dir='ltr'><strong>Deum</strong></span> <span class='ocrx_word' id='word_1_158' title='bbox 1327 1335 1383 1388; x_wconf 90' lang='lat' dir='ltr'><strong>in</strong></span> <span class='ocrx_word' id='word_1_159' title='bbox 1409 1329 1864 1404; x_wconf 56' lang='lat' dir='ltr'><strong>&#39;carue&#39;proptey</strong></span> 
     </span>
    </p>
   </div>
   <div class='ocr_carea' id='block_1_20' title="bbox 268 1401 1862 1471">
    <p class='ocr_par' dir='ltr' id='par_1_20' title="bbox 268 1401 1862 1471">
     <span class='ocr_line' id='line_1_21' title="bbox 268 1401 1862 1471; baseline 0 -16"><span class='ocrx_word' id='word_1_160' title='bbox 268 1417 390 1466; x_wconf 89' lang='lat' dir='ltr'><strong>nos,</strong></span> <span class='ocrx_word' id='word_1_161' title='bbox 441 1403 494 1458; x_wconf 90' lang='lat' dir='ltr'><strong>id</strong></span> <span class='ocrx_word' id='word_1_162' title='bbox 524 1412 625 1466; x_wconf 90' lang='lat' dir='ltr'><strong>est,</strong></span> <span class='ocrx_word' id='word_1_163' title='bbox 670 1419 798 1461; x_wconf 84' lang='lat' dir='ltr'><strong>vere</strong></span> <span class='ocrx_word' id='word_1_164' title='bbox 827 1401 1104 1463; x_wconf 80' lang='lat' dir='ltr'><strong>hominem</strong></span> <span class='ocrx_word' id='word_1_165' title='bbox 1138 1402 1364 1471; x_wconf 79' lang='lat' dir='ltr'><strong>factum,</strong></span> <span class='ocrx_word' id='word_1_166' title='bbox 1407 1419 1516 1458; x_wconf 91' lang='lat' dir='ltr'><strong>non</strong></span> <span class='ocrx_word' id='word_1_167' title='bbox 1559 1401 1862 1456; x_wconf 88' lang='lat' dir='ltr'><strong>mutatione</strong></span> 
     </span>
    </p>
   </div>
   <div class='ocr_carea' id='block_1_21' title="bbox 266 1472 1860 1537">
    <p class='ocr_par' dir='ltr' id='par_1_21' title="bbox 266 1472 1860 1537">
     <span class='ocr_line' id='line_1_22' title="bbox 266 1472 1860 1537; baseline 0 -11"><span class='ocrx_word' id='word_1_168' title='bbox 266 1480 484 1529; x_wconf 64' lang='lat' dir='ltr'><strong>natura:</strong></span> <span class='ocrx_word' id='word_1_169' title='bbox 528 1477 826 1530; x_wconf 89' lang='lat' dir='ltr'><strong>secundum</strong></span> <span class='ocrx_word' id='word_1_170' title='bbox 860 1475 1236 1530; x_wconf 88' lang='lat' dir='ltr'><strong>alterationem</strong></span> <span class='ocrx_word' id='word_1_171' title='bbox 1273 1484 1330 1530; x_wconf 92' lang='lat' dir='ltr'><strong>et</strong></span> <span class='ocrx_word' id='word_1_172' title='bbox 1369 1474 1672 1529; x_wconf 78' lang='lat' dir='ltr'><strong>versionem</strong></span> <span class='ocrx_word' id='word_1_173' title='bbox 1698 1512 1713 1537; x_wconf 93' lang='lat'><strong>,</strong></span> <span class='ocrx_word' id='word_1_174' title='bbox 1763 1472 1860 1526; x_wconf 89' lang='lat' dir='ltr'><strong>sed</strong></span> 
     </span>
    </p>
   </div>
   <div class='ocr_carea' id='block_1_22' title="bbox 266 1541 1860 1618">
    <p class='ocr_par' dir='ltr' id='par_1_22' title="bbox 266 1541 1860 1618">
     <span class='ocr_line' id='line_1_23' title="bbox 266 1541 1860 1618; baseline -0.002 -21"><span class='ocrx_word' id='word_1_175' title='bbox 266 1543 935 1618; x_wconf 75' lang='lat' dir='ltr'><strong>tmionis_di5pensatione.</strong></span> <span class='ocrx_word' id='word_1_176' title='bbox 971 1544 1240 1618; x_wconf 66' lang='lat' dir='ltr'><strong>i_lbide_m</strong></span> <span class='ocrx_word' id='word_1_177' title='bbox 1276 1546 1382 1618; x_wconf 86' lang='lat' dir='ltr'><strong>col.</strong></span> <span class='ocrx_word' id='word_1_178' title='bbox 1415 1545 1519 1599; x_wconf 80' lang='lat' dir='ltr'><strong>H9</strong></span> <span class='ocrx_word' id='word_1_179' title='bbox 1540 1551 1597 1599; x_wconf 91' lang='lat' dir='ltr'><strong>et</strong></span> <span class='ocrx_word' id='word_1_180' title='bbox 1621 1542 1711 1597; x_wconf 72' lang='lat'><strong>22.</strong></span> <span class='ocrx_word' id='word_1_181' title='bbox 1742 1541 1860 1618; x_wconf 82' lang='lat' dir='ltr'><strong>_l_)e-</strong></span> 
     </span>
    </p>
   </div>
   <div class='ocr_carea' id='block_1_23' title="bbox 266 1611 1858 1672">
    <p class='ocr_par' dir='ltr' id='par_1_23' title="bbox 266 1611 1858 1672">
     <span class='ocr_line' id='line_1_24' title="bbox 266 1611 1858 1672; baseline 0.002 -5"><span class='ocrx_word' id='word_1_182' title='bbox 266 1628 422 1669; x_wconf 85' lang='lat' dir='ltr'><strong>mum</strong></span> <span class='ocrx_word' id='word_1_183' title='bbox 451 1615 576 1672; x_wconf 88' lang='lat' dir='ltr'><strong>libr.</strong></span> <span class='ocrx_word' id='word_1_184' title='bbox 600 1611 660 1670; x_wconf 77' lang='grc' dir='ltr'><strong>ἰι</strong></span> <span class='ocrx_word' id='word_1_185' title='bbox 689 1617 950 1672; x_wconf 85' lang='lat' dir='ltr'><strong>adversus</strong></span> <span class='ocrx_word' id='word_1_186' title='bbox 983 1615 1293 1672; x_wconf 87' lang='lat' dir='ltr'><strong>Nestorium</strong></span> <span class='ocrx_word' id='word_1_187' title='bbox 1319 1617 1594 1672; x_wconf 88' lang='lat' dir='ltr'><strong>dicentem</strong></span> <span class='ocrx_word' id='word_1_188' title='bbox 1622 1631 1637 1668; x_wconf 88' lang='lat'><strong>:</strong></span> <span class='ocrx_word' id='word_1_189' title='bbox 1691 1630 1713 1663; x_wconf 71' lang='grc' dir='ltr'><strong>ε</strong></span> <span class='ocrx_word' id='word_1_190' title='bbox 1739 1611 1858 1670; x_wconf 85' lang='lat' dir='ltr'><strong>Non</strong></span> 
     </span>
    </p>
   </div>
   <div class='ocr_carea' id='block_1_24' title="bbox 263 1684 1854 1757">
    <p class='ocr_par' dir='ltr' id='par_1_24' title="bbox 263 1684 1854 1757">
     <span class='ocr_line' id='line_1_25' title="bbox 263 1684 1854 1757; baseline -0.001 -17"><span class='ocrx_word' id='word_1_191' title='bbox 263 1693 354 1740; x_wconf 88' lang='lat' dir='ltr'><strong>est</strong></span> <span class='ocrx_word' id='word_1_192' title='bbox 387 1699 486 1757; x_wconf 85' lang='lat' dir='ltr'><strong>per</strong></span> <span class='ocrx_word' id='word_1_193' title='bbox 512 1701 572 1742; x_wconf 89' lang='lat' dir='ltr'><strong>se</strong></span> <span class='ocrx_word' id='word_1_194' title='bbox 614 1686 776 1752; x_wconf 85' lang='lat' dir='ltr'><strong>Deus,</strong></span> <span class='ocrx_word' id='word_1_195' title='bbox 815 1687 959 1757; x_wconf 91' lang='lat' dir='ltr'><strong>quod</strong></span> <span class='ocrx_word' id='word_1_196' title='bbox 988 1694 1086 1757; x_wconf 15' lang='lat' dir='ltr'><strong>est,</strong></span> <span class='ocrx_word' id='word_1_197' title='bbox 1105 1686 1162 1741; x_wconf 90' lang='lat' dir='ltr'><strong>in</strong></span> <span class='ocrx_word' id='word_1_198' title='bbox 1197 1695 1356 1742; x_wconf 84' lang='lat' dir='ltr'><strong>utero</strong></span> <span class='ocrx_word' id='word_1_199' title='bbox 1398 1684 1727 1751; x_wconf 79' lang='lat' dir='ltr'><strong>formatum;</strong></span> <span class='ocrx_word' id='word_1_200' title='bbox 1756 1722 1771 1737; x_wconf 95' lang='lat'><strong>.</strong></span> <span class='ocrx_word' id='word_1_201' title='bbox 1795 1721 1854 1757; x_wconf 58' lang='grc' dir='ltr'><em>,ρ</em></span> 
     </span>
    </p>
   </div>
   <div class='ocr_carea' id='block_1_25' title="bbox 1968 699 3564 775">
    <p class='ocr_par' dir='ltr' id='par_1_25' title="bbox 1968 699 3564 775">
     <span class='ocr_line' id='line_1_26' title="bbox 1968 699 3564 775; baseline 0.005 -21"><span class='ocrx_word' id='word_1_202' title='bbox 1968 708 2056 755; x_wconf 83' lang='grc' dir='ltr'>ιιιι·</span> <span class='ocrx_word' id='word_1_203' title='bbox 2091 699 2277 756; x_wconf 33' lang='lat' dir='ltr'><strong>Deus&quot;:</strong></span> <span class='ocrx_word' id='word_1_204' title='bbox 2323 699 2594 775; x_wconf 86' lang='lat' dir='ltr'><strong>quomodo</strong></span> <span class='ocrx_word' id='word_1_205' title='bbox 2631 711 2961 775; x_wconf 66' lang='lat' dir='ltr'><strong>assumptus</strong></span> <span class='ocrx_word' id='word_1_206' title='bbox 2993 713 3101 767; x_wconf 85' lang='lat' dir='ltr'><strong>est,</strong></span> <span class='ocrx_word' id='word_1_207' title='bbox 3147 699 3422 775; x_wconf 58' lang='lat' dir='ltr'><strong>eloquere,</strong></span> <span class='ocrx_word' id='word_1_208' title='bbox 3468 715 3564 762; x_wconf 90' lang='lat' dir='ltr'><strong>aut</strong></span> 
     </span>
    </p>
   </div>
   <div class='ocr_carea' id='block_1_26' title="bbox 1965 771 3562 894">
    <p class='ocr_par' dir='ltr' id='par_1_26' title="bbox 1965 771 3562 894">
     <span class='ocr_line' id='line_1_27' title="bbox 1965 771 3562 894; baseline 0.004 -69"><span class='ocrx_word' id='word_1_209' title='bbox 1965 785 2201 894; x_wconf 67' lang='lat' dir='ltr'><strong>ﬂuonam</strong></span> <span class='ocrx_word' id='word_1_210' title='bbox 2229 771 2551 842; x_wconf 88' lang='lat' dir='ltr'><strong>conjunctus</strong></span> <span class='ocrx_word' id='word_1_211' title='bbox 2577 781 2663 828; x_wconf 91' lang='lat' dir='ltr'><strong>est</strong></span> <span class='ocrx_word' id='word_1_212' title='bbox 2692 771 2892 828; x_wconf 80' lang='lat' dir='ltr'><strong>modo?</strong></span> <span class='ocrx_word' id='word_1_213' title='bbox 2917 772 3052 828; x_wconf 88' lang='lat' dir='ltr'><strong>Nam</strong></span> <span class='ocrx_word' id='word_1_214' title='bbox 3079 771 3345 845; x_wconf 76' lang='lat' dir='ltr'><strong>siquidem</strong></span> <span class='ocrx_word' id='word_1_215' title='bbox 3374 792 3562 831; x_wconf 83' lang='lat' dir='ltr'><strong>secun-</strong></span> 
     </span>
     <span class='ocr_line' id='line_1_28' title="bbox 2004 841 3560 894; baseline 0 0"><span class='ocrx_word' id='word_1_216' title='bbox 2004 856 2094 894; x_wconf 90' lang='lat' dir='ltr'><strong>um</strong></span> <span class='ocrx_word' id='word_1_217' title='bbox 2137 855 2325 894; x_wconf 83' lang='lat' dir='ltr'><strong>veram</strong></span> <span class='ocrx_word' id='word_1_218' title='bbox 2371 841 2625 894; x_wconf 90' lang='lat' dir='ltr'><strong>unionem</strong></span> <span class='ocrx_word' id='word_1_219' title='bbox 2652 884 2668 894; x_wconf 89' lang='lat'><strong>.</strong></span> <span class='ocrx_word' id='word_1_220' title='bbox 2716 842 2861 894; x_wconf 86' lang='lat' dir='ltr'><strong>illam</strong></span> <span class='ocrx_word' id='word_1_221' title='bbox 2907 846 3203 894; x_wconf 84' lang='lat' dir='ltr'><strong>secundum</strong></span> <span class='ocrx_word' id='word_1_222' title='bbox 3244 847 3560 894; x_wconf 75' lang='lat' dir='ltr'><strong>hvmslasin</strong></span> 
     </span>
    </p>
   </div>
   <div class='ocr_carea' id='block_1_27' title="bbox 2004 841 3560 917">
    <p class='ocr_par' dir='ltr' id='par_1_27' title="bbox 2004 841 3560 917">
     <span class='ocr_line' id='line_1_29' title="bbox 2004 841 3560 917; baseline 0.005 -22"><span class='ocrx_word' id='word_1_223' title='bbox 2004 856 2094 917; x_wconf 87' lang='lat' dir='ltr'><strong>um</strong></span> <span class='ocrx_word' id='word_1_224' title='bbox 2137 841 2339 917; x_wconf 81' lang='lat' dir='ltr'><strong>veram</strong></span> <span class='ocrx_word' id='word_1_225' title='bbox 2371 841 2625 917; x_wconf 79' lang='lat' dir='ltr'><strong>unionem</strong></span> <span class='ocrx_word' id='word_1_226' title='bbox 2652 884 2668 906; x_wconf 92' lang='lat'><strong>,</strong></span> <span class='ocrx_word' id='word_1_227' title='bbox 2703 841 3203 917; x_wconf 18' lang='grc' dir='ltr'><strong>ΔἱΙΙιιιῐι-λεεξιξιιιιιιιιιιι</strong></span> <span class='ocrx_word' id='word_1_228' title='bbox 3244 847 3560 917; x_wconf 88' lang='lat' dir='ltr'><strong>hypostasin</strong></span> 
     </span>
    </p>
   </div>
   <div class='ocr_carea' id='block_1_28' title="bbox 1964 909 3562 986">
    <p class='ocr_par' dir='ltr' id='par_1_28' title="bbox 1964 909 3562 986">
     <span class='ocr_line' id='line_1_30' title="bbox 1964 909 3562 986; baseline 0.005 -20"><span class='ocrx_word' id='word_1_229' title='bbox 1964 909 2087 986; x_wconf 83' lang='lat' dir='ltr'><strong>dico</strong></span> <span class='ocrx_word' id='word_1_230' title='bbox 2113 927 2128 978; x_wconf 90' lang='lat'><strong>;</strong></span> <span class='ocrx_word' id='word_1_231' title='bbox 2157 911 2350 986; x_wconf 81' lang='lat' dir='ltr'><strong>desine</strong></span> <span class='ocrx_word' id='word_1_232' title='bbox 2377 912 2597 986; x_wconf 76' lang='lat' dir='ltr'><strong>tandem</strong></span> <span class='ocrx_word' id='word_1_233' title='bbox 2623 913 2832 986; x_wconf 80' lang='lat' dir='ltr'><strong>unitam</strong></span> <span class='ocrx_word' id='word_1_234' title='bbox 2859 915 3102 986; x_wconf 85' lang='lat' dir='ltr'><strong>dividere</strong></span> <span class='ocrx_word' id='word_1_235' title='bbox 3126 933 3139 968; x_wconf 91' lang='lat'>:</span> <span class='ocrx_word' id='word_1_236' title='bbox 3176 922 3231 971; x_wconf 90' lang='lat' dir='ltr'><strong>et</strong></span> <span class='ocrx_word' id='word_1_237' title='bbox 3259 909 3562 986; x_wconf 78' lang='lat' dir='ltr'><strong>opportune</strong></span> 
     </span>
    </p>
   </div>
   <div class='ocr_carea' id='block_1_29' title="bbox 1963 981 3557 1043">
    <p class='ocr_par' dir='ltr' id='par_1_29' title="bbox 1963 981 3557 1043">
     <span class='ocr_line' id='line_1_31' title="bbox 1963 981 3557 1043; baseline 0.004 -8"><span class='ocrx_word' id='word_1_238' title='bbox 1963 982 2130 1036; x_wconf 79' lang='lat' dir='ltr'><strong>etiam</strong></span> <span class='ocrx_word' id='word_1_239' title='bbox 2179 996 2212 1037; x_wconf 83' lang='lat' dir='ltr'><strong>a</strong></span> <span class='ocrx_word' id='word_1_240' title='bbox 2264 982 2423 1038; x_wconf 89' lang='lat' dir='ltr'><strong>nobis</strong></span> <span class='ocrx_word' id='word_1_241' title='bbox 2467 981 2680 1038; x_wconf 89' lang='lat' dir='ltr'><strong>dicetur</strong></span> <span class='ocrx_word' id='word_1_242' title='bbox 2731 983 2826 1038; x_wconf 89' lang='lat' dir='ltr'><strong>tibi</strong></span> <span class='ocrx_word' id='word_1_243' title='bbox 2871 985 3205 1040; x_wconf 86' lang='lat' dir='ltr'><strong>individuum</strong></span> <span class='ocrx_word' id='word_1_244' title='bbox 3258 981 3557 1043; x_wconf 64' lang='lat' dir='ltr'><strong>dividenti:</strong></span> 
     </span>
    </p>
   </div>
   <div class='ocr_carea' id='block_1_30' title="bbox 1965 1049 3557 1127">
    <p class='ocr_par' dir='ltr' id='par_1_30' title="bbox 1965 1049 3557 1127">
     <span class='ocr_line' id='line_1_32' title="bbox 1965 1049 3557 1127; baseline 0.005 -23"><span class='ocrx_word' id='word_1_245' title='bbox 1965 1049 2121 1127; x_wconf 83' lang='lat' dir='ltr'><strong>Quod</strong></span> <span class='ocrx_word' id='word_1_246' title='bbox 2143 1068 2276 1127; x_wconf 63' lang='lat' dir='ltr'><strong>ergo</strong></span> <span class='ocrx_word' id='word_1_247' title='bbox 2313 1050 2459 1106; x_wconf 86' lang='lat' dir='ltr'><strong>Deus</strong></span> <span class='ocrx_word' id='word_1_248' title='bbox 2493 1053 2801 1127; x_wconf 72' lang='lat' dir='ltr'><strong>conjunxit,</strong></span> <span class='ocrx_word' id='word_1_249' title='bbox 2835 1055 2991 1127; x_wconf 80' lang='lat' dir='ltr'><strong>homo</strong></span> <span class='ocrx_word' id='word_1_250' title='bbox 3017 1072 3080 1110; x_wconf 87' lang='lat' dir='ltr'><strong>ne</strong></span> <span class='ocrx_word' id='word_1_251' title='bbox 3108 1057 3312 1127; x_wconf 82' lang='lat' dir='ltr'><strong>dividat</strong></span> <span class='ocrx_word' id='word_1_252' title='bbox 3337 1056 3557 1127; x_wconf 77' lang='lat' dir='ltr'><strong>(Matth.</strong></span> 
     </span>
    </p>
   </div>
   <div class='ocr_carea' id='block_1_31' title="bbox 1962 1120 3563 1196">
    <p class='ocr_par' dir='ltr' id='par_1_31' title="bbox 1962 1120 3563 1196">
     <span class='ocr_line' id='line_1_33' title="bbox 1962 1120 3563 1196; baseline 0.005 -21"><span class='ocrx_word' id='word_1_253' title='bbox 1962 1121 2100 1196; x_wconf 68' lang='lat' dir='ltr'><strong>xix).</strong></span> <span class='ocrx_word' id='word_1_254' title='bbox 2138 1120 2237 1177; x_wconf 82' lang='lat' dir='ltr'><strong>Sin</strong></span> <span class='ocrx_word' id='word_1_255' title='bbox 2264 1120 2710 1196; x_wconf 75' lang='lat' dir='ltr'><strong>assumptionem,</strong></span> <span class='ocrx_word' id='word_1_256' title='bbox 2743 1139 2836 1179; x_wconf 89' lang='lat' dir='ltr'><strong>seu</strong></span> <span class='ocrx_word' id='word_1_257' title='bbox 2863 1125 3299 1196; x_wconf 84' lang='lat' dir='ltr'><strong>conjunctionem</strong></span> <span class='ocrx_word' id='word_1_258' title='bbox 3329 1120 3452 1183; x_wconf 82' lang='lat' dir='ltr'><strong>esse</strong></span> <span class='ocrx_word' id='word_1_259' title='bbox 3480 1130 3563 1183; x_wconf 83' lang='lat' dir='ltr'><strong>di-</strong></span> 
     </span>
    </p>
   </div>
   <div class='ocr_carea' id='block_1_32' title="bbox 1960 1192 3560 1264">
    <p class='ocr_par' dir='ltr' id='par_1_32' title="bbox 1960 1192 3560 1264">
     <span class='ocr_line' id='line_1_34' title="bbox 1960 1192 3560 1264; baseline 0.004 -18"><span class='ocrx_word' id='word_1_260' title='bbox 1960 1192 2042 1264; x_wconf 82' lang='lat' dir='ltr'><strong>eis</strong></span> <span class='ocrx_word' id='word_1_261' title='bbox 2067 1199 2352 1264; x_wconf 64' lang='lat' dir='ltr'><strong>externam</strong></span> <span class='ocrx_word' id='word_1_262' title='bbox 2399 1208 2463 1247; x_wconf 91' lang='lat' dir='ltr'><strong>ac</strong></span> <span class='ocrx_word' id='word_1_263' title='bbox 2515 1193 2832 1264; x_wconf 86' lang='lat' dir='ltr'><strong>relativam,</strong></span> <span class='ocrx_word' id='word_1_264' title='bbox 2877 1192 3148 1264; x_wconf 83' lang='lat' dir='ltr'><strong>quomodo</strong></span> <span class='ocrx_word' id='word_1_265' title='bbox 3184 1212 3289 1252; x_wconf 90' lang='lat' dir='ltr'><strong>non</strong></span> <span class='ocrx_word' id='word_1_266' title='bbox 3321 1199 3560 1254; x_wconf 70' lang='lat' dir='ltr'><strong>adVCI&#39;liS</strong></span> 
     </span>
    </p>
   </div>
   <div class='ocr_carea' id='block_1_33' title="bbox 1961 1261 3558 1339">
    <p class='ocr_par' dir='ltr' id='par_1_33' title="bbox 1961 1261 3558 1339">
     <span class='ocr_line' id='line_1_35' title="bbox 1961 1261 3558 1339; baseline 0.003 -21"><span class='ocrx_word' id='word_1_267' title='bbox 1961 1263 2016 1339; x_wconf 84' lang='lat' dir='ltr'><strong>in</strong></span> <span class='ocrx_word' id='word_1_268' title='bbox 2039 1263 2199 1339; x_wconf 77' lang='lat' dir='ltr'><strong>nobis</strong></span> <span class='ocrx_word' id='word_1_269' title='bbox 2238 1261 2562 1339; x_wconf 87' lang='lat' dir='ltr'><strong>etiam_e_sse</strong></span> <span class='ocrx_word' id='word_1_270' title='bbox 2598 1263 2810 1339; x_wconf 81' lang='lat' dir='ltr'><strong>Deum;</strong></span> <span class='ocrx_word' id='word_1_271' title='bbox 2847 1261 2910 1319; x_wconf 73' lang='lat' dir='ltr'><strong>ei</strong></span> <span class='ocrx_word' id='word_1_272' title='bbox 2941 1282 3038 1320; x_wconf 89' lang='lat' dir='ltr'><strong>nos</strong></span> <span class='ocrx_word' id='word_1_273' title='bbox 3074 1268 3147 1322; x_wconf 93' lang='lat' dir='ltr'><strong>illi</strong></span> <span class='ocrx_word' id='word_1_274' title='bbox 3183 1269 3436 1339; x_wconf 80' lang='lat' dir='ltr'><strong>conjungi</strong></span> <span class='ocrx_word' id='word_1_275' title='bbox 3470 1285 3558 1324; x_wconf 88' lang='lat' dir='ltr'><strong>re-</strong></span> 
     </span>
    </p>
   </div>
   <div class='ocr_carea' id='block_1_34' title="bbox 1960 1331 3561 1406">
    <p class='ocr_par' dir='ltr' id='par_1_34' title="bbox 1960 1331 3561 1406">
     <span class='ocr_line' id='line_1_36' title="bbox 1960 1331 3561 1406; baseline 0.004 -20"><span class='ocrx_word' id='word_1_276' title='bbox 1960 1331 2153 1406; x_wconf 80' lang='lat' dir='ltr'><strong>lative,</strong></span> <span class='ocrx_word' id='word_1_277' title='bbox 2199 1342 2255 1388; x_wconf 89' lang='lat' dir='ltr'><strong>et</strong></span> <span class='ocrx_word' id='word_1_278' title='bbox 2291 1333 2584 1406; x_wconf 78' lang='lat' dir='ltr'><strong>participes</strong></span> <span class='ocrx_word' id='word_1_279' title='bbox 2612 1349 2710 1390; x_wconf 91' lang='lat' dir='ltr'><strong>nos</strong></span> <span class='ocrx_word' id='word_1_280' title='bbox 2737 1334 2908 1391; x_wconf 82' lang='lat' dir='ltr'><strong>factos</strong></span> <span class='ocrx_word' id='word_1_281' title='bbox 2944 1352 3068 1392; x_wconf 87' lang='lat' dir='ltr'><strong>esse</strong></span> <span class='ocrx_word' id='word_1_282' title='bbox 3095 1331 3436 1406; x_wconf 62' lang='lat' dir='ltr'><strong>divinafejus</strong></span> <span class='ocrx_word' id='word_1_283' title='bbox 3465 1357 3561 1393; x_wconf 83' lang='lat' dir='ltr'><strong>na-</strong></span> 
     </span>
    </p>
   </div>
   <div class='ocr_carea' id='block_1_35' title="bbox 1960 1403 3553 1476">
    <p class='ocr_par' dir='ltr' id='par_1_35' title="bbox 1960 1403 3553 1476">
     <span class='ocr_line' id='line_1_37' title="bbox 1960 1403 3553 1476; baseline 0.004 -19"><span class='ocrx_word' id='word_1_284' title='bbox 1960 1405 2139 1476; x_wconf 68' lang='lat' dir='ltr'><strong>tum?</strong></span> <span class='ocrx_word' id='word_1_285' title='bbox 2162 1443 2176 1457; x_wconf 93' lang='lat'><strong>.</strong></span> <span class='ocrx_word' id='word_1_286' title='bbox 2206 1442 2220 1457; x_wconf 94' lang='lat'><strong>.</strong></span> <span class='ocrx_word' id='word_1_287' title='bbox 2247 1443 2262 1457; x_wconf 95' lang='lat'><strong>.</strong></span> <span class='ocrx_word' id='word_1_288' title='bbox 2303 1403 2448 1476; x_wconf 66' lang='lat' dir='ltr'><strong>Ergo</strong></span> <span class='ocrx_word' id='word_1_289' title='bbox 2473 1419 2580 1476; x_wconf 10' lang='lat' dir='ltr'><strong>nos,</strong></span> <span class='ocrx_word' id='word_1_290' title='bbox 2609 1421 2826 1476; x_wconf 90' lang='lat' dir='ltr'><strong>quoque</strong></span> <span class='ocrx_word' id='word_1_291' title='bbox 2851 1423 2918 1460; x_wconf 79' lang='lat' dir='ltr'><strong>ex</strong></span> <span class='ocrx_word' id='word_1_292' title='bbox 2947 1407 3215 1463; x_wconf 86' lang='lat' dir='ltr'><strong>sententia</strong></span> <span class='ocrx_word' id='word_1_293' title='bbox 3237 1403 3398 1463; x_wconf 82' lang='lat' dir='ltr'><strong>simul</strong></span> <span class='ocrx_word' id='word_1_294' title='bbox 3430 1425 3553 1464; x_wconf 89' lang='lat' dir='ltr'><strong>cum</strong></span> 
     </span>
    </p>
   </div>
   <div class='ocr_carea' id='block_1_36' title="bbox 1961 1473 3560 1546">
    <p class='ocr_par' dir='ltr' id='par_1_36' title="bbox 1961 1473 3560 1546">
     <span class='ocr_line' id='line_1_38' title="bbox 1961 1473 3560 1546; baseline 0.005 -20"><span class='ocrx_word' id='word_1_295' title='bbox 1961 1473 2050 1546; x_wconf 87' lang='lat' dir='ltr'><strong>illo</strong></span> <span class='ocrx_word' id='word_1_296' title='bbox 2077 1490 2144 1530; x_wconf 81' lang='lat' dir='ltr'><strong>ex</strong></span> <span class='ocrx_word' id='word_1_297' title='bbox 2171 1481 2366 1546; x_wconf 81' lang='lat' dir='ltr'><strong>natura</strong></span> <span class='ocrx_word' id='word_1_298' title='bbox 2393 1473 2504 1530; x_wconf 90' lang='lat' dir='ltr'><strong>Deo</strong></span> <span class='ocrx_word' id='word_1_299' title='bbox 2533 1475 2606 1531; x_wconf 88' lang='lat' dir='ltr'><strong>dii</strong></span> <span class='ocrx_word' id='word_1_300' title='bbox 2629 1473 2862 1540; x_wconf 80' lang='lat' dir='ltr'><strong>erimus,</strong></span> <span class='ocrx_word' id='word_1_301' title='bbox 2904 1485 3069 1546; x_wconf 85' lang='lat' dir='ltr'><strong>atque</strong></span> <span class='ocrx_word' id='word_1_302' title='bbox 3092 1479 3433 1544; x_wconf 84' lang='lat' dir='ltr'><strong>vocabimnr,</strong></span> <span class='ocrx_word' id='word_1_303' title='bbox 3462 1496 3560 1534; x_wconf 90' lang='lat' dir='ltr'><strong>no-</strong></span> 
     </span>
    </p>
   </div>
   <div class='ocr_carea' id='block_1_37' title="bbox 1957 1543 3558 1672">
    <p class='ocr_par' dir='ltr' id='par_1_37' title="bbox 1957 1543 3558 1672">
     <span class='ocr_line' id='line_1_39' title="bbox 1957 1543 3558 1672; baseline 0.003 -73"><span class='ocrx_word' id='word_1_304' title='bbox 1957 1543 2421 1672; x_wconf 62' lang='lat' dir='ltr'><strong>gectetur</strong></span> <span class='ocrx_word' id='word_1_305' title='bbox 2438 1559 2599 1602; x_wconf 87' lang='lat' dir='ltr'><strong>omne</strong></span> <span class='ocrx_word' id='word_1_306' title='bbox 2626 1561 2788 1618; x_wconf 77' lang='lat' dir='ltr'><strong>genu,</strong></span> <span class='ocrx_word' id='word_1_307' title='bbox 2815 1555 2922 1603; x_wconf 92' lang='lat' dir='ltr'><strong>etc.</strong></span> <span class='ocrx_word' id='word_1_308' title='bbox 2945 1568 2964 1600; x_wconf 73' lang='grc' dir='ltr'><strong><em>ο</em></strong></span> <span class='ocrx_word' id='word_1_309' title='bbox 2984 1543 3142 1604; x_wconf 80' lang='lat' dir='ltr'><strong>Tom.</strong></span> <span class='ocrx_word' id='word_1_310' title='bbox 3168 1549 3236 1604; x_wconf 79' lang='lat' dir='ltr'><strong>Vl</strong></span> <span class='ocrx_word' id='word_1_311' title='bbox 3273 1543 3434 1621; x_wconf 83' lang='lat' dir='ltr'><strong>Oper.</strong></span> <span class='ocrx_word' id='word_1_312' title='bbox 3462 1550 3558 1605; x_wconf 67' lang='lat' dir='ltr'><strong>fol.</strong></span> 
     </span>
     <span class='ocr_line' id='line_1_40' title="bbox 2052 1632 2224 1672; baseline -0.023 0"><span class='ocrx_word' id='word_1_313' title='bbox 2052 1632 2084 1672; x_wconf 90' lang='lat' dir='ltr'><strong>e</strong></span> <span class='ocrx_word' id='word_1_314' title='bbox 2173 1652 2188 1671; x_wconf 84' lang='lat'><strong>.</strong></span> <span class='ocrx_word' id='word_1_315' title='bbox 2210 1655 2224 1668; x_wconf 92' lang='lat'><strong>.</strong></span> 
     </span>
    </p>
   </div>
   <div class='ocr_carea' id='block_1_38' title="bbox 2052 1625 2224 1672">
    <p class='ocr_par' dir='ltr' id='par_1_38' title="bbox 2052 1625 2224 1672">
     <span class='ocr_line' id='line_1_41' title="bbox 2052 1625 2224 1672; baseline -0.023 0"><span class='ocrx_word' id='word_1_316' title='bbox 2052 1625 2108 1672; x_wconf 91' lang='lat' dir='ltr'><strong>et</strong></span> <span class='ocrx_word' id='word_1_317' title='bbox 2134 1625 2224 1671; x_wconf 75' lang='lat'><strong>59.</strong></span> 
     </span>
    </p>
   </div>
   <div class='ocr_carea' id='block_1_39' title="bbox 2030 1685 3560 1749">
    <p class='ocr_par' dir='ltr' id='par_1_39' title="bbox 2030 1685 3560 1749">
     <span class='ocr_line' id='line_1_42' title="bbox 2030 1685 3560 1749; baseline 0.005 -8"><span class='ocrx_word' id='word_1_318' title='bbox 2030 1685 2159 1742; x_wconf 80' lang='lat' dir='ltr'><strong>Vill.</strong></span> <span class='ocrx_word' id='word_1_319' title='bbox 2194 1685 2332 1744; x_wconf 83' lang='lat' dir='ltr'><strong>Cum</strong></span> <span class='ocrx_word' id='word_1_320' title='bbox 2357 1702 2490 1744; x_wconf 87' lang='lat' dir='ltr'><strong>vero</strong></span> <span class='ocrx_word' id='word_1_321' title='bbox 2516 1689 2586 1744; x_wconf 89' lang='lat' dir='ltr'><strong>ad</strong></span> <span class='ocrx_word' id='word_1_322' title='bbox 2603 1689 3030 1746; x_wconf 82' lang='lat' dir='ltr'><strong>conﬁrmandam</strong></span> <span class='ocrx_word' id='word_1_323' title='bbox 3052 1691 3377 1748; x_wconf 86' lang='lat' dir='ltr'><strong>sententiam</strong></span> <span class='ocrx_word' id='word_1_324' title='bbox 3404 1709 3560 1749; x_wconf 89' lang='lat' dir='ltr'><strong>suam</strong></span> 
     </span>
    </p>
   </div>
   <div class='ocr_carea' id='block_1_40' title="bbox 263 1754 3559 1837">
    <p class='ocr_par' dir='ltr' id='par_1_40' title="bbox 263 1754 3559 1837">
     <span class='ocr_line' id='line_1_43' title="bbox 263 1754 3559 1837; baseline 0.002 -27"><span class='ocrx_word' id='word_1_325' title='bbox 263 1757 363 1837; x_wconf 81' lang='lat' dir='ltr'><strong>sed</strong></span> <span class='ocrx_word' id='word_1_326' title='bbox 389 1756 518 1826; x_wconf 88' lang='lat' dir='ltr'><strong>quia</strong></span> <span class='ocrx_word' id='word_1_327' title='bbox 545 1764 631 1837; x_wconf 88' lang='lat' dir='ltr'><strong>est</strong></span> <span class='ocrx_word' id='word_1_328' title='bbox 658 1757 713 1811; x_wconf 93' lang='lat' dir='ltr'><strong>in</strong></span> <span class='ocrx_word' id='word_1_329' title='bbox 751 1754 1030 1837; x_wconf 70' lang='lat' dir='ltr'><strong>assumpto</strong></span> <span class='ocrx_word' id='word_1_330' title='bbox 1062 1755 1224 1822; x_wconf 88' lang='lat' dir='ltr'><strong>Deus,</strong></span> <span class='ocrx_word' id='word_1_331' title='bbox 1273 1771 1342 1837; x_wconf 49' lang='lat' dir='ltr'><strong>eg</strong></span> <span class='ocrx_word' id='word_1_332' title='bbox 1382 1762 1714 1837; x_wconf 77' lang='lat' dir='ltr'><strong>assumente,</strong></span> <span class='ocrx_word' id='word_1_333' title='bbox 1759 1754 1856 1837; x_wconf 76' lang='lat' dir='ltr'><strong>qui</strong></span> <span class='ocrx_word' id='word_1_334' title='bbox 1887 1771 1934 1834; x_wconf 73' lang='grc' dir='ltr'><strong>Β</strong></span> <span class='ocrx_word' id='word_1_335' title='bbox 1963 1757 2321 1837; x_wconf 66' lang='lat' dir='ltr'><strong>abuterentur</strong></span> <span class='ocrx_word' id='word_1_336' title='bbox 2354 1759 2660 1837; x_wconf 74' lang='lat' dir='ltr'><strong>Nestoriaiti</strong></span> <span class='ocrx_word' id='word_1_337' title='bbox 2702 1761 2940 1818; x_wconf 72' lang='lat' dir='ltr'><strong>testibus</strong></span> <span class='ocrx_word' id='word_1_338' title='bbox 2969 1761 3300 1837; x_wconf 85' lang='lat' dir='ltr'><strong>Scriptu_r_:e,</strong></span> <span class='ocrx_word' id='word_1_339' title='bbox 3357 1765 3559 1837; x_wconf 81' lang='lat' dir='ltr'><strong>quibus</strong></span> 
     </span>
    </p>
   </div>
   <div class='ocr_carea' id='block_1_41' title="bbox 260 1827 1858 1900">
    <p class='ocr_par' dir='ltr' id='par_1_41' title="bbox 260 1827 1858 1900">
     <span class='ocr_line' id='line_1_44' title="bbox 260 1827 1858 1900; baseline 0 -21"><span class='ocrx_word' id='word_1_340' title='bbox 260 1835 706 1900; x_wconf 31' lang='lat' dir='ltr'><strong>est‘assumptus,</strong></span> <span class='ocrx_word' id='word_1_341' title='bbox 730 1827 1005 1900; x_wconf 57' lang='lat' dir='ltr'><strong>tauquam</strong></span> <span class='ocrx_word' id='word_1_342' title='bbox 1049 1827 1363 1900; x_wconf 16' lang='lat' dir='ltr'><strong>assumienti</strong></span> <span class='ocrx_word' id='word_1_343' title='bbox 1381 1827 1732 1900; x_wconf 83' lang='lat' dir='ltr'><strong>conjunctus,</strong></span> <span class='ocrx_word' id='word_1_344' title='bbox 1779 1827 1858 1880; x_wconf 88' lang='lat' dir='ltr'><strong>si-</strong></span> 
     </span>
    </p>
   </div>
   <div class='ocr_carea' id='block_1_42' title="bbox 261 1896 1858 1969">
    <p class='ocr_par' dir='ltr' id='par_1_42' title="bbox 261 1896 1858 1969">
     <span class='ocr_line' id='line_1_45' title="bbox 261 1896 1858 1969; baseline -0.001 -17"><span class='ocrx_word' id='word_1_345' title='bbox 261 1896 380 1969; x_wconf 72' lang='lat' dir='ltr'><strong>mul</strong></span> <span class='ocrx_word' id='word_1_346' title='bbox 403 1896 704 1968; x_wconf 80' lang='lat' dir='ltr'><strong>appellatur</strong></span> <span class='ocrx_word' id='word_1_347' title='bbox 730 1896 907 1954; x_wconf 76' lang='lat' dir='ltr'><strong>Deus:</strong></span> <span class='ocrx_word' id='word_1_348' title='bbox 946 1918 964 1952; x_wconf 84' lang='grc'>›</span> <span class='ocrx_word' id='word_1_349' title='bbox 1008 1899 1300 1968; x_wconf 85' lang='lat' dir='ltr'><strong>respondet</strong></span> <span class='ocrx_word' id='word_1_350' title='bbox 1325 1896 1556 1969; x_wconf 86' lang='lat' dir='ltr'><strong>Cyrillus</strong></span> <span class='ocrx_word' id='word_1_351' title='bbox 1604 1904 1858 1969; x_wconf 76' lang='lat' dir='ltr'><strong>naturam</strong></span> 
     </span>
    </p>
   </div>
   <div class='ocr_carea' id='block_1_43' title="bbox 262 1965 1856 2042">
    <p class='ocr_par' dir='ltr' id='par_1_43' title="bbox 262 1965 1856 2042">
     <span class='ocr_line' id='line_1_46' title="bbox 262 1965 1856 2042; baseline -0.004 -15"><span class='ocrx_word' id='word_1_352' title='bbox 262 1965 557 2027; x_wconf 75' lang='lat' dir='ltr'><strong>humanam</strong></span> <span class='ocrx_word' id='word_1_353' title='bbox 581 1969 792 2042; x_wconf 76' lang='lat' dir='ltr'><strong>utique</strong></span> <span class='ocrx_word' id='word_1_354' title='bbox 831 1985 931 2042; x_wconf 86' lang='lat' dir='ltr'><strong>per</strong></span> <span class='ocrx_word' id='word_1_355' title='bbox 968 1965 1392 2039; x_wconf 73' lang='lat' dir='ltr'><strong>assuinptioneni</strong></span> <span class='ocrx_word' id='word_1_356' title='bbox 1433 1968 1612 2042; x_wconf 75' lang='lat' dir='ltr'><strong>Verbo</strong></span> <span class='ocrx_word' id='word_1_357' title='bbox 1655 1965 1856 2042; x_wconf 78' lang='lat' dir='ltr'><strong>factam</strong></span> 
     </span>
    </p>
   </div>
   <div class='ocr_carea' id='block_1_44' title="bbox 256 2036 1859 2111">
    <p class='ocr_par' dir='ltr' id='par_1_44' title="bbox 256 2036 1859 2111">
     <span class='ocr_line' id='line_1_47' title="bbox 256 2036 1859 2111; baseline -0.002 -18"><span class='ocrx_word' id='word_1_358' title='bbox 256 2051 386 2093; x_wconf 89' lang='lat' dir='ltr'><strong>esse</strong></span> <span class='ocrx_word' id='word_1_359' title='bbox 411 2036 716 2109; x_wconf 69' lang='lat' dir='ltr'><strong>propriam,</strong></span> <span class='ocrx_word' id='word_1_360' title='bbox 741 2036 978 2110; x_wconf 72' lang='lat' dir='ltr'><strong>illudque</strong></span> <span class='ocrx_word' id='word_1_361' title='bbox 1017 2047 1126 2094; x_wconf 91' lang='lat' dir='ltr'><strong>tam</strong></span> <span class='ocrx_word' id='word_1_362' title='bbox 1149 2036 1349 2111; x_wconf 75' lang='lat' dir='ltr'><strong>parum</strong></span> <span class='ocrx_word' id='word_1_363' title='bbox 1373 2049 1497 2109; x_wconf 89' lang='lat' dir='ltr'><strong>post</strong></span> <span class='ocrx_word' id='word_1_364' title='bbox 1531 2036 1859 2094; x_wconf 86' lang='lat' dir='ltr'><strong>incarnatio-</strong></span> 
     </span>
    </p>
   </div>
   <div class='ocr_carea' id='block_1_45' title="bbox 257 2111 1854 2184">
    <p class='ocr_par' dir='ltr' id='par_1_45' title="bbox 257 2111 1854 2184">
     <span class='ocr_line' id='line_1_48' title="bbox 257 2111 1854 2184; baseline 0 -21"><span class='ocrx_word' id='word_1_365' title='bbox 257 2123 389 2184; x_wconf 71' lang='lat' dir='ltr'><strong>nem</strong></span> <span class='ocrx_word' id='word_1_366' title='bbox 436 2111 506 2184; x_wconf 84' lang='lat' dir='ltr'><strong>ab</strong></span> <span class='ocrx_word' id='word_1_367' title='bbox 535 2125 598 2165; x_wconf 87' lang='lat' dir='ltr'><strong>ea</strong></span> <span class='ocrx_word' id='word_1_368' title='bbox 636 2111 928 2184; x_wconf 74' lang='lat' dir='ltr'><strong>separatim</strong></span> <span class='ocrx_word' id='word_1_369' title='bbox 959 2111 1199 2184; x_wconf 74' lang='lat' dir='ltr'><strong>cogitari</strong></span> <span class='ocrx_word' id='word_1_370' title='bbox 1227 2124 1408 2184; x_wconf 81' lang='lat' dir='ltr'><strong>posse,</strong></span> <span class='ocrx_word' id='word_1_371' title='bbox 1447 2123 1610 2181; x_wconf 87' lang='lat' dir='ltr'><strong>quam</strong></span> <span class='ocrx_word' id='word_1_372' title='bbox 1640 2122 1854 2184; x_wconf 79' lang='lat' dir='ltr'><strong>parum,</strong></span> 
     </span>
    </p>
   </div>
   <div class='ocr_carea' id='block_1_46' title="bbox 257 2179 1856 2251">
    <p class='ocr_par' dir='ltr' id='par_1_46' title="bbox 257 2179 1856 2251">
     <span class='ocr_line' id='line_1_49' title="bbox 257 2179 1856 2251; baseline -0.001 -16"><span class='ocrx_word' id='word_1_373' title='bbox 257 2179 308 2251; x_wconf 70' lang='lat' dir='ltr'><strong>si</strong></span> <span class='ocrx_word' id='word_1_374' title='bbox 341 2180 616 2235; x_wconf 86' lang='lat' dir='ltr'><strong>hominem</strong></span> <span class='ocrx_word' id='word_1_375' title='bbox 649 2179 1024 2251; x_wconf 85' lang='lat' dir='ltr'><strong>appellaveris,</strong></span> <span class='ocrx_word' id='word_1_376' title='bbox 1042 2179 1249 2236; x_wconf 53' lang='lat' dir='ltr'><strong>&#39;anima‘</strong></span> <span class='ocrx_word' id='word_1_377' title='bbox 1273 2179 1392 2251; x_wconf 81' lang='lat' dir='ltr'><strong>ejus</strong></span> <span class='ocrx_word' id='word_1_378' title='bbox 1435 2179 1720 2249; x_wconf 35' lang='lat' dir='ltr'><strong>a‘corpore</strong></span> <span class='ocrx_word' id='word_1_379' title='bbox 1747 2179 1856 2251; x_wconf 79' lang='lat' dir='ltr'><strong>dis-</strong></span> 
     </span>
    </p>
   </div>
   <div class='ocr_carea' id='block_1_47' title="bbox 252 2248 1855 2324">
    <p class='ocr_par' dir='ltr' id='par_1_47' title="bbox 252 2248 1855 2324">
     <span class='ocr_line' id='line_1_50' title="bbox 252 2248 1855 2324; baseline -0.002 -19"><span class='ocrx_word' id='word_1_380' title='bbox 252 2248 446 2320; x_wconf 77' lang='lat' dir='ltr'><strong>iuncta</strong></span> <span class='ocrx_word' id='word_1_381' title='bbox 477 2248 814 2324; x_wconf 76' lang='lat' dir='ltr'><strong>considerari</strong></span> <span class='ocrx_word' id='word_1_382' title='bbox 839 2262 1021 2324; x_wconf 81' lang='lat' dir='ltr'><strong>queat,</strong></span> <span class='ocrx_word' id='word_1_383' title='bbox 1067 2259 1129 2307; x_wconf 88' lang='lat' dir='ltr'><strong>ut</strong></span> <span class='ocrx_word' id='word_1_384' title='bbox 1171 2248 1328 2322; x_wconf 82' lang='lat' dir='ltr'><strong>proin</strong></span> <span class='ocrx_word' id='word_1_385' title='bbox 1355 2248 1640 2315; x_wconf 80' lang='lat' dir='ltr'><strong>Christus,</strong></span> <span class='ocrx_word' id='word_1_386' title='bbox 1689 2249 1855 2324; x_wconf 74' lang='lat' dir='ltr'><strong>etiam</strong></span> 
     </span>
    </p>
   </div>
   <div class='ocr_carea' id='block_1_48' title="bbox 255 2319 1856 2392">
    <p class='ocr_par' dir='ltr' id='par_1_48' title="bbox 255 2319 1856 2392">
     <span class='ocr_line' id='line_1_51' title="bbox 255 2319 1856 2392; baseline -0.001 -17"><span class='ocrx_word' id='word_1_387' title='bbox 255 2329 530 2392; x_wconf 82' lang='lat' dir='ltr'><strong>quatenus</strong></span> <span class='ocrx_word' id='word_1_388' title='bbox 551 2319 1019 2392; x_wconf 10' lang='lat' dir='ltr'><strong>homolestheus</strong></span> <span class='ocrx_word' id='word_1_389' title='bbox 1046 2319 1208 2378; x_wconf 81' lang='lat' dir='ltr'><strong>verus</strong></span> <span class='ocrx_word' id='word_1_390' title='bbox 1235 2330 1291 2378; x_wconf 89' lang='lat' dir='ltr'><strong>et</strong></span> <span class='ocrx_word' id='word_1_391' title='bbox 1327 2337 1434 2378; x_wconf 90' lang='lat' dir='ltr'><strong>non</strong></span> <span class='ocrx_word' id='word_1_392' title='bbox 1457 2319 1856 2392; x_wconf 87' lang='lat' dir='ltr'><strong>nuncupativus</strong></span> 
     </span>
    </p>
   </div>
   <div class='ocr_carea' id='block_1_49' title="bbox 253 2390 1855 2459">
    <p class='ocr_par' dir='ltr' id='par_1_49' title="bbox 253 2390 1855 2459">
     <span class='ocr_line' id='line_1_52' title="bbox 253 2390 1855 2459; baseline -0.001 -13"><span class='ocrx_word' id='word_1_393' title='bbox 253 2391 369 2446; x_wconf 86' lang='lat' dir='ltr'><strong>dici</strong></span> <span class='ocrx_word' id='word_1_394' title='bbox 397 2390 614 2448; x_wconf 88' lang='lat' dir='ltr'><strong>debeat.</strong></span> <span class='ocrx_word' id='word_1_395' title='bbox 642 2391 776 2447; x_wconf 89' lang='lat' dir='ltr'><strong>Dein</strong></span> <span class='ocrx_word' id='word_1_396' title='bbox 802 2393 896 2454; x_wconf 85' lang='lat' dir='ltr'><strong>ait,</strong></span> <span class='ocrx_word' id='word_1_397' title='bbox 938 2407 1184 2450; x_wconf 88' lang='lat' dir='ltr'><strong>asserere</strong></span> <span class='ocrx_word' id='word_1_398' title='bbox 1211 2393 1487 2450; x_wconf 87' lang='lat' dir='ltr'><strong>hominem</strong></span> <span class='ocrx_word' id='word_1_399' title='bbox 1517 2390 1855 2459; x_wconf 83' lang='lat' dir='ltr'><strong>assumptum</strong></span> 
     </span>
    </p>
   </div>
   <div class='ocr_carea' id='block_1_50' title="bbox 251 2460 1855 2533">
    <p class='ocr_par' dir='ltr' id='par_1_50' title="bbox 251 2460 1855 2533">
     <span class='ocr_line' id='line_1_53' title="bbox 251 2460 1855 2533; baseline 0 -17"><span class='ocrx_word' id='word_1_400' title='bbox 251 2461 452 2533; x_wconf 74' lang='lat' dir='ltr'><strong>eadem</strong></span> <span class='ocrx_word' id='word_1_401' title='bbox 502 2477 627 2518; x_wconf 91' lang='lat' dir='ltr'><strong>cum</strong></span> <span class='ocrx_word' id='word_1_402' title='bbox 681 2463 906 2533; x_wconf 88' lang='lat' dir='ltr'><strong>reliquis</strong></span> <span class='ocrx_word' id='word_1_403' title='bbox 962 2464 1274 2520; x_wconf 88' lang='lat' dir='ltr'><strong>hominibus</strong></span> <span class='ocrx_word' id='word_1_404' title='bbox 1326 2465 1540 2533; x_wconf 85' lang='lat' dir='ltr'><strong>ratione</strong></span> <span class='ocrx_word' id='word_1_405' title='bbox 1595 2460 1855 2530; x_wconf 81' lang='lat' dir='ltr'><strong>appellari</strong></span> 
     </span>
    </p>
   </div>
   <div class='ocr_carea' id='block_1_51' title="bbox 254 2531 1855 2598">
    <p class='ocr_par' dir='ltr' id='par_1_51' title="bbox 254 2531 1855 2598">
     <span class='ocr_line' id='line_1_54' title="bbox 254 2531 1855 2598; baseline 0 -12"><span class='ocrx_word' id='word_1_406' title='bbox 254 2531 452 2598; x_wconf 85' lang='lat' dir='ltr'><strong>Deum,</strong></span> <span class='ocrx_word' id='word_1_407' title='bbox 501 2533 644 2588; x_wconf 90' lang='lat' dir='ltr'><strong>idem</strong></span> <span class='ocrx_word' id='word_1_408' title='bbox 673 2531 893 2589; x_wconf 47' lang='lat' dir='ltr'><strong>esse—ac</strong></span> <span class='ocrx_word' id='word_1_409' title='bbox 926 2549 1172 2591; x_wconf 89' lang='lat' dir='ltr'><strong>asserere</strong></span> <span class='ocrx_word' id='word_1_410' title='bbox 1209 2535 1343 2590; x_wconf 91' lang='lat' dir='ltr'><strong>duas</strong></span> <span class='ocrx_word' id='word_1_411' title='bbox 1378 2536 1434 2588; x_wconf 90' lang='lat' dir='ltr'><strong>in</strong></span> <span class='ocrx_word' id='word_1_412' title='bbox 1477 2531 1696 2588; x_wconf 88' lang='lat' dir='ltr'><strong>Christo</strong></span> <span class='ocrx_word' id='word_1_413' title='bbox 1731 2546 1855 2586; x_wconf 82' lang='lat' dir='ltr'><strong>esse</strong></span> 
     </span>
    </p>
   </div>
   <div class='ocr_carea' id='block_1_52' title="bbox 253 2601 1853 2676">
    <p class='ocr_par' dir='ltr' id='par_1_52' title="bbox 253 2601 1853 2676">
     <span class='ocr_line' id='line_1_55' title="bbox 253 2601 1853 2676; baseline 0.001 -20"><span class='ocrx_word' id='word_1_414' title='bbox 253 2616 542 2676; x_wconf 78' lang='lat' dir='ltr'><strong>personas,</strong></span> <span class='ocrx_word' id='word_1_415' title='bbox 583 2605 719 2676; x_wconf 81' lang='lat' dir='ltr'><strong>duos</strong></span> <span class='ocrx_word' id='word_1_416' title='bbox 747 2604 926 2676; x_wconf 89' lang='lat' dir='ltr'><strong>Deos;</strong></span> <span class='ocrx_word' id='word_1_417' title='bbox 975 2605 1108 2676; x_wconf 91' lang='lat' dir='ltr'><strong>quin</strong></span> <span class='ocrx_word' id='word_1_418' title='bbox 1153 2612 1210 2660; x_wconf 90' lang='lat' dir='ltr'><strong>et</strong></span> <span class='ocrx_word' id='word_1_419' title='bbox 1254 2604 1431 2676; x_wconf 85' lang='lat' dir='ltr'><strong>sequi,</strong></span> <span class='ocrx_word' id='word_1_420' title='bbox 1480 2617 1584 2660; x_wconf 89' lang='lat' dir='ltr'><strong>nos</strong></span> <span class='ocrx_word' id='word_1_421' title='bbox 1611 2601 1853 2672; x_wconf 82' lang='lat' dir='ltr'><strong>ejusdem</strong></span> 
     </span>
    </p>
   </div>
   <div class='ocr_carea' id='block_1_53' title="bbox 252 2673 1854 2746">
    <p class='ocr_par' dir='ltr' id='par_1_53' title="bbox 252 2673 1854 2746">
     <span class='ocr_line' id='line_1_56' title="bbox 252 2673 1854 2746; baseline -0.002 -18"><span class='ocrx_word' id='word_1_422' title='bbox 252 2673 482 2746; x_wconf 75' lang='lat' dir='ltr'><strong>omnino</strong></span> <span class='ocrx_word' id='word_1_423' title='bbox 509 2674 756 2746; x_wconf 16' lang='lat' dir='ltr'><strong>cumiillo</strong></span> <span class='ocrx_word' id='word_1_424' title='bbox 777 2673 1295 2746; x_wconf 74' lang='lat' dir='ltr'><strong>horninedignitatis</strong></span> <span class='ocrx_word' id='word_1_425' title='bbox 1319 2673 1458 2742; x_wconf 80' lang='lat' dir='ltr'><strong>esse,</strong></span> <span class='ocrx_word' id='word_1_426' title='bbox 1488 2688 1652 2746; x_wconf 83' lang='lat' dir='ltr'><strong>quem</strong></span> <span class='ocrx_word' id='word_1_427' title='bbox 1674 2681 1854 2746; x_wconf 53' lang='lat' dir='ltr'><strong>[annon</strong></span> 
     </span>
    </p>
   </div>
   <div class='ocr_carea' id='block_1_54' title="bbox 255 2743 1854 2816">
    <p class='ocr_par' dir='ltr' id='par_1_54' title="bbox 255 2743 1854 2816">
     <span class='ocr_line' id='line_1_57' title="bbox 255 2743 1854 2816; baseline 0.001 -19"><span class='ocrx_word' id='word_1_428' title='bbox 255 2743 497 2816; x_wconf 67' lang='lat' dir='ltr'><strong>Yerlium</strong></span> <span class='ocrx_word' id='word_1_429' title='bbox 528 2745 690 2800; x_wconf 88' lang='lat' dir='ltr'><strong>modo</strong></span> <span class='ocrx_word' id='word_1_430' title='bbox 718 2759 952 2816; x_wconf 86' lang='lat' dir='ltr'><strong>prorsus</strong></span> <span class='ocrx_word' id='word_1_431' title='bbox 997 2743 1256 2802; x_wconf 75' lang='lat' dir='ltr'><strong>ineffabili</strong></span> <span class='ocrx_word' id='word_1_432' title='bbox 1290 2747 1394 2802; x_wconf 90' lang='lat' dir='ltr'><strong>sibi</strong></span> <span class='ocrx_word' id='word_1_433' title='bbox 1425 2743 1621 2800; x_wconf 87' lang='lat' dir='ltr'><strong>univit.</strong></span> <span class='ocrx_word' id='word_1_434' title='bbox 1674 2743 1854 2799; x_wconf 77' lang='lat' dir='ltr'><strong>Verba</strong></span> 
     </span>
    </p>
   </div>
   <div class='ocr_carea' id='block_1_55' title="bbox 249 2814 1856 2887">
    <p class='ocr_par' dir='ltr' id='par_1_55' title="bbox 249 2814 1856 2887">
     <span class='ocr_line' id='line_1_58' title="bbox 249 2814 1856 2887; baseline -0.001 -17"><span class='ocrx_word' id='word_1_435' title='bbox 249 2814 444 2887; x_wconf 86' lang='lat' dir='ltr'><strong>Cy_rilli</strong></span> <span class='ocrx_word' id='word_1_436' title='bbox 475 2823 584 2887; x_wconf 77' lang='lat' dir='ltr'><strong>tam</strong></span> <span class='ocrx_word' id='word_1_437' title='bbox 607 2814 872 2887; x_wconf 84' lang='lat' dir='ltr'><strong>profunda</strong></span> <span class='ocrx_word' id='word_1_438' title='bbox 895 2824 1040 2884; x_wconf 88' lang='lat' dir='ltr'><strong>sunt,</strong></span> <span class='ocrx_word' id='word_1_439' title='bbox 1060 2824 1134 2887; x_wconf 17' lang='lat' dir='ltr'><strong>Aut</strong></span> <span class='ocrx_word' id='word_1_440' title='bbox 1156 2817 1440 2887; x_wconf 88' lang='lat' dir='ltr'><strong>materiam</strong></span> <span class='ocrx_word' id='word_1_441' title='bbox 1464 2816 1607 2887; x_wconf 80' lang='lat' dir='ltr'><strong>hanc</strong></span> <span class='ocrx_word' id='word_1_442' title='bbox 1625 2828 1856 2887; x_wconf 82' lang='lat' dir='ltr'><strong>omnem</strong></span> 
     </span>
    </p>
   </div>
   <div class='ocr_carea' id='block_1_56' title="bbox 251 2883 1856 2958">
    <p class='ocr_par' dir='ltr' id='par_1_56' title="bbox 251 2883 1856 2958">
     <span class='ocr_line' id='line_1_59' title="bbox 251 2883 1856 2958; baseline -0.002 -16"><span class='ocrx_word' id='word_1_443' title='bbox 251 2883 924 2958; x_wconf 29' lang='lat' dir='ltr'><strong>eihausissefvideantur.</strong></span> <span class='ocrx_word' id='word_1_444' title='bbox 982 2905 1002 2938; x_wconf 77' lang='grc' dir='ltr'><strong>ι</strong></span> <span class='ocrx_word' id='word_1_445' title='bbox 1027 2883 1172 2958; x_wconf 73' lang='lat' dir='ltr'><strong>Quis</strong></span> <span class='ocrx_word' id='word_1_446' title='bbox 1203 2888 1349 2943; x_wconf 91' lang='lat' dir='ltr'><strong>enim</strong></span> <span class='ocrx_word' id='word_1_447' title='bbox 1396 2885 1494 2958; x_wconf 87' lang='lat' dir='ltr'><strong>(ita</strong></span> <span class='ocrx_word' id='word_1_448' title='bbox 1534 2883 1856 2958; x_wconf 87' lang='lat' dir='ltr'><strong>ille)_pror-</strong></span> 
     </span>
    </p>
   </div>
   <div class='ocr_carea' id='block_1_57' title="bbox 253 2954 1856 3028">
    <p class='ocr_par' dir='ltr' id='par_1_57' title="bbox 253 2954 1856 3028">
     <span class='ocr_line' id='line_1_60' title="bbox 253 2954 1856 3028; baseline -0.001 -16"><span class='ocrx_word' id='word_1_449' title='bbox 253 2971 354 3012; x_wconf 87' lang='lat' dir='ltr'><strong>sus</strong></span> <span class='ocrx_word' id='word_1_450' title='bbox 396 2957 498 3012; x_wconf 89' lang='lat' dir='ltr'><strong>hoc</strong></span> <span class='ocrx_word' id='word_1_451' title='bbox 542 2954 724 3012; x_wconf 89' lang='lat' dir='ltr'><strong>dicere</strong></span> <span class='ocrx_word' id='word_1_452' title='bbox 761 2967 845 3013; x_wconf 89' lang='lat' dir='ltr'><strong>est</strong></span> <span class='ocrx_word' id='word_1_453' title='bbox 887 2958 1085 3014; x_wconf 88' lang='lat' dir='ltr'><strong>ausus?</strong></span> <span class='ocrx_word' id='word_1_454' title='bbox 1125 2957 1237 3013; x_wconf 81' lang='lat' dir='ltr'><strong>Aut</strong></span> <span class='ocrx_word' id='word_1_455' title='bbox 1275 2954 1711 3028; x_wconf 64' lang='lat' dir='ltr'><strong>quis&#39;ignoravii</strong></span> <span class='ocrx_word' id='word_1_456' title='bbox 1749 2969 1856 3028; x_wconf 51' lang='lat' dir='ltr'><strong>un:</strong></span> 
     </span>
    </p>
   </div>
   <div class='ocr_carea' id='block_1_58' title="bbox 255 3024 1851 3097">
    <p class='ocr_par' dir='ltr' id='par_1_58' title="bbox 255 3024 1851 3097">
     <span class='ocr_line' id='line_1_61' title="bbox 255 3024 1851 3097; baseline -0.001 -15"><span class='ocrx_word' id='word_1_457' title='bbox 255 3041 445 3097; x_wconf 89' lang='lat' dir='ltr'><strong>quam,</strong></span> <span class='ocrx_word' id='word_1_458' title='bbox 477 3028 623 3097; x_wconf 89' lang='lat' dir='ltr'><strong>quod</strong></span> <span class='ocrx_word' id='word_1_459' title='bbox 666 3035 855 3083; x_wconf 87' lang='lat' dir='ltr'><strong>natum</strong></span> <span class='ocrx_word' id='word_1_460' title='bbox 881 3037 1053 3084; x_wconf 77' lang='lat' dir='ltr'><strong>estex</strong></span> <span class='ocrx_word' id='word_1_461' title='bbox 1091 3024 1526 3093; x_wconf 51' lang='lat' dir='ltr'><strong>carnefcarne&#39;m</strong></span> <span class='ocrx_word' id='word_1_462' title='bbox 1553 3025 1716 3097; x_wconf 83' lang='lat' dir='ltr'><strong>esse?</strong></span> 
     </span>
    </p>
   </div>
   <div class='ocr_carea' id='block_1_59' title="bbox 1963 1827 3561 1904">
    <p class='ocr_par' dir='ltr' id='par_1_59' title="bbox 1963 1827 3561 1904">
     <span class='ocr_line' id='line_1_62' title="bbox 1963 1827 3561 1904; baseline 0.006 -23"><span class='ocrx_word' id='word_1_463' title='bbox 1963 1827 2228 1904; x_wconf 70' lang='lat' dir='ltr'><strong>homines</strong></span> <span class='ocrx_word' id='word_1_464' title='bbox 2246 1829 2515 1904; x_wconf 78' lang='lat' dir='ltr'><strong>interdum</strong></span> <span class='ocrx_word' id='word_1_465' title='bbox 2548 1829 2624 1886; x_wconf 91' lang='lat' dir='ltr'><strong>dii</strong></span> <span class='ocrx_word' id='word_1_466' title='bbox 2663 1840 2948 1904; x_wconf 76' lang='lat' dir='ltr'><strong>vocantur,</strong></span> <span class='ocrx_word' id='word_1_467' title='bbox 2976 1827 3150 1904; x_wconf 77' lang='lat' dir='ltr'><strong>prout</strong></span> <span class='ocrx_word' id='word_1_468' title='bbox 3177 1827 3392 1904; x_wconf 74' lang='lat' dir='ltr'><strong>Moyses</strong></span> <span class='ocrx_word' id='word_1_469' title='bbox 3426 1835 3561 1890; x_wconf 82' lang='lat' dir='ltr'><strong>deus</strong></span> 
     </span>
    </p>
   </div>
   <div class='ocr_carea' id='block_1_60' title="bbox 1962 1896 3563 1976">
    <p class='ocr_par' dir='ltr' id='par_1_60' title="bbox 1962 1896 3563 1976">
     <span class='ocr_line' id='line_1_63' title="bbox 1962 1896 3563 1976; baseline 0.003 -23"><span class='ocrx_word' id='word_1_470' title='bbox 1962 1896 2261 1976; x_wconf 54' lang='lat' dir='ltr'><strong>lfharaonis</strong></span> <span class='ocrx_word' id='word_1_471' title='bbox 2286 1899 2587 1976; x_wconf 78' lang='lat' dir='ltr'><strong>appellatus</strong></span> <span class='ocrx_word' id='word_1_472' title='bbox 2613 1910 2716 1976; x_wconf 80' lang='lat' dir='ltr'><strong>est,</strong></span> <span class='ocrx_word' id='word_1_473' title='bbox 2745 1896 3077 1976; x_wconf 69' lang='lat' dir='ltr'><strong>eademl‘ere</strong></span> <span class='ocrx_word' id='word_1_474' title='bbox 3105 1896 3314 1976; x_wconf 68' lang='lat' dir='ltr'><strong>ratione</strong></span> <span class='ocrx_word' id='word_1_475' title='bbox 3340 1919 3563 1976; x_wconf 88' lang='lat' dir='ltr'><strong>respon-</strong></span> 
     </span>
    </p>
   </div>
   <div class='ocr_carea' id='block_1_61' title="bbox 1959 1967 3556 2050">
    <p class='ocr_par' dir='ltr' id='par_1_61' title="bbox 1959 1967 3556 2050">
     <span class='ocr_line' id='line_1_64' title="bbox 1959 1967 3556 2050; baseline 0.002 -26"><span class='ocrx_word' id='word_1_476' title='bbox 1959 1967 2379 2050; x_wconf 55' lang='lat' dir='ltr'><strong>deiCyfillus&#39;,:</strong></span> <span class='ocrx_word' id='word_1_477' title='bbox 2401 1971 2588 2050; x_wconf 75' lang='lat' dir='ltr'><strong>aitque</strong></span> <span class='ocrx_word' id='word_1_478' title='bbox 2628 1971 2752 2028; x_wconf 89' lang='lat' dir='ltr'><strong>libr.</strong></span> <span class='ocrx_word' id='word_1_479' title='bbox 2803 1989 2844 2028; x_wconf 88' lang='grc' dir='ltr'><strong>ιι</strong></span> <span class='ocrx_word' id='word_1_480' title='bbox 2893 1974 3158 2029; x_wconf 84' lang='lat' dir='ltr'><strong>adversus</strong></span> <span class='ocrx_word' id='word_1_481' title='bbox 3206 1967 3556 2050; x_wconf 78' lang='lat' dir='ltr'><strong>Nestorium:</strong></span> 
     </span>
    </p>
   </div>
   <div class='ocr_carea' id='block_1_62' title="bbox 1964 2038 3560 2108">
    <p class='ocr_par' dir='ltr' id='par_1_62' title="bbox 1964 2038 3560 2108">
     <span class='ocr_line' id='line_1_65' title="bbox 1964 2038 3560 2108; baseline 0.008 -18"><span class='ocrx_word' id='word_1_482' title='bbox 1964 2056 1986 2090; x_wconf 71' lang='grc' dir='ltr'><strong>ι</strong></span> <span class='ocrx_word' id='word_1_483' title='bbox 2022 2038 2162 2107; x_wconf 82' lang='lat' dir='ltr'><strong>Quid</strong></span> <span class='ocrx_word' id='word_1_484' title='bbox 2199 2041 2381 2097; x_wconf 76' lang='lat' dir='ltr'><strong>dicis?</strong></span> <span class='ocrx_word' id='word_1_485' title='bbox 2425 2038 2649 2108; x_wconf 81' lang='lat' dir='ltr'><strong>Qualem</strong></span> <span class='ocrx_word' id='word_1_486' title='bbox 2691 2057 3002 2099; x_wconf 83' lang='lat' dir='ltr'><strong>sermonem</strong></span> <span class='ocrx_word' id='word_1_487' title='bbox 3031 2051 3250 2100; x_wconf 86' lang='lat' dir='ltr'><strong>eructas</strong></span> <span class='ocrx_word' id='word_1_488' title='bbox 3288 2046 3358 2103; x_wconf 88' lang='lat' dir='ltr'><strong>de</strong></span> <span class='ocrx_word' id='word_1_489' title='bbox 3393 2047 3560 2103; x_wconf 78' lang='lat' dir='ltr'><strong>corde</strong></span> 
     </span>
    </p>
   </div>
   <div class='ocr_carea' id='block_1_63' title="bbox 1963 2111 3564 2177">
    <p class='ocr_par' dir='ltr' id='par_1_63' title="bbox 1963 2111 3564 2177">
     <span class='ocr_line' id='line_1_66' title="bbox 1963 2111 3564 2177; baseline 0.006 -14"><span class='ocrx_word' id='word_1_490' title='bbox 1963 2117 2080 2177; x_wconf 91' lang='lat' dir='ltr'><strong>tuo,</strong></span> <span class='ocrx_word' id='word_1_491' title='bbox 2107 2125 2217 2170; x_wconf 86' lang='lat' dir='ltr'><strong>non</strong></span> <span class='ocrx_word' id='word_1_492' title='bbox 2248 2112 2318 2167; x_wconf 90' lang='lat' dir='ltr'><strong>ab</strong></span> <span class='ocrx_word' id='word_1_493' title='bbox 2349 2125 2448 2168; x_wconf 86' lang='lat' dir='ltr'><strong>ore</strong></span> <span class='ocrx_word' id='word_1_494' title='bbox 2473 2111 2714 2176; x_wconf 89' lang='lat' dir='ltr'><strong>Domini,</strong></span> <span class='ocrx_word' id='word_1_495' title='bbox 2753 2122 2813 2168; x_wconf 90' lang='lat' dir='ltr'><strong>ut</strong></span> <span class='ocrx_word' id='word_1_496' title='bbox 2841 2114 3103 2177; x_wconf 86' lang='lat' dir='ltr'><strong>scriptum</strong></span> <span class='ocrx_word' id='word_1_497' title='bbox 3133 2115 3262 2172; x_wconf 81' lang='lat' dir='ltr'><strong>est?</strong></span> <span class='ocrx_word' id='word_1_498' title='bbox 3289 2113 3462 2173; x_wconf 83' lang='lat' dir='ltr'><strong>Nemo</strong></span> <span class='ocrx_word' id='word_1_499' title='bbox 3486 2118 3564 2173; x_wconf 85' lang='lat' dir='ltr'><strong>di-</strong></span> 
     </span>
    </p>
   </div>
   <div class='ocr_carea' id='block_1_64' title="bbox 1961 2130 3564 2258">
    <p class='ocr_par' dir='ltr' id='par_1_64' title="bbox 1961 2130 3564 2258">
     <span class='ocr_line' id='line_1_67' title="bbox 1964 2130 3564 2177; baseline 0.006 -14"><span class='ocrx_word' id='word_1_500' title='bbox 1964 2130 2080 2177; x_wconf 75' lang='lat' dir='ltr'><strong>tuo,</strong></span> <span class='ocrx_word' id='word_1_501' title='bbox 2107 2130 2217 2170; x_wconf 87' lang='lat' dir='ltr'><strong>non</strong></span> <span class='ocrx_word' id='word_1_502' title='bbox 2248 2130 2318 2167; x_wconf 88' lang='lat' dir='ltr'><strong>an</strong></span> <span class='ocrx_word' id='word_1_503' title='bbox 2349 2130 2448 2168; x_wconf 88' lang='lat' dir='ltr'><strong>ore</strong></span> <span class='ocrx_word' id='word_1_504' title='bbox 2473 2130 2714 2176; x_wconf 78' lang='lat' dir='ltr'><strong>nomini,</strong></span> <span class='ocrx_word' id='word_1_505' title='bbox 2753 2130 2813 2168; x_wconf 81' lang='lat' dir='ltr'><strong>ut</strong></span> <span class='ocrx_word' id='word_1_506' title='bbox 2841 2130 2948 2168; x_wconf 78' lang='lat' dir='ltr'><strong>seri</strong></span> <span class='ocrx_word' id='word_1_507' title='bbox 2992 2130 3103 2167; x_wconf 79' lang='lat' dir='ltr'><strong>tum</strong></span> <span class='ocrx_word' id='word_1_508' title='bbox 3133 2130 3262 2172; x_wconf 73' lang='lat' dir='ltr'><strong>est!</strong></span> <span class='ocrx_word' id='word_1_509' title='bbox 3289 2130 3462 2173; x_wconf 71' lang='lat' dir='ltr'><strong>nemo</strong></span> <span class='ocrx_word' id='word_1_510' title='bbox 3486 2130 3564 2173; x_wconf 85' lang='grc' dir='ltr'>αι-</span> 
     </span>
     <span class='ocr_line' id='line_1_68' title="bbox 1961 2130 3564 2258; baseline 0.004 -22"><span class='ocrx_word' id='word_1_511' title='bbox 1961 2181 2040 2236; x_wconf 91' lang='lat' dir='ltr'><strong>cit</strong></span> <span class='ocrx_word' id='word_1_512' title='bbox 2060 2181 2352 2258; x_wconf 78' lang='lat' dir='ltr'><strong>anathema</strong></span> <span class='ocrx_word' id='word_1_513' title='bbox 2381 2181 2591 2258; x_wconf 66' lang='lat' dir='ltr'><strong>Iesum,</strong></span> <span class='ocrx_word' id='word_1_514' title='bbox 2621 2182 2736 2258; x_wconf 77' lang='lat' dir='ltr'><strong>nisi</strong></span> <span class='ocrx_word' id='word_1_515' title='bbox 2756 2183 2812 2238; x_wconf 92' lang='lat' dir='ltr'><strong>iu</strong></span> <span class='ocrx_word' id='word_1_516' title='bbox 2841 2130 3166 2258; x_wconf 55' lang='lat' dir='ltr'><strong>Deerat-hui).</strong></span> <span class='ocrx_word' id='word_1_517' title='bbox 3219 2185 3289 2258; x_wconf 81' lang='lat' dir='ltr'><strong>Ut</strong></span> <span class='ocrx_word' id='word_1_518' title='bbox 3314 2185 3564 2258; x_wconf 84' lang='lat' dir='ltr'><strong>intelligi-</strong></span> 
     </span>
    </p>
   </div>
   <div class='ocr_carea' id='block_1_65' title="bbox 1963 2251 3564 2382">
    <p class='ocr_par' dir='ltr' id='par_1_65' title="bbox 1963 2251 3564 2382">
     <span class='ocr_line' id='line_1_69' title="bbox 1963 2251 3564 2382; baseline 0.003 -74"><span class='ocrx_word' id='word_1_519' title='bbox 1963 2258 2074 2317; x_wconf 90' lang='lat' dir='ltr'><strong>tur,</strong></span> <span class='ocrx_word' id='word_1_520' title='bbox 2115 2251 2264 2333; x_wconf 79' lang='lat' dir='ltr'><strong>verhi</strong></span> <span class='ocrx_word' id='word_1_521' title='bbox 2291 2254 2486 2335; x_wconf 68' lang='lat' dir='ltr'><strong>gratia,</strong></span> <span class='ocrx_word' id='word_1_522' title='bbox 2509 2263 2606 2336; x_wconf 84' lang='lat' dir='ltr'><strong>aut</strong></span> <span class='ocrx_word' id='word_1_523' title='bbox 2630 2253 2833 2308; x_wconf 90' lang='lat' dir='ltr'><strong>dicitur</strong></span> <span class='ocrx_word' id='word_1_524' title='bbox 2858 2271 2889 2308; x_wconf 83' lang='lat' dir='ltr'><strong>a</strong></span> <span class='ocrx_word' id='word_1_525' title='bbox 2920 2254 3078 2336; x_wconf 82' lang='lat' dir='ltr'><strong>nobis</strong></span> <span class='ocrx_word' id='word_1_526' title='bbox 3104 2254 3250 2338; x_wconf 73' lang='lat' dir='ltr'><strong>Deus</strong></span> <span class='ocrx_word' id='word_1_527' title='bbox 3272 2256 3388 2327; x_wconf 92' lang='lat' dir='ltr'><strong>ipse</strong></span> <span class='ocrx_word' id='word_1_528' title='bbox 3409 2251 3564 2382; x_wconf 28' lang='lat' dir='ltr'><strong>0M9}!-</strong></span> 
     </span>
     <span class='ocr_line' id='line_1_70' title="bbox 1963 2321 3563 2382; baseline 0.003 -5"><span class='ocrx_word' id='word_1_529' title='bbox 1963 2337 2052 2377; x_wconf 88' lang='lat' dir='ltr'><strong>ses</strong></span> <span class='ocrx_word' id='word_1_530' title='bbox 2078 2363 2094 2382; x_wconf 87' lang='lat'><strong>.</strong></span> <span class='ocrx_word' id='word_1_531' title='bbox 2137 2336 2219 2376; x_wconf 74' lang='lat' dir='ltr'><strong>sne</strong></span> <span class='ocrx_word' id='word_1_532' title='bbox 2245 2332 2412 2377; x_wconf 79' lang='lat' dir='ltr'><strong>etiam</strong></span> <span class='ocrx_word' id='word_1_533' title='bbox 2438 2321 2730 2379; x_wconf 77' lang='lat' dir='ltr'><strong>Christus?</strong></span> <span class='ocrx_word' id='word_1_534' title='bbox 2771 2323 2923 2380; x_wconf 87' lang='lat' dir='ltr'><strong>Itane</strong></span> <span class='ocrx_word' id='word_1_535' title='bbox 2941 2366 2956 2382; x_wconf 90' lang='lat'><strong>.</strong></span> <span class='ocrx_word' id='word_1_536' title='bbox 2993 2325 3080 2380; x_wconf 84' lang='lat' dir='ltr'><strong>dte</strong></span> <span class='ocrx_word' id='word_1_537' title='bbox 3118 2326 3249 2380; x_wconf 83' lang='lat' dir='ltr'><strong>mllll</strong></span> <span class='ocrx_word' id='word_1_538' title='bbox 3279 2328 3348 2382; x_wconf 90' lang='lat' dir='ltr'><strong>ad</strong></span> <span class='ocrx_word' id='word_1_539' title='bbox 3375 2343 3500 2382; x_wconf 87' lang='lat' dir='ltr'><strong>sum</strong></span> <span class='ocrx_word' id='word_1_540' title='bbox 3523 2329 3563 2382; x_wconf 87' lang='lat' dir='ltr'><strong>i-</strong></span> 
     </span>
    </p>
   </div>
   <div class='ocr_carea' id='block_1_66' title="bbox 1961 2321 3563 2389">
    <p class='ocr_par' dir='ltr' id='par_1_66' title="bbox 1961 2321 3563 2389">
     <span class='ocr_line' id='line_1_71' title="bbox 1961 2321 3563 2389; baseline 0.004 -12"><span class='ocrx_word' id='word_1_541' title='bbox 1961 2337 2052 2377; x_wconf 87' lang='lat' dir='ltr'><strong>ses</strong></span> <span class='ocrx_word' id='word_1_542' title='bbox 2078 2363 2094 2386; x_wconf 90' lang='lat'><strong>,</strong></span> <span class='ocrx_word' id='word_1_543' title='bbox 2137 2321 2219 2376; x_wconf 90' lang='lat' dir='ltr'><strong>sic</strong></span> <span class='ocrx_word' id='word_1_544' title='bbox 2245 2321 2412 2377; x_wconf 87' lang='lat' dir='ltr'><strong>etiam</strong></span> <span class='ocrx_word' id='word_1_545' title='bbox 2438 2321 2730 2379; x_wconf 85' lang='lat' dir='ltr'><strong>Christus?</strong></span> <span class='ocrx_word' id='word_1_546' title='bbox 2771 2323 2923 2380; x_wconf 87' lang='lat' dir='ltr'><strong>Itane</strong></span> <span class='ocrx_word' id='word_1_547' title='bbox 2941 2366 2956 2389; x_wconf 95' lang='lat'><strong>,</strong></span> <span class='ocrx_word' id='word_1_548' title='bbox 2993 2325 3080 2380; x_wconf 87' lang='lat' dir='ltr'><strong>die</strong></span> <span class='ocrx_word' id='word_1_549' title='bbox 3118 2326 3249 2380; x_wconf 88' lang='lat' dir='ltr'><strong>mihi</strong></span> <span class='ocrx_word' id='word_1_550' title='bbox 3279 2321 3348 2382; x_wconf 75' lang='lat' dir='ltr'><strong>ad</strong></span> <span class='ocrx_word' id='word_1_551' title='bbox 3375 2321 3563 2384; x_wconf 86' lang='lat' dir='ltr'><strong>simili-</strong></span> 
     </span>
    </p>
   </div>
   <div class='ocr_carea' id='block_1_67' title="bbox 1963 2392 3564 2469">
    <p class='ocr_par' dir='ltr' id='par_1_67' title="bbox 1963 2392 3564 2469">
     <span class='ocr_line' id='line_1_72' title="bbox 1963 2392 3564 2469; baseline 0.005 -21"><span class='ocrx_word' id='word_1_552' title='bbox 1963 2393 2202 2448; x_wconf 87' lang='lat' dir='ltr'><strong>tudinem</strong></span> <span class='ocrx_word' id='word_1_553' title='bbox 2232 2392 2445 2469; x_wconf 82' lang='lat' dir='ltr'><strong>lsraelis</strong></span> <span class='ocrx_word' id='word_1_554' title='bbox 2481 2402 2572 2449; x_wconf 91' lang='lat' dir='ltr'><strong>est</strong></span> <span class='ocrx_word' id='word_1_555' title='bbox 2594 2395 2759 2450; x_wconf 86' lang='lat' dir='ltr'><strong>etiam</strong></span> <span class='ocrx_word' id='word_1_556' title='bbox 2784 2394 2970 2469; x_wconf 76' lang='lat' dir='ltr'><strong>illius?</strong></span> <span class='ocrx_word' id='word_1_557' title='bbox 3007 2394 3348 2469; x_wconf 19' lang='lat' dir='ltr'><strong>Oisummam</strong></span> <span class='ocrx_word' id='word_1_558' title='bbox 3376 2398 3564 2469; x_wconf 88' lang='lat' dir='ltr'><strong>impie-</strong></span> 
     </span>
    </p>
   </div>
   <div class='ocr_carea' id='block_1_68' title="bbox 1962 2465 3561 2535">
    <p class='ocr_par' dir='ltr' id='par_1_68' title="bbox 1962 2465 3561 2535">
     <span class='ocr_line' id='line_1_73' title="bbox 1962 2465 3561 2535; baseline 0.005 -18"><span class='ocrx_word' id='word_1_559' title='bbox 1962 2471 2161 2535; x_wconf 82' lang='lat' dir='ltr'><strong>tatem,</strong></span> <span class='ocrx_word' id='word_1_560' title='bbox 2201 2479 2237 2520; x_wconf 92' lang='lat' dir='ltr'><strong>o</strong></span> <span class='ocrx_word' id='word_1_561' title='bbox 2271 2465 2459 2529; x_wconf 90' lang='lat' dir='ltr'><strong>verba,</strong></span> <span class='ocrx_word' id='word_1_562' title='bbox 2511 2480 2633 2534; x_wconf 67' lang='lat' dir='ltr'><strong>qua:</strong></span> <span class='ocrx_word' id='word_1_563' title='bbox 2678 2481 2780 2522; x_wconf 90' lang='lat' dir='ltr'><strong>nec</strong></span> <span class='ocrx_word' id='word_1_564' title='bbox 2832 2465 3002 2535; x_wconf 87' lang='lat' dir='ltr'><strong>ipsius</strong></span> <span class='ocrx_word' id='word_1_565' title='bbox 3045 2465 3343 2523; x_wconf 82' lang='lat' dir='ltr'><strong>Salvatoris</strong></span> <span class='ocrx_word' id='word_1_566' title='bbox 3387 2465 3561 2526; x_wconf 77' lang='lat' dir='ltr'><strong>nostri</strong></span> 
     </span>
    </p>
   </div>
   <div class='ocr_carea' id='block_1_69' title="bbox 1961 2533 3562 2658">
    <p class='ocr_par' dir='ltr' id='par_1_69' title="bbox 1961 2533 3562 2658">
     <span class='ocr_line' id='line_1_74' title="bbox 1961 2533 3562 2658; baseline 0.006 -71"><span class='ocrx_word' id='word_1_567' title='bbox 1961 2533 2188 2658; x_wconf 59' lang='lat' dir='ltr'><strong>gloriam</strong></span> <span class='ocrx_word' id='word_1_568' title='bbox 2217 2533 2545 2606; x_wconf 72' lang='lat' dir='ltr'><strong>deprimere</strong></span> <span class='ocrx_word' id='word_1_569' title='bbox 2559 2533 2899 2591; x_wconf 55' lang='lat' dir='ltr'><strong>verentur?”</strong></span> <span class='ocrx_word' id='word_1_570' title='bbox 2932 2535 3066 2591; x_wconf 89' lang='lat' dir='ltr'><strong>Nam</strong></span> <span class='ocrx_word' id='word_1_571' title='bbox 3110 2538 3306 2593; x_wconf 88' lang='lat' dir='ltr'><strong>beatus</strong></span> <span class='ocrx_word' id='word_1_572' title='bbox 3349 2538 3562 2611; x_wconf 79' lang='lat' dir='ltr'><strong>Moyses</strong></span> 
     </span>
     <span class='ocr_line' id='line_1_75' title="bbox 1999 2605 3556 2658; baseline 0 0"><span class='ocrx_word' id='word_1_573' title='bbox 1999 2619 2126 2658; x_wconf 88' lang='lat' dir='ltr'><strong>omo</strong></span> <span class='ocrx_word' id='word_1_574' title='bbox 2151 2613 2292 2658; x_wconf 88' lang='lat' dir='ltr'><strong>erat.</strong></span> <span class='ocrx_word' id='word_1_575' title='bbox 2339 2619 2405 2658; x_wconf 79' lang='lat' dir='ltr'><strong>ex</strong></span> <span class='ocrx_word' id='word_1_576' title='bbox 2435 2617 2632 2658; x_wconf 87' lang='lat' dir='ltr'><strong>natura</strong></span> <span class='ocrx_word' id='word_1_577' title='bbox 2675 2605 2868 2658; x_wconf 89' lang='lat' dir='ltr'><strong>similis</strong></span> <span class='ocrx_word' id='word_1_578' title='bbox 2899 2607 3080 2658; x_wconf 86' lang='lat' dir='ltr'><strong>nobis.</strong></span> <span class='ocrx_word' id='word_1_579' title='bbox 3110 2606 3246 2658; x_wconf 88' lang='lat' dir='ltr'><strong>nihil</strong></span> <span class='ocrx_word' id='word_1_580' title='bbox 3272 2617 3556 2658; x_wconf 63' lang='lat' dir='ltr'><strong>nrazteroa-</strong></span> 
     </span>
    </p>
   </div>
   <div class='ocr_carea' id='block_1_70' title="bbox 1999 2605 3556 2680">
    <p class='ocr_par' dir='ltr' id='par_1_70' title="bbox 1999 2605 3556 2680">
     <span class='ocr_line' id='line_1_76' title="bbox 1999 2605 3556 2680; baseline 0.004 -21"><span class='ocrx_word' id='word_1_581' title='bbox 1999 2619 2126 2680; x_wconf 86' lang='lat' dir='ltr'><strong>omo</strong></span> <span class='ocrx_word' id='word_1_582' title='bbox 2151 2605 2405 2680; x_wconf 32' lang='lat' dir='ltr'><strong>erat,’_-es</strong></span> <span class='ocrx_word' id='word_1_583' title='bbox 2435 2617 2632 2680; x_wconf 81' lang='lat' dir='ltr'><strong>natura</strong></span> <span class='ocrx_word' id='word_1_584' title='bbox 2675 2605 2868 2680; x_wconf 75' lang='lat' dir='ltr'><strong>similis</strong></span> <span class='ocrx_word' id='word_1_585' title='bbox 2899 2607 3080 2680; x_wconf 83' lang='lat' dir='ltr'><strong>nobis,</strong></span> <span class='ocrx_word' id='word_1_586' title='bbox 3110 2606 3246 2663; x_wconf 89' lang='lat' dir='ltr'><strong>nihil</strong></span> <span class='ocrx_word' id='word_1_587' title='bbox 3272 2605 3556 2680; x_wconf 8' lang='lat' dir='ltr'><strong>prgaﬁteica.</strong></span> 
     </span>
    </p>
   </div>
   <div class='ocr_carea' id='block_1_71' title="bbox 1960 2673 3564 2742">
    <p class='ocr_par' dir='ltr' id='par_1_71' title="bbox 1960 2673 3564 2742">
     <span class='ocr_line' id='line_1_77' title="bbox 1960 2673 3564 2742; baseline 0.004 -13"><span class='ocrx_word' id='word_1_588' title='bbox 1960 2674 2097 2742; x_wconf 80' lang='lat' dir='ltr'><strong>Quia</strong></span> <span class='ocrx_word' id='word_1_589' title='bbox 2123 2689 2257 2731; x_wconf 85' lang='lat' dir='ltr'><strong>vero</strong></span> <span class='ocrx_word' id='word_1_590' title='bbox 2281 2673 2502 2731; x_wconf 83' lang='lat' dir='ltr'><strong>dicente</strong></span> <span class='ocrx_word' id='word_1_591' title='bbox 2535 2674 2649 2732; x_wconf 85' lang='lat' dir='ltr'><strong>Deo</strong></span> <span class='ocrx_word' id='word_1_592' title='bbox 2677 2694 2690 2730; x_wconf 88' lang='lat'><strong>:</strong></span> <span class='ocrx_word' id='word_1_593' title='bbox 2731 2673 2884 2742; x_wconf 83' lang='lat' dir='ltr'><strong>Veni,</strong></span> <span class='ocrx_word' id='word_1_594' title='bbox 2909 2679 3116 2732; x_wconf 86' lang='lat' dir='ltr'><strong>mittam</strong></span> <span class='ocrx_word' id='word_1_595' title='bbox 3146 2687 3196 2732; x_wconf 88' lang='lat' dir='ltr'><strong>te</strong></span> <span class='ocrx_word' id='word_1_596' title='bbox 3224 2673 3295 2733; x_wconf 80' lang='lat' dir='ltr'><strong>ad</strong></span> <span class='ocrx_word' id='word_1_597' title='bbox 3323 2678 3564 2736; x_wconf 81' lang='lat' dir='ltr'><strong>Pharae-</strong></span> 
     </span>
    </p>
   </div>
   <div class='ocr_carea' id='block_1_72' title="bbox 1960 2745 3562 2817">
    <p class='ocr_par' dir='ltr' id='par_1_72' title="bbox 1960 2745 3562 2817">
     <span class='ocr_line' id='line_1_78' title="bbox 1960 2745 3562 2817; baseline 0.004 -19"><span class='ocrx_word' id='word_1_598' title='bbox 1960 2761 2076 2817; x_wconf 75' lang='lat' dir='ltr'><strong>n_e_m</strong></span> <span class='ocrx_word' id='word_1_599' title='bbox 2120 2760 2291 2817; x_wconf 62' lang='lat' dir='ltr'><strong>regem</strong></span> <span class='ocrx_word' id='word_1_600' title='bbox 2334 2745 2671 2817; x_wconf 37' lang='lat' dir='ltr'><strong>Egyptitet</strong></span> <span class='ocrx_word' id='word_1_601' title='bbox 2710 2746 2901 2802; x_wconf 81' lang='lat' dir='ltr'><strong>educes</strong></span> <span class='ocrx_word' id='word_1_602' title='bbox 2941 2746 3082 2817; x_wconf 78' lang='lat' dir='ltr'><strong>ﬁlios</strong></span> <span class='ocrx_word' id='word_1_603' title='bbox 3119 2747 3292 2804; x_wconf 78' lang='lat' dir='ltr'><strong>Israel</strong></span> <span class='ocrx_word' id='word_1_604' title='bbox 3324 2753 3390 2805; x_wconf 86' lang='lat' dir='ltr'><strong>de</strong></span> <span class='ocrx_word' id='word_1_605' title='bbox 3419 2759 3562 2806; x_wconf 88' lang='lat' dir='ltr'><strong>terra</strong></span> 
     </span>
    </p>
   </div>
   <div class='ocr_carea' id='block_1_73' title="bbox 1956 2815 3564 2892">
    <p class='ocr_par' dir='ltr' id='par_1_73' title="bbox 1956 2815 3564 2892">
     <span class='ocr_line' id='line_1_79' title="bbox 1956 2815 3564 2892; baseline 0.004 -23"><span class='ocrx_word' id='word_1_606' title='bbox 1956 2815 2556 2892; x_wconf 55' lang='lat' dir='ltr'><strong>1E9ypti(l§xod_.&#39;vn)_,</strong></span> <span class='ocrx_word' id='word_1_607' title='bbox 2587 2816 2695 2872; x_wconf 81' lang='lat' dir='ltr'><strong>Pro</strong></span> <span class='ocrx_word' id='word_1_608' title='bbox 2717 2815 3011 2873; x_wconf 84' lang='lat' dir='ltr'><strong>recusandi</strong></span> <span class='ocrx_word' id='word_1_609' title='bbox 3036 2819 3330 2892; x_wconf 75' lang='lat' dir='ltr'><strong>occasione</strong></span> <span class='ocrx_word' id='word_1_610' title='bbox 3357 2821 3564 2892; x_wconf 79' lang='lat' dir='ltr'><strong>exigui-</strong></span> 
     </span>
    </p>
   </div>
   <div class='ocr_carea' id='block_1_74' title="bbox 1957 2887 3576 2958">
    <p class='ocr_par' dir='ltr' id='par_1_74' title="bbox 1957 2887 3576 2958">
     <span class='ocr_line' id='line_1_80' title="bbox 1957 2887 3576 2958; baseline 0.004 -18"><span class='ocrx_word' id='word_1_611' title='bbox 1957 2893 2125 2958; x_wconf 84' lang='lat' dir='ltr'><strong>tatem</strong></span> <span class='ocrx_word' id='word_1_612' title='bbox 2155 2887 2303 2958; x_wconf 85' lang='lat' dir='ltr'><strong>vocis</strong></span> <span class='ocrx_word' id='word_1_613' title='bbox 2326 2887 2612 2958; x_wconf 16' lang='lat' dir='ltr'><strong>lohtrudit,</strong></span> <span class='ocrx_word' id='word_1_614' title='bbox 2653 2895 2910 2958; x_wconf 81' lang='lat' dir='ltr'><strong>causatus</strong></span> <span class='ocrx_word' id='word_1_615' title='bbox 2930 2927 2945 2952; x_wconf 95' lang='lat'><strong>,</strong></span> <span class='ocrx_word' id='word_1_616' title='bbox 2970 2889 3118 2958; x_wconf 89' lang='lat' dir='ltr'><strong>quod</strong></span> <span class='ocrx_word' id='word_1_617' title='bbox 3148 2889 3373 2946; x_wconf 88' lang='lat' dir='ltr'><strong>minime</strong></span> <span class='ocrx_word' id='word_1_618' title='bbox 3414 2887 3576 2947; x_wconf 61' lang='lat' dir='ltr'><strong>esset;</strong></span> 
     </span>
    </p>
   </div>
   <div class='ocr_carea' id='block_1_75' title="bbox 1956 2956 3566 3028">
    <p class='ocr_par' dir='ltr' id='par_1_75' title="bbox 1956 2956 3566 3028">
     <span class='ocr_line' id='line_1_81' title="bbox 1956 2956 3566 3028; baseline 0.004 -16"><span class='ocrx_word' id='word_1_619' title='bbox 1956 2957 2217 3028; x_wconf 89' lang='lat' dir='ltr'><strong>eloquens</strong></span> <span class='ocrx_word' id='word_1_620' title='bbox 2236 2957 2305 3011; x_wconf 89' lang='lat' dir='ltr'><strong>ab</strong></span> <span class='ocrx_word' id='word_1_621' title='bbox 2325 2956 2447 3028; x_wconf 80' lang='lat' dir='ltr'><strong>heri</strong></span> <span class='ocrx_word' id='word_1_622' title='bbox 2474 2964 2532 3013; x_wconf 94' lang='lat' dir='ltr'><strong>et</strong></span> <span class='ocrx_word' id='word_1_623' title='bbox 2556 2956 3008 3028; x_wconf 62' lang='lat' dir='ltr'><strong>nudiustertius;</strong></span> <span class='ocrx_word' id='word_1_624' title='bbox 3032 2959 3157 3015; x_wconf 91' lang='lat' dir='ltr'><strong>ideo</strong></span> <span class='ocrx_word' id='word_1_625' title='bbox 3182 2958 3354 3014; x_wconf 91' lang='lat' dir='ltr'><strong>Deum</strong></span> <span class='ocrx_word' id='word_1_626' title='bbox 3379 2961 3566 3018; x_wconf 85' lang='lat' dir='ltr'><strong>dicen-</strong></span> 
     </span>
    </p>
   </div>
   <div class='ocr_carea' id='block_1_76' title="bbox 1954 3026 3576 3096">
    <p class='ocr_par' dir='ltr' id='par_1_76' title="bbox 1954 3026 3576 3096">
     <span class='ocr_line' id='line_1_82' title="bbox 1954 3026 3576 3096; baseline 0.002 -14"><span class='ocrx_word' id='word_1_627' title='bbox 1954 3026 2076 3083; x_wconf 72' lang='lat' dir='ltr'><strong>teni</strong></span> <span class='ocrx_word' id='word_1_628' title='bbox 2090 3027 2298 3083; x_wconf 87' lang='lat' dir='ltr'><strong>audivit</strong></span> <span class='ocrx_word' id='word_1_629' title='bbox 2321 3045 2335 3081; x_wconf 91' lang='lat'>:</span> <span class='ocrx_word' id='word_1_630' title='bbox 2367 3027 2504 3081; x_wconf 82' lang='lat' dir='ltr'><strong>Ecce</strong></span> <span class='ocrx_word' id='word_1_631' title='bbox 2527 3027 2650 3082; x_wconf 88' lang='lat' dir='ltr'><strong>dedi</strong></span> <span class='ocrx_word' id='word_1_632' title='bbox 2670 3038 2722 3083; x_wconf 90' lang='lat' dir='ltr'><strong>te</strong></span> <span class='ocrx_word' id='word_1_633' title='bbox 2755 3027 2920 3082; x_wconf 82' lang='lat' dir='ltr'><strong>Deum</strong></span> <span class='ocrx_word' id='word_1_634' title='bbox 2944 3026 3264 3096; x_wconf 80' lang='lat' dir='ltr'><strong>Pharaonis,</strong></span> <span class='ocrx_word' id='word_1_635' title='bbox 3304 3041 3354 3085; x_wconf 85' lang='lat' dir='ltr'><strong>et</strong></span> <span class='ocrx_word' id='word_1_636' title='bbox 3381 3031 3576 3086; x_wconf 61' lang='lat' dir='ltr'><strong>Aaron</strong></span> 
     </span>
    </p>
   </div>
   <div class='ocr_carea' id='block_1_77' title="bbox 253 3095 3576 3192">
    <p class='ocr_par' dir='ltr' id='par_1_77' title="bbox 253 3095 3576 3192">
     <span class='ocr_line' id='line_1_83' title="bbox 253 3095 3576 3192; baseline 0.002 -40"><span class='ocrx_word' id='word_1_637' title='bbox 253 3095 440 3192; x_wconf 54' lang='lat' dir='ltr'><strong>tamen</strong></span> <span class='ocrx_word' id='word_1_638' title='bbox 481 3095 600 3192; x_wconf 61' lang='lat' dir='ltr'><strong>erat</strong></span> <span class='ocrx_word' id='word_1_639' title='bbox 625 3099 1056 3192; x_wconf 34' lang='lat' dir='ltr'><strong>propjriaOVerbi,</strong></span> <span class='ocrx_word' id='word_1_640' title='bbox 1096 3109 1152 3154; x_wconf 90' lang='lat' dir='ltr'><strong>et</strong></span> <span class='ocrx_word' id='word_1_641' title='bbox 1165 3114 1331 3192; x_wconf 37' lang='lat' dir='ltr'><strong>Aunus</strong></span> <span class='ocrx_word' id='word_1_642' title='bbox 1356 3113 1480 3154; x_wconf 90' lang='lat' dir='ltr'><strong>cum</strong></span> <span class='ocrx_word' id='word_1_643' title='bbox 1526 3096 1625 3181; x_wconf 72' lang='lat' dir='ltr'><strong>illa</strong></span> <span class='ocrx_word' id='word_1_644' title='bbox 1651 3095 1852 3192; x_wconf 54' lang='lat' dir='ltr'><strong>intolli-</strong></span> <span class='ocrx_word' id='word_1_645' title='bbox 1881 3128 1928 3192; x_wconf 68' lang='grc' dir='ltr'>ο</span> <span class='ocrx_word' id='word_1_646' title='bbox 1957 3098 2128 3192; x_wconf 59' lang='grc' dir='ltr'>[τιιιςτ</span> <span class='ocrx_word' id='word_1_647' title='bbox 2149 3106 2272 3192; x_wconf 59' lang='lat' dir='ltr'><strong>tuus</strong></span> <span class='ocrx_word' id='word_1_648' title='bbox 2301 3099 2404 3152; x_wconf 83' lang='lat' dir='ltr'><strong>erit</strong></span> <span class='ocrx_word' id='word_1_649' title='bbox 2439 3098 2534 3178; x_wconf 83' lang='lat' dir='ltr'><strong>tibi</strong></span> <span class='ocrx_word' id='word_1_650' title='bbox 2561 3099 2816 3192; x_wconf 49' lang='lat' dir='ltr'><strong>inteipr&#39;es</strong></span> <span class='ocrx_word' id='word_1_651' title='bbox 2834 3098 3299 3192; x_wconf 35' lang='grc' dir='ltr'><strong>1(ιιιὶιι.),.11ιιιίι;ιιιτι</strong></span> <span class='ocrx_word' id='word_1_652' title='bbox 3326 3116 3576 3192; x_wconf 74' lang='lat' dir='ltr'><strong>namque-</strong></span> 
     </span>
    </p>
   </div>
   <div class='ocr_carea' id='block_1_78' title="bbox 253 3167 1854 3242">
    <p class='ocr_par' dir='ltr' id='par_1_78' title="bbox 253 3167 1854 3242">
     <span class='ocr_line' id='line_1_84' title="bbox 253 3167 1854 3242; baseline 0 -22"><span class='ocrx_word' id='word_1_653' title='bbox 253 3167 426 3242; x_wconf 75' lang='lat' dir='ltr'><strong>gitur,</strong></span> <span class='ocrx_word' id='word_1_654' title='bbox 449 3175 520 3242; x_wconf 90' lang='lat' dir='ltr'><strong>ut_</strong></span> <span class='ocrx_word' id='word_1_655' title='bbox 537 3167 930 3242; x_wconf 71' lang='lat' dir='ltr'><strong>proculdubio,</strong></span> <span class='ocrx_word' id='word_1_656' title='bbox 961 3169 1415 3242; x_wconf 85' lang='lat' dir='ltr'><strong>quemadmodum</strong></span> <span class='ocrx_word' id='word_1_657' title='bbox 1445 3167 1695 3238; x_wconf 81' lang='lat' dir='ltr'><strong>superius</strong></span> <span class='ocrx_word' id='word_1_658' title='bbox 1709 3167 1854 3242; x_wconf 60' lang='lat' dir='ltr'><strong>dixi-</strong></span> 
     </span>
    </p>
   </div>
   <div class='ocr_carea' id='block_1_79' title="bbox 253 3237 1854 3308">
    <p class='ocr_par' dir='ltr' id='par_1_79' title="bbox 253 3237 1854 3308">
     <span class='ocr_line' id='line_1_85' title="bbox 253 3237 1854 3308; baseline -0.002 -14"><span class='ocrx_word' id='word_1_659' title='bbox 253 3237 401 3304; x_wconf 68' lang='lat' dir='ltr'><strong>mus,</strong></span> <span class='ocrx_word' id='word_1_660' title='bbox 448 3237 614 3293; x_wconf 82' lang='lat' dir='ltr'><strong>etiam</strong></span> <span class='ocrx_word' id='word_1_661' title='bbox 650 3238 887 3296; x_wconf 91' lang='lat' dir='ltr'><strong>hominis</strong></span> <span class='ocrx_word' id='word_1_662' title='bbox 929 3237 1108 3295; x_wconf 81' lang='lat' dir='ltr'><strong>anima</strong></span> <span class='ocrx_word' id='word_1_663' title='bbox 1144 3256 1269 3297; x_wconf 92' lang='lat' dir='ltr'><strong>cum</strong></span> <span class='ocrx_word' id='word_1_664' title='bbox 1300 3254 1398 3294; x_wconf 90' lang='lat' dir='ltr'><strong>suo</strong></span> <span class='ocrx_word' id='word_1_665' title='bbox 1423 3237 1668 3308; x_wconf 84' lang='lat' dir='ltr'><strong>corpore.</strong></span> <span class='ocrx_word' id='word_1_666' title='bbox 1709 3237 1854 3308; x_wconf 81' lang='lat' dir='ltr'><strong>Ergo</strong></span> 
     </span>
    </p>
   </div>
   <div class='ocr_carea' id='block_1_80' title="bbox 252 3309 1854 3382">
    <p class='ocr_par' dir='ltr' id='par_1_80' title="bbox 252 3309 1854 3382">
     <span class='ocr_line' id='line_1_86' title="bbox 252 3309 1854 3382; baseline -0.001 -18"><span class='ocrx_word' id='word_1_667' title='bbox 252 3310 304 3364; x_wconf 81' lang='lat' dir='ltr'><strong>si</strong></span> <span class='ocrx_word' id='word_1_668' title='bbox 333 3309 602 3382; x_wconf 86' lang='lat' dir='ltr'><strong>quispiam</strong></span> <span class='ocrx_word' id='word_1_669' title='bbox 644 3311 714 3364; x_wconf 88' lang='lat' dir='ltr'><strong>de</strong></span> <span class='ocrx_word' id='word_1_670' title='bbox 751 3311 906 3366; x_wconf 90' lang='lat' dir='ltr'><strong>nobis</strong></span> <span class='ocrx_word' id='word_1_671' title='bbox 931 3325 1147 3382; x_wconf 90' lang='lat' dir='ltr'><strong>quoque</strong></span> <span class='ocrx_word' id='word_1_672' title='bbox 1184 3311 1367 3366; x_wconf 87' lang='lat' dir='ltr'><strong>dicere</strong></span> <span class='ocrx_word' id='word_1_673' title='bbox 1405 3310 1535 3367; x_wconf 86' lang='lat' dir='ltr'><strong>velit</strong></span> <span class='ocrx_word' id='word_1_674' title='bbox 1577 3323 1713 3382; x_wconf 83' lang='lat' dir='ltr'><strong>non_</strong></span> <span class='ocrx_word' id='word_1_675' title='bbox 1731 3323 1854 3363; x_wconf 88' lang='lat' dir='ltr'><strong>esse</strong></span> 
     </span>
    </p>
   </div>
   <div class='ocr_carea' id='block_1_81' title="bbox 255 3377 1854 3452">
    <p class='ocr_par' dir='ltr' id='par_1_81' title="bbox 255 3377 1854 3452">
     <span class='ocr_line' id='line_1_87' title="bbox 255 3377 1854 3452; baseline -0.003 -16"><span class='ocrx_word' id='word_1_676' title='bbox 255 3377 534 3452; x_wconf 81' lang='lat' dir='ltr'><strong>hominem</strong></span> <span class='ocrx_word' id='word_1_677' title='bbox 571 3381 746 3450; x_wconf 88' lang='lat' dir='ltr'><strong>ipsum</strong></span> <span class='ocrx_word' id='word_1_678' title='bbox 784 3377 984 3452; x_wconf 81' lang='lat' dir='ltr'><strong>corpus</strong></span> <span class='ocrx_word' id='word_1_679' title='bbox 1026 3377 1124 3452; x_wconf 76' lang='lat' dir='ltr'><strong>per</strong></span> <span class='ocrx_word' id='word_1_680' title='bbox 1163 3387 1264 3447; x_wconf 80' lang='lat' dir='ltr'><strong>se,</strong></span> <span class='ocrx_word' id='word_1_681' title='bbox 1299 3397 1482 3437; x_wconf 88' lang='lat' dir='ltr'><strong>nonne</strong></span> <span class='ocrx_word' id='word_1_682' title='bbox 1499 3377 1854 3452; x_wconf 65' lang='lat' dir='ltr'><strong>superﬂuens</strong></span> 
     </span>
    </p>
   </div>
   <div class='ocr_carea' id='block_1_82' title="bbox 253 3449 1854 3522">
    <p class='ocr_par' dir='ltr' id='par_1_82' title="bbox 253 3449 1854 3522">
     <span class='ocr_line' id='line_1_88' title="bbox 253 3449 1854 3522; baseline -0.001 -16"><span class='ocrx_word' id='word_1_683' title='bbox 253 3451 313 3506; x_wconf 90' lang='lat' dir='ltr'><strong>in</strong></span> <span class='ocrx_word' id='word_1_684' title='bbox 339 3449 636 3522; x_wconf 81' lang='lat' dir='ltr'><strong>sermone,</strong></span> <span class='ocrx_word' id='word_1_685' title='bbox 673 3459 727 3505; x_wconf 90' lang='lat' dir='ltr'><strong>et</strong></span> <span class='ocrx_word' id='word_1_686' title='bbox 763 3449 942 3522; x_wconf 78' lang='lat' dir='ltr'><strong>nugax</strong></span> <span class='ocrx_word' id='word_1_687' title='bbox 981 3449 1176 3507; x_wconf 72' lang='lat' dir='ltr'><strong>merito</strong></span> <span class='ocrx_word' id='word_1_688' title='bbox 1203 3453 1456 3507; x_wconf 83' lang='lat' dir='ltr'><strong>dicetur?</strong></span> <span class='ocrx_word' id='word_1_689' title='bbox 1498 3449 1686 3520; x_wconf 90' lang='lat' dir='ltr'><strong>Neque</strong></span> <span class='ocrx_word' id='word_1_690' title='bbox 1709 3449 1854 3504; x_wconf 90' lang='lat' dir='ltr'><strong>enim</strong></span> 
     </span>
    </p>
   </div>
   <div class='ocr_carea' id='block_1_83' title="bbox 252 3521 1853 3602">
    <p class='ocr_par' dir='ltr' id='par_1_83' title="bbox 252 3521 1853 3602">
     <span class='ocr_line' id='line_1_89' title="bbox 252 3521 1853 3602; baseline -0.002 -24"><span class='ocrx_word' id='word_1_691' title='bbox 252 3521 558 3602; x_wconf 69' lang='lat' dir='ltr'><strong>quisquam</strong></span> <span class='ocrx_word' id='word_1_692' title='bbox 595 3521 889 3602; x_wconf 74' lang='lat' dir='ltr'><strong>negaturus</strong></span> <span class='ocrx_word' id='word_1_693' title='bbox 926 3531 1012 3602; x_wconf 85' lang='lat' dir='ltr'><strong>est</strong></span> <span class='ocrx_word' id='word_1_694' title='bbox 1053 3525 1227 3602; x_wconf 76' lang='lat' dir='ltr'><strong>ipsum</strong></span> <span class='ocrx_word' id='word_1_695' title='bbox 1266 3539 1376 3602; x_wconf 86' lang='lat' dir='ltr'><strong>_per</strong></span> <span class='ocrx_word' id='word_1_696' title='bbox 1409 3539 1469 3578; x_wconf 88' lang='lat' dir='ltr'><strong>se</strong></span> <span class='ocrx_word' id='word_1_697' title='bbox 1509 3535 1708 3602; x_wconf 68' lang='lat' dir='ltr'><strong>corpus</strong></span> <span class='ocrx_word' id='word_1_698' title='bbox 1742 3535 1853 3602; x_wconf 64' lang='lat' dir='ltr'><strong>oon</strong></span> 
     </span>
    </p>
   </div>
   <div class='ocr_carea' id='block_1_84' title="bbox 253 3589 1854 3664">
    <p class='ocr_par' dir='ltr' id='par_1_84' title="bbox 253 3589 1854 3664">
     <span class='ocr_line' id='line_1_90' title="bbox 253 3589 1854 3664; baseline -0.001 -16"><span class='ocrx_word' id='word_1_699' title='bbox 253 3589 378 3648; x_wconf 76' lang='lat' dir='ltr'><strong>esse</strong></span> <span class='ocrx_word' id='word_1_700' title='bbox 401 3589 708 3664; x_wconf 79' lang='lat' dir='ltr'><strong>hominem,</strong></span> <span class='ocrx_word' id='word_1_701' title='bbox 736 3592 833 3664; x_wconf 87' lang='lat' dir='ltr'><strong>sed</strong></span> <span class='ocrx_word' id='word_1_702' title='bbox 861 3596 1039 3662; x_wconf 85' lang='lat' dir='ltr'><strong>potius</strong></span> <span class='ocrx_word' id='word_1_703' title='bbox 1075 3589 1312 3648; x_wconf 83' lang='lat' dir='ltr'><strong>hominis</strong></span> <span class='ocrx_word' id='word_1_704' title='bbox 1336 3607 1537 3664; x_wconf 89' lang='lat' dir='ltr'><strong>corpus</strong></span> <span class='ocrx_word' id='word_1_705' title='bbox 1563 3589 1690 3664; x_wconf 82' lang='lat' dir='ltr'><strong>dici.</strong></span> <span class='ocrx_word' id='word_1_706' title='bbox 1743 3589 1854 3647; x_wconf 86' lang='lat' dir='ltr'><strong>Sed</strong></span> 
     </span>
    </p>
   </div>
   <div class='ocr_carea' id='block_1_85' title="bbox 251 3661 1850 3734">
    <p class='ocr_par' dir='ltr' id='par_1_85' title="bbox 251 3661 1850 3734">
     <span class='ocr_line' id='line_1_91' title="bbox 251 3661 1850 3734; baseline -0.001 -16"><span class='ocrx_word' id='word_1_707' title='bbox 251 3677 418 3718; x_wconf 84' lang='lat' dir='ltr'><strong>nemo</strong></span> <span class='ocrx_word' id='word_1_708' title='bbox 446 3670 626 3719; x_wconf 90' lang='lat' dir='ltr'><strong>tamen</strong></span> <span class='ocrx_word' id='word_1_709' title='bbox 664 3663 799 3718; x_wconf 87' lang='lat' dir='ltr'><strong>duas</strong></span> <span class='ocrx_word' id='word_1_710' title='bbox 823 3661 878 3718; x_wconf 85' lang='lat' dir='ltr'><strong>in</strong></span> <span class='ocrx_word' id='word_1_711' title='bbox 916 3674 1098 3734; x_wconf 89' lang='lat' dir='ltr'><strong>partes</strong></span> <span class='ocrx_word' id='word_1_712' title='bbox 1131 3665 1377 3720; x_wconf 88' lang='lat' dir='ltr'><strong>dividens</strong></span> <span class='ocrx_word' id='word_1_713' title='bbox 1399 3661 1465 3718; x_wconf 78' lang='lat' dir='ltr'><strong>ac</strong></span> <span class='ocrx_word' id='word_1_714' title='bbox 1489 3661 1716 3719; x_wconf 86' lang='lat' dir='ltr'><strong>seorsim</strong></span> <span class='ocrx_word' id='word_1_715' title='bbox 1750 3674 1850 3730; x_wconf 84' lang='lat' dir='ltr'><strong>po-</strong></span> 
     </span>
    </p>
   </div>
   <div class='ocr_carea' id='block_1_86' title="bbox 254 3734 1853 3805">
    <p class='ocr_par' dir='ltr' id='par_1_86' title="bbox 254 3734 1853 3805">
     <span class='ocr_line' id='line_1_92' title="bbox 254 3734 1853 3805; baseline -0.002 -16"><span class='ocrx_word' id='word_1_716' title='bbox 254 3749 392 3805; x_wconf 80' lang='lat' dir='ltr'><strong>nens</strong></span> <span class='ocrx_word' id='word_1_717' title='bbox 427 3734 662 3788; x_wconf 88' lang='lat' dir='ltr'><strong>animam</strong></span> <span class='ocrx_word' id='word_1_718' title='bbox 696 3741 752 3788; x_wconf 92' lang='lat' dir='ltr'><strong>et</strong></span> <span class='ocrx_word' id='word_1_719' title='bbox 773 3749 994 3804; x_wconf 89' lang='lat' dir='ltr'><strong>corpus,</strong></span> <span class='ocrx_word' id='word_1_720' title='bbox 1040 3735 1243 3790; x_wconf 81' lang='lat' dir='ltr'><strong>dixerit</strong></span> <span class='ocrx_word' id='word_1_721' title='bbox 1273 3749 1509 3805; x_wconf 89' lang='lat' dir='ltr'><strong>unquam</strong></span> <span class='ocrx_word' id='word_1_722' title='bbox 1539 3746 1737 3805; x_wconf 82' lang='lat' dir='ltr'><strong>corpus</strong></span> <span class='ocrx_word' id='word_1_723' title='bbox 1759 3745 1853 3787; x_wconf 83' lang='lat' dir='ltr'><strong>eo-</strong></span> 
     </span>
    </p>
   </div>
   <div class='ocr_carea' id='block_1_87' title="bbox 256 3802 1854 3875">
    <p class='ocr_par' dir='ltr' id='par_1_87' title="bbox 256 3802 1854 3875">
     <span class='ocr_line' id='line_1_93' title="bbox 256 3802 1854 3875; baseline -0.001 -17"><span class='ocrx_word' id='word_1_724' title='bbox 256 3804 379 3860; x_wconf 89' lang='lat' dir='ltr'><strong>dem</strong></span> <span class='ocrx_word' id='word_1_725' title='bbox 405 3819 529 3875; x_wconf 85' lang='lat' dir='ltr'><strong>eum</strong></span> <span class='ocrx_word' id='word_1_726' title='bbox 559 3805 739 3859; x_wconf 89' lang='lat' dir='ltr'><strong>anima</strong></span> <span class='ocrx_word' id='word_1_727' title='bbox 760 3802 1019 3875; x_wconf 78' lang='lat' dir='ltr'><strong>appellari</strong></span> <span class='ocrx_word' id='word_1_728' title='bbox 1042 3806 1262 3862; x_wconf 91' lang='lat' dir='ltr'><strong>nomine</strong></span> <span class='ocrx_word' id='word_1_729' title='bbox 1290 3802 1551 3860; x_wconf 41' lang='lat' dir='ltr'><strong>ad‘unum</strong></span> <span class='ocrx_word' id='word_1_730' title='bbox 1573 3802 1854 3875; x_wconf 80' lang='lat' dir='ltr'><strong>hominem</strong></span> 
     </span>
    </p>
   </div>
   <div class='ocr_carea' id='block_1_88' title="bbox 255 3872 1853 3948">
    <p class='ocr_par' dir='ltr' id='par_1_88' title="bbox 255 3872 1853 3948">
     <span class='ocr_line' id='line_1_94' title="bbox 255 3872 1853 3948; baseline -0.001 -19"><span class='ocrx_word' id='word_1_731' title='bbox 255 3874 708 3948; x_wconf 77' lang='lat' dir='ltr'><strong>signiﬁcandum:</strong></span> <span class='ocrx_word' id='word_1_732' title='bbox 777 3872 952 3948; x_wconf 75' lang='lat' dir='ltr'><strong>neque</strong></span> <span class='ocrx_word' id='word_1_733' title='bbox 1005 3877 1164 3948; x_wconf 12' lang='lat' dir='ltr'><strong>enim,</strong></span> <span class='ocrx_word' id='word_1_734' title='bbox 1208 3886 1369 3948; x_wconf 85' lang='lat' dir='ltr'><strong>aptus</strong></span> <span class='ocrx_word' id='word_1_735' title='bbox 1424 3875 1532 3930; x_wconf 89' lang='lat' dir='ltr'><strong>erit</strong></span> <span class='ocrx_word' id='word_1_736' title='bbox 1565 3872 1853 3948; x_wconf 80' lang='lat' dir='ltr'><strong>_ejusmodi</strong></span> 
     </span>
    </p>
   </div>
   <div class='ocr_carea' id='block_1_89' title="bbox 255 3942 1852 4017">
    <p class='ocr_par' dir='ltr' id='par_1_89' title="bbox 255 3942 1852 4017">
     <span class='ocr_line' id='line_1_95' title="bbox 255 3942 1852 4017; baseline -0.003 -16"><span class='ocrx_word' id='word_1_737' title='bbox 255 3942 478 4011; x_wconf 66' lang='lat' dir='ltr'><strong>se&#39;rmo,</strong></span> <span class='ocrx_word' id='word_1_738' title='bbox 525 3945 621 4000; x_wconf 88' lang='lat' dir='ltr'><strong>sed</strong></span> <span class='ocrx_word' id='word_1_739' title='bbox 686 3942 879 4017; x_wconf 77' lang='lat' dir='ltr'><strong>potius</strong></span> <span class='ocrx_word' id='word_1_740' title='bbox 929 3942 1493 4017; x_wconf 66' lang='lat' dir='ltr'><strong>imperitize&#39;plenus.</strong></span> <span class='ocrx_word' id='word_1_741' title='bbox 1560 3942 1670 4017; x_wconf 75' lang='lat' dir='ltr'><strong>Sed</strong></span> <span class='ocrx_word' id='word_1_742' title='bbox 1725 3957 1852 4017; x_wconf 89' lang='lat' dir='ltr'><strong>cum</strong></span> 
     </span>
    </p>
   </div>
   <div class='ocr_carea' id='block_1_90' title="bbox 251 4014 1854 4085">
    <p class='ocr_par' dir='ltr' id='par_1_90' title="bbox 251 4014 1854 4085">
     <span class='ocr_line' id='line_1_96' title="bbox 251 4014 1854 4085; baseline -0.002 -14"><span class='ocrx_word' id='word_1_743' title='bbox 251 4022 548 4085; x_wconf 87' lang='lat' dir='ltr'><strong>utrumque</strong></span> <span class='ocrx_word' id='word_1_744' title='bbox 580 4014 880 4072; x_wconf 84' lang='lat' dir='ltr'><strong>secundum</strong></span> <span class='ocrx_word' id='word_1_745' title='bbox 905 4014 1210 4072; x_wconf 83' lang='lat' dir='ltr'><strong>naturalem</strong></span> <span class='ocrx_word' id='word_1_746' title='bbox 1230 4014 1486 4072; x_wconf 80' lang='lat' dir='ltr'><strong>unionem</strong></span> <span class='ocrx_word' id='word_1_747' title='bbox 1507 4014 1854 4085; x_wconf 73' lang='lat' dir='ltr'><strong>coniunxerit</strong></span> 
     </span>
    </p>
   </div>
   <div class='ocr_carea' id='block_1_91' title="bbox 256 4085 1852 4155">
    <p class='ocr_par' dir='ltr' id='par_1_91' title="bbox 256 4085 1852 4155">
     <span class='ocr_line' id='line_1_97' title="bbox 256 4085 1852 4155; baseline -0.003 -13"><span class='ocrx_word' id='word_1_748' title='bbox 256 4085 328 4142; x_wconf 84' lang='lat' dir='ltr'><strong>ad</strong></span> <span class='ocrx_word' id='word_1_749' title='bbox 362 4086 522 4142; x_wconf 89' lang='lat' dir='ltr'><strong>unius</strong></span> <span class='ocrx_word' id='word_1_750' title='bbox 555 4086 790 4142; x_wconf 90' lang='lat' dir='ltr'><strong>hominis</strong></span> <span class='ocrx_word' id='word_1_751' title='bbox 833 4087 1297 4155; x_wconf 87' lang='lat' dir='ltr'><strong>constitutionem,</strong></span> <span class='ocrx_word' id='word_1_752' title='bbox 1337 4095 1456 4142; x_wconf 90' lang='lat' dir='ltr'><strong>tum</strong></span> <span class='ocrx_word' id='word_1_753' title='bbox 1491 4087 1710 4155; x_wconf 82' lang='lat' dir='ltr'><strong>demum</strong></span> <span class='ocrx_word' id='word_1_754' title='bbox 1749 4085 1852 4139; x_wconf 86' lang='lat' dir='ltr'><strong>bo-</strong></span> 
     </span>
    </p>
   </div>
   <div class='ocr_carea' id='block_1_92' title="bbox 258 4151 1854 4227">
    <p class='ocr_par' dir='ltr' id='par_1_92' title="bbox 258 4151 1854 4227">
     <span class='ocr_line' id='line_1_98' title="bbox 258 4151 1854 4227; baseline -0.001 -15"><span class='ocrx_word' id='word_1_755' title='bbox 258 4157 461 4212; x_wconf 90' lang='lat' dir='ltr'><strong>minem</strong></span> <span class='ocrx_word' id='word_1_756' title='bbox 491 4156 803 4226; x_wconf 87' lang='lat' dir='ltr'><strong>appellabit,</strong></span> <span class='ocrx_word' id='word_1_757' title='bbox 851 4173 954 4212; x_wconf 90' lang='lat' dir='ltr'><strong>nec</strong></span> <span class='ocrx_word' id='word_1_758' title='bbox 993 4151 1486 4227; x_wconf 47' lang='lat' dir='ltr'><strong>videbitur&#39;inepte</strong></span> <span class='ocrx_word' id='word_1_759' title='bbox 1513 4151 1854 4224; x_wconf 85' lang='lat' dir='ltr'><strong>absurdeque</strong></span> 
     </span>
    </p>
   </div>
   <div class='ocr_carea' id='block_1_93' title="bbox 257 4227 1854 4300">
    <p class='ocr_par' dir='ltr' id='par_1_93' title="bbox 257 4227 1854 4300">
     <span class='ocr_line' id='line_1_99' title="bbox 257 4227 1854 4300; baseline -0.001 -19"><span class='ocrx_word' id='word_1_760' title='bbox 257 4228 458 4300; x_wconf 83' lang='lat' dir='ltr'><strong>dicere.</strong></span> <span class='ocrx_word' id='word_1_761' title='bbox 495 4227 746 4296; x_wconf 88' lang='lat' dir='ltr'><strong>Oportuit</strong></span> <span class='ocrx_word' id='word_1_762' title='bbox 771 4243 926 4299; x_wconf 72' lang='lat' dir='ltr'><strong>ergo,</strong></span> <span class='ocrx_word' id='word_1_763' title='bbox 972 4229 1022 4300; x_wconf 91' lang='lat' dir='ltr'><strong>si</strong></span> <span class='ocrx_word' id='word_1_764' title='bbox 1051 4229 1275 4300; x_wconf 84' lang='lat' dir='ltr'><strong>omnino</strong></span> <span class='ocrx_word' id='word_1_765' title='bbox 1302 4229 1520 4300; x_wconf 76' lang='lat' dir='ltr'><strong>sapiens</strong></span> <span class='ocrx_word' id='word_1_766' title='bbox 1546 4227 1732 4300; x_wconf 78' lang='lat' dir='ltr'><strong>homo,</strong></span> <span class='ocrx_word' id='word_1_767' title='bbox 1765 4240 1854 4280; x_wconf 87' lang='lat' dir='ltr'><strong>so-</strong></span> 
     </span>
    </p>
   </div>
   <div class='ocr_carea' id='block_1_94' title="bbox 216 4295 1850 4372">
    <p class='ocr_par' dir='ltr' id='par_1_94' title="bbox 216 4295 1850 4372">
     <span class='ocr_line' id='line_1_100' title="bbox 216 4295 1850 4372; baseline 0.001 -20"><span class='ocrx_word' id='word_1_768' title='bbox 216 4314 219 4316; x_wconf 94' lang='grc'><strong>·</strong></span> <span class='ocrx_word' id='word_1_769' title='bbox 259 4297 475 4372; x_wconf 81' lang='lat' dir='ltr'><strong>lersque</strong></span> <span class='ocrx_word' id='word_1_770' title='bbox 494 4295 638 4372; x_wconf 72' lang='lat' dir='ltr'><strong>erat,</strong></span> <span class='ocrx_word' id='word_1_771' title='bbox 664 4295 864 4372; x_wconf 72' lang='lat' dir='ltr'><strong>corpus</strong></span> <span class='ocrx_word' id='word_1_772' title='bbox 898 4298 1115 4372; x_wconf 82' lang='lat' dir='ltr'><strong>quidem</strong></span> <span class='ocrx_word' id='word_1_773' title='bbox 1139 4299 1270 4354; x_wconf 90' lang='lat' dir='ltr'><strong>illud</strong></span> <span class='ocrx_word' id='word_1_774' title='bbox 1298 4295 1620 4372; x_wconf 71' lang='lat' dir='ltr'><strong>ex&#39;muliere</strong></span> <span class='ocrx_word' id='word_1_775' title='bbox 1649 4295 1850 4372; x_wconf 54' lang='lat' dir='ltr'><strong>dicere,</strong></span> 
     </span>
    </p>
   </div>
   <div class='ocr_carea' id='block_1_95' title="bbox 253 4365 1852 4439">
    <p class='ocr_par' dir='ltr' id='par_1_95' title="bbox 253 4365 1852 4439">
     <span class='ocr_line' id='line_1_101' title="bbox 253 4365 1852 4439; baseline -0.003 -14"><span class='ocrx_word' id='word_1_776' title='bbox 253 4376 314 4424; x_wconf 85' lang='lat' dir='ltr'><strong>et</strong></span> <span class='ocrx_word' id='word_1_777' title='bbox 333 4365 568 4439; x_wconf 76' lang='lat' dir='ltr'><strong>insuper</strong></span> <span class='ocrx_word' id='word_1_778' title='bbox 596 4365 782 4435; x_wconf 64' lang='lat' dir='ltr'><strong>fateri;</strong></span> <span class='ocrx_word' id='word_1_779' title='bbox 807 4365 939 4424; x_wconf 85' lang='lat' dir='ltr'><strong>illud</strong></span> <span class='ocrx_word' id='word_1_780' title='bbox 967 4370 1177 4425; x_wconf 87' lang='lat' dir='ltr'><strong>unitate</strong></span> <span class='ocrx_word' id='word_1_781' title='bbox 1203 4371 1502 4439; x_wconf 87' lang='lat' dir='ltr'><strong>secundum</strong></span> <span class='ocrx_word' id='word_1_782' title='bbox 1534 4365 1852 4439; x_wconf 63' lang='lat' dir='ltr'><strong>hypostasin</strong></span> 
     </span>
    </p>
   </div>
   <div class='ocr_carea' id='block_1_96' title="bbox 257 4437 1849 4510">
    <p class='ocr_par' dir='ltr' id='par_1_96' title="bbox 257 4437 1849 4510">
     <span class='ocr_line' id='line_1_102' title="bbox 257 4437 1849 4510; baseline -0.003 -16"><span class='ocrx_word' id='word_1_783' title='bbox 257 4453 384 4510; x_wconf 77' lang='lat' dir='ltr'><strong>cum</strong></span> <span class='ocrx_word' id='word_1_784' title='bbox 420 4437 602 4496; x_wconf 70' lang='lat' dir='ltr'><strong>verbo</strong></span> <span class='ocrx_word' id='word_1_785' title='bbox 627 4439 978 4510; x_wconf 70' lang='lat' dir='ltr'><strong>coniunctum</strong></span> <span class='ocrx_word' id='word_1_786' title='bbox 1021 4456 1189 4495; x_wconf 88' lang='lat' dir='ltr'><strong>unum</strong></span> <span class='ocrx_word' id='word_1_787' title='bbox 1221 4438 1521 4507; x_wconf 88' lang='lat' dir='ltr'><strong>Christum,</strong></span> <span class='ocrx_word' id='word_1_788' title='bbox 1565 4437 1622 4510; x_wconf 85' lang='lat' dir='ltr'><strong>et</strong></span> <span class='ocrx_word' id='word_1_789' title='bbox 1654 4437 1849 4492; x_wconf 87' lang='lat' dir='ltr'><strong>Filium</strong></span> 
     </span>
    </p>
   </div>
   <div class='ocr_carea' id='block_1_97' title="bbox 255 4483 1930 4578">
    <p class='ocr_par' dir='ltr' id='par_1_97' title="bbox 255 4483 1930 4578">
     <span class='ocr_line' id='line_1_103' title="bbox 255 4483 1930 4578; baseline -0.002 -12"><span class='ocrx_word' id='word_1_790' title='bbox 255 4483 984 4578; x_wconf 60' lang='grc' dir='ltr'><strong>ἕῖἶὶοιὶιῖἰῶἶηννείἒόιῖῑεὶζ</strong></span> <span class='ocrx_word' id='word_1_791' title='bbox 1015 4483 1548 4567; x_wconf 59' lang='grc' dir='ltr'><strong>ἕιῖιῐὶίὲιῖι’”ὲὶἷιίιῖἰ“ἑι</strong></span> <span class='ocrx_word' id='word_1_792' title='bbox 1568 4483 1853 4570; x_wconf 48' lang='lat' dir='ltr'><strong>lies-3175i</strong></span> <span class='ocrx_word' id='word_1_793' title='bbox 1880 4483 1930 4542; x_wconf 78' lang='grc' dir='ltr'>ο</span> 
     </span>
    </p>
   </div>
   <div class='ocr_carea' id='block_1_98' title="bbox 257 4579 1856 4652">
    <p class='ocr_par' dir='ltr' id='par_1_98' title="bbox 257 4579 1856 4652">
     <span class='ocr_line' id='line_1_104' title="bbox 257 4579 1856 4652; baseline 0 -18"><span class='ocrx_word' id='word_1_794' title='bbox 257 4581 554 4652; x_wconf 83' lang='lat' dir='ltr'><strong>hominem.</strong></span> <span class='ocrx_word' id='word_1_795' title='bbox 585 4579 740 4652; x_wconf 81' lang='lat' dir='ltr'><strong>Nunc</strong></span> <span class='ocrx_word' id='word_1_796' title='bbox 764 4596 893 4636; x_wconf 85' lang='lat' dir='ltr'><strong>vero</strong></span> <span class='ocrx_word' id='word_1_797' title='bbox 919 4582 1022 4637; x_wconf 89' lang='lat' dir='ltr'><strong>hoc</strong></span> <span class='ocrx_word' id='word_1_798' title='bbox 1063 4583 1286 4647; x_wconf 88' lang='lat' dir='ltr'><strong>omisso,</strong></span> <span class='ocrx_word' id='word_1_799' title='bbox 1321 4595 1580 4652; x_wconf 88' lang='lat' dir='ltr'><strong>perversa</strong></span> <span class='ocrx_word' id='word_1_800' title='bbox 1610 4579 1856 4652; x_wconf 76' lang='lat' dir='ltr'><strong>graditur</strong></span> 
     </span>
    </p>
   </div>
   <div class='ocr_carea' id='block_1_99' title="bbox 256 4649 1852 4720">
    <p class='ocr_par' dir='ltr' id='par_1_99' title="bbox 256 4649 1852 4720">
     <span class='ocr_line' id='line_1_105' title="bbox 256 4649 1852 4720; baseline -0.002 -14"><span class='ocrx_word' id='word_1_801' title='bbox 256 4650 369 4717; x_wconf 88' lang='lat' dir='ltr'><strong>via,</strong></span> <span class='ocrx_word' id='word_1_802' title='bbox 405 4651 472 4707; x_wconf 91' lang='lat' dir='ltr'><strong>de</strong></span> <span class='ocrx_word' id='word_1_803' title='bbox 509 4659 656 4706; x_wconf 87' lang='lat' dir='ltr'><strong>recta</strong></span> <span class='ocrx_word' id='word_1_804' title='bbox 682 4651 969 4718; x_wconf 86' lang='lat' dir='ltr'><strong>decedens,</strong></span> <span class='ocrx_word' id='word_1_805' title='bbox 1009 4667 1074 4707; x_wconf 90' lang='lat' dir='ltr'><strong>ac</strong></span> <span class='ocrx_word' id='word_1_806' title='bbox 1112 4653 1248 4707; x_wconf 87' lang='lat' dir='ltr'><strong>duos</strong></span> <span class='ocrx_word' id='word_1_807' title='bbox 1292 4649 1448 4708; x_wconf 74' lang='lat' dir='ltr'><strong>nobis</strong></span> <span class='ocrx_word' id='word_1_808' title='bbox 1472 4649 1852 4720; x_wconf 32' lang='lat' dir='ltr'><strong>Deos’prazdi-</strong></span> 
     </span>
    </p>
   </div>
   <div class='ocr_carea' id='block_1_100' title="bbox 258 4719 1856 4786">
    <p class='ocr_par' dir='ltr' id='par_1_100' title="bbox 258 4719 1856 4786">
     <span class='ocr_line' id='line_1_106' title="bbox 258 4719 1856 4786; baseline -0.003 -7"><span class='ocrx_word' id='word_1_809' title='bbox 258 4729 370 4784; x_wconf 86' lang='lat' dir='ltr'><strong>cat,</strong></span> <span class='ocrx_word' id='word_1_810' title='bbox 398 4737 565 4776; x_wconf 90' lang='lat' dir='ltr'><strong>unum</strong></span> <span class='ocrx_word' id='word_1_811' title='bbox 589 4722 884 4776; x_wconf 89' lang='lat' dir='ltr'><strong>secundum</strong></span> <span class='ocrx_word' id='word_1_812' title='bbox 908 4730 1156 4778; x_wconf 86' lang='lat' dir='ltr'><strong>naturam</strong></span> <span class='ocrx_word' id='word_1_813' title='bbox 1184 4737 1250 4778; x_wconf 91' lang='lat' dir='ltr'><strong>ac</strong></span> <span class='ocrx_word' id='word_1_814' title='bbox 1275 4725 1580 4786; x_wconf 79' lang='lat' dir='ltr'><strong>veritatem,</strong></span> <span class='ocrx_word' id='word_1_815' title='bbox 1617 4719 1747 4774; x_wconf 86' lang='lat' dir='ltr'><strong>illud</strong></span> <span class='ocrx_word' id='word_1_816' title='bbox 1778 4720 1856 4774; x_wconf 84' lang='lat' dir='ltr'><strong>ui-</strong></span> 
     </span>
    </p>
   </div>
   <div class='ocr_carea' id='block_1_101' title="bbox 258 4792 1857 4861">
    <p class='ocr_par' dir='ltr' id='par_1_101' title="bbox 258 4792 1857 4861">
     <span class='ocr_line' id='line_1_107' title="bbox 258 4792 1857 4861; baseline -0.003 -14"><span class='ocrx_word' id='word_1_817' title='bbox 258 4793 458 4848; x_wconf 88' lang='lat' dir='ltr'><strong>mirum</strong></span> <span class='ocrx_word' id='word_1_818' title='bbox 490 4807 559 4847; x_wconf 78' lang='lat' dir='ltr'><strong>ex</strong></span> <span class='ocrx_word' id='word_1_819' title='bbox 602 4792 713 4847; x_wconf 85' lang='lat' dir='ltr'><strong>Deo</strong></span> <span class='ocrx_word' id='word_1_820' title='bbox 756 4792 917 4848; x_wconf 89' lang='lat' dir='ltr'><strong>Patre</strong></span> <span class='ocrx_word' id='word_1_821' title='bbox 951 4793 1229 4860; x_wconf 83' lang='lat' dir='ltr'><strong>Verbum;</strong></span> <span class='ocrx_word' id='word_1_822' title='bbox 1282 4794 1448 4849; x_wconf 90' lang='lat' dir='ltr'><strong>alium</strong></span> <span class='ocrx_word' id='word_1_823' title='bbox 1486 4807 1616 4847; x_wconf 86' lang='lat' dir='ltr'><strong>vero</strong></span> <span class='ocrx_word' id='word_1_824' title='bbox 1658 4797 1857 4861; x_wconf 71' lang='lat' dir='ltr'><strong>praeter</strong></span> 
     </span>
    </p>
   </div>
   <div class='ocr_carea' id='block_1_102' title="bbox 257 4860 1853 4936">
    <p class='ocr_par' dir='ltr' id='par_1_102' title="bbox 257 4860 1853 4936">
     <span class='ocr_line' id='line_1_108' title="bbox 257 4860 1853 4936; baseline -0.003 -17"><span class='ocrx_word' id='word_1_825' title='bbox 257 4864 428 4930; x_wconf 90' lang='lat' dir='ltr'><strong>hunc,</strong></span> <span class='ocrx_word' id='word_1_826' title='bbox 473 4863 566 4934; x_wconf 91' lang='lat' dir='ltr'><strong>qui</strong></span> <span class='ocrx_word' id='word_1_827' title='bbox 596 4862 803 4936; x_wconf 86' lang='lat' dir='ltr'><strong>scilicet</strong></span> <span class='ocrx_word' id='word_1_828' title='bbox 827 4879 952 4936; x_wconf 86' lang='lat' dir='ltr'><strong>cum</strong></span> <span class='ocrx_word' id='word_1_829' title='bbox 983 4878 1049 4918; x_wconf 90' lang='lat' dir='ltr'><strong>eo</strong></span> <span class='ocrx_word' id='word_1_830' title='bbox 1074 4862 1218 4920; x_wconf 89' lang='lat' dir='ltr'><strong>Deus</strong></span> <span class='ocrx_word' id='word_1_831' title='bbox 1245 4864 1562 4936; x_wconf 83' lang='lat' dir='ltr'><strong>appelletur.</strong></span> <span class='ocrx_word' id='word_1_832' title='bbox 1608 4860 1678 4936; x_wconf 89' lang='lat' dir='ltr'><strong>U_t</strong></span> <span class='ocrx_word' id='word_1_833' title='bbox 1706 4860 1853 4916; x_wconf 85' lang='lat' dir='ltr'><strong>enim</strong></span> 
     </span>
    </p>
   </div>
   <div class='ocr_carea' id='block_1_103' title="bbox 261 4932 1856 5016">
    <p class='ocr_par' dir='ltr' id='par_1_103' title="bbox 261 4932 1856 5016">
     <span class='ocr_line' id='line_1_109' title="bbox 261 4932 1856 5016; baseline -0.003 -27"><span class='ocrx_word' id='word_1_834' title='bbox 261 4949 425 4989; x_wconf 87' lang='lat' dir='ltr'><strong>nemo</strong></span> <span class='ocrx_word' id='word_1_835' title='bbox 450 4932 638 5016; x_wconf 72' lang='lat' dir='ltr'><strong>nostri</strong></span> <span class='ocrx_word' id='word_1_836' title='bbox 651 4937 866 5016; x_wconf 72' lang='lat' dir='ltr'><strong>generis</strong></span> <span class='ocrx_word' id='word_1_837' title='bbox 903 4935 1105 5016; x_wconf 85' lang='lat' dir='ltr'><strong>dicitur</strong></span> <span class='ocrx_word' id='word_1_838' title='bbox 1130 4951 1254 4990; x_wconf 92' lang='lat' dir='ltr'><strong>cum</strong></span> <span class='ocrx_word' id='word_1_839' title='bbox 1279 4932 1460 5016; x_wconf 74' lang='lat' dir='ltr'><strong>seipse</strong></span> <span class='ocrx_word' id='word_1_840' title='bbox 1488 4945 1544 4988; x_wconf 92' lang='lat' dir='ltr'><strong>et</strong></span> <span class='ocrx_word' id='word_1_841' title='bbox 1577 4932 1695 4988; x_wconf 88' lang='lat' dir='ltr'><strong>solo</strong></span> <span class='ocrx_word' id='word_1_842' title='bbox 1724 4946 1856 5016; x_wconf 73' lang='lat' dir='ltr'><strong>eou-</strong></span> 
     </span>
    </p>
   </div>
   <div class='ocr_carea' id='block_1_104' title="bbox 258 5004 1850 5075">
    <p class='ocr_par' dir='ltr' id='par_1_104' title="bbox 258 5004 1850 5075">
     <span class='ocr_line' id='line_1_110' title="bbox 258 5004 1850 5075; baseline -0.003 -16"><span class='ocrx_word' id='word_1_843' title='bbox 258 5004 489 5069; x_wconf 81' lang='lat' dir='ltr'><strong>versari,</strong></span> <span class='ocrx_word' id='word_1_844' title='bbox 524 5004 678 5059; x_wconf 89' lang='lat' dir='ltr'><strong>verbi</strong></span> <span class='ocrx_word' id='word_1_845' title='bbox 719 5006 912 5075; x_wconf 75' lang='lat' dir='ltr'><strong>gratia,</strong></span> <span class='ocrx_word' id='word_1_846' title='bbox 964 5006 1060 5060; x_wconf 86' lang='lat' dir='ltr'><strong>sed</strong></span> <span class='ocrx_word' id='word_1_847' title='bbox 1105 5021 1228 5061; x_wconf 91' lang='lat' dir='ltr'><strong>cum</strong></span> <span class='ocrx_word' id='word_1_848' title='bbox 1271 5005 1444 5060; x_wconf 86' lang='lat' dir='ltr'><strong>altero</strong></span> <span class='ocrx_word' id='word_1_849' title='bbox 1475 5012 1850 5075; x_wconf 74' lang='lat' dir='ltr'><strong>conversatur,</strong></span> 
     </span>
    </p>
   </div>
   <div class='ocr_carea' id='block_1_105' title="bbox 263 5073 1854 5147">
    <p class='ocr_par' dir='ltr' id='par_1_105' title="bbox 263 5073 1854 5147">
     <span class='ocr_line' id='line_1_111' title="bbox 263 5073 1854 5147; baseline -0.001 -17"><span class='ocrx_word' id='word_1_850' title='bbox 263 5091 330 5130; x_wconf 85' lang='lat' dir='ltr'><strong>ac</strong></span> <span class='ocrx_word' id='word_1_851' title='bbox 353 5075 400 5130; x_wconf 89' lang='lat' dir='ltr'><strong>si</strong></span> <span class='ocrx_word' id='word_1_852' title='bbox 429 5089 590 5147; x_wconf 84' lang='lat' dir='ltr'><strong>quem</strong></span> <span class='ocrx_word' id='word_1_853' title='bbox 637 5089 668 5129; x_wconf 91' lang='lat' dir='ltr'><strong>e</strong></span> <span class='ocrx_word' id='word_1_854' title='bbox 699 5073 928 5147; x_wconf 82' lang='lat' dir='ltr'><strong>terrenis</strong></span> <span class='ocrx_word' id='word_1_855' title='bbox 973 5075 1189 5147; x_wconf 78' lang='lat' dir='ltr'><strong>regibus</strong></span> <span class='ocrx_word' id='word_1_856' title='bbox 1229 5077 1516 5145; x_wconf 86' lang='lat' dir='ltr'><strong>quisquam</strong></span> <span class='ocrx_word' id='word_1_857' title='bbox 1544 5073 1765 5147; x_wconf 68' lang='lat' dir='ltr'><strong>dixerit,</strong></span> <span class='ocrx_word' id='word_1_858' title='bbox 1793 5086 1854 5128; x_wconf 88' lang='lat' dir='ltr'><strong>se</strong></span> 
     </span>
    </p>
   </div>
   <div class='ocr_carea' id='block_1_106' title="bbox 256 5143 1851 5216">
    <p class='ocr_par' dir='ltr' id='par_1_106' title="bbox 256 5143 1851 5216">
     <span class='ocr_line' id='line_1_112' title="bbox 256 5143 1851 5216; baseline -0.003 -14"><span class='ocrx_word' id='word_1_859' title='bbox 256 5161 388 5202; x_wconf 88' lang='lat' dir='ltr'><strong>cum</strong></span> <span class='ocrx_word' id='word_1_860' title='bbox 417 5143 598 5216; x_wconf 83' lang='lat' dir='ltr'><strong>seipse</strong></span> <span class='ocrx_word' id='word_1_861' title='bbox 627 5160 870 5216; x_wconf 77' lang='lat' dir='ltr'><strong>regnare,</strong></span> <span class='ocrx_word' id='word_1_862' title='bbox 897 5144 1022 5214; x_wconf 83' lang='lat' dir='ltr'><strong>jure</strong></span> <span class='ocrx_word' id='word_1_863' title='bbox 1039 5143 1119 5202; x_wconf 85' lang='lat' dir='ltr'><strong>sit</strong></span> <span class='ocrx_word' id='word_1_864' title='bbox 1154 5143 1430 5210; x_wconf 79' lang='lat' dir='ltr'><strong>ridendus,</strong></span> <span class='ocrx_word' id='word_1_865' title='bbox 1457 5153 1514 5200; x_wconf 89' lang='lat' dir='ltr'><strong>et</strong></span> <span class='ocrx_word' id='word_1_866' title='bbox 1537 5143 1851 5216; x_wconf 81' lang='lat' dir='ltr'><strong>nugahitur,</strong></span> 
     </span>
    </p>
   </div>
   <div class='ocr_carea' id='block_1_107' title="bbox 261 5215 1855 5285">
    <p class='ocr_par' dir='ltr' id='par_1_107' title="bbox 261 5215 1855 5285">
     <span class='ocr_line' id='line_1_113' title="bbox 261 5215 1855 5285; baseline -0.003 -13"><span class='ocrx_word' id='word_1_867' title='bbox 261 5217 390 5272; x_wconf 90' lang='lat' dir='ltr'><strong>dum</strong></span> <span class='ocrx_word' id='word_1_868' title='bbox 435 5215 578 5285; x_wconf 88' lang='lat' dir='ltr'><strong>quod</strong></span> <span class='ocrx_word' id='word_1_869' title='bbox 612 5215 822 5271; x_wconf 38' lang='lat' dir='ltr'><strong>de’uno</strong></span> <span class='ocrx_word' id='word_1_870' title='bbox 869 5217 1090 5285; x_wconf 90' lang='lat' dir='ltr'><strong>soloque</strong></span> <span class='ocrx_word' id='word_1_871' title='bbox 1116 5216 1334 5283; x_wconf 88' lang='lat' dir='ltr'><strong>dicitur,</strong></span> <span class='ocrx_word' id='word_1_872' title='bbox 1383 5217 1464 5271; x_wconf 89' lang='lat' dir='ltr'><strong>sic</strong></span> <span class='ocrx_word' id='word_1_873' title='bbox 1497 5215 1650 5284; x_wconf 91' lang='lat' dir='ltr'><strong>ponit</strong></span> <span class='ocrx_word' id='word_1_874' title='bbox 1689 5221 1855 5283; x_wconf 91' lang='lat' dir='ltr'><strong>atque</strong></span> 
     </span>
    </p>
   </div>
   <div class='ocr_carea' id='block_1_108' title="bbox 259 5285 1850 5358">
    <p class='ocr_par' dir='ltr' id='par_1_108' title="bbox 259 5285 1850 5358">
     <span class='ocr_line' id='line_1_114' title="bbox 259 5285 1850 5358; baseline -0.002 -17"><span class='ocrx_word' id='word_1_875' title='bbox 259 5287 576 5358; x_wconf 86' lang='lat' dir='ltr'><strong>pronuntiat</strong></span> <span class='ocrx_word' id='word_1_876' title='bbox 603 5293 860 5355; x_wconf 87' lang='lat' dir='ltr'><strong>tanquam</strong></span> <span class='ocrx_word' id='word_1_877' title='bbox 887 5287 955 5342; x_wconf 90' lang='lat' dir='ltr'><strong>de</strong></span> <span class='ocrx_word' id='word_1_878' title='bbox 980 5285 1231 5358; x_wconf 82' lang='lat' dir='ltr'><strong>duobus;</strong></span> <span class='ocrx_word' id='word_1_879' title='bbox 1262 5287 1339 5358; x_wconf 79' lang='lat' dir='ltr'><strong>ita</strong></span> <span class='ocrx_word' id='word_1_880' title='bbox 1364 5285 1588 5342; x_wconf 73' lang='lat' dir='ltr'><strong>stultum</strong></span> <span class='ocrx_word' id='word_1_881' title='bbox 1604 5300 1734 5358; x_wconf 80' lang='lat' dir='ltr'><strong>sane</strong></span> <span class='ocrx_word' id='word_1_882' title='bbox 1760 5285 1850 5349; x_wconf 73' lang='lat' dir='ltr'><strong>sit,</strong></span> 
     </span>
    </p>
   </div>
   <div class='ocr_carea' id='block_1_109' title="bbox 260 5355 1854 5428">
    <p class='ocr_par' dir='ltr' id='par_1_109' title="bbox 260 5355 1854 5428">
     <span class='ocr_line' id='line_1_115' title="bbox 260 5355 1854 5428; baseline -0.001 -15"><span class='ocrx_word' id='word_1_883' title='bbox 260 5355 457 5428; x_wconf 75' lang='lat' dir='ltr'><strong>putare</strong></span> <span class='ocrx_word' id='word_1_884' title='bbox 483 5357 588 5412; x_wconf 89' lang='lat' dir='ltr'><strong>hoc</strong></span> <span class='ocrx_word' id='word_1_885' title='bbox 613 5358 807 5428; x_wconf 86' lang='lat' dir='ltr'><strong>ipsum,</strong></span> <span class='ocrx_word' id='word_1_886' title='bbox 840 5355 1016 5412; x_wconf 86' lang='lat' dir='ltr'><strong>&#39;simut</strong></span> <span class='ocrx_word' id='word_1_887' title='bbox 1061 5357 1337 5428; x_wconf 75' lang='lat' dir='ltr'><strong>appellari,</strong></span> <span class='ocrx_word' id='word_1_888' title='bbox 1383 5358 1449 5412; x_wconf 90' lang='lat' dir='ltr'><strong>de</strong></span> <span class='ocrx_word' id='word_1_889' title='bbox 1493 5371 1602 5411; x_wconf 91' lang='lat' dir='ltr'><strong>uno</strong></span> <span class='ocrx_word' id='word_1_890' title='bbox 1624 5355 1854 5428; x_wconf 75' lang='lat' dir='ltr'><strong>soloque</strong></span> 
     </span>
    </p>
   </div>
   <div class='ocr_carea' id='block_1_110' title="bbox 261 5427 1851 5496">
    <p class='ocr_par' dir='ltr' id='par_1_110' title="bbox 261 5427 1851 5496">
     <span class='ocr_line' id='line_1_116' title="bbox 261 5427 1851 5496; baseline -0.001 -14"><span class='ocrx_word' id='word_1_891' title='bbox 261 5427 368 5485; x_wconf 85' lang='lat' dir='ltr'><strong>dici</strong></span> <span class='ocrx_word' id='word_1_892' title='bbox 401 5441 589 5496; x_wconf 89' lang='lat' dir='ltr'><strong>posse:</strong></span> <span class='ocrx_word' id='word_1_893' title='bbox 629 5427 735 5482; x_wconf 90' lang='lat' dir='ltr'><strong>duo</strong></span> <span class='ocrx_word' id='word_1_894' title='bbox 764 5439 996 5496; x_wconf 85' lang='lat' dir='ltr'><strong>namque</strong></span> <span class='ocrx_word' id='word_1_895' title='bbox 1032 5427 1254 5496; x_wconf 89' lang='lat' dir='ltr'><strong>prorsus</strong></span> <span class='ocrx_word' id='word_1_896' title='bbox 1279 5435 1462 5492; x_wconf 90' lang='lat' dir='ltr'><strong>erunt,</strong></span> <span class='ocrx_word' id='word_1_897' title='bbox 1506 5437 1561 5482; x_wconf 89' lang='lat' dir='ltr'><strong>et</strong></span> <span class='ocrx_word' id='word_1_898' title='bbox 1589 5427 1726 5481; x_wconf 90' lang='lat' dir='ltr'><strong>alter</strong></span> <span class='ocrx_word' id='word_1_899' title='bbox 1764 5442 1851 5480; x_wconf 91' lang='lat' dir='ltr'><strong>se-</strong></span> 
     </span>
    </p>
   </div>
   <div class='ocr_carea' id='block_1_111' title="bbox 261 5497 1852 5568">
    <p class='ocr_par' dir='ltr' id='par_1_111' title="bbox 261 5497 1852 5568">
     <span class='ocr_line' id='line_1_117' title="bbox 261 5497 1852 5568; baseline -0.004 -14"><span class='ocrx_word' id='word_1_900' title='bbox 261 5500 500 5568; x_wconf 86' lang='lat' dir='ltr'><strong>cundum</strong></span> <span class='ocrx_word' id='word_1_901' title='bbox 531 5508 780 5552; x_wconf 89' lang='lat' dir='ltr'><strong>naturam</strong></span> <span class='ocrx_word' id='word_1_902' title='bbox 812 5497 973 5563; x_wconf 86' lang='lat' dir='ltr'><strong>Deus,</strong></span> <span class='ocrx_word' id='word_1_903' title='bbox 1007 5497 1144 5552; x_wconf 89' lang='lat' dir='ltr'><strong>alter</strong></span> <span class='ocrx_word' id='word_1_904' title='bbox 1173 5513 1304 5554; x_wconf 91' lang='lat' dir='ltr'><strong>vero</strong></span> <span class='ocrx_word' id='word_1_905' title='bbox 1329 5497 1517 5568; x_wconf 88' lang='lat' dir='ltr'><strong>procul</strong></span> <span class='ocrx_word' id='word_1_906' title='bbox 1542 5497 1713 5568; x_wconf 72' lang='lat' dir='ltr'><strong>dubio</strong></span> <span class='ocrx_word' id='word_1_907' title='bbox 1727 5510 1852 5551; x_wconf 89' lang='lat' dir='ltr'><strong>cum</strong></span> 
     </span>
    </p>
   </div>
   <div class='ocr_carea' id='block_1_112' title="bbox 261 5565 1850 5632">
    <p class='ocr_par' dir='ltr' id='par_1_112' title="bbox 261 5565 1850 5632">
     <span class='ocr_line' id='line_1_118' title="bbox 261 5565 1850 5632; baseline -0.002 -8"><span class='ocrx_word' id='word_1_908' title='bbox 261 5569 317 5625; x_wconf 85' lang='lat' dir='ltr'><strong>id</strong></span> <span class='ocrx_word' id='word_1_909' title='bbox 356 5567 531 5624; x_wconf 87' lang='lat' dir='ltr'><strong>solum</strong></span> <span class='ocrx_word' id='word_1_910' title='bbox 561 5568 788 5632; x_wconf 85' lang='lat' dir='ltr'><strong>habeat,</strong></span> <span class='ocrx_word' id='word_1_911' title='bbox 831 5575 890 5623; x_wconf 91' lang='lat' dir='ltr'><strong>ut</strong></span> <span class='ocrx_word' id='word_1_912' title='bbox 932 5569 1140 5624; x_wconf 69' lang='lat' dir='ltr'><strong>scilicet</strong></span> <span class='ocrx_word' id='word_1_913' title='bbox 1167 5585 1290 5624; x_wconf 92' lang='lat' dir='ltr'><strong>cum</strong></span> <span class='ocrx_word' id='word_1_914' title='bbox 1329 5565 1395 5624; x_wconf 80' lang='lat' dir='ltr'><strong>eo</strong></span> <span class='ocrx_word' id='word_1_915' title='bbox 1423 5578 1648 5624; x_wconf 79' lang='lat' dir='ltr'><strong>vocetur</strong></span> <span class='ocrx_word' id='word_1_916' title='bbox 1687 5565 1850 5631; x_wconf 88' lang='lat' dir='ltr'><strong>Deus,</strong></span> 
     </span>
    </p>
   </div>
   <div class='ocr_carea' id='block_1_113' title="bbox 263 5636 1854 5710">
    <p class='ocr_par' dir='ltr' id='par_1_113' title="bbox 263 5636 1854 5710">
     <span class='ocr_line' id='line_1_119' title="bbox 263 5636 1854 5710; baseline -0.003 -14"><span class='ocrx_word' id='word_1_917' title='bbox 263 5640 426 5708; x_wconf 88' lang='lat' dir='ltr'><strong>idque</strong></span> <span class='ocrx_word' id='word_1_918' title='bbox 451 5639 788 5710; x_wconf 78' lang='lat' dir='ltr'><strong>extrinsecus</strong></span> <span class='ocrx_word' id='word_1_919' title='bbox 832 5648 886 5710; x_wconf 82' lang='lat' dir='ltr'><strong>et</strong></span> <span class='ocrx_word' id='word_1_920' title='bbox 928 5639 1253 5710; x_wconf 71' lang='lat' dir='ltr'><strong>anquisitum</strong></span> <span class='ocrx_word' id='word_1_921' title='bbox 1304 5654 1493 5695; x_wconf 87' lang='lat' dir='ltr'><strong>recens</strong></span> <span class='ocrx_word' id='word_1_922' title='bbox 1527 5639 1684 5710; x_wconf 76' lang='lat' dir='ltr'><strong>nobis</strong></span> <span class='ocrx_word' id='word_1_923' title='bbox 1713 5636 1854 5692; x_wconf 84' lang='lat' dir='ltr'><strong>Deus</strong></span> 
     </span>
    </p>
   </div>
   <div class='ocr_carea' id='block_1_114' title="bbox 262 5708 1854 5780">
    <p class='ocr_par' dir='ltr' id='par_1_114' title="bbox 262 5708 1854 5780">
     <span class='ocr_line' id='line_1_120' title="bbox 262 5708 1854 5780; baseline -0.001 -15"><span class='ocrx_word' id='word_1_924' title='bbox 262 5710 494 5766; x_wconf 81' lang='lat' dir='ltr'><strong>exstitit.</strong></span> <span class='ocrx_word' id='word_1_925' title='bbox 521 5749 539 5765; x_wconf 93' lang='lat'><strong>.</strong></span> <span class='ocrx_word' id='word_1_926' title='bbox 565 5748 580 5764; x_wconf 94' lang='lat'><strong>.</strong></span> <span class='ocrx_word' id='word_1_927' title='bbox 607 5745 624 5764; x_wconf 89' lang='lat'><strong>.</strong></span> <span class='ocrx_word' id='word_1_928' title='bbox 677 5709 791 5780; x_wconf 85' lang='lat' dir='ltr'><strong>Hoc</strong></span> <span class='ocrx_word' id='word_1_929' title='bbox 844 5709 892 5765; x_wconf 89' lang='lat' dir='ltr'><strong>si</strong></span> <span class='ocrx_word' id='word_1_930' title='bbox 938 5708 1024 5764; x_wconf 76' lang='lat' dir='ltr'><strong>ita</strong></span> <span class='ocrx_word' id='word_1_931' title='bbox 1061 5719 1184 5776; x_wconf 89' lang='lat' dir='ltr'><strong>est,</strong></span> <span class='ocrx_word' id='word_1_932' title='bbox 1247 5710 1519 5780; x_wconf 88' lang='lat' dir='ltr'><strong>quomodo</strong></span> <span class='ocrx_word' id='word_1_933' title='bbox 1565 5708 1854 5780; x_wconf 84' lang='lat' dir='ltr'><strong>adoramus</strong></span> 
     </span>
    </p>
   </div>
   <div class='ocr_carea' id='block_1_115' title="bbox 261 5778 1853 5854">
    <p class='ocr_par' dir='ltr' id='par_1_115' title="bbox 261 5778 1853 5854">
     <span class='ocr_line' id='line_1_121' title="bbox 261 5778 1853 5854; baseline -0.002 -17"><span class='ocrx_word' id='word_1_934' title='bbox 261 5782 562 5850; x_wconf 82' lang='lat' dir='ltr'><strong>Christum,</strong></span> <span class='ocrx_word' id='word_1_935' title='bbox 585 5788 638 5836; x_wconf 89' lang='lat' dir='ltr'><strong>et</strong></span> <span class='ocrx_word' id='word_1_936' title='bbox 665 5780 738 5835; x_wconf 90' lang='lat' dir='ltr'><strong>illi</strong></span> <span class='ocrx_word' id='word_1_937' title='bbox 754 5779 999 5838; x_wconf 82' lang='lat' dir='ltr'><strong>ﬂectetur</strong></span> <span class='ocrx_word' id='word_1_938' title='bbox 1017 5796 1175 5837; x_wconf 89' lang='lat' dir='ltr'><strong>omne</strong></span> <span class='ocrx_word' id='word_1_939' title='bbox 1195 5778 1367 5854; x_wconf 73' lang='lat' dir='ltr'><strong>genu?</strong></span> <span class='ocrx_word' id='word_1_940' title='bbox 1387 5780 1668 5850; x_wconf 81' lang='lat' dir='ltr'><strong>Quomodo</strong></span> <span class='ocrx_word' id='word_1_941' title='bbox 1688 5778 1853 5835; x_wconf 85' lang='lat' dir='ltr'><strong>etiam</strong></span> 
     </span>
    </p>
   </div>
   <div class='ocr_carea' id='block_1_116' title="bbox 1957 3167 3555 3239">
    <p class='ocr_par' dir='ltr' id='par_1_116' title="bbox 1957 3167 3555 3239">
     <span class='ocr_line' id='line_1_122' title="bbox 1957 3167 3555 3239; baseline 0.002 -16"><span class='ocrx_word' id='word_1_942' title='bbox 1957 3167 2044 3239; x_wconf 82' lang='lat' dir='ltr'><strong>est</strong></span> <span class='ocrx_word' id='word_1_943' title='bbox 2062 3169 2149 3224; x_wconf 83' lang='lat' dir='ltr'><strong>lex</strong></span> <span class='ocrx_word' id='word_1_944' title='bbox 2173 3168 2242 3224; x_wconf 89' lang='lat' dir='ltr'><strong>ad</strong></span> <span class='ocrx_word' id='word_1_945' title='bbox 2267 3167 2578 3239; x_wconf 87' lang='lat' dir='ltr'><strong>quempiam</strong></span> <span class='ocrx_word' id='word_1_946' title='bbox 2607 3185 2640 3224; x_wconf 90' lang='lat' dir='ltr'><strong>a</strong></span> <span class='ocrx_word' id='word_1_947' title='bbox 2670 3167 2869 3224; x_wconf 83' lang='lat' dir='ltr'><strong>diaboli</strong></span> <span class='ocrx_word' id='word_1_948' title='bbox 2902 3167 3167 3226; x_wconf 76' lang='lat' dir='ltr'><strong>servitute</strong></span> <span class='ocrx_word' id='word_1_949' title='bbox 3195 3167 3555 3227; x_wconf 72' lang='lat' dir='ltr'><strong>liberandum.</strong></span> 
     </span>
    </p>
   </div>
   <div class='ocr_carea' id='block_1_117' title="bbox 1958 3238 3561 3310">
    <p class='ocr_par' dir='ltr' id='par_1_117' title="bbox 1958 3238 3561 3310">
     <span class='ocr_line' id='line_1_123' title="bbox 1958 3238 3561 3310; baseline 0.003 -16"><span class='ocrx_word' id='word_1_950' title='bbox 1958 3238 2066 3294; x_wconf 89' lang='lat' dir='ltr'><strong>Sed</strong></span> <span class='ocrx_word' id='word_1_951' title='bbox 2110 3239 2185 3310; x_wconf 15' lang='lat' dir='ltr'><strong>id,</strong></span> <span class='ocrx_word' id='word_1_952' title='bbox 2213 3238 2448 3310; x_wconf 79' lang='lat' dir='ltr'><strong>quoque</strong></span> <span class='ocrx_word' id='word_1_953' title='bbox 2483 3240 2782 3296; x_wconf 71' lang='lat' dir='ltr'><strong>mediatore</strong></span> <span class='ocrx_word' id='word_1_954' title='bbox 2830 3239 3053 3295; x_wconf 89' lang='lat' dir='ltr'><strong>Christo</strong></span> <span class='ocrx_word' id='word_1_955' title='bbox 3099 3241 3398 3310; x_wconf 79' lang='lat' dir='ltr'><strong>perfectum</strong></span> <span class='ocrx_word' id='word_1_956' title='bbox 3452 3251 3561 3309; x_wconf 89' lang='lat' dir='ltr'><strong>est,</strong></span> 
     </span>
    </p>
   </div>
   <div class='ocr_carea' id='block_1_118' title="bbox 1954 3308 3560 3383">
    <p class='ocr_par' dir='ltr' id='par_1_118' title="bbox 1954 3308 3560 3383">
     <span class='ocr_line' id='line_1_124' title="bbox 1954 3308 3560 3383; baseline 0.003 -20"><span class='ocrx_word' id='word_1_957' title='bbox 1954 3308 2413 3383; x_wconf 66' lang='lat' dir='ltr'><strong>quemadmodum</strong></span> <span class='ocrx_word' id='word_1_958' title='bbox 2450 3309 2663 3383; x_wconf 82' lang='lat' dir='ltr'><strong>scilicet</strong></span> <span class='ocrx_word' id='word_1_959' title='bbox 2693 3317 3034 3383; x_wconf 14' lang='lat' dir='ltr'><strong>eoltempore</strong></span> <span class='ocrx_word' id='word_1_960' title='bbox 3056 3308 3115 3365; x_wconf 80' lang='lat' dir='ltr'><strong>in</strong></span> <span class='ocrx_word' id='word_1_961' title='bbox 3145 3311 3402 3383; x_wconf 65' lang='lat' dir='ltr'><strong>Egypto,</strong></span> <span class='ocrx_word' id='word_1_962' title='bbox 3433 3308 3560 3368; x_wconf 88' lang='lat' dir='ltr'><strong>cum</strong></span> 
     </span>
    </p>
   </div>
   <div class='ocr_carea' id='block_1_119' title="bbox 1954 3379 3564 3452">
    <p class='ocr_par' dir='ltr' id='par_1_119' title="bbox 1954 3379 3564 3452">
     <span class='ocr_line' id='line_1_125' title="bbox 1954 3379 3564 3452; baseline 0.002 -16"><span class='ocrx_word' id='word_1_963' title='bbox 1954 3379 2118 3436; x_wconf 82' lang='lat' dir='ltr'><strong>beato</strong></span> <span class='ocrx_word' id='word_1_964' title='bbox 2145 3379 2469 3452; x_wconf 80' lang='lat' dir='ltr'><strong>Moysiipse</strong></span> <span class='ocrx_word' id='word_1_965' title='bbox 2495 3379 2677 3452; x_wconf 79' lang='lat' dir='ltr'><strong>Aaron</strong></span> <span class='ocrx_word' id='word_1_966' title='bbox 2709 3379 3451 3452; x_wconf 34' lang='lat' dir='ltr'><strong>fuisset’adjuncuis&#39;,&#39;lsrael</strong></span> <span class='ocrx_word' id='word_1_967' title='bbox 3479 3392 3564 3439; x_wconf 87' lang='lat' dir='ltr'><strong>est</strong></span> 
     </span>
    </p>
   </div>
   <div class='ocr_carea' id='block_1_120' title="bbox 1955 3449 3559 3523">
    <p class='ocr_par' dir='ltr' id='par_1_120' title="bbox 1955 3449 3559 3523">
     <span class='ocr_line' id='line_1_126' title="bbox 1955 3449 3559 3523; baseline 0.002 -17"><span class='ocrx_word' id='word_1_968' title='bbox 1955 3465 1986 3523; x_wconf 78' lang='lat' dir='ltr'><strong>a</strong></span> <span class='ocrx_word' id='word_1_969' title='bbox 2013 3449 2278 3506; x_wconf 81' lang='lat' dir='ltr'><strong>servitute</strong></span> <span class='ocrx_word' id='word_1_970' title='bbox 2305 3449 2750 3523; x_wconf 17' lang='lat' dir='ltr'><strong>liberatus.ASed</strong></span> <span class='ocrx_word' id='word_1_971' title='bbox 2787 3451 2915 3523; x_wconf 89' lang='lat' dir='ltr'><strong>quia</strong></span> <span class='ocrx_word' id='word_1_972' title='bbox 2953 3449 3212 3508; x_wconf 82' lang='lat' dir='ltr'><strong>successu</strong></span> <span class='ocrx_word' id='word_1_973' title='bbox 3251 3461 3559 3523; x_wconf 87' lang='lat' dir='ltr'><strong>temporum</strong></span> 
     </span>
    </p>
   </div>
   <div class='ocr_carea' id='block_1_121' title="bbox 1955 3520 3562 3595">
    <p class='ocr_par' dir='ltr' id='par_1_121' title="bbox 1955 3520 3562 3595">
     <span class='ocr_line' id='line_1_127' title="bbox 1955 3520 3562 3595; baseline 0.004 -21"><span class='ocrx_word' id='word_1_974' title='bbox 1955 3520 2199 3576; x_wconf 83' lang='lat' dir='ltr'><strong>futurum</strong></span> <span class='ocrx_word' id='word_1_975' title='bbox 2223 3529 2370 3595; x_wconf 79' lang='lat' dir='ltr'><strong>erat,</strong></span> <span class='ocrx_word' id='word_1_976' title='bbox 2409 3521 2746 3595; x_wconf 33' lang='lat' dir='ltr'><strong>ut‘Chrisius</strong></span> <span class='ocrx_word' id='word_1_977' title='bbox 2771 3520 2960 3595; x_wconf 74' lang='lat' dir='ltr'><strong>etiam</strong></span> <span class='ocrx_word' id='word_1_978' title='bbox 2979 3524 3083 3578; x_wconf 89' lang='lat' dir='ltr'><strong>sub</strong></span> <span class='ocrx_word' id='word_1_979' title='bbox 3114 3523 3238 3595; x_wconf 81' lang='lat' dir='ltr'><strong>lege</strong></span> <span class='ocrx_word' id='word_1_980' title='bbox 3254 3520 3414 3595; x_wconf 73' lang='lat' dir='ltr'><strong>iieret</strong></span> <span class='ocrx_word' id='word_1_981' title='bbox 3435 3566 3450 3590; x_wconf 91' lang='lat'><strong>,</strong></span> <span class='ocrx_word' id='word_1_982' title='bbox 3481 3533 3562 3580; x_wconf 89' lang='lat' dir='ltr'><strong>ut-</strong></span> 
     </span>
    </p>
   </div>
   <div class='ocr_carea' id='block_1_122' title="bbox 1955 3591 3561 3664">
    <p class='ocr_par' dir='ltr' id='par_1_122' title="bbox 1955 3591 3561 3664">
     <span class='ocr_line' id='line_1_128' title="bbox 1955 3591 3561 3664; baseline 0.002 -17"><span class='ocrx_word' id='word_1_983' title='bbox 1955 3598 2096 3664; x_wconf 82' lang='lat' dir='ltr'><strong>pote</strong></span> <span class='ocrx_word' id='word_1_984' title='bbox 2119 3593 2294 3664; x_wconf 88' lang='lat' dir='ltr'><strong>nostri</strong></span> <span class='ocrx_word' id='word_1_985' title='bbox 2325 3591 2545 3664; x_wconf 85' lang='lat' dir='ltr'><strong>similis,</strong></span> <span class='ocrx_word' id='word_1_986' title='bbox 2588 3600 2646 3648; x_wconf 89' lang='lat' dir='ltr'><strong>et</strong></span> <span class='ocrx_word' id='word_1_987' title='bbox 2662 3592 2868 3664; x_wconf 87' lang='lat' dir='ltr'><strong>homo,</strong></span> <span class='ocrx_word' id='word_1_988' title='bbox 2898 3592 3035 3664; x_wconf 81' lang='lat' dir='ltr'><strong>ideo</strong></span> <span class='ocrx_word' id='word_1_989' title='bbox 3072 3591 3194 3664; x_wconf 80' lang='lat' dir='ltr'><strong>post</strong></span> <span class='ocrx_word' id='word_1_990' title='bbox 3222 3593 3443 3664; x_wconf 82' lang='lat' dir='ltr'><strong>Moysen</strong></span> <span class='ocrx_word' id='word_1_991' title='bbox 3482 3611 3561 3651; x_wconf 88' lang='lat' dir='ltr'><strong>se-</strong></span> 
     </span>
    </p>
   </div>
   <div class='ocr_carea' id='block_1_123' title="bbox 1955 3661 3559 3734">
    <p class='ocr_par' dir='ltr' id='par_1_123' title="bbox 1955 3661 3559 3734">
     <span class='ocr_line' id='line_1_129' title="bbox 1955 3661 3559 3734; baseline 0.004 -17"><span class='ocrx_word' id='word_1_992' title='bbox 1955 3661 2135 3734; x_wconf 81' lang='lat' dir='ltr'><strong>cundo</strong></span> <span class='ocrx_word' id='word_1_993' title='bbox 2161 3662 2282 3717; x_wconf 90' lang='lat' dir='ltr'><strong>loco</strong></span> <span class='ocrx_word' id='word_1_994' title='bbox 2306 3662 2628 3734; x_wconf 74' lang='lat' dir='ltr'><strong>positusest</strong></span> <span class='ocrx_word' id='word_1_995' title='bbox 2643 3663 2847 3734; x_wconf 82' lang='lat' dir='ltr'><strong>Aaron.</strong></span> <span class='ocrx_word' id='word_1_996' title='bbox 2879 3662 3056 3733; x_wconf 81' lang='lat' dir='ltr'><strong>Atque</strong></span> <span class='ocrx_word' id='word_1_997' title='bbox 3072 3661 3197 3734; x_wconf 69' lang='lat' dir='ltr'><strong>haec</strong></span> <span class='ocrx_word' id='word_1_998' title='bbox 3225 3661 3559 3734; x_wconf 68' lang='lat' dir='ltr'><strong>estquidem</strong></span> 
     </span>
    </p>
   </div>
   <div class='ocr_carea' id='block_1_124' title="bbox 1951 3732 3562 3807">
    <p class='ocr_par' dir='ltr' id='par_1_124' title="bbox 1951 3732 3562 3807">
     <span class='ocr_line' id='line_1_130' title="bbox 1951 3732 3562 3807; baseline 0.004 -21"><span class='ocrx_word' id='word_1_999' title='bbox 1951 3732 2096 3807; x_wconf 73' lang='lat' dir='ltr'><strong>ratio</strong></span> <span class='ocrx_word' id='word_1_1000' title='bbox 2133 3733 2399 3807; x_wconf 73' lang='lat' dir='ltr'><strong>mysterii.</strong></span> <span class='ocrx_word' id='word_1_1001' title='bbox 2434 3732 2542 3807; x_wconf 75' lang='lat' dir='ltr'><strong>Sed</strong></span> <span class='ocrx_word' id='word_1_1002' title='bbox 2571 3741 2753 3788; x_wconf 90' lang='lat' dir='ltr'><strong>tamen</strong></span> <span class='ocrx_word' id='word_1_1003' title='bbox 2793 3732 3000 3807; x_wconf 86' lang='lat' dir='ltr'><strong>siquis</strong></span> <span class='ocrx_word' id='word_1_1004' title='bbox 3029 3733 3160 3807; x_wconf 85' lang='lat' dir='ltr'><strong>velit</strong></span> <span class='ocrx_word' id='word_1_1005' title='bbox 3189 3734 3320 3807; x_wconf 71' lang='lat' dir='ltr'><strong>illud</strong></span> <span class='ocrx_word' id='word_1_1006' title='bbox 3342 3732 3562 3807; x_wconf 69' lang='lat' dir='ltr'><strong>quoque</strong></span> 
     </span>
    </p>
   </div>
   <div class='ocr_carea' id='block_1_125' title="bbox 1955 3802 3560 3877">
    <p class='ocr_par' dir='ltr' id='par_1_125' title="bbox 1955 3802 3560 3877">
     <span class='ocr_line' id='line_1_131' title="bbox 1955 3802 3560 3877; baseline 0.004 -21"><span class='ocrx_word' id='word_1_1007' title='bbox 1955 3802 2161 3877; x_wconf 75' lang='lat' dir='ltr'><strong>dicere,</strong></span> <span class='ocrx_word' id='word_1_1008' title='bbox 2191 3802 2416 3877; x_wconf 66' lang='lat' dir='ltr'><strong>Moysen</strong></span> <span class='ocrx_word' id='word_1_1009' title='bbox 2457 3803 2608 3858; x_wconf 89' lang='lat' dir='ltr'><strong>illum</strong></span> <span class='ocrx_word' id='word_1_1010' title='bbox 2631 3802 2906 3877; x_wconf 80' lang='lat' dir='ltr'><strong>magnum</strong></span> <span class='ocrx_word' id='word_1_1011' title='bbox 2918 3803 3098 3859; x_wconf 89' lang='lat' dir='ltr'><strong>virum</strong></span> <span class='ocrx_word' id='word_1_1012' title='bbox 3126 3805 3229 3860; x_wconf 86' lang='lat' dir='ltr'><strong>hac</strong></span> <span class='ocrx_word' id='word_1_1013' title='bbox 3257 3802 3560 3877; x_wconf 34' lang='lat' dir='ltr'><strong>Dei‘appel-</strong></span> 
     </span>
    </p>
   </div>
   <div class='ocr_carea' id='block_1_126' title="bbox 1955 3871 3562 3944">
    <p class='ocr_par' dir='ltr' id='par_1_126' title="bbox 1955 3871 3562 3944">
     <span class='ocr_line' id='line_1_132' title="bbox 1955 3871 3562 3944; baseline 0.005 -18"><span class='ocrx_word' id='word_1_1014' title='bbox 1955 3871 2160 3929; x_wconf 89' lang='lat' dir='ltr'><strong>latione</strong></span> <span class='ocrx_word' id='word_1_1015' title='bbox 2181 3871 2360 3944; x_wconf 64' lang='lat' dir='ltr'><strong>fuisse</strong></span> <span class='ocrx_word' id='word_1_1016' title='bbox 2387 3871 2750 3937; x_wconf 57' lang='lat' dir='ltr'><strong>honoratum;</strong></span> <span class='ocrx_word' id='word_1_1017' title='bbox 2778 3874 2933 3944; x_wconf 79' lang='lat' dir='ltr'><strong>juxta</strong></span> <span class='ocrx_word' id='word_1_1018' title='bbox 2967 3888 3260 3931; x_wconf 88' lang='lat' dir='ltr'><strong>commune</strong></span> <span class='ocrx_word' id='word_1_1019' title='bbox 3302 3871 3471 3942; x_wconf 58' lang='lat' dir='ltr'><strong>illud,&quot;</strong></span> <span class='ocrx_word' id='word_1_1020' title='bbox 3505 3887 3562 3934; x_wconf 86' lang='lat' dir='ltr'><strong>et</strong></span> 
     </span>
    </p>
   </div>
   <div class='ocr_carea' id='block_1_127' title="bbox 1955 3943 3557 4016">
    <p class='ocr_par' dir='ltr' id='par_1_127' title="bbox 1955 3943 3557 4016">
     <span class='ocr_line' id='line_1_133' title="bbox 1955 3943 3557 4016; baseline 0.003 -18"><span class='ocrx_word' id='word_1_1021' title='bbox 1955 3959 2024 4016; x_wconf 77' lang='lat' dir='ltr'><strong>e_x</strong></span> <span class='ocrx_word' id='word_1_1022' title='bbox 2053 3943 2225 4016; x_wconf 76' lang='lat' dir='ltr'><strong>gratia</strong></span> <span class='ocrx_word' id='word_1_1023' title='bbox 2270 3952 2442 4016; x_wconf 69' lang='lat' dir='ltr'><strong>atque</strong></span> <span class='ocrx_word' id='word_1_1024' title='bbox 2475 3943 2877 4016; x_wconf 59' lang='lat' dir='ltr'><strong>magniﬁcentia</strong></span> <span class='ocrx_word' id='word_1_1025' title='bbox 2900 3943 3008 4016; x_wconf 83' lang='lat' dir='ltr'><strong>Dei</strong></span> <span class='ocrx_word' id='word_1_1026' title='bbox 3061 3945 3118 4000; x_wconf 90' lang='lat' dir='ltr'><strong>in</strong></span> <span class='ocrx_word' id='word_1_1027' title='bbox 3162 3961 3262 4001; x_wconf 92' lang='lat' dir='ltr'><strong>nos</strong></span> <span class='ocrx_word' id='word_1_1028' title='bbox 3300 3945 3508 4003; x_wconf 88' lang='lat' dir='ltr'><strong>dictum</strong></span> <span class='ocrx_word' id='word_1_1029' title='bbox 3543 3967 3557 4002; x_wconf 93' lang='lat'>:</span> 
     </span>
    </p>
   </div>
   <div class='ocr_carea' id='block_1_128' title="bbox 1955 4013 3557 4085">
    <p class='ocr_par' dir='ltr' id='par_1_128' title="bbox 1955 4013 3557 4085">
     <span class='ocr_line' id='line_1_134' title="bbox 1955 4013 3557 4085; baseline 0.003 -17"><span class='ocrx_word' id='word_1_1030' title='bbox 1955 4013 2077 4085; x_wconf 72' lang='lat' dir='ltr'><strong>Ego</strong></span> <span class='ocrx_word' id='word_1_1031' title='bbox 2094 4014 2227 4078; x_wconf 68' lang='lat' dir='ltr'><strong>dici,</strong></span> <span class='ocrx_word' id='word_1_1032' title='bbox 2260 4013 2367 4085; x_wconf 75' lang='lat' dir='ltr'><strong>Dii</strong></span> <span class='ocrx_word' id='word_1_1033' title='bbox 2389 4015 2512 4069; x_wconf 87' lang='lat' dir='ltr'><strong>estis</strong></span> <span class='ocrx_word' id='word_1_1034' title='bbox 2541 4013 2590 4067; x_wconf 77' lang='lat' dir='ltr'><strong>et</strong></span> <span class='ocrx_word' id='word_1_1035' title='bbox 2617 4014 2715 4084; x_wconf 78' lang='lat' dir='ltr'><strong>ﬁlii</strong></span> <span class='ocrx_word' id='word_1_1036' title='bbox 2743 4013 2957 4085; x_wconf 69' lang='lat' dir='ltr'><strong>Excelsi</strong></span> <span class='ocrx_word' id='word_1_1037' title='bbox 2984 4030 3162 4071; x_wconf 82' lang='lat' dir='ltr'><strong>omnes</strong></span> <span class='ocrx_word' id='word_1_1038' title='bbox 3185 4033 3205 4082; x_wconf 87' lang='lat'><strong>;</strong></span> <span class='ocrx_word' id='word_1_1039' title='bbox 3232 4033 3362 4072; x_wconf 90' lang='lat' dir='ltr'><strong>num</strong></span> <span class='ocrx_word' id='word_1_1040' title='bbox 3389 4017 3557 4073; x_wconf 85' lang='lat' dir='ltr'><strong>etiam</strong></span> 
     </span>
    </p>
   </div>
   <div class='ocr_carea' id='block_1_129' title="bbox 1953 4083 3556 4157">
    <p class='ocr_par' dir='ltr' id='par_1_129' title="bbox 1953 4083 3556 4157">
     <span class='ocr_line' id='line_1_135' title="bbox 1953 4083 3556 4157; baseline 0.002 -17"><span class='ocrx_word' id='word_1_1041' title='bbox 1953 4083 2061 4140; x_wconf 83' lang='lat' dir='ltr'><strong>hoc</strong></span> <span class='ocrx_word' id='word_1_1042' title='bbox 2085 4085 2246 4157; x_wconf 80' lang='lat' dir='ltr'><strong>modo</strong></span> <span class='ocrx_word' id='word_1_1043' title='bbox 2273 4084 2522 4157; x_wconf 81' lang='lat' dir='ltr'><strong>Christus</strong></span> <span class='ocrx_word' id='word_1_1044' title='bbox 2550 4083 2846 4157; x_wconf 79' lang='lat' dir='ltr'><strong>estDeus?</strong></span> <span class='ocrx_word' id='word_1_1045' title='bbox 2876 4083 3000 4157; x_wconf 63' lang='lat' dir='ltr'><strong>iam</strong></span> <span class='ocrx_word' id='word_1_1046' title='bbox 3025 4101 3180 4152; x_wconf 87' lang='lat' dir='ltr'><strong>vero,</strong></span> <span class='ocrx_word' id='word_1_1047' title='bbox 3209 4088 3480 4157; x_wconf 90' lang='lat' dir='ltr'><strong>quomodo</strong></span> <span class='ocrx_word' id='word_1_1048' title='bbox 3503 4089 3556 4143; x_wconf 90' lang='lat' dir='ltr'><strong>id</strong></span> 
     </span>
    </p>
   </div>
   <div class='ocr_carea' id='block_1_130' title="bbox 1953 4155 3562 4220">
    <p class='ocr_par' dir='ltr' id='par_1_130' title="bbox 1953 4155 3562 4220">
     <span class='ocr_line' id='line_1_136' title="bbox 1953 4155 3562 4220; baseline 0.002 -11"><span class='ocrx_word' id='word_1_1049' title='bbox 1953 4169 2066 4210; x_wconf 90' lang='lat' dir='ltr'><strong>non</strong></span> <span class='ocrx_word' id='word_1_1050' title='bbox 2091 4156 2165 4210; x_wconf 88' lang='lat' dir='ltr'><strong>sit</strong></span> <span class='ocrx_word' id='word_1_1051' title='bbox 2199 4155 2438 4220; x_wconf 83' lang='lat' dir='ltr'><strong>insania,</strong></span> <span class='ocrx_word' id='word_1_1052' title='bbox 2482 4163 2538 4211; x_wconf 89' lang='lat' dir='ltr'><strong>et</strong></span> <span class='ocrx_word' id='word_1_1053' title='bbox 2577 4155 2740 4211; x_wconf 87' lang='lat' dir='ltr'><strong>inane</strong></span> <span class='ocrx_word' id='word_1_1054' title='bbox 2781 4156 2959 4211; x_wconf 67' lang='lat' dir='ltr'><strong>stultte</strong></span> <span class='ocrx_word' id='word_1_1055' title='bbox 2998 4158 3202 4212; x_wconf 87' lang='lat' dir='ltr'><strong>mentis</strong></span> <span class='ocrx_word' id='word_1_1056' title='bbox 3227 4155 3562 4213; x_wconf 73' lang='lat' dir='ltr'><strong>excremen-</strong></span> 
     </span>
    </p>
   </div>
   <div class='ocr_carea' id='block_1_131' title="bbox 1953 4223 3559 4302">
    <p class='ocr_par' dir='ltr' id='par_1_131' title="bbox 1953 4223 3559 4302">
     <span class='ocr_line' id='line_1_137' title="bbox 1953 4223 3559 4302; baseline 0.001 -22"><span class='ocrx_word' id='word_1_1057' title='bbox 1953 4226 2112 4302; x_wconf 80' lang='lat' dir='ltr'><strong>tum?</strong></span> <span class='ocrx_word' id='word_1_1058' title='bbox 2156 4223 2249 4281; x_wconf 84' lang='lat' dir='ltr'><strong>ille</strong></span> <span class='ocrx_word' id='word_1_1059' title='bbox 2274 4225 2442 4296; x_wconf 79' lang='lat'><strong>985</strong></span> <span class='ocrx_word' id='word_1_1060' title='bbox 2466 4224 2849 4302; x_wconf 83' lang='lat' dir='ltr'><strong>enim,_utjam</strong></span> <span class='ocrx_word' id='word_1_1061' title='bbox 2878 4226 3014 4302; x_wconf 82' lang='lat' dir='ltr'><strong>dixi,</strong></span> <span class='ocrx_word' id='word_1_1062' title='bbox 3057 4227 3201 4283; x_wconf 93' lang='lat' dir='ltr'><strong>nuda</strong></span> <span class='ocrx_word' id='word_1_1063' title='bbox 3235 4237 3292 4283; x_wconf 91' lang='lat' dir='ltr'><strong>et</strong></span> <span class='ocrx_word' id='word_1_1064' title='bbox 3322 4228 3559 4302; x_wconf 86' lang='lat' dir='ltr'><strong>simplici</strong></span> 
     </span>
    </p>
   </div>
   <div class='ocr_carea' id='block_1_132' title="bbox 1952 4295 3559 4367">
    <p class='ocr_par' dir='ltr' id='par_1_132' title="bbox 1952 4295 3559 4367">
     <span class='ocr_line' id='line_1_138' title="bbox 1952 4295 3559 4367; baseline 0.001 -15"><span class='ocrx_word' id='word_1_1065' title='bbox 1952 4305 2040 4352; x_wconf 88' lang='lat' dir='ltr'><strong>est</strong></span> <span class='ocrx_word' id='word_1_1066' title='bbox 2060 4295 2382 4353; x_wconf 75' lang='lat' dir='ltr'><strong>honestatus</strong></span> <span class='ocrx_word' id='word_1_1067' title='bbox 2403 4295 2787 4367; x_wconf 75' lang='lat' dir='ltr'><strong>appellatione,</strong></span> <span class='ocrx_word' id='word_1_1068' title='bbox 2810 4312 2946 4367; x_wconf 84' lang='lat' dir='ltr'><strong>eum</strong></span> <span class='ocrx_word' id='word_1_1069' title='bbox 2983 4298 3146 4352; x_wconf 92' lang='lat' dir='ltr'><strong>homo</strong></span> <span class='ocrx_word' id='word_1_1070' title='bbox 3170 4313 3235 4353; x_wconf 83' lang='lat' dir='ltr'><strong>ex</strong></span> <span class='ocrx_word' id='word_1_1071' title='bbox 3264 4295 3458 4357; x_wconf 68' lang='lat' dir='ltr'><strong>natura</strong></span> <span class='ocrx_word' id='word_1_1072' title='bbox 3478 4315 3559 4354; x_wconf 88' lang='lat' dir='ltr'><strong>es-</strong></span> 
     </span>
    </p>
   </div>
   <div class='ocr_carea' id='block_1_133' title="bbox 1951 4365 3561 4440">
    <p class='ocr_par' dir='ltr' id='par_1_133' title="bbox 1951 4365 3561 4440">
     <span class='ocr_line' id='line_1_139' title="bbox 1951 4365 3561 4440; baseline 0.002 -17"><span class='ocrx_word' id='word_1_1073' title='bbox 1951 4374 2080 4440; x_wconf 64' lang='lat' dir='ltr'><strong>set;</strong></span> <span class='ocrx_word' id='word_1_1074' title='bbox 2112 4367 2210 4424; x_wconf 86' lang='lat' dir='ltr'><strong>sed</strong></span> <span class='ocrx_word' id='word_1_1075' title='bbox 2236 4368 2330 4440; x_wconf 81' lang='lat' dir='ltr'><strong>hic</strong></span> <span class='ocrx_word' id='word_1_1076' title='bbox 2350 4365 2591 4423; x_wconf 59' lang='lat' dir='ltr'><strong>est&#39;vere</strong></span> <span class='ocrx_word' id='word_1_1077' title='bbox 2621 4365 2947 4440; x_wconf 79' lang='lat' dir='ltr'><strong>Deus_(nam</strong></span> <span class='ocrx_word' id='word_1_1078' title='bbox 2970 4368 3115 4424; x_wconf 89' lang='lat' dir='ltr'><strong>Deus</strong></span> <span class='ocrx_word' id='word_1_1079' title='bbox 3141 4375 3264 4426; x_wconf 84' lang='lat' dir='ltr'><strong>erat</strong></span> <span class='ocrx_word' id='word_1_1080' title='bbox 3291 4367 3561 4440; x_wconf 75' lang='lat' dir='ltr'><strong>Verbum)</strong></span> 
     </span>
    </p>
   </div>
   <div class='ocr_carea' id='block_1_134' title="bbox 1954 4437 3562 4508">
    <p class='ocr_par' dir='ltr' id='par_1_134' title="bbox 1954 4437 3562 4508">
     <span class='ocr_line' id='line_1_140' title="bbox 1954 4437 3562 4508; baseline 0.002 -17"><span class='ocrx_word' id='word_1_1081' title='bbox 1954 4437 2011 4492; x_wconf 85' lang='lat' dir='ltr'><strong>in</strong></span> <span class='ocrx_word' id='word_1_1082' title='bbox 2037 4437 2276 4493; x_wconf 86' lang='lat' dir='ltr'><strong>humana</strong></span> <span class='ocrx_word' id='word_1_1083' title='bbox 2307 4438 2480 4508; x_wconf 83' lang='lat' dir='ltr'><strong>forma</strong></span> <span class='ocrx_word' id='word_1_1084' title='bbox 2508 4438 2879 4507; x_wconf 68' lang='lat' dir='ltr'><strong>praestantiam</strong></span> <span class='ocrx_word' id='word_1_1085' title='bbox 2907 4453 3018 4494; x_wconf 69' lang='lat' dir='ltr'><strong>suae</strong></span> <span class='ocrx_word' id='word_1_1086' title='bbox 3035 4445 3265 4504; x_wconf 70' lang='lat' dir='ltr'><strong>natum,</strong></span> <span class='ocrx_word' id='word_1_1087' title='bbox 3297 4455 3404 4508; x_wconf 87' lang='lat' dir='ltr'><strong>qua</strong></span> <span class='ocrx_word' id='word_1_1088' title='bbox 3426 4437 3562 4494; x_wconf 78' lang='lat' dir='ltr'><strong>cuu-</strong></span> 
     </span>
    </p>
   </div>
   <div class='ocr_carea' id='block_1_135' title="bbox 1957 4507 3556 4579">
    <p class='ocr_par' dir='ltr' id='par_1_135' title="bbox 1957 4507 3556 4579">
     <span class='ocr_line' id='line_1_141' title="bbox 1957 4507 3556 4579; baseline 0.001 -16"><span class='ocrx_word' id='word_1_1089' title='bbox 1957 4509 2062 4564; x_wconf 87' lang='lat' dir='ltr'><strong>etis</strong></span> <span class='ocrx_word' id='word_1_1090' title='bbox 2086 4508 2324 4574; x_wconf 80' lang='lat' dir='ltr'><strong>excellit,</strong></span> <span class='ocrx_word' id='word_1_1091' title='bbox 2365 4507 2631 4579; x_wconf 79' lang='lat' dir='ltr'><strong>integram</strong></span> <span class='ocrx_word' id='word_1_1092' title='bbox 2662 4523 2888 4564; x_wconf 79' lang='lat' dir='ltr'><strong>servans</strong></span> <span class='ocrx_word' id='word_1_1093' title='bbox 2916 4529 2928 4563; x_wconf 90' lang='lat'><strong>:</strong></span> <span class='ocrx_word' id='word_1_1094' title='bbox 2971 4523 3148 4578; x_wconf 88' lang='lat' dir='ltr'><strong>neque</strong></span> <span class='ocrx_word' id='word_1_1095' title='bbox 3188 4507 3334 4564; x_wconf 84' lang='lat' dir='ltr'><strong>enim</strong></span> <span class='ocrx_word' id='word_1_1096' title='bbox 3363 4517 3556 4564; x_wconf 87' lang='lat' dir='ltr'><strong>natura</strong></span> 
     </span>
    </p>
   </div>
   <div class='ocr_carea' id='block_1_136' title="bbox 1954 4579 3558 4649">
    <p class='ocr_par' dir='ltr' id='par_1_136' title="bbox 1954 4579 3558 4649">
     <span class='ocr_line' id='line_1_142' title="bbox 1954 4579 3558 4649; baseline 0.001 -15"><span class='ocrx_word' id='word_1_1097' title='bbox 1954 4579 2139 4634; x_wconf 88' lang='lat' dir='ltr'><strong>divina</strong></span> <span class='ocrx_word' id='word_1_1098' title='bbox 2169 4594 2237 4634; x_wconf 79' lang='lat' dir='ltr'><strong>ex</strong></span> <span class='ocrx_word' id='word_1_1099' title='bbox 2267 4594 2355 4643; x_wconf 92' lang='lat' dir='ltr'><strong>eo,</strong></span> <span class='ocrx_word' id='word_1_1100' title='bbox 2386 4579 2530 4649; x_wconf 89' lang='lat' dir='ltr'><strong>quod</strong></span> <span class='ocrx_word' id='word_1_1101' title='bbox 2555 4579 2840 4649; x_wconf 80' lang='lat' dir='ltr'><strong>descendit</strong></span> <span class='ocrx_word' id='word_1_1102' title='bbox 2867 4580 2935 4634; x_wconf 90' lang='lat' dir='ltr'><strong>ad</strong></span> <span class='ocrx_word' id='word_1_1103' title='bbox 2959 4580 3398 4636; x_wconf 88' lang='lat' dir='ltr'><strong>communionem</strong></span> <span class='ocrx_word' id='word_1_1104' title='bbox 3435 4595 3558 4636; x_wconf 86' lang='lat' dir='ltr'><strong>car—</strong></span> 
     </span>
    </p>
   </div>
   <div class='ocr_carea' id='block_1_137' title="bbox 1954 4647 3552 4720">
    <p class='ocr_par' dir='ltr' id='par_1_137' title="bbox 1954 4647 3552 4720">
     <span class='ocr_line' id='line_1_143' title="bbox 1954 4647 3552 4720; baseline 0 -16"><span class='ocrx_word' id='word_1_1105' title='bbox 1954 4651 2042 4704; x_wconf 89' lang='lat' dir='ltr'><strong>nis</strong></span> <span class='ocrx_word' id='word_1_1106' title='bbox 2071 4657 2128 4705; x_wconf 90' lang='lat' dir='ltr'><strong>et</strong></span> <span class='ocrx_word' id='word_1_1107' title='bbox 2153 4647 2458 4720; x_wconf 79' lang='lat' dir='ltr'><strong>sanguinis,</strong></span> <span class='ocrx_word' id='word_1_1108' title='bbox 2500 4647 2747 4720; x_wconf 18' lang='lat' dir='ltr'><strong>inipejus</strong></span> <span class='ocrx_word' id='word_1_1109' title='bbox 2783 4665 3022 4720; x_wconf 88' lang='lat' dir='ltr'><strong>unquam</strong></span> <span class='ocrx_word' id='word_1_1110' title='bbox 3063 4651 3301 4720; x_wconf 80' lang='lat' dir='ltr'><strong>perverti</strong></span> <span class='ocrx_word' id='word_1_1111' title='bbox 3327 4658 3512 4720; x_wconf 88' lang='lat' dir='ltr'><strong>potest</strong></span> <span class='ocrx_word' id='word_1_1112' title='bbox 3540 4670 3552 4704; x_wconf 90' lang='lat'><strong>:</strong></span> 
     </span>
    </p>
   </div>
   <div class='ocr_carea' id='block_1_138' title="bbox 1954 4719 3552 4791">
    <p class='ocr_par' dir='ltr' id='par_1_138' title="bbox 1954 4719 3552 4791">
     <span class='ocr_line' id='line_1_144' title="bbox 1954 4719 3552 4791; baseline 0 -17"><span class='ocrx_word' id='word_1_1113' title='bbox 1954 4720 2140 4789; x_wconf 86' lang='lat' dir='ltr'><strong>itaque</strong></span> <span class='ocrx_word' id='word_1_1114' title='bbox 2189 4719 2516 4791; x_wconf 13' lang='lat' dir='ltr'><strong>etiamrcum</strong></span> <span class='ocrx_word' id='word_1_1115' title='bbox 2563 4719 2726 4775; x_wconf 90' lang='lat' dir='ltr'><strong>homo</strong></span> <span class='ocrx_word' id='word_1_1116' title='bbox 2764 4719 3031 4791; x_wconf 86' lang='lat' dir='ltr'><strong>apparuit,</strong></span> <span class='ocrx_word' id='word_1_1117' title='bbox 3065 4719 3134 4774; x_wconf 83' lang='lat' dir='ltr'><strong>ut</strong></span> <span class='ocrx_word' id='word_1_1118' title='bbox 3176 4719 3343 4774; x_wconf 79' lang='lat' dir='ltr'><strong>Deus</strong></span> <span class='ocrx_word' id='word_1_1119' title='bbox 3369 4729 3552 4774; x_wconf 86' lang='lat' dir='ltr'><strong>tamen</strong></span> 
     </span>
    </p>
   </div>
   <div class='ocr_carea' id='block_1_139' title="bbox 1953 4790 3552 4861">
    <p class='ocr_par' dir='ltr' id='par_1_139' title="bbox 1953 4790 3552 4861">
     <span class='ocr_line' id='line_1_145' title="bbox 1953 4790 3552 4861; baseline 0.001 -17"><span class='ocrx_word' id='word_1_1120' title='bbox 1953 4791 2269 4861; x_wconf 64' lang='lat' dir='ltr'><strong>agnoscitur</strong></span> <span class='ocrx_word' id='word_1_1121' title='bbox 2283 4831 2316 4861; x_wconf 78' lang='lat'><strong>,_</strong></span> <span class='ocrx_word' id='word_1_1122' title='bbox 2331 4790 2556 4860; x_wconf 90' lang='lat' dir='ltr'><strong>ejusque</strong></span> <span class='ocrx_word' id='word_1_1123' title='bbox 2585 4791 2664 4846; x_wconf 91' lang='lat' dir='ltr'><strong>rei</strong></span> <span class='ocrx_word' id='word_1_1124' title='bbox 2685 4790 2976 4861; x_wconf 83' lang='lat' dir='ltr'><strong>perspicua</strong></span> <span class='ocrx_word' id='word_1_1125' title='bbox 3004 4799 3132 4861; x_wconf 84' lang='lat' dir='ltr'><strong>sunt</strong></span> <span class='ocrx_word' id='word_1_1126' title='bbox 3154 4801 3469 4861; x_wconf 80' lang='lat' dir='ltr'><strong>argumenta</strong></span> <span class='ocrx_word' id='word_1_1127' title='bbox 3495 4791 3552 4845; x_wconf 89' lang='lat' dir='ltr'><strong>in</strong></span> 
     </span>
    </p>
   </div>
   <div class='ocr_carea' id='block_1_140' title="bbox 1953 4858 3563 4932">
    <p class='ocr_par' dir='ltr' id='par_1_140' title="bbox 1953 4858 3563 4932">
     <span class='ocr_line' id='line_1_146' title="bbox 1953 4858 3563 4932; baseline 0 -19"><span class='ocrx_word' id='word_1_1128' title='bbox 1953 4859 2260 4932; x_wconf 62' lang='lat' dir='ltr'><strong>Evangeliis</strong></span> <span class='ocrx_word' id='word_1_1129' title='bbox 2287 4858 2455 4932; x_wconf 70' lang='lat' dir='ltr'><strong>decc</strong></span> <span class='ocrx_word' id='word_1_1130' title='bbox 2467 4858 2703 4932; x_wconf 38' lang='lat' dir='ltr'><strong>scripta.“</strong></span> <span class='ocrx_word' id='word_1_1131' title='bbox 2719 4858 2870 4932; x_wconf 73' lang='lat' dir='ltr'><strong>Dixit</strong></span> <span class='ocrx_word' id='word_1_1132' title='bbox 2893 4859 3039 4932; x_wconf 82' lang='lat' dir='ltr'><strong>enim</strong></span> <span class='ocrx_word' id='word_1_1133' title='bbox 3067 4858 3260 4915; x_wconf 83' lang='lat' dir='ltr'><strong>beatus</strong></span> <span class='ocrx_word' id='word_1_1134' title='bbox 3279 4858 3519 4932; x_wconf 68' lang='lat' dir='ltr'><strong>Joannes</strong></span> <span class='ocrx_word' id='word_1_1135' title='bbox 3538 4879 3563 4913; x_wconf 33' lang='lat'><strong>:&#39;</strong></span> 
     </span>
    </p>
   </div>
   <div class='ocr_carea' id='block_1_141' title="bbox 1954 4928 3556 5001">
    <p class='ocr_par' dir='ltr' id='par_1_141' title="bbox 1954 4928 3556 5001">
     <span class='ocr_line' id='line_1_147' title="bbox 1954 4928 3556 5001; baseline 0 -17"><span class='ocrx_word' id='word_1_1136' title='bbox 1954 4928 2088 5001; x_wconf 80' lang='lat' dir='ltr'><strong>Cum</strong></span> <span class='ocrx_word' id='word_1_1137' title='bbox 2113 4928 2236 4985; x_wconf 64' lang='lat' dir='ltr'><strong>itero</strong></span> <span class='ocrx_word' id='word_1_1138' title='bbox 2267 4940 2396 4986; x_wconf 88' lang='lat' dir='ltr'><strong>esset</strong></span> <span class='ocrx_word' id='word_1_1139' title='bbox 2424 4928 2769 5001; x_wconf 74' lang='lat' dir='ltr'><strong>Jerosolymis</strong></span> <span class='ocrx_word' id='word_1_1140' title='bbox 2798 4931 2855 4985; x_wconf 83' lang='lat' dir='ltr'><strong>in</strong></span> <span class='ocrx_word' id='word_1_1141' title='bbox 2895 4929 3159 5001; x_wconf 10' lang='lat' dir='ltr'><strong>dierfesto,</strong></span> <span class='ocrx_word' id='word_1_1142' title='bbox 3190 4929 3341 4983; x_wconf 87' lang='lat' dir='ltr'><strong>multi</strong></span> <span class='ocrx_word' id='word_1_1143' title='bbox 3383 4931 3556 4984; x_wconf 79' lang='lat' dir='ltr'><strong>credi-</strong></span> 
     </span>
    </p>
   </div>
   <div class='ocr_carea' id='block_1_142' title="bbox 1952 5000 3556 5071">
    <p class='ocr_par' dir='ltr' id='par_1_142' title="bbox 1952 5000 3556 5071">
     <span class='ocr_line' id='line_1_148' title="bbox 1952 5000 3556 5071; baseline 0.001 -18"><span class='ocrx_word' id='word_1_1144' title='bbox 1952 5000 2145 5071; x_wconf 79' lang='lat' dir='ltr'><strong>derunt</strong></span> <span class='ocrx_word' id='word_1_1145' title='bbox 2188 5001 2242 5056; x_wconf 88' lang='lat' dir='ltr'><strong>in</strong></span> <span class='ocrx_word' id='word_1_1146' title='bbox 2269 5000 2649 5071; x_wconf 74' lang='lat' dir='ltr'><strong>nomine_ejus,</strong></span> <span class='ocrx_word' id='word_1_1147' title='bbox 2694 5001 2924 5055; x_wconf 82' lang='lat' dir='ltr'><strong>videntes</strong></span> <span class='ocrx_word' id='word_1_1148' title='bbox 2954 5000 3071 5069; x_wconf 83' lang='lat' dir='ltr'><strong>ejus</strong></span> <span class='ocrx_word' id='word_1_1149' title='bbox 3107 5001 3273 5070; x_wconf 83' lang='lat' dir='ltr'><strong>signa,</strong></span> <span class='ocrx_word' id='word_1_1150' title='bbox 3317 5017 3435 5071; x_wconf 72' lang='lat' dir='ltr'><strong>qua:</strong></span> <span class='ocrx_word' id='word_1_1151' title='bbox 3477 5003 3556 5070; x_wconf 73' lang='lat' dir='ltr'><strong>fa-</strong></span> 
     </span>
    </p>
   </div>
   <div class='ocr_carea' id='block_1_143' title="bbox 1954 5068 3560 5140">
    <p class='ocr_par' dir='ltr' id='par_1_143' title="bbox 1954 5068 3560 5140">
     <span class='ocr_line' id='line_1_149' title="bbox 1954 5068 3560 5140; baseline 0 -15"><span class='ocrx_word' id='word_1_1152' title='bbox 1954 5070 2119 5126; x_wconf 81' lang='lat' dir='ltr'><strong>ciebat</strong></span> <span class='ocrx_word' id='word_1_1153' title='bbox 2142 5085 2160 5123; x_wconf 93' lang='lat'><em>:</em></span> <span class='ocrx_word' id='word_1_1154' title='bbox 2186 5073 2296 5140; x_wconf 86' lang='lat' dir='ltr'><strong>ipse</strong></span> <span class='ocrx_word' id='word_1_1155' title='bbox 2315 5087 2437 5126; x_wconf 82' lang='lat' dir='ltr'><strong>vero</strong></span> <span class='ocrx_word' id='word_1_1156' title='bbox 2462 5068 2620 5125; x_wconf 75' lang='lat' dir='ltr'><strong>Iesus</strong></span> <span class='ocrx_word' id='word_1_1157' title='bbox 2642 5068 3007 5125; x_wconf 76' lang='lat' dir='ltr'><strong>non&#39;credebat</strong></span> <span class='ocrx_word' id='word_1_1158' title='bbox 3027 5068 3255 5140; x_wconf 74' lang='lat' dir='ltr'><strong>seipsum</strong></span> <span class='ocrx_word' id='word_1_1159' title='bbox 3276 5068 3404 5136; x_wconf 82' lang='lat' dir='ltr'><strong>illis,</strong></span> <span class='ocrx_word' id='word_1_1160' title='bbox 3426 5068 3560 5140; x_wconf 73' lang='lat' dir='ltr'><strong>quia</strong></span> 
     </span>
    </p>
   </div>
   <div class='ocr_carea' id='block_1_144' title="bbox 1953 5139 3552 5212">
    <p class='ocr_par' dir='ltr' id='par_1_144' title="bbox 1953 5139 3552 5212">
     <span class='ocr_line' id='line_1_150' title="bbox 1953 5139 3552 5212; baseline 0.001 -18"><span class='ocrx_word' id='word_1_1161' title='bbox 1953 5142 2063 5212; x_wconf 82' lang='lat' dir='ltr'><strong>ipse</strong></span> <span class='ocrx_word' id='word_1_1162' title='bbox 2091 5139 2284 5197; x_wconf 78' lang='lat' dir='ltr'><strong>sciebat</strong></span> <span class='ocrx_word' id='word_1_1163' title='bbox 2310 5142 2522 5212; x_wconf 84' lang='lat' dir='ltr'><strong>omnia,</strong></span> <span class='ocrx_word' id='word_1_1164' title='bbox 2572 5152 2619 5194; x_wconf 85' lang='lat' dir='ltr'><strong>et</strong></span> <span class='ocrx_word' id='word_1_1165' title='bbox 2645 5143 2771 5212; x_wconf 85' lang='lat' dir='ltr'><strong>quia</strong></span> <span class='ocrx_word' id='word_1_1166' title='bbox 2799 5158 2903 5194; x_wconf 84' lang='lat' dir='ltr'><strong>non</strong></span> <span class='ocrx_word' id='word_1_1167' title='bbox 2931 5157 3061 5212; x_wconf 84' lang='lat' dir='ltr'><strong>opus</strong></span> <span class='ocrx_word' id='word_1_1168' title='bbox 3086 5139 3326 5207; x_wconf 75' lang='lat' dir='ltr'><strong>habebat,</strong></span> <span class='ocrx_word' id='word_1_1169' title='bbox 3354 5151 3408 5193; x_wconf 86' lang='lat' dir='ltr'><strong>ut</strong></span> <span class='ocrx_word' id='word_1_1170' title='bbox 3434 5139 3552 5212; x_wconf 79' lang='lat' dir='ltr'><strong>quis</strong></span> 
     </span>
    </p>
   </div>
   <div class='ocr_carea' id='block_1_145' title="bbox 1954 5211 3552 5282">
    <p class='ocr_par' dir='ltr' id='par_1_145' title="bbox 1954 5211 3552 5282">
     <span class='ocr_line' id='line_1_151' title="bbox 1954 5211 3552 5282; baseline 0 -17"><span class='ocrx_word' id='word_1_1171' title='bbox 1954 5211 2309 5267; x_wconf 83' lang='lat' dir='ltr'><strong>testimonium</strong></span> <span class='ocrx_word' id='word_1_1172' title='bbox 2331 5211 2618 5282; x_wconf 81' lang='lat' dir='ltr'><strong>perhiberet</strong></span> <span class='ocrx_word' id='word_1_1173' title='bbox 2648 5211 2712 5264; x_wconf 87' lang='lat' dir='ltr'><strong>de</strong></span> <span class='ocrx_word' id='word_1_1174' title='bbox 2737 5211 2986 5282; x_wconf 81' lang='lat' dir='ltr'><strong>homine;</strong></span> <span class='ocrx_word' id='word_1_1175' title='bbox 3035 5211 3144 5280; x_wconf 84' lang='lat' dir='ltr'><strong>ipse</strong></span> <span class='ocrx_word' id='word_1_1176' title='bbox 3176 5212 3313 5282; x_wconf 81' lang='lat' dir='ltr'><strong>enim</strong></span> <span class='ocrx_word' id='word_1_1177' title='bbox 3358 5211 3552 5265; x_wconf 84' lang='lat' dir='ltr'><strong>sciebat</strong></span> 
     </span>
    </p>
   </div>
   <div class='ocr_carea' id='block_1_146' title="bbox 1951 5281 3553 5354">
    <p class='ocr_par' dir='ltr' id='par_1_146' title="bbox 1951 5281 3553 5354">
     <span class='ocr_line' id='line_1_152' title="bbox 1951 5281 3553 5354; baseline 0 -19"><span class='ocrx_word' id='word_1_1178' title='bbox 1951 5282 2086 5354; x_wconf 79' lang='lat' dir='ltr'><strong>quid</strong></span> <span class='ocrx_word' id='word_1_1179' title='bbox 2105 5293 2236 5354; x_wconf 78' lang='lat' dir='ltr'><strong>esset</strong></span> <span class='ocrx_word' id='word_1_1180' title='bbox 2265 5281 2759 5354; x_wconf 51' lang='lat' dir='ltr'><strong>inhominelloan.</strong></span> <span class='ocrx_word' id='word_1_1181' title='bbox 2794 5281 2876 5352; x_wconf 88' lang='grc' dir='ltr'>ιι).</span> <span class='ocrx_word' id='word_1_1182' title='bbox 2906 5281 3364 5354; x_wconf 77' lang='lat' dir='ltr'><strong>Atquiinspieerc</strong></span> <span class='ocrx_word' id='word_1_1183' title='bbox 3392 5297 3553 5354; x_wconf 78' lang='lat' dir='ltr'><strong>posse</strong></span> 
     </span>
    </p>
   </div>
   <div class='ocr_carea' id='block_1_147' title="bbox 1955 5350 3559 5422">
    <p class='ocr_par' dir='ltr' id='par_1_147' title="bbox 1955 5350 3559 5422">
     <span class='ocr_line' id='line_1_153' title="bbox 1955 5350 3559 5422; baseline -0.002 -13"><span class='ocrx_word' id='word_1_1184' title='bbox 1955 5350 2051 5409; x_wconf 84' lang='lat' dir='ltr'><strong>cor</strong></span> <span class='ocrx_word' id='word_1_1185' title='bbox 2073 5352 2310 5408; x_wconf 88' lang='lat' dir='ltr'><strong>hominis</strong></span> <span class='ocrx_word' id='word_1_1186' title='bbox 2338 5360 2395 5408; x_wconf 90' lang='lat' dir='ltr'><strong>et</strong></span> <span class='ocrx_word' id='word_1_1187' title='bbox 2419 5350 2629 5407; x_wconf 85' lang='lat' dir='ltr'><strong>occulta</strong></span> <span class='ocrx_word' id='word_1_1188' title='bbox 2663 5350 2842 5411; x_wconf 67' lang='lat' dir='ltr'><strong>scire,</strong></span> <span class='ocrx_word' id='word_1_1189' title='bbox 2862 5367 2968 5406; x_wconf 89' lang='lat' dir='ltr'><strong>non</strong></span> <span class='ocrx_word' id='word_1_1190' title='bbox 2991 5350 3083 5405; x_wconf 90' lang='lat' dir='ltr'><strong>ulli</strong></span> <span class='ocrx_word' id='word_1_1191' title='bbox 3109 5351 3336 5422; x_wconf 85' lang='lat' dir='ltr'><strong>homini,</strong></span> <span class='ocrx_word' id='word_1_1192' title='bbox 3361 5350 3455 5422; x_wconf 79' lang='lat' dir='ltr'><strong>qui</strong></span> <span class='ocrx_word' id='word_1_1193' title='bbox 3482 5351 3559 5405; x_wconf 89' lang='lat' dir='ltr'><strong>sit-</strong></span> 
     </span>
    </p>
   </div>
   <div class='ocr_carea' id='block_1_148' title="bbox 1955 5421 3554 5491">
    <p class='ocr_par' dir='ltr' id='par_1_148' title="bbox 1955 5421 3554 5491">
     <span class='ocr_line' id='line_1_154' title="bbox 1955 5421 3554 5491; baseline -0.001 -13"><span class='ocrx_word' id='word_1_1194' title='bbox 1955 5424 2126 5478; x_wconf 87' lang='lat' dir='ltr'><strong>nostri</strong></span> <span class='ocrx_word' id='word_1_1195' title='bbox 2157 5423 2376 5487; x_wconf 89' lang='lat' dir='ltr'><strong>similis,</strong></span> <span class='ocrx_word' id='word_1_1196' title='bbox 2418 5424 2692 5485; x_wconf 77' lang='lat' dir='ltr'><strong>convenit,</strong></span> <span class='ocrx_word' id='word_1_1197' title='bbox 2735 5437 2911 5491; x_wconf 87' lang='lat' dir='ltr'><strong>neque</strong></span> <span class='ocrx_word' id='word_1_1198' title='bbox 2946 5436 3074 5476; x_wconf 89' lang='lat' dir='ltr'><strong>vero</strong></span> <span class='ocrx_word' id='word_1_1199' title='bbox 3102 5421 3196 5475; x_wconf 90' lang='lat' dir='ltr'><strong>ulli</strong></span> <span class='ocrx_word' id='word_1_1200' title='bbox 3222 5421 3554 5477; x_wconf 34' lang='lat' dir='ltr'><strong>alteri’crea»</strong></span> 
     </span>
    </p>
   </div>
   <div class='ocr_carea' id='block_1_149' title="bbox 1955 5491 3558 5563">
    <p class='ocr_par' dir='ltr' id='par_1_149' title="bbox 1955 5491 3558 5563">
     <span class='ocr_line' id='line_1_155' title="bbox 1955 5491 3558 5563; baseline -0.001 -15"><span class='ocrx_word' id='word_1_1201' title='bbox 1955 5501 2113 5557; x_wconf 63' lang='lat' dir='ltr'><strong>tura},</strong></span> <span class='ocrx_word' id='word_1_1202' title='bbox 2150 5494 2247 5548; x_wconf 88' lang='lat' dir='ltr'><strong>sed</strong></span> <span class='ocrx_word' id='word_1_1203' title='bbox 2275 5494 2350 5547; x_wconf 89' lang='lat' dir='ltr'><strong>illi</strong></span> <span class='ocrx_word' id='word_1_1204' title='bbox 2377 5493 2500 5556; x_wconf 82' lang='lat' dir='ltr'><strong>soli,</strong></span> <span class='ocrx_word' id='word_1_1205' title='bbox 2542 5493 2635 5562; x_wconf 90' lang='lat' dir='ltr'><strong>qui</strong></span> <span class='ocrx_word' id='word_1_1206' title='bbox 2662 5492 2827 5547; x_wconf 86' lang='lat' dir='ltr'><strong>etiam</strong></span> <span class='ocrx_word' id='word_1_1207' title='bbox 2857 5491 3063 5563; x_wconf 81' lang='lat' dir='ltr'><strong>tingere</strong></span> <span class='ocrx_word' id='word_1_1208' title='bbox 3090 5491 3291 5547; x_wconf 83' lang='lat' dir='ltr'><strong>dicitur</strong></span> <span class='ocrx_word' id='word_1_1209' title='bbox 3319 5492 3558 5563; x_wconf 79' lang='lat' dir='ltr'><strong>singilla-</strong></span> 
     </span>
    </p>
   </div>
   <div class='ocr_carea' id='block_1_150' title="bbox 1956 5563 3554 5634">
    <p class='ocr_par' dir='ltr' id='par_1_150' title="bbox 1956 5563 3554 5634">
     <span class='ocr_line' id='line_1_156' title="bbox 1956 5563 3554 5634; baseline 0 -16"><span class='ocrx_word' id='word_1_1210' title='bbox 1956 5564 2051 5618; x_wconf 91' lang='lat' dir='ltr'><strong>tim</strong></span> <span class='ocrx_word' id='word_1_1211' title='bbox 2089 5564 2255 5634; x_wconf 76' lang='lat' dir='ltr'><strong>corda</strong></span> <span class='ocrx_word' id='word_1_1212' title='bbox 2296 5572 2481 5618; x_wconf 89' lang='lat' dir='ltr'><strong>nostra</strong></span> <span class='ocrx_word' id='word_1_1213' title='bbox 2507 5563 2680 5634; x_wconf 82' lang='lat' dir='ltr'><strong>(Psal.</strong></span> <span class='ocrx_word' id='word_1_1214' title='bbox 2714 5565 2907 5634; x_wconf 63' lang='lat' dir='ltr'><strong>anu).</strong></span> <span class='ocrx_word' id='word_1_1215' title='bbox 2941 5563 3056 5634; x_wconf 81' lang='lat' dir='ltr'><strong>Hoc</strong></span> <span class='ocrx_word' id='word_1_1216' title='bbox 3094 5563 3142 5634; x_wconf 83' lang='lat' dir='ltr'><strong>si</strong></span> <span class='ocrx_word' id='word_1_1217' title='bbox 3179 5563 3263 5634; x_wconf 84' lang='lat' dir='ltr'><strong>ita</strong></span> <span class='ocrx_word' id='word_1_1218' title='bbox 3281 5571 3386 5626; x_wconf 89' lang='lat' dir='ltr'><strong>est,</strong></span> <span class='ocrx_word' id='word_1_1219' title='bbox 3417 5577 3554 5631; x_wconf 86' lang='lat' dir='ltr'><strong>quo-</strong></span> 
     </span>
    </p>
   </div>
   <div class='ocr_carea' id='block_1_151' title="bbox 1957 5633 3553 5703">
    <p class='ocr_par' dir='ltr' id='par_1_151' title="bbox 1957 5633 3553 5703">
     <span class='ocr_line' id='line_1_157' title="bbox 1957 5633 3553 5703; baseline -0.001 -15"><span class='ocrx_word' id='word_1_1220' title='bbox 1957 5649 2082 5688; x_wconf 90' lang='lat' dir='ltr'><strong>nam</strong></span> <span class='ocrx_word' id='word_1_1221' title='bbox 2112 5633 2270 5690; x_wconf 88' lang='lat' dir='ltr'><strong>modo</strong></span> <span class='ocrx_word' id='word_1_1222' title='bbox 2312 5633 2425 5688; x_wconf 86' lang='lat' dir='ltr'><strong>sola</strong></span> <span class='ocrx_word' id='word_1_1223' title='bbox 2465 5633 2532 5690; x_wconf 89' lang='lat' dir='ltr'><strong>ac</strong></span> <span class='ocrx_word' id='word_1_1224' title='bbox 2574 5633 2807 5703; x_wconf 87' lang='lat' dir='ltr'><strong>simplici</strong></span> <span class='ocrx_word' id='word_1_1225' title='bbox 2837 5633 3214 5703; x_wconf 82' lang='lat' dir='ltr'><strong>appellatione</strong></span> <span class='ocrx_word' id='word_1_1226' title='bbox 3253 5633 3553 5703; x_wconf 72' lang='lat' dir='ltr'><strong>honoratus</strong></span> 
     </span>
    </p>
   </div>
   <div class='ocr_carea' id='block_1_152' title="bbox 1957 5701 3550 5775">
    <p class='ocr_par' dir='ltr' id='par_1_152' title="bbox 1957 5701 3550 5775">
     <span class='ocr_line' id='line_1_158' title="bbox 1957 5701 3550 5775; baseline -0.002 -15"><span class='ocrx_word' id='word_1_1227' title='bbox 1957 5713 2040 5760; x_wconf 91' lang='lat' dir='ltr'><strong>est</strong></span> <span class='ocrx_word' id='word_1_1228' title='bbox 2062 5704 2400 5767; x_wconf 84' lang='lat' dir='ltr'><strong>Emmanuel.</strong></span> <span class='ocrx_word' id='word_1_1229' title='bbox 2426 5712 2487 5758; x_wconf 92' lang='lat' dir='ltr'><strong>ut</strong></span> <span class='ocrx_word' id='word_1_1230' title='bbox 2504 5701 2732 5774; x_wconf 87' lang='lat' dir='ltr'><strong>perinde</strong></span> <span class='ocrx_word' id='word_1_1231' title='bbox 2751 5719 2817 5758; x_wconf 90' lang='lat' dir='ltr'><strong>ac</strong></span> <span class='ocrx_word' id='word_1_1232' title='bbox 2832 5701 3044 5775; x_wconf 56' lang='lat' dir='ltr'><strong>Moyses</strong></span> <span class='ocrx_word' id='word_1_1233' title='bbox 3065 5703 3363 5775; x_wconf 82' lang='lat' dir='ltr'><strong>appelletur</strong></span> <span class='ocrx_word' id='word_1_1234' title='bbox 3381 5701 3550 5775; x_wconf 73' lang='grc' dir='ltr'><strong>ρεαδ,</strong></span> 
     </span>
    </p>
   </div>
   <div class='ocr_carea' id='block_1_153' title="bbox 1956 5769 3550 5847">
    <p class='ocr_par' dir='ltr' id='par_1_153' title="bbox 1956 5769 3550 5847">
     <span class='ocr_line' id='line_1_159' title="bbox 1956 5769 3550 5847; baseline -0.004 -15"><span class='ocrx_word' id='word_1_1235' title='bbox 1956 5783 2012 5833; x_wconf 89' lang='lat' dir='ltr'><strong>et</strong></span> <span class='ocrx_word' id='word_1_1236' title='bbox 2039 5791 2146 5832; x_wconf 91' lang='lat' dir='ltr'><strong>non</strong></span> <span class='ocrx_word' id='word_1_1237' title='bbox 2176 5775 2358 5847; x_wconf 89' lang='lat' dir='ltr'><strong>potius</strong></span> <span class='ocrx_word' id='word_1_1238' title='bbox 2381 5775 2436 5832; x_wconf 89' lang='lat' dir='ltr'><strong>id</strong></span> <span class='ocrx_word' id='word_1_1239' title='bbox 2466 5769 2593 5833; x_wconf 80' lang='lat' dir='ltr'><strong>vere</strong></span> <span class='ocrx_word' id='word_1_1240' title='bbox 2622 5775 2712 5844; x_wconf 83' lang='lat' dir='ltr'><strong>sit,</strong></span> <span class='ocrx_word' id='word_1_1241' title='bbox 2745 5774 2888 5845; x_wconf 83' lang='lat' dir='ltr'><strong>quod</strong></span> <span class='ocrx_word' id='word_1_1242' title='bbox 2915 5769 3036 5831; x_wconf 80' lang='lat' dir='ltr'><strong>esse</strong></span> <span class='ocrx_word' id='word_1_1243' title='bbox 3056 5769 3296 5830; x_wconf 74' lang='lat' dir='ltr'><strong>dicitur?</strong></span> <span class='ocrx_word' id='word_1_1244' title='bbox 3331 5791 3349 5826; x_wconf 72' lang='grc' dir='ltr'><strong>ι</strong></span> <span class='ocrx_word' id='word_1_1245' title='bbox 3386 5769 3550 5827; x_wconf 76' lang='grc' dir='ltr'>Τοπιι</span> 
     </span>
    </p>
   </div>
  </div>
