4122 6594
522 402 621 462 ιιι

1376 402 1436 459 Β.
1479 402 1542 459 F.
1583 401 1809 459 ALBINI
1848 402 1982 459 SEU
2021 402 2299 460 ALCUINI
2337 400 2625 460 OPERUM
2664 397 2845 459 PARS
2883 400 2971 458 ill.

3706 400 3820 460 4ἱῖ

520 536 628 593 set,
660 532 717 579 et
742 522 800 578 in
826 518 1002 577 forma
1039 519 1219 593 Patris
1246 519 1435 593 lj'ilius,
1469 536 1574 593 non
1600 520 1843 593 rapinam
1871 517 2107 593 arbitra-
2137 524 2186 581 Α
2216 516 2372 593 linito
2399 525 2641 593 tempore
2672 516 2742 593 in_
2756 524 2989 571 mortem
3016 514 3382 593 contradidit,
3401 512 3536 569 nihil
3583 513 3812 569 interim

518 588 710 653 tus’est
734 609 846 648 esse
882 608 938 647 se
965 590 1219 664 aqualem
1248 589 1376 664 Deo,
1424 590 1514 645 sed
1541 588 1771 664 seipsum
1794 588 2106 664 exinanivit,

521 670 752 738 fanum
776 664 915 738 servi
936 658 1254 738 assumens._
1272 660 1329 738 Si
1358 670 1540 716 autem
1570 658 1745 715 factus
1768 667 1854 738 est
1900 658 2106 738 homo,

521 729 818 802 assumpsit
835 741 1016 787 autem
1038 739 1097 787 et
1114 732 1268 802 servi
1282 730 1541 795 formam,
1563 729 1838 802 quomodo
1865 730 2111 784 censebit

517 801 775 877 parvum,
804 811 861 858 et
886 801 1305 877 dispensationis
1356 801 2106 877 rationibusAinconAgruum,

520 870 812 947 appellari,
843 882 901 947 et
926 870 1048 929 esse
1075 872 1397 947 apostolum,
1428 880 1487 928 et
1528 870 1893 947 pontificem?
1918 870 1985 923 Ει
2013 870 2109 938 qui

520 940 838 1004 niénsuram
879 940 1239 999 humanitatis
1276 952 1477 998 nostra:
1512 940 1619 997 non
1649 940 1974 1012 dedignatus
2002 948 2108 1005 est,

518 1015 793 1087 quomodo
854 1015 1189 1087 repudianda
1243 1014 1467 1087 duceret
1509 1011 1827 1087 humana?)
1884 1011 1969 1087 Et
1987 1019 2113 1081 post

518 1080 695 1159 pauca
722 1089 798 1142 ita
820 1080 999 1159 pergit
1030 1104 1065 1159 :_
1093 1104 1112 1137 ι
1142 1086 1330 1159 Itaque
1381 1085 1427 1159 si
1470 1098 1636 1138 unum
1668 1082 1857 1137 dicunt
1897 1080 2065 1159 filium
2090 1121 2106 1145 ,

520 1152 671 1215 nullo
718 1152 882 1228 modo
922 1152 1334 1228 particiitesiin
1382 1156 1550 1228 duos,
1581 1168 1749 1228 u_num
1798 1167 1868 1208 ex
1904 1152 2112 1228 semine

522 1230 723 1293 David,
754 1238 811 1285 et
840 1222 1005 1282 alium
1041 1244 1109 1283 ex
1139 1226 1251 1281 Deo
1294 1225 1455 1281 Patre
1502 1223 1783 1289 Verbum;
1835 1222 2112 1293 quomodo

518 1315 629 1355 non
660 1300 859 1355 laedunt
885 1306 1307 1360 sacramentum,
1330 1298 1629 1365 partientes
1649 1293 2111 1365 dispensationem

522 1372 636 1426 Deo
662 1380 719 1427 et
768 1369 1011 1424 homini?
1048 1368 1116 1423 Et
1164 1383 1273 1422 non
1321 1362 1501 1436 potius
1546 1362 1818 1419 unum'et
1860 1362 2106 1436 eumdem

519 1441 694 1497 Deum
724 1450 780 1497 ct
805 1439 1080 1495 hominem
1107 1453 1230 1494 esse
1262 1434 1471 1503 dicunt,
1501 1443 1562 1491 ut
1607 1436 1718 1490 sint
1741 1435 1939 1504 omnia
1969 1434 2110 1504 ejus,

520 1521 577 1566 et
611 1528 733 1581 quae
778 1511 992 1575 divina,
1044 1517 1246 1581 etquae
1287 1507 1556 1581 humana?
1594 1504 1733 1581 Nam
1762 1503 1980 1581 quando
2002 1503 2115 1581 ali-

521 1574 676 1653 quid,
699 1582 844 1651 quod
874 1581 1044 1653 Deum
1066 1574 1303 1634 maxime
1325 1575 1592 1653 decet,_de
1620 1576 1739 1645 ipso
1765 1574 1986 1653 dicitur,
2009 1574 2113 1653 hoc

521 1645 674 1708 (ferte
694 1645 1007 1707 omnimodo
1035 1658 1092 1705 ct
1117 1665 1307 1704 verum
1327 1664 1448 1705 esse
1477 1646 1739 1709 dicimus;
1765 1646 1938 1701 Deum
1964 1645 2112 1701 enim

523 1724 704 1787 ipsum
729 1737 854 1779 esse
875 1722 1097 1778 scimus.
1131 1721 1199 1776 Et
1240 1720 1287 1775 si
1334 1721 1573 1775 humane
1600 1717 1876 1787 quidpiam
1905 1715 2113 1771 dictum

523 1741 539 1778 1
582 1740 704 1778 sum
729 1740 854 1779 esse
875 1740 1097 1778 sctmus.
1132 1740 1199 1776 nt
1240 1740 1287 1775 St
1336 1740 1573 1775 numam:
1600 1740 1876 1787 qumptatu
1905 1740 2108 1771 utut.qu

521 1740 722 1858 (ﬁerit,
760 1792 929 1848 etiam
986 1793 1091 1847 hoc
1139 1791 1507 1846 admittcmus.
1562 1787 1896 1843 Conlitemur
1922 1787 2108 1850 enim,

2212 588 2540 643 incommodi
2559 588 2779 657 propria
2804 595 2997 641 natura
3020 587 3297 657 sustinens
3324 602 3340 640 :
3368 587 3545 656 ipsum
3570 599 3813 655 namque

2211 667 2267 713 et
2286 661 2399 712 vita
2429 666 2533 724 est,
2562 656 2631 712 et
2664 665 2863 712 caetera
2893 657 3073 711 omnia
3104 656 3389 713 viviﬁcans
3410 664 3498 712 est
3529 672 3542 709 :
3583 670 3811 710 verum-

2212 738 2419 793 tamen,
2457 744 2578 798 quae
2598 729 2781 783 carnis
2807 735 2954 791 sunt,
2980 727 3145 782 veluti
3172 727 3392 797 propria
3409 728 3463 782 in
3490 742 3550 781 se
3577 724 3815 798 transfe-

2212 815 2359 862 rens,
2385 807 2440 853 et
2461 796 2695 853 mortem
2720 814 3058 868 perpessum,
3086 815 3151 854 ac
3178 796 3667 870 resurgens,_quod
3686 805 3814 852 erat

2212 886 2311 941 pro
2334 870 2587 941 omnibus
2613 877 2905 931 mortuum,
2928 870 3148 939 proprio
3186 868 3453 939 sanguine
3504 868 3813 941 humanum

2212 939 2383 1011 genus
2402 939 2680 1011 expiasse,
2704 948 2759 994 et
2788 947 3053 1011 quotquot
3076 955 3175 1009 per
3201 940 3690 1011 terrarumiorbem
3711 939 3815 994 dc-
3844 998 3849 1001 _

2212 1010 2361 1081 gunt,
2395 1010 2506 1065 Deo
2536 1020 2592 1081 et
2615 1010 2769 1081 Patri
2785 1010 3139 1079 acquisivissc
3158 1011 3378 1065 dicitur.
3411 1029 3430 1063 ι
3468 1010 3805 1081 Βεὶῐι,ληιξιη.

2212 1079 2342 1147 ixv,
2371 1080 2611 1136 ostendit
2640 1080 2895 1135 meritum
2952 1082 3341 1151 redemptionis
3366 1096 3434 1151 ex
3473 1094 3540 1134 eo
3564 1079 3679 1134 solo
3707 1079 3814 1133 ha—

2212 1153 2351 1216 beri,
2376 1151 2521 1221 quod
2543 1152 2658 1220 ipse
2695 1151 2864 1206 Filius
2886 1160 3125 1206 aeternus
3146 1150 3339 1206 aeterni
3367 1150 3547 1205 Patris
3573 1157 3814 1205 mortem

2213 1222 2269 1277 in
2297 1237 2461 1303 carne
2488 1223 2707 1303 propria
2734 1222 3041 1292 pertulerit.
3079 1241 3097 1272 c
3118 1222 3269 1303 Untis
3290 1236 3458 1303 ergo,_
3472 1221 3669 1292 inquit,
3693 1235 3815 1275 om-

2212 1309 2311 1348 nes
2357 1291 2621 1364 diguitate
2656 1291 2923 1362 praestans
2943 1309 3043 1362 pro
3070 1293 3325 1347 omnibus
3361 1291 3611 1347 animam
3652 1307 3812 1347 suam

2212 1364 2415 1436 posuit,
2442 1374 2497 1418 et
2538 1364 3131 1436 mcotiomicaquadam
3165 1364 3394 1436 ratione
3442 1376 3662 1419 carnem
3693 1377 3816 1436 _per

2214 1431 2447 1489 mortem
2471 1448 2578 1489 non
2592 1433 2727 1488 nihil
2747 1431 3020 1488 humiliari
3045 1435 3274 1489 sinebat.
3292 1434 3493 1489 Verum
3509 1431 3816 1489 secundum

2213 1505 2493 1575 propriam
2523 1511 2771 1575 naturam
2795 1546 2819 1575 ,ί
2857 1507 2912 1557 in
2941 1518 3102 1573 quam
3130 1504 3312 1560 nullus
3336 1504 3509 1571 dolor,
3541 1502 3687 1558 nulla
3717 1518 3815 1557 ca-

2212 1574 2295 1630 dit
2320 1574 2635 1647 perpessio,
2665 1574 2914 1647 eamdem
2958 1583 3191 1629 mortem
3225 1575 3468 1647 vicissim
3510 1574 3812 1647 destruxit,

2215 1645 2330 1717 quo
2350 1645 2456 1701 hac
2481 1645 2740 1700 nimirum
2781 1645 2989 1699 ratione
3017 1645 3299 1717 corruptio
3326 1646 3380 1699 in
3404 1646 3646 1701 omnium
3687 1660 3816 1717 cor-

2212 1715 2444 1788 poribus
2467 1724 2843 1788 enervaretur,
2870 1715 3171 1788 mortisque
3217 1717 3506 1786 imperium
3546 1715 3815 1788 dissolve-

2218 1785 2390 1842 retur.
2413 1786 2649 1849 Etenim,
2677 1796 2738 1840 ut
2766 1785 2821 1840 in
2866 1786 3038 1841 Adam
3060 1802 3250 1842 omnes
3294 1785 3629 1853 moriuntur,
3676 1785 3756 1841 sic
3780 1802 3817 1842 e

518 1864 670 1935 quod
697 1855 841 1919 Deus
861 1871 949 1919 est
968 1862 1024 1917 in
1039 1878 1217 1947 _carne
1241 1868 1297 1917 et
1332 1859 1599 1941 sanguine
1621 1899 1634 1923 ,
1671 1865 1728 1913 et
1747 1858 2112 1947 humanitatis
2141 1887 2189 1947 Β
2218 1858 2497 1913 contrario
2524 1858 2577 1947 ip
2603 1855 2821 1947 Christo
2848 1872 3040 1947 omnes
3070 1856 3433 1947 vigilieamur.
3457 1857 3643 1947 Neqjue
3662 1856 3817 1912 enim

522 1928 836 1991 mensuram
886 1948 988 2002 per
1039 1934 1278 1989 humana
1326 1928 1693 2002 agnoscimus.
1747 1928 1910 2002 Millia
1964 1929 2109 2002 enim

522 2005 751 2060 millium
782 1998 1096 2060 sanctorum
1117 1998 1431 2072 angelorum
1459 1999 1776 2072 ministrant
1799 2000 1873 2063 ei,
1894 2005 1951 2072 et
1979 1998 2116 2072 divi-

522 2092 655 2130 num
686 2075 805 2147 ejus
848 2075 1105 2147 thronum
1155 2068 1513 2129 circumstant
1563 2071 1857 2147 scrapbim.
1888 2068 2117 2147 Qutmdo

525 2139 732 2203 autem'
746 2144 923 2201 factus
950 2152 1037 2201 est
1074 2145 1259 2209 homo,
1290 2151 1517 2199 vocatus
1547 2150 1631 2197 est
1654 2139 1818 2196 etiam
1844 2139 2112 2209 pontifex,

526 2233 637 2273 non
668 2216 813 2288 quod
837 2224 1097 2288 tanquam
1134 2214 1328 2288 majori
1349 2215 1468 2288 Deo
1493 2211 1716 2267 offerret
1762 2210 2115 2288 sacrificium,

522 2288 623 2343 sed
652 2279 796 2356 q'uod
821 2287 924 2342 sibi
949 2279 1058 2356 ipsi
1083 2292 1141 2341 et
1166 2279 1314 2340 Patri
1339 2284 1463 2356 fidei
1490 2291 1695 2338 nostrae
1716 2279 2115 2356 confessionem

527 2352 865 2427 procuraret.
911 2352 1151 2411 Audiens
1203 2354 1574 2427 quod_dict_us_
1596 2361 1681 2427 est
1707 2352 1965 2427 sacerdos
1992 2366 2117 2421 pro-

522 2423 647 2498 pter
674 2427 1101 2498 humanitatem,
1121 2423 1402 2482 erubescis
1419 2423 1687 2498 {Deinde
1710 2423 1982 2498 quomodo
2007 2436 2117 2477 non

524 2492 830 2554 admiratus
854 2512 935 2562 es,
968 2497 1112 2568 quod
1135 2512 1244 2552 non
1271 2495 1580 2568 secundum
1598 2492 1948 2568 sacerdotum
1973 2508 2114 2568 _mo:

525 2584 665 2631 rem,
691 2568 848 2622 alteri
874 2562 1129 2623 detulerit
1174 2566 1429 2623 sacriﬁcii
1460 2564 1709 2629 modum;
1764 2564 1859 2619 sed
1884 2563 1988 2633 sibi
2011 2562 2115 2633 ipsi

523 2639 709 2709 potius
732 2647 790 2694 et
822 2638 1001 2703 Patri,
1032 2646 1109 2709 ut
1141 2638 1297 2694 dixi?
1349 2635 1577 2709 Quando
1612 2634 1780 2697 dicis,
1816 2632 2115 2709 indignum

524 2702 651 2766 csse
684 2709 825 2772 Deo,
864 2716 923 2763 ut
943 2702 1249 2773 sacrificet,
1280 2702 1543 2777 astipulor
1581 2714 1638 2759 et
1660 2720 1779 2775 ego.
1813 2702 1921 2777 Sed
1948 2702 1994 2759 εἰ
2028 2718 2117 2759 εο-

526 2778 642 2834 lum
669 2789 835 2844 esset,
863 2786 918 2833 et
951 2780 1155 2848 absque.
1181 2793 1346 2834 carne
1376 2775 1632 2848 Verbum,
1668 2784 1816 2830 recte
1845 2775 2068 2848 diceres
2098 2788 2113 2827 :

527 2859 587 2903 at
613 2864 760 2912 vero,
793 2849 920 2921 quia
953 2845 1154 2905 factum
1181 2856 1265 2904 est
1286 2863 1450 2921 caro,
1474 2846 1597 2921 vide
1623 2855 1680 2921 et
1719 2845 2117 2921 sacriﬁcantem

524 2928 751 2989 propter
762 2914 1167 2999 humanitatem
1188 2936 1203 2987 ;
1231 2920 1377 2999 e_t_in
1401 2917 1758 2999 dignitatibus
1782 2914 2118 2999 ultranerea-

527 2985 707 3045 turam
728 2990 870 3046 sicut
890 2989 1060 3047 Deum
1083 3007 1096 3043 :
1123 2985 1372 3047 considet
1393 2985 1539 3042 enim
1560 3002 1687 3043 eum
1718 2986 1833 3041 Deo
1858 2993 1913 3040 et
1931 2985 2113 3040 Patre.

526 3060 716 3131 itaque
739 3070 797 3116 et
820 3061 940 3117 vide
961 3060 1137 3131 ipsum
1160 3057 1902 3131 sacrificantem‘secundum
1919 3056 2114 3131 huma-

526 3126 790 3198 nitatem,
836 3126 1204 3187 considentem
1236 3138 1419 3184 autem
1452 3137 1530 3198 ut
1569 3127 1760 3184 Deum.
1787 3126 1945 3198 Quid
1970 3127 2117 3198 enim

525 3201 662 3256 dicit
690 3196 882 3257 beatus
906 3200 1145 3256 Paulus?
1170 3200 1348 3255 Talem
1368 3196 1620 3253 habemus
1647 3197 1947 3265 pontiﬁcem
1968 3238 1981 3262 ,
2025 3197 2118 3265 qui

525 3214 662 3256 dicit
690 3214 882 3257 beatus
906 3214 1145 3256 Paulus!
1170 3214 1348 3255 tatem
1368 3214 1679 3321 navemus!

524 3271 762 3326 comedit
808 3272 865 3325 in
900 3271 1118 3325 dextera
1164 3270 1339 3324 throni
1387 3269 1622 3339 magnitu
1668 3268 1681 3319 i

528 3339 718 3412 (Hebr.
751 3340 895 3412 vui).
930 3341 1177 3412 Scientes
1222 3341 1388 3410 igitur
1427 3337 1570 3409 quod
1599 3337 1777 3412 factus
1802 3345 1897 3412 est
1930 3339 2113 3412 homo,

523 3407 652 3466 cum
670 3411 828 3483 Deus
856 3407 1007 3468 esset
1034 3410 1142 3483 (est
1168 3407 1352 3467 autem
1377 3407 1517 3483 unus
1540 3416 1599 3463 et
1625 3408 1769 3483 idem
1799 3407 2011 3483 Filius),
2038 3409 2117 3483 illi

527 3482 715 3537 omnia
737 3479 1069 3548 tribuemus,
1107 3491 1169 3536 ut
1212 3483 1335 3547 uni;
1383 3488 1442 3536 et
1468 3479 1887 3549 dispensationis
1929 3481 2118 3536 modos

528 3567 638 3607 non
659 3552 1050 3623 ignorabimus,
1075 3552 1419 3623 cogitationis
1439 3550 1551 3604 vim
1575 3563 1791 3617 semper
1811 3550 2037 3623 provide
2063 3557 2120 3605 et

527 3619 806 3748 ξιὲἓῇιετ
827 3624 896 3746 υἷι
918 3619 1287 3749 ἓὸδθάίεηὶὶειω
1316 3620 1434 3691 ejus
1457 3627 1862 3677 convertentes.
1901 3640 1920 3673 ι
1959 3619 2114 3677 Tom.

679 3709 767 3749 nc.
792 3709 856 3749 co
881 3735 894 3745 .
996 3733 1011 3746 .

679 3709 767 3749 nc.
792 3709 894 3750 001.
921 3709 1011 3749 00.

604 3764 697 3818 XI.
736 3762 959 3818 Falsum
984 3781 1095 3820 esse
1115 3764 1244 3819 dicit
1271 3762 1412 3833 quod
1447 3760 1679 3817 Verbum
1705 3761 1759 3815 in
1781 3770 1974 3816 natura
1993 3779 2119 3833 pro-

527 3834 648 3905 pria
675 3835 743 3888 sit
768 3835 1034 3905 passibile,
1062 3836 1108 3889 si
1136 3835 1195 3889 in
1236 3844 1429 3888 natura
1455 3841 1731 3905 assumpta
1760 3849 1975 3905 passum
2004 3842 2119 3905 ista-

528 3852 648 3905 prta
675 3852 743 3888 su
803 3852 1034 3899 ammte,
1062 3852 1107 3889 si
1136 3852 1195 3889 in
1236 3852 1429 3888 natura
1455 3852 1731 3901 assumpta
1760 3852 1975 3902 passum
2009 3852 2117 3887 sta-

528 3913 733 3957 tuatur.
752 3852 898 3968 {Satin
917 3906 993 3959 ait
1011 3905 1221 3959 omnino
1245 3920 1449 3959 necesse
1475 3918 1586 3957 esse
1610 3910 1666 3954 ut
1686 3902 1861 3971 ipsum
1888 3901 2117 3957 Verbum

526 3990 625 4043 pro
660 3974 808 4028 nobis
836 3983 1103 4028 mortuum
1126 3992 1236 4030 esse
1249 3983 1541 4038 asseratnr,
1561 3988 1680 4043 cum
1701 3988 1851 4026 secus
1872 3975 2117 4027 meritum

526 4042 907 4116 satisfactionis
933 4045 1215 4100 subsistere
1242 4052 1485 4116 nequeat.
1517 4072 1590 4116 —-_-
1625 4042 1762 4116 Cum
1789 4059 1921 4098 vero
1950 4044 2120 4116 insta-

530 4121 654 4168 rent
678 4114 1005 4181 Ncstoriani,
1036 4114 1417 4185 dicerentque,
1444 4114 1810 4185 ex_doctrina,
1836 4129 1945 4185 qua
1968 4114 2121 4169 Chri-

528 4192 671 4255 stus,
695 4185 859 4240 ctiam
885 4196 946 4239 ut
968 4188 1153 4251 homo,
1179 4182 1345 4241 vertis
1362 4200 1485 4241 esse
1511 4182 1658 4239 Deus
1686 4182 1966 4248 statuitur,
1996 4200 2118 4255 pas-

530 4252 764 4321 sionem,
796 4263 1048 4320 mortcm,
1075 4256 1315 4326 aliasque
1346 4257 1599 4326 humanas
1645 4261 1855 4326 natura!
1887 4252 2118 4310 infirmi-

526 4333 699 4387 tates,
725 4340 821 4380 seu
853 4325 1290 4395 imperfectiones
1305 4325 1576 4381 divinitati
1593 4325 1813 4395 ascribi,
1846 4326 2115 4380 Verbum-

525 4409 638 4475 que
660 4395 901 4475 divinum
921 4394 1178 4475 passibile
1196 4396 1324 4475 dici,
1342 4397 1586 4475 reposuit
1605 4394 1864 4475 Cyrillus,
1891 4395 2120 4475 in_§_cri-

532 4465 709 4535 pturis
739 4466 938 4537 ubique
960 4467 1085 4537 legi,
1108 4468 1252 4536 quod
1273 4465 1437 4522 Pater
1457 4465 1695 4537 ctelestis
1718 4465 1894 4534 ipsum
1922 4465 2119 4522 Filium

528 4534 605 4618 ex
632 4536 797 4618 scab
821 4534 1305 4618 :cternogenitum
1346 4537 1498 4617 hisee
1523 4534 1776 4590 omnibus
1810 4538 2114 4618 tradiderit,

1687 3267 1767 3322 nis
1796 3257 1855 3321 in
1899 3257 2117 3323 excelsis
2143 3257 2189 3321 C

2219 1943 2284 1983 ea
2331 1942 2451 1997 qua:
2490 1929 2560 1983 ad
2586 1928 2816 1983 salutem
2842 1935 3090 1997 nostram
3121 1927 3349 1992 faciunt,
3386 1928 3682 1983 secundum
3709 1942 3811 1981 na—

2217 1996 2397 2054 turam
2440 1998 2681 2054 divinam
2728 1996 3076 2068 perfecisset,
3128 2000 3175 2053 si
3225 2000 3532 2054 secundum
3558 2009 3817 2053 naturam

2216 2072 2511 2125 humanam
2561 2076 2796 2123 mortem
2846 2068 3019 2123 nostri
3073 2085 3239 2124 causa
3277 2086 3384 2125 non
3436 2068 3814 2124 sustinuisset.

2216 2141 2471 2197 Traditur
2493 2155 2725 2211 namque
2759 2149 2989 2195 mortem
3010 2142 3188 2211 primo
3210 2141 3502 2210 oppetiisse
3534 2148 3595 2194 ut
3614 2140 3818 2205 homo;

2216 2227 2343 2266 mox
2370 2226 2501 2265 vero
2518 2226 2616 2280 per
2644 2210 2729 2273 id,
2756 2211 2898 2279 quod
2921 2210 3018 2265 sua
3039 2219 3231 2265 natura
3255 2220 3341 2268 est
3363 2211 3528 2275 Deus,
3560 2210 3617 2266 in
3637 2211 3817 2264 vitam

2214 2281 2394 2338 denuo
2421 2281 2665 2337 rediisse.
2701 2280 2758 2336 Si
2785 2282 2948 2351 igitur
2975 2290 3206 2336 mortem
3231 2283 3531 2338 secundum
3560 2282 3819 2350 Scriptu-

2216 2368 2308 2409 ras
2334 2368 2563 2422 corpore
2592 2367 2699 2407 non
2730 2352 2987 2423 pertulit,
3029 2368 3207 2423 neque
3250 2352 3447 2423 spiritu
3504 2351 3821 2406 viviﬁcatus

2216 2368 2308 2409 ras
2334 2368 2563 2422 corpore
2592 2367 2699 2407 non
2768 2366 2987 2418 ertunt,
3029 2368 3207 2423 neque
3250 2366 3447 2423 Spll‘llu
3504 2366 3813 2406 vivmcatus

2216 2424 2415 2479 revisit
2437 2437 2673 2494 quoque.
2706 2366 2859 2489 (food
2887 2423 2932 2477 si
2964 2424 3094 2479 vero
3138 2424 3193 2476 in
3219 2424 3389 2478 vitam
3415 2440 3526 2479 non
3554 2436 3813 2477 resurre-

2217 2504 2327 2559 ιιι,
2382 2495 2515 2550 ﬁdes
2544 2501 2730 2550 nostra
2764 2509 2905 2563 vana
2926 2504 3031 2558 est,
3064 2494 3197 2548 etin
3241 2495 3481 2563 peccatis
3506 2495 3815 2549 etiamnum

2216 2564 2416 2636 sepulti
2436 2563 2701 2632 iacemus.
2733 2563 2871 2618 Nam
2896 2562 3050 2636 iuxta
3076 2565 3221 2619 beati
3242 2562 3399 2621 Pauli
3423 2564 3732 2620 doctrinam
3754 2564 3821 2618 iu

2216 2635 2449 2691 martem
2480 2636 2621 2690 illius
2666 2635 2930 2707 baptizati
2965 2651 3185 2707 sumus;
3238 2643 3822 2707 peccatorumquam-

2215 2707 2530 2761 missionem
2552 2722 2652 2776 pcr
2670 2703 2988 2776 sanguinem
3014 2706 3161 2761 illius
3180 2703 3535 2761 obtinuimus.
3559 2724 3580 2758 ι
3611 2703 3821 2776 Eadem

2216 2785 2375 2847 urget
2410 2786 2465 2831 et
2492 2775 2643 2831 num.
2696 2776 2801 2843 26,
2832 2775 3072 2847 dicitque
3110 2786 3343 2831 mortem
3382 2777 3693 2832 nullatenus
3720 2775 3824 2830 de-

2217 2855 2500 2909 structam,
2536 2855 2650 2910 aut,
2679 2848 2825 2917 quod
2847 2847 2989 2901 idem
3020 2856 3124 2913 est,
3148 2848 3573 2903 satisfactionem
3595 2847 3820 2916 plenam

2215 2933 2317 2986 pro
2344 2918 2585 2988 peccatis
2607 2918 2811 2973 nostris
2838 2918 3139 2988 praestitum
3182 2936 3291 2974 non
3320 2933 3463 2983 esse,
3494 2917 3601 2972 nisi
3631 2917 3824 2987 ipsum

2218 2989 2457 3044 Verbum
2480 2989 2722 3043 divinum
2754 2996 2985 3043 mortem
3008 3005 3108 3045 pro
3138 2990 3296 3045 nobis
3322 2989 3378 3043 in
3404 3003 3571 3045 carne
3600 3002 3819 3043 assum-

2216 3067 2309 3130 pta
2355 3058 2615 3114 tolerasse
2656 3067 2950 3130 statuatur.
2994 3057 3076 3115 En
3115 3062 3239 3130 ejus
3264 3061 3431 3115 verba
3462 3075 3476 3114 :
3516 3078 3535 3110 ι
3565 3057 3738 3114 Porro
3764 3057 3819 3113 si

2218 3127 2396 3200 neque
2422 3145 2583 3185 verus
2616 3130 2711 3185 Dei
2758 3127 2927 3185 Filius
2963 3138 3048 3185 est
3091 3127 3378 3195 Christus,
3410 3144 3586 3200 neque
3610 3137 3816 3184 natura

2221 3199 2381 3272 Deus,
2416 3200 2509 3272 sed
2537 3216 2690 3270 teque
2716 3215 2782 3256 ac
2810 3215 2909 3256 nos
2936 3200 3071 3255 nihil
3097 3201 3269 3265 aliud,
3306 3217 3467 3272 quam
3504 3201 3689 3272 homo,
3718 3206 3823 3253 aut

2221 3271 2518 3343 divinitatis
2575 3269 3026 3338 instrumentum;
3086 3269 3430 3343 nequaquam
3480 3287 3585 3343 per
3632 3269 3814 3343 Deum

2218 3340 2443 3413 salutem
2482 3343 2756 3397 consecuti
2790 3358 3008 3408 sumus;
3045 3343 3139 3397 sed
3170 3340 3267 3413 per
3286 3340 3448 3408 cum,
3481 3340 3595 3413 'qui
3637 3340 3822 3396 nostri

2218 3410 2411 3466 similis
2437 3414 2609 3469 nostri
2655 3428 2816 3467 causa
2864 3422 3145 3478 mortuus,
3170 3410 3504 3483 alteriusque
3518 3410 3732 3467 'virtute
3759 3420 3822 3467 et

2216 3490 2483 3555 potestate
2512 3483 2870 3555 resuscitatus
2894 3494 3008 3555 est.
3043 3483 3323 3555 Quomodo
3356 3500 3486 3555 ergo
3513 3499 3662 3555 mors
3710 3497 3821 3553 per

2218 3554 2498 3625 Christum
2541 3554 2773 3625 devicta»
2799 3554 3032 3609 dicitur?
3076 3554 3255 3625 Atque
3291 3554 3569 3625 Christum
3608 3554 3675 3625 de
3714 3568 3821 3609 sua

2218 3624 2400 3678 anima
2428 3624 2498 3677 ita
2524 3623 2967 3695 pronuntiantem
2994 3623 3212 3681 audio}
3258 3625 3431 3680 Nemo
3452 3624 3588 3679 tollit
3608 3623 3759 3695 illam
3781 3642 3820 3679 a

2218 3711 2318 3757 me,
2363 3695 2455 3766 sed
2476 3694 2569 3765 ego
2598 3711 2737 3766 pono
2773 3711 2890 3749 eam
2921 3712 2955 3749 a
2986 3711 3097 3761 me;
3136 3700 3444 3766 potestatem
3480 3697 3617 3749 enim
3640 3694 3819 3766 habeo

2216 3765 2443 3835 ponendi
2458 3765 2606 3827 eam,
2619 3776 2667 3818 et
2684 3774 2989 3834 potestatem
3008 3765 3174 3820 habeo
3192 3782 3403 3820 rursum
3427 3765 3668 3820 sumendi
3690 3782 3819 3820 eam

2242 3835 2404 3907 Joan.
2422 3852 2475 3897 x,
2503 3835 2614 3907 18).
2640 3836 2901 3902 Quienim
2924 3844 3152 3892 mortem
3179 3836 3477 3901 nesciebat,
3506 3837 3595 3891 ille
3618 3850 3823 3891 secun-

2258 3921 2345 3959 um
2374 3908 2647 3975 propriam
2680 3921 2900 3961 carnem
2929 3907 2983 3960 in
3006 3915 3235 3961 mortem
3267 3908 3522 3963 omnibus
3567 3922 3820 3963 commu-

2219 3991 2343 4049 nem
2366 3991 2425 4030 se
2448 3975 2663 4045 abiecit,
2688 3993 2798 4047 quo
2835 3985 2890 4049 et
2930 3992 3029 4049 nos
3054 3993 3269 4049 quoque
3310 3994 3439 4049 una
3466 3995 3591 4034 cum
3623 3978 3716 4049 illo
3742 3980 3817 4034 ad

2219 4046 2385 4102 vitam
2411 4046 2838 4118 resurgeremus.
2857 4046 3235 4103 Revixit’eniin
3256 4048 3575 4117 despoliatis
3598 4048 3817 4116 inferis,

2219 4132 2328 4173 non
2352 4125 2627 4173 utnostrue
2643 4119 2971 4174 conditionis
2999 4121 3182 4183 homo,
3208 4119 3303 4175 sed
3322 4128 3383 4173 ut
3404 4118 3549 4175 Deus
3565 4121 3620 4174 in
3646 4135 3818 4177 carne

2219 4188 2500 4261 nobiscum
2520 4197 2577 4243 et
2603 4205 2768 4261 supra
2807 4205 2925 4244 nos.
2952 4187 3201 4246 Obtinuit
3238 4197 3419 4245 autem
3450 4191 3506 4245 iu
3550 4192 3667 4261 ipso
3694 4200 3819 4245 tan-

2218 4274 2381 4328 quam
2412 4260 2468 4314 in
2494 4260 2672 4330 capite
2707 4260 3192 4331 incorruptionem.
3237 4261 3484 4316 Contrita
3533 4260 3618 4317 est
3662 4278 3819 4317 mors

2218 4345 2464 4403 quoque,
2494 4329 2629 4403 dum
2653 4332 2890 4400 corpori,
2916 4329 3058 4403 quod
3087 4332 3257 4403 ipsius
3280 4332 3407 4403 vita:
3436 4340 3574 4398 erat,
3603 4333 3817 4389 hostili-

2220 4407 2303 4472 ter
2330 4401 2571 4456 insultat.
2599 4400 3064 4467 Quemadmodum
3091 4400 3236 4457 enim
3275 4402 3367 4457 illa
3394 4418 3495 4472 per
3520 4403 3694 4457 Adam
3723 4404 3815 4458 vi-

2219 4470 2311 4535 cit,
2345 4472 2417 4526 ita
2468 4486 2568 4535 per
2605 4472 2881 4527 Christum
2912 4472 3180 4527 debellata
3218 4470 3449 4528 corruit.
3484 4494 3503 4526 ›
3550 4472 3708 4528 Tom.
3738 4473 3816 4530 ιν

2218 4541 2384 4616 Cone.
2412 4541 2515 4597 col.
2553 4541 2659 4596 6M
2679 4551 2735 4616 et
2761 4542 2850 4616 15.
2879 4542 3121 4616 Ulterius
3155 4558 3223 4598 ex
3242 4543 3435 4616 yerbis
3459 4544 3704 4616 Apostoli
3740 4545 3817 4599 ad

529 4605 827 4687 feceritque
857 4605 1153 4662 obnoxium
1179 4624 1195 4671 ;
1236 4607 1427 4678 negari
1456 4607 1676 4687 insuper
1714 4608 2001 4662 veritatem
2029 4608 2110 4663 in—
2140 4619 2191 4680 ι)
2212 4612 2586 4682 Philippenses
2616 4627 2632 4667 :
2663 4612 2768 4678 Qui
2801 4631 2919 4667 cum
2947 4614 3003 4667 in
3017 4612 3202 4737 [arma
3232 4613 3329 4668 Dei
3357 4605 3522 4668 esset:
3541 4654 3555 4669 .
3584 4655 3598 4668 .
3627 4616 3811 4668 humi-

529 4676 865 4730 tatrnationis
890 4717 906 4737 ,
948 4692 1011 4732 ac
1038 4679 1292 4732 meritum
1324 4677 1726 4737 redemptionis,
1765 4677 1870 4732 nisi
1914 4678 2111 4733 admit-
2217 4682 2364 4737 liavit
2392 4684 2758 4737 semetipsum.
2786 4682 2956 4737 factus
2983 4700 3013 4737 ο
3050 4684 3227 4737 ediens
3264 4702 3429 4737 usauc
3457 4685 3526 4737 ad
3565 4695 3811 4737 mortem.

526 4676 865 4730 arnationis
890 4717 906 4741 ,
948 4692 1011 4732 ac
1028 4679 1292 4747 meritum
1317 4676 1726 4747 redemptionis,
1765 4677 1870 4732 nisi
1914 4678 2111 4733 admit-

529 4752 681 4819 tatur
719 4747 957 4819 Verbum
1006 4746 1246 4819 divinum
1298 4748 1401 4802 ista
1454 4746 1797 4819 incorpore,
1846 4748 2114 4819 quodper

528 4815 791 4888 unionem
820 4816 923 4888 sibi
950 4817 1181 4873 reddidit
1200 4818 1505 4888 proprium,
1531 4815 1884 4883 sustinuisse}
1912 4815 2114 4875 exinde

529 4895 714 4941 tamen
740 4886 869 4941 illud
899 4897 1009 4941 tam
1026 4886 1217 4957 parum
1237 4886 1465 4943 mortale
1496 4888 1709 4942 censeri
1738 4903 1916 4958 posse,
1949 4904 2113 4957 quam

528 4971 725 5030 parum
761 4959 1008 5030 mortalis
1038 4958 1339 5030 sitanima,
1363 4959 1498 5030 licet
1540 4966 1771 5030 mortem
1805 4960 1859 5011 in
1888 4975 2115 5030 corpore

567 5027 789 5100 aliatur.
822 5046 840 5078 ι
872 5028 1071 5100 Verum
1098 5026 1206 5097 quo
1229 5029 1443 5100 planius
1473 5028 1567 5083 fiat
1594 5027 1759 5100 (aitin
1790 5026 2017 5099 epistola
2047 5031 2114 5084 ad

585 5099 823 5151 onaebns
850 5097 1089 5169 .Egypti,
1130 5097 1280 5153 num.
1307 5099 1399 5172 24)
1439 5100 1583 5172 quod
1604 5097 1840 5172 dicitur,
1882 5116 2019 5172 age,
2060 5110 2115 5155 et

530 5168 586 5220 in
625 5176 881 5240 instram
933 5168 1147 5239 quoque
1196 5168 1429 5225 mortem
1471 5168 1836 5240 inquiramus,
1869 5168 2114 5240 ejusdem

531 5238 801 5313 rationem
818 5238 1067 5313 accurate
1090 5241 1520 5295 consideremus.
1543 5238 1798 5313 Nunquid
1818 5238 1947 5313 ergo
1969 5257 2114 5313 mor-

529 5309 722 5361 talium
748 5309 1016 5378 quispiam
1049 5325 1180 5364 saua
1209 5318 1389 5364 mente
1419 5309 1754 5380 utens,_dum
1779 5309 1977 5380 corpus
2010 5312 2113 5367 hoc

530 5386 808 5452 terrenum
838 5381 1221 5451 exstinguitur,
1275 5396 1532 5452 unacum
1566 5378 1669 5452 illo
1698 5378 2112 5452 ipsam—quoque

529 5448 770 5521 animam
797 5448 1066 5521 exstingui
1100 5452 1313 5506 credit?
1351 5449 1467 5505 Non
1492 5448 1769 5515 existimo,
1801 5451 1884 5505 vel
1914 5448 2109 5508 uni'ex

530 5519 783 5591 omnibus
808 5520 861 5573 id
890 5519 1011 5577 esse
1038 5524 1356 5591 persuasum
1390 5539 1402 5573 :
1441 5529 1496 5574 et
1526 5528 1726 5583 tamen,
1776 5522 1919 5590 quod
1964 5537 2112 5578 com-

531 5590 769 5644 muniter
794 5590 1056 5647 accidere
1086 5591 1255 5656 solet,
1312 5607 1421 5645 non
1452 5591 1716 5659 corporis,
1755 5592 1850 5645 sed
1877 5593 2113 5650 hominis

530 5674 682 5714 mors
714 5662 1031 5734 appellatur.
1066 5663 1146 5716 Ad
1183 5677 1307 5716 eum
1335 5663 1515 5734 itaque
1542 5660 1761 5734 modum
1786 5670 1849 5734 Aet
1878 5662 1944 5734 de
1997 5666 2113 5734 ipso

528 5743 746 5802 quoque
777 5732 1123 5802 Emmanucle
1145 5741 1355 5787 statuas
1384 5732 1527 5786 licet.
1556 5732 1687 5784 Erat
1710 5732 1855 5786 enim
1878 5732 2111 5790 Verbum

529 5798 585 5853 in
613 5798 696 5861 eo,
729 5800 873 5871 quod
903 5820 967 5858 ex
994 5805 1220 5858 muliere
1243 5810 1556 5871 susceptum
1593 5810 1741 5865 erat,
1770 5810 2028 5871 tanquam
2058 5808 2113 5861 iu

530 5873 747 5942 “minio
770 5892 1021 5948 corpore;
1050 5876 1151 5931 hoc
1183 5874 1359 5944 ipsum
1382 5882 1561 5928 autem
1576 5886 1770 5941 corpus
1784 5872 1952 5945 988
1979 5892 2114 5945 ,ιν-ω-

2217 4682 2364 4737 liavit
2392 4684 2725 4752 semetipsum
2744 4725 2758 4748 ,
2784 4682 2956 4753 factus
2983 4682 3227 4738 obediens
3264 4702 3429 4755 usque
3457 4685 3526 4738 ad
3565 4695 3815 4752 mortem,

2217 4762 2437 4827 mortem
2467 4762 2643 4827 autem
2672 4755 2844 4808 crucis
2862 4796 2877 4821 ,
2911 4754 3263 4827 ctc.,probat
3288 4754 3464 4827 ipsum
3488 4755 3683 4827 Filium
3712 4771 3815 4812 seu

2219 4823 2456 4877 Verbum
2484 4823 2725 4877 divinum
2772 4834 3006 4879 mortem
3039 4823 3094 4878 in
3129 4823 3438 4881 forma—sibi
3468 4826 3619 4881 unita
3647 4829 3817 4883 susti~

2220 4893 2425 4960 nuisse,
2450 4902 2505 4965 et
2530 4894 2678 4948 Patri
2709 4895 2763 4949 in
2791 4910 3009 4949 crucem
3034 4910 3205 4965 usque
3231 4897 3574 4953 obedientem
3600 4897 3813 4955 factum

2221 4978 2361 5038 esse.
2411 4984 2430 5016 ι
2456 4963 2760 5038 Considera
2786 4965 2953 5038 igitur
3005 4963 3204 5038 (inquit
3232 4966 3329 5021 lib.
3359 4982 3394 5038 v
3420 4968 3681 5023 adversus
3703 4967 3817 5024 Ne-

2223 5035 2471 5103 Storium)
2508 5044 2566 5089 ut
2609 5036 2678 5099 is,
2709 5038 2800 5105 qui
2830 5037 2883 5089 in
2911 5035 3087 5091 forma
3116 5037 3211 5090 Dei
3257 5046 3314 5092 et
3357 5037 3535 5093 Patris
3558 5046 3696 5102 erat,
3748 5047 3821 5098 ut

2219 5113 2344 5172 pote
2367 5105 2528 5180 Deus,
2553 5106 2641 5160 ille
2667 5108 2955 5180 character
2976 5114 3033 5161 et
3072 5107 3243 5177 figura
3273 5109 3593 5164 substantia:
3646 5108 3769 5180 ejus
3788 5152 3807 5173 ,

2218 5183 2274 5248 et
2293 5176 2385 5248 qui
2415 5175 2562 5231 nullo
2598 5178 2757 5248 modo
2788 5178 2968 5231 minor
2988 5175 3133 5241 erat,
3152 5194 3274 5231 cum
3299 5194 3399 5248 per
3414 5180 3596 5233 omnia
3622 5175 3713 5244 sit,
3755 5192 3818 5237 et

2220 5245 2554 5319 intelligatur
2581 5247 2826 5316 aequalis,
2869 5248 3231 5319 exinaniverit
3258 5245 3639 5319 semetipsum,
3669 5261 3725 5307 et
3755 5253 3815 5309 in

2218 5315 2579 5389 humilitatem
2604 5315 2796 5387 sponte
2830 5318 3129 5373 demiserit.
3161 5316 3278 5373 Jam
3302 5315 3554 5389 quisnam
3584 5322 3655 5376 sit
3683 5324 3812 5377 exi-

2218 5386 2515 5457 nanitionis
2543 5386 2754 5453 modus,
2786 5404 3014 5457 expone,
3041 5386 3504 5457 quomodo'etiani
3531 5392 3602 5446 sit
3633 5394 3817 5448 humi~

2218 5455 2401 5529 liatus,
2429 5457 2658 5511 formam
2689 5460 2831 5513 servi
2857 5455 3153 5529 accipiens,
3190 5471 3244 5513 et
3276 5476 3447 5529 usque
3476 5463 3542 5515 ad
3575 5473 3813 5520 mortem

2216 5526 2392 5582 factus
2420 5529 2697 5593 obediens,
2731 5538 2959 5584 mortem
2981 5526 3182 5583 'autcm
3217 5526 3415 5585 crucis.
3460 5532 3540 5585 An
3588 5549 3697 5588 non
3728 5545 3818 5590 est

2214 5598 2466 5669 omnibus
2490 5599 2711 5653 evidens
2742 5600 2792 5652 id
2824 5601 3117 5665 humiliari,
3140 5601 3282 5669 quod
3314 5600 3546 5656 sublime
3576 5604 3667 5669 sit,
3699 5621 3815 5661 non

2214 5669 2358 5735 quod
2382 5668 2708 5724 intrinsecus
2730 5678 2783 5722 et
2808 5687 2874 5726 ex
2912 5681 3104 5725 natura
3132 5668 3458 5726 submissum
3479 5682 3533 5726 et
3559 5668 3805 5732 humile?

2216 5737 2295 5811 Id,
2326 5739 2629 5811 nisifallor,
2658 5740 2951 5811 exinaniri,
2978 5743 3119 5811 quod
3145 5742 3362 5811 plenum
3403 5744 3497 5805 sit,
3528 5755 3583 5798 ct
3606 5745 3814 5803 nullius

2218 5810 2296 5862 rei
2346 5809 2615 5882 indigeat?
2656 5810 2787 5882 Illud
2836 5809 3006 5866 etiam
3043 5809 3292 5880 accipere
3346 5815 3489 5867 servi
3530 5814 3765 5872 formam
3795 5860 3813 5882 ,

2220 5880 2363 5942 quod
2408 5890 2531 5937 ante
2561 5882 2709 5936 illam
2742 5880 2905 5938 fuerit
2934 5884 3231 5939 secundum
3265 5890 3511 5938 naturain
3538 5880 3817 5945 liberum?
