4122 6546
298 325 397 379 815

925 325 1296 384 ENHUEBER
1336 329 1647 386 DISSERT.
1690 329 1777 385 DE
1818 328 2095 385 Il.-IZRESI
2136 328 2449 385 ELIPANDI
2491 327 2579 383 ET
2615 326 2896 385 FELICIS.

3426 283 3563 385 .4”

290 441 442 514 Illum
496 437 661 493 etiam
700 437 974 514 hominem
1024 441 1283 514 inveniri,
1346 444 1438 514 qui
1475 445 1527 499 id
1569 459 1672 499 non
1717 454 1864 511 erat,
1896 451 1941 506 Α
1972 445 2306 500 revelantcm
2360 440 2440 499 eis
2476 442 2735 514 Spiritum
2792 450 3076 514 sanctum,
3138 444 3263 514 quia
3295 445 3556 509 Verbum,

289 511 607 584 priusquam
628 517 773 563 esset
794 509 1101 584 inventus?
1139 512 1269 579 Quis
1297 509 1426 584 ergo
1456 514 1543 569 ille
1567 525 1649 570 est
1678 509 1872 571 secun-l

290 578 417 654 du_m
446 586 705 654 pataram
729 578 1000 654 sublimis,
1037 584 1127 650 qui
1149 578 1387 654 Seipsum
1410 586 1476 638 ad
1502 585 1869 639 humilitatem

289 646 524 716 dejecit‘!
548 648 681 718 Quis
703 650 869 704 etiam
891 646 1104 718 plenus,
1128 660 1188 705 ut
1207 646 1515 710 e'xinanitus
1532 670 1651 711 esse
1675 654 1871 709 intelli-

287 718 486 789 gatur?
530 717 663 786 Quis
696 718 838 774 ultra
882 717 1159 776 servitutis
1194 738 1494 789 mensuras,
1546 732 1608 779 ut
1659 724 1872 780 dicatur

287 787 689 871 serviforrnam
733 789 1064 871 accepisset
1084 790 1236 859 Quis,
1260 808 1383 848 cum
1414 787 1871 871 homopriuspo-

288 859 388 913 stri
417 859 611 914 similis
632 874 738 915 non
771 859 935 925 esset,
971 861 1023 917 id
1052 861 1301 918 inventus
1327 879 1445 920 esse
1484 859 1717 920 dicitur?
1744 865 1868 921 Haec

288 929 435 1004 enim
462 929 557 1004 uni
587 945 654 985 ex
692 938 879 1004 nostro
907 946 1133 1004 numero
1182 943 1236 989 et
1270 934 1477 1004 vulgari
1514 934 1719 989 homini
1766 950 1868 990 au-

288 999 419 1054 dere
437 999 676 1054 tribuere
698 999 923 1055 stultum
943 1002 1034 1065 sit,
1066 1010 1120 1056 et
1140 999 1398 1059 extremae
1417 1005 1658 1059 omnium
1685 1020 1869 1061 amen-

288 1070 381 1124 tia:
407 1084 595 1124 revera
622 1068 877 1144 plenum_:
908 1072 1230 1144 convenient
1260 1084 1441 1129 autem
1482 1075 1758 1144 aptissime
1792 1074 1869 1131 illi

287 1153 558 1215 suprema:
578 1138 803 1215 natum.
824 1138 928 1195 Sed
951 1141 1080 1215 illud
1107 1143 1201 1198 Dei
1219 1144 1451 1215 Verbum
1468 1138 1535 1199 ei
1554 1146 1716 1200 nimia
1740 1161 1865 1215 erga

287 1224 389 1265 nos
412 1208 750 1287 benignitate
802 1217 963 1280 atque
1008 1212 1530 1287 clementiaqobtnlit
1575 1232 1672 1287 pro
1712 1208 1868 1271 nobis

306 1281 569 1353 proprian
601 1296 829 1353 corpus,
848 1290 903 1336 et
931 1292 1149 1353 accepta
1183 1284 1323 1339 servi
1361 1282 1534 1339 forma
1575 1281 1757 1341 'factus
1784 1295 1868 1343 est

430 1360 487 1422 et
505 1350 653 1405 Patri
680 1352 940 1406 obediens
967 1350 1137 1422 usque
1166 1356 1231 1409 ad
1277 1362 1505 1409 mortem
1534 1370 1549 1409 :
1581 1372 1679 1412 nec
1715 1355 1865 1412 refu-

283 1420 540 1497 giendum
583 1421 824 1497 censuit,
856 1437 962 1497 quo
1009 1420 1185 1479 minus
1210 1438 1375 1479 carne
1426 1440 1525 1497 pro
1567 1426 1723 1482 nobis
1754 1429 1865 1497 pati

283 1490 468 1555 vellet,
508 1491 757 1561 quamvis
798 1490 1048 1549 ut’Deus
1089 1502 1235 1549 esset
1279 1490 1573 1551 secutidum
1616 1490 1866 1554 naturam

282 1559 654 1650 impassibil‘is.
686 1559 965 1650 Istetvero‘
984 1562 1146 1650 stulte
1190 1566 1257 1621 de
1282 1564 1479 1650 divinis
1502 1566 1620 1634 ejus
1644 1576 1866 1650 propter

281 1646 389 1713 nos
423 1632 666 1713 cogsiliis
694 1633 989 1713 erubescit,
1019 1642 1072 1688 et
1100 1650 1259 1706 quem
1282 1632 1556 1713 honorare
1594 1632 1662 1693 se
1678 1632 1866 1713 existi-

279 1710 415 1767 mat,
448 1700 614 1775 allicit
636 1700 833 1775 injuria
877 1722 890 1758 :
946 1720 1070 1758 nam
1098 1700 1134 1759 εἰ
1153 1706 1402 1775 passione
1442 1707 1592 1762 illum
1634 1709 1860 1775 eximit,

1976 517 2119 585 quod
2146 525 2230 585 est
2257 532 2324 570 ex
2358 514 2468 568 Deo
2496 511 2676 579 Patre,
2713 511 2914 585 factum
2955 511 3311 585 homoﬁerat
3337 516 3556 585 quidem

1974 581 2029 640 et
2080 585 2158 641 sic
2204 584 2455 655 liberum,
2508 592 2761 655 tanquam
2807 581 3002 655 Filius,
3060 598 3237 655 neque
3269 581 3556 641 sic‘tamen

1974 670 2289 735 mensuram
2323 654 2589 735 sapientis
2600 650 2987 735 exinanitionis
3026 650 3555 735 repudiabatn‘con-

1975 725 2237 793 ﬁguratus
2267 720 2421 793 nobis
2450 722 2726 778 servitutis
2747 720 2878 793 jngo
2905 720 3151 793 subditis.
3187 724 3277 781 Sic
3306 736 3360 781 et
3386 724 3557 781 Deum

1973 791 2129 850 suum
2160 792 2293 849 dicit
2316 791 2551 856 Patrem,
2583 791 2832 862 quamvis
2870 800 3059 847 natura
3096 792 3237 849 Deus
3273 794 3552 862 existeret,

1970 873 2025 919 et
2048 882 2111 919 ex
2144 864 2282 934 ipso,
2304 871 2359 919 et
2384 862 2529 917 nullo
2553 861 2713 917 modo
2736 862 3004 933 gignentis
3029 864 3320 920 eminentia
3352 861 3551 921 minor.

1970 934 2108 1007 Cum
2138 933 2301 1005 igitur
2328 933 2608 1007 Nestorins
2642 934 2722 1007 sic
2763 934 2964 1007 scribat
2990 936 3054 988 de
3089 934 3303 1007 Christo
3336 950 3349 989 :
3388 935 3557 1007 Atque

1971 1005 2101 1059 adeo
2130 1002 2317 1075 passus
2336 1003 2572 1076 pontifex
2601 1002 2897 1076 misericors
2917 1046 2930 1069 ,
2962 1004 3376 1076 ufon‘viri/ieator
3416 1002 3554 1076 ejus,

1968 1076 2057 1145 qui
2086 1069 2272 1145 passus
2300 1069 2375 1128 est
2395 1069 2580 1145 ,ρεαδ
2612 1088 2631 1125 :
2671 1082 2727 1145 et
2769 1069 2935 1145 Deum
2964 1072 3164 1145 Christi
3188 1069 3556 1131 Verlium'Dci

1971 1142 2365 1217 nominaverit,
2412 1143 2605 1217 hisqpe
2631 1142 2907 1217 adiecerit.
2958 1142 3091 1217 Erat
3136 1152 3315 1200 autent
3360 1157 3407 1201 et
3444 1145 3553 1217 ipse

1968 1215 2166 1284 infans,
2196 1223 2244 1269 et
2276 1214 2494 1284 infantis
2518 1212 2779 1284 Dominus
2806 1228 2825 1265 .·
2849 1212 2949 1284 hos
2977 1212 3119 1269 illius
3143 1230 3421 1272 sermones
3446 1212 3553 1272 non

1970 1280 2140 1340 solum
2172 1280 2444 1347 indecore,
2470 1283 2565 1339 sed
2591 1290 2646 1337 et
2664 1280 2818 1353 valde
2846 1281 3010 1353 impie
3040 1284 3216 1340 dictos
3235 1286 3550 1343 asserimus.

1968 1354 2101 1409 Nam
2118 1354 2170 1424 si
2196 1354 2338 1410 Deus
2359 1352 2559 1410 Christi
2589 1361 2672 1409 est
2699 1352 3125 1424 Verbum,quod
3153 1370 3219 1409 ex
3256 1355 3366 1411 Deo
3391 1353 3555 1413 Patre

1967 1432 2073 1495 est,
2098 1423 2205 1495 duo
2223 1425 2406 1495 utique
2418 1431 2580 1495 erunt
2604 1420 2780 1495 modis
2806 1420 3056 1495 omnibus
3077 1430 3131 1495 et
3155 1424 3548 1495 indubitanter.

1967 1493 2249 1562 Quomodo
2275 1492 2457 1565 autem
2486 1492 2838 1565 intelligatur
2867 1493 3008 1550 idem
3041 1493 3220 1565 infans
3249 1506 3306 1550 et
3333 1494 3554 1554 infantis

1967 1565 2226 1649 Dominus
2240 1564 2405 1649 {Non
2428 1562 2592 1649 igitur
2614 1562 2902 1649 dicetur‘ct
2931 1564 3307 1649 spimetipsius.
3320 1566 3462 1649 Deus
3488 1585 3551 1649 ac

1965 1632 2241 1707 Dominus
2266 1631 2581 1707 Emmanuel
2608 1673 2623 1699 ,
2670 1632 3123 1707 quandoquidem
3146 1631 3437 1707 ipse_idcm
3481 1639 3555 1695 si-

1968 1706 2077 1760 mul
2098 1716 2182 1761 est
2211 1704 2355 1761 Deus
2390 1714 2444 1760 et
2472 1706 2655 1771 homo,
2681 1703 2971 1775 postquam
3002 1703 3236 1760 Verbum
3265 1705 3360 1762 Dei
3388 1707 3553 1763 homo

279 1773 499 1856 tametsi
526 1773 859 1856 nemo_i.l_lum
887 1775 939 1828 in
965 1772 1287 1856 su-ana‘tuﬂra.
1308 1792 1525 1846 passum
1555 1779 1701 1856 dicat
1723 1797 1742 1856 :_
1760 1772 1864 1835 nec
1896 1798 1937 1856 Β
1966 1776 2170 1856 factum
2206 1784 2263 1831 et
2296 1776 2633 1856 incarnatqm
2664 1772 2767 1831 est.
2795 1772 2947 1843 Quod
2975 1783 3154 1856 autem
3198 1776 3373 1856 deitas
3399 1778 3550 1856 aliud

278 1843 450 1898 sentit
488 1858 548 1898 se
584 1844 902 1913 prohibere,
926 1861 994 1900 ne
1022 1844 1173 1901 illum
1199 1843 1532 1902 Salvatorem
1554 1856 1609 1903 et
1628 1848 1862 1905 Redem-

278 1923 497 1989 ptorem
526 1915 904 1989 universorum
942 1918 1299 1989 confiteamur
1322 1957 1337 1982 ,
1380 1919 1425 1973 si
1456 1919 1503 1975 is
1530 1960 1543 1980 .
1568 1934 1669 1989 per
1697 1934 1859 1989 quem

278 1982 495 2046 salvati,
530 1994 587 2060 e_t
614 1999 711 2054 per
727 1984 892 2060 cuius
930 1988 1295 2060 venerandam
1338 1982 1859 2060 crucem'rede'mpti

280 2068 493 2127 sumus,
518 2053 655 2127 alter
691 2056 759 2127 ab
793 2053 885 2109 illo
918 2056 990 2111 sit
1029 2058 1246 2127 proprie
1270 2074 1334 2113 ac
1356 2060 1583 2113 seorsim
1612 2053 1861 2115 Filius'et

280 2122 564 2195 Dominus.
587 2124 666 2179 Ac
688 2125 734 2180 si
755 2134 838 2179 est
860 2122 1307 2195 homo—simplex,
1333 2138 1390 2182 et
1421 2144 1524 2184 non
1548 2130 1603 2185 in
1625 2131 1860 2185 humana

277 2192 456 2269 forma
495 2195 667 2269 ipsum
697 2210 761 2250 ex
804 2195 924 2269 Dee
950 2197 1109 2252 Patre
1149 2192 1384 2253 Verbum
1414 2202 1691 2269 apparuit,
1738 2215 1862 2269 pro—

277 2265 428 2340 deat,
451 2267 722 2340 ostendat,
748 2274 801 2340 et
823 2266 876 2320 in
900 2265 1069 2340 forma
1100 2270 1271 2337 ipsum
1300 2284 1419 2324 esse
1448 2265 1519 2325 et
1553 2265 1862 2340 aequalitate

277 2333 463 2407 Patris
506 2337 635 2406 (non
677 2336 821 2407 enim
870 2333 1133 2407 rapinam"
1170 2340 1467 2394 arbitratus
1507 2350 1591 2396 est
1617 2333 1763 2397 'esse
1802 2357 1861 2397 se

275 2405 540 2475 aqualem
562 2406 695 2477 Deo)
722 2414 776 2482 et
800 2405 1238 2482 praeterea__servi
1270 2409 1502 2482 formam
1538 2413 1813 2482 accepisse
1840 2454 1856 2477 ,

278 2483 541 2550 tanquam
572 2477 975 2550 nonhabuerit
1031 2479 1319 2550 aliquando
1347 2522 1361 2543 ,
1424 2490 1478 2535 et
1526 2477 1857 2537 exinanitum

277 2544 471 2611 fuisSe,
494 2549 665 2617 utqui
690 2548 743 2601 in
806 2549 980 2618 ropria
1017 2544 1208 2604 natura
1244 2551 1628 2619 plenitudinem
1658 2553 1860 2608 habue-

277 2615 371 2670 rit.
410 2637 428 2669 ι
470 2617 625 2672 Tom.
668 2563 916 2674 VIBDer.
950 2619 1042 2674 fol.
1079 2621 1198 2674 127.
1229 2621 1460 2674 Rursum
1492 2630 1548 2674 et
1576 2638 1641 2674 et
1678 2626 1860 2674 verbis

277 2615 371 2688 rit.
410 2637 428 2669 ι
470 2615 625 2688 Tom.
668 2615 916 2688 VIOper.
950 2619 1042 2674 fol.
1079 2621 1198 2676 127.
1229 2615 1460 2676 Rursum
1492 2630 1548 2676 et
1576 2638 1641 2677 et
1678 2626 1860 2679 verbis

276 2686 521 2763 ejusdem
542 2686 816 2763 Apostoli,
840 2689 996 2763 Rom.
1024 2707 1121 2744 vm
1146 2709 1183 2763 μεθ
1203 2691 1307 2756 Qui
1335 2694 1491 2746 etiam
1528 2695 1736 2763 proprio
1768 2693 1859 2748 Fi-

276 2754 351 2831 l_io
378 2774 484 2811 non
511 2754 769 2831 pepercit,
799 2760 890 2813 sed
936 2778 1030 2831 pro
1067 2754 1491 2816 nobis—omnibus
1528 2754 1753 2817 tradidit
1792 2764 1860 2818 il-

276 2825 407 2890 lum,
427 2825 559 2894 etc),
574 2825 832 2884 eamdem
854 2825 1137 2887 veritatem
1158 2834 1370 2899 probat,
1393 2833 1445 2886 in
1473 2833 1615 2888 hunc
1642 2836 1857 2889 modum

276 2907 707 2979 argumentatus
746 2918 784 2979 :_
817 2919 835 2950 ι
870 2900 927 2955 Si
981 2902 1123 2979 Deus
1149 2901 1310 2979 Pater
1334 2903 1610 2979 proprium
1629 2904 1854 2979 Filium,

276 2968 431 3023 illum
459 2969 631 3039 ipsum
656 2971 931 3042 nimirum,
970 2972 1062 3042 qui
1083 2985 1151 3026 ex
1180 2968 1351 3028 illius'
1372 2968 1674 3029 substantia
1701 2968 1864 3031 ortus

273 3045 380 3103 est,
401 3054 509 3114 pro
534 3042 692 3097 nobis
714 3041 933 3114 donavit
956 3041 1142 3114 {ergo
1167 3058 1364 3112 corpus
1384 3085 1399 3108 ,
1440 3045 1583 3113 quod
1624 3056 1861 3101 mortem

274 3110 555 3177 sustinuit,
577 3113 853 3186 proprium
874 3112 1016 3186 illius
1040 3110 1176 3177 erat,
1207 3110 1304 3186 qui,
1318 3110 1614 3169 secundum
1634 3131 1852 3172 carnem

274 3194 471 3250 passus
497 3192 581 3237 est
628 3183 776 3257 (nam
802 3183 1098 3257 secundum
1144 3183 1443 3240 divinitatis
1463 3192 1714 3257 naturam
1744 3189 1853 3257 pati

274 3266 385 3335 non
415 3254 679 3335 poterat);
706 3254 779 3307 ita
806 3255 1079 3335 enim,qui
1104 3256 1397 3312 secundum
1426 3256 1617 3335 se_pat_i
1643 3254 1854 3335 nequit,

275 3318 671 3398 dispensatorie
716 3334 945 3398 mortem
975 3318 1265 3396 perpessus
1313 3336 1433 3398 est._
1481 3318 1855 3398 Proinde'qui

274 3406 443 3447 unum
466 3394 522 3448 in
544 3396 679 3449 duos
698 3394 1023 3465 dispertiunt
1040 3438 1053 3463 ,
1074 3394 1271 3466 aperte
1310 3396 1603 3466 impietatis
1628 3394 1857 3455 crimine

276 3476 399 3517 sese
433 3467 810 3535 constringunt
851 3484 865 3520 :
906 3468 1349 3538 quandoquidem
1379 3468 1424 3523 si
1461 3477 1543 3522 est
1569 3468 1731 3523 homo
1759 3485 1856 3538 per

276 3547 336 3607 se
365 3542 422 3607 et
464 3539 759 3591 secundum
801 3551 859 3591 se
888 3536 1122 3601 divisim,
1152 3536 1231 3593 ‘et
1276 3554 1383 3592 non
1428 3538 1718 3607 ipsummet
1760 3536 1854 3593 Dei

276 3602 515 3677 Xerbum
540 3622 705 3661 carne
736 3607 1000 3673 indutum,
1050 3608 1212 3663 Pater
1248 3602 1521 3677 propritim
1560 3623 1657 3677 pro
1700 3610 1856 3665 nobis

274 3671 483 3751 {ilium
489 3677 705 3751 dedisse
732 3692 836 3751 non
860 3671 1150 3751 invenitur.
1189 3699 1207 3732 ι
1249 3671 1310 3733 In
1338 3671 1460 3734 Lib.
1500 3671 1575 3734 ad
1596 3679 1848 3751 Reginas,

278 3742 433 3798 Tom.
464 3748 529 3802 IV
544 3746 709 3803 Cone.
740 3748 843 3803 col.
869 3747 991 3803 770.

348 3814 460 3871 XII.
504 3816 686 3891 {psum
738 3818 972 3891 Verbum
1007 3828 1219 3891 prapter
1257 3820 1483 3891 formam
1531 3830 1854 3891 assumptam

276 3901 479 3943 servum
506 3886 686 3943 Patris
712 3889 817 3942 dici
840 3886 1082 3943 ostendit.
1105 3886 1282 3944 Verbi:
1308 3890 1561 3944 Nestorii.
1584 3886 1853 3945 —Asser-

277 3961 411 4018 tioni
442 3960 656 4016 demum
682 3960 1120 4015 Nestorianorum
1145 3961 1442 4024 Christum,
1471 3970 1737 4029 quatenus
1762 3962 1855 4017 ho-

278 4049 369 4088 mo
398 4040 500 4095 est,
551 4029 645 4085 Dei
678 4046 891 4085 servum
929 4031 1312 4100 appellantium
1336 4072 1350 4091 ,
1388 4032 1462 4086 ita
1491 4039 1549 4085 ut
1578 4034 1716 4085 servi
1749 4033 1855 4087 for-

277 4120 385 4169 ma,
417 4117 577 4171 quam
606 4101 773 4156 Filius
803 4101 900 4156 Dei
924 4101 1198 4172 accepisse
1241 4101 1466 4172 dicitur,
1499 4102 1597 4156 soli
1635 4118 1852 4156 rursum

276 4180 557 4243 assumpto
592 4173 796 4227 homini
836 4173 1169 4236 conveniret,
1195 4172 1415 4242 opponit
1439 4171 1688 4242 Cyrillus,
1717 4174 1850 4227 alie-

276 4261 403 4300 nam
426 4257 650 4315 prorsus
672 4257 791 4297 esse
822 4243 961 4315 hanc
985 4244 1377 4315 expositionem
1408 4258 1437 4315 a
1478 4252 1657 4315 mente
1690 4243 1852 4315 Pauli

276 4311 527 4371 testantis
572 4314 838 4374 eumdem,
871 4312 963 4383 qui
985 4312 1053 4383 ab
1081 4322 1286 4368 aeterno
1312 4314 1365 4366 in
1399 4311 1569 4367 forma
1610 4313 1701 4367 Dei
1735 4315 1853 4368 fuc-

275 4395 394 4448 rat,
424 4386 476 4439 in
507 4384 613 4438 line
642 4381 945 4453 temporum
990 4381 1221 4438 formam
1274 4384 1414 4438 servi
1466 4384 1760 4452 accepisse,
1793 4391 1853 4437 ut

273 4457 437 4529 proin
450 4456 635 4529 ipsum
665 4455 902 4529 Verbum
926 4454 981 4508 in
1009 4461 1199 4529 natura
1218 4453 1326 4529 sibi
1361 4453 1710 4529 unita‘Pa‘lris
1737 4469 1851 4529 ser-

274 4523 375 4582 vus
410 4523 512 4581 dici
543 4526 737 4580 debeat
760 4566 775 4590 ,
803 4525 905 4579 nisi
944 4525 1067 4593 quis
1092 4525 1262 4596 989
1286 4525 1461 4596 denuo
1488 4523 1766 4596 Christum
1794 4526 1847 4578 in

274 4601 412 4654 duos
439 4596 680 4653 dividere
722 4612 786 4651 ac
832 4594 1237 4665 consequenter
1270 4594 1571 4665 veritatem,
1598 4595 1849 4649 lncarna-

274 4668 441 4723 tionis
467 4675 629 4735 atque
658 4664 1039 4721 exinanitionis
1084 4667 1271 4720 tollere
1296 4664 1441 4719 velit.
1478 4684 1496 4715 ι
1530 4664 1850 4734 Unigenitus

273 4739 444 4795 Filius
467 4736 568 4809 (ait
602 4736 995 4809 inﬁdefensione
1020 4735 1456 4809 anathematismi
1497 4735 1620 4809 6_ad
1651 4752 1848 4809 repre-

273 4804 594 4866 hensionem
622 4804 969 4876 Theodoreti)
1006 4808 1096 4876 qui
1128 4807 1284 4861 estin
1313 4804 1486 4860 forma
1521 4806 1615 4859 Dei
1651 4804 1846 4870 Patris,

272 4892 331 4937 et
355 4896 523 4952 aequae
547 4894 672 4952 cum
699 4878 790 4932 illo
816 4892 1083 4952 mensura:
1112 4892 1208 4945 per
1240 4877 1441 4952 omnia,
1487 4877 1635 4952 paris
1666 4876 1851 4945 gloriae

274 4969 339 5007 ac
362 4947 529 5015 liber,
557 4947 730 5004 forma
773 4948 912 5002 servi
943 4956 1212 5017 assumpta
1251 4947 1416 5000 frater
1440 4947 1735 5015 appellatus
1768 4954 1851 5001 est

271 5038 463 5077 eorum
493 5022 586 5090 qui
612 5020 711 5075 sub
738 5018 1017 5073 servitutis
1034 5016 1167 5090 jugo
1188 5028 1361 5090 erant,
1383 5018 1499 5090 hoc
1532 5029 1615 5072 est
1641 5026 1846 5090 noster.

273 5093 461 5161 Itaque
507 5088 661 5160 quasi
702 5104 841 5144 unus
886 5104 953 5142 ex
991 5089 1147 5161 nobis
1192 5088 1563 5161 didrachmum
1594 5088 1849 5161 persolvit

273 5158 497 5219 censum
525 5158 898 5230 exigentibus,
940 5167 996 5213 et
1042 5160 1216 5213 factus
1257 5166 1341 5212 est
1387 5161 1486 5210 sub
1534 5158 1649 5226 lege
1694 5158 1850 5230 quasi

273 5236 461 5298 homo,
486 5234 577 5302 qui
604 5229 663 5285 ut
686 5232 827 5285 Deus
865 5231 1143 5302 leg'slator
1163 5239 1246 5283 est
1270 5248 1280 5280 :
1308 5230 1536 5283 docebat
1561 5236 1739 5302 autem
1769 5229 1849 5283 di-

274 5298 517 5374 scipulos
538 5318 684 5366 suos,
730 5304 854 5372 quia
883 5298 940 5356 et
976 5301 1141 5355 Filius
1169 5310 1252 5374 est
1297 5314 1456 5374 vere,_
1497 5306 1551 5352 et
1586 5299 1639 5352 in
1678 5298 1846 5352 forma

274 5369 418 5433 servi
448 5383 667 5457 propter
694 5369 911 5454 carttem
933 5414 945 5436 ,
990 5372 1214 5457 tametsi
1260 5369 1553 5423 secundum
1572 5378 1848 5457 nnatur‘am

272 5438 561 5521 propriam
588 5446 725 5499 liber
768 5445 877 5521 sit,
918 5451 1130 5521 utpote
1172 5442 1346 5503 Deus,
1382 5448 1538 5521 _et_e.\;
1570 5438 1699 5493 Deo.
1750 5440 1852 5521 Ve-

277 5511 584 5576 rumtamen
614 5517 886 5585 propriam
925 5514 1065 5567 servi
1106 5514 1335 5585 formam
1382 5511 1585 5565 habens
1631 5519 1852 5585 propter

275 5582 661 5646 exinanitionis
716 5582 1072 5647 mensuram,
1129 5583 1453 5636 tributorum
1508 5582 1851 5635 exactoribus

276 5661 523 5717 subditus
553 5667 688 5711 erat.
740 5655 1024 5722 Quocirca,
1069 5655 1112 5709 si
1141 5654 1262 5721 quis
1290 5652 1434 5706 dicat
1463 5667 1585 5706 eum
1617 5651 1851 5720 appella-

276 5742 390 5785 tum
412 5744 532 5784 esse
552 5743 766 5783 servum
793 5742 1085 5795 pervocem
1107 5731 1419 5779 sanctorum
1444 5724 1848 5795 prophetarum,

280 5803 425 5859 nullo
474 5801 630 5855 modo
675 5794 870 5854 offendi
916 5797 1068 5852 decet
1124 5814 1133 5847 :
1185 5801 1548 5864 cognoverant
1578 5794 1720 5849 enim
1757 5808 1851 5862 per

1964 1846 2219 1916 quiddam
2253 1852 2337 1901 est
2378 1842 2671 1901 secundum
2731 1842 2885 1901 suam
2919 1855 3175 1916 naturam
3200 1886 3215 1911 ,
3268 1847 3414 1903 aliud
3454 1864 3549 1902 au-

1964 1913 2075 1972 tem
2115 1918 2410 1988 secundum
2442 1924 2692 1988 naturam
2720 1931 2872 1971 suam
2916 1913 3249 1983 humanitas,
3280 1918 3555 1988 quomodo

1964 1988 2087 2057 quis
2127 1987 2499 2042 dubitaverit?
2544 1986 2922 2057 Verumtamen
2978 2000 3116 2041 unus
3162 1997 3245 2043 est
3301 1986 3552 2044 Christus

1963 2054 2027 2113 ex
2069 2058 2331 2112 ambabus
2377 2054 2594 2111 deitatis
2624 2066 2676 2110 et
2707 2054 3059 2111 humanitatis
3095 2060 3327 2123 naturis,
3359 2074 3551 2115 secun-

1962 2131 2090 2253 ῗῖἓη
2129 2128 2545 2198 dispensationis
2574 2126 2847 2184 unionem.
2886 2148 2903 2179 ι
2943 2127 3099 2183 Tom.
3138 2128 3175 2183 V
3216 2129 3406 2194 Conc.,
3436 2130 3543 2185 col.

2033 2269 2166 2323 XIII.
2199 2267 2533 2323 Calumniam
2564 2270 2628 2324 de
2662 2270 2877 2324 inducta
2902 2265 3208 2338 confusione
3235 2278 3549 2338 naturarum

1960 2340 2015 2393 in
2043 2338 2250 2393 Christo
2280 2339 2550 2409 emolitur,
2576 2347 2821 2409 accurate
2846 2335 3149 2409 exponendo
3168 2349 3427 2409 naturam
3453 2337 3547 2394 ln-

1959 2411 2302 2464 camationis.
2350 2440 2421 2449 —
2466 2400 2921 2465 Ex'istimantibus'
2958 2422 3121 2478 porro
3167 2405 3545 2475 Nestorianis,

1950 2481 2221 2551 principia
2260 2496 2291 2533 a
2322 2492 2381 2534 se
2427 2488 2629 2535 statuta
2676 2477 2984 2551 necessaria
3029 2480 3249 2551 omnino
3292 2493 3434 2545 esse,
3483 2490 3547 2535 ut

1960 2550 2263 2621 differentia
2307 2557 2624 2621 naturarum
2670 2552 2724 2605 in
2769 2550 2991 2606 Christo
3035 2550 3357 2621 salvaretur,
3387 2560 3553 2621 atque

1959 2621 2163 2675 idcirco
2191 2620 2355 2675 etiam
2380 2620 2639 2690 Cyrillum
2668 2621 2734 2675 de
2760 2621 2975 2676 inducta
3003 2619 3338 2686 confusione,
3370 2636 3435 2674 ac
3464 2619 3551 2675 re-

1958 2693 2217 2746 suscitato
2244 2689 2660 2759 Apollinarismo
2682 2689 3082 2756 accusantibus,
3111 2691 3382 2759 sequelam
3410 2691 3551 2747 hanc

1958 2777 2025 2816 ex
2047 2777 2145 2817 sua
2168 2759 2255 2814 vel
2279 2758 2534 2816 Ecclesia
2554 2763 2733 2831 potius
2754 2761 3000 2817 doctrina
3023 2758 3329 2831 nullatenus
3354 2761 3551 2816 timeo-

1958 2833 2081 2887 dam
2106 2846 2225 2886 esse
2252 2832 2487 2886 ostendit
2515 2830 2735 2887 sanctus
2758 2832 2977 2896 doctor,
3010 2830 3136 2885 dum
3167 2838 3413 2886 naturam
3453 2845 3551 2887 seu

1956 2904 2250 2973 essentiam
2281 2902 2666 2973 incarnationis
2700 2902 2944 2973 pluribus
2966 2903 3019 2957 in
3046 2900 3179 2973 locis
3201 2900 3432 2957 dilucide
3456 2917 3551 2958 ex-

1958 2974 2138 3042 ponit,
2186 2972 2366 3041 aitque
2420 2971 2852 3041 conjunctionem
2897 2982 3105 3027 natura:
3136 2972 3384 3027 humana:
3421 2989 3548 3028 cum

1956 3059 2189 3114 persona
2232 3042 2398 3114 Verbi
2434 3045 2741 3098 necessario
2773 3042 2887 3098 fieri
2915 3043 3188 3114 debuisse,
3221 3057 3342 3114 cum
3389 3056 3553 3101 secus

1962 3112 2089 3169 vera
2136 3112 2471 3177 incarnatio,
2505 3120 2596 3167 aut
2642 3121 2850 3169 natura
2892 3112 3175 3181 utriusque
3214 3113 3343 3167 unio
3374 3114 3550 3169 subsi-

1958 3193 2104 3241 stere
2135 3184 2278 3239 haud
2304 3183 2545 3250 valeret;
2588 3185 2710 3239 inde
2742 3193 2920 3238 tamen
2950 3182 3253 3237 nullatenus
3279 3182 3553 3239 confusio-

1955 3271 2079 3310 nem
2102 3253 2336 3323 aliquam
2360 3268 2453 3307 seu
2477 3256 2883 3310 conversionem
2907 3252 3203 3323 divinitatis
3224 3253 3279 3307 in
3304 3268 3547 3319 carnem,

1955 3327 2041 3380 vel
2066 3322 2301 3380 vicissim
2332 3324 2518 3380 inferri
2550 3341 2726 3395 posse.
2761 3326 2828 3379 Et
2874 3325 2927 3378 in
2977 3322 3550 3395 defensioneiquidem

1956 3395 2390 3451 anathematismi
2422 3394 2580 3464 primi
2616 3396 2955 3452 Theodoreto
2981 3394 3270 3464 respondet
3303 3394 3389 3448 bis
3426 3410 3553 3450 ver-

1953 3466 2068 3521 bis:
2109 3485 2128 3519 ‹
2165 3465 2272 3521 Sed
2298 3467 2515 3534 sapiens
2540 3475 2594 3520 et
2615 3475 2826 3523 astutus
2851 3472 3150 3529 enarrator,
3182 3480 3303 3534 qua:
3331 3465 3552 3533 quidem

1954 3537 2137 3592 dicere
2161 3536 2404 3596 decebat,
2439 3545 2493 3589 et
2516 3537 2882 3592 necessarium
2909 3542 3029 3591 erat
3052 3576 3065 3598 ,
3105 3535 3547 3605 prmtermittens,

1954 3616 2007 3663 et
2037 3608 2259 3662 omnino
2291 3609 2356 3661 de
2392 3606 2589 3663 talibus
2624 3607 2757 3662 nihil
2798 3605 3063 3677 cogitans,
3088 3606 3191 3659 alia
3236 3605 3550 3677 aggreditur

1954 3678 2060 3733 via.
2114 3676 2407 3731 Confestim
2444 3677 2589 3731 enim
2638 3693 2697 3731 se
2742 3675 3011 3733 convertit
3054 3677 3121 3730 ad
3166 3675 3547 3731 necessitatem

1953 3748 2229 3804 astruendi
2253 3747 2603 3802 conversione
2625 3748 2873 3816 superius
2894 3761 3013 3802 esse
3037 3746 3128 3800 Dei
3161 3745 3419 3816 Verbum,
3447 3760 3550 3799 nec

1955 3819 2009 3874 in
2048 3826 2297 3873 naturam
2327 3818 2508 3872 carnis
2547 3815 2991 3872 transformatum
3021 3832 3181 3871 esse:
3222 3815 3377 3874 quasi
3416 3831 3548 3871 vero

1953 3887 2438 3944 anathematismus
2485 3888 2536 3941 id
2586 3888 2874 3942 conﬁrmet
2932 3901 2997 3942 ac
3067 3885 3353 3941 ostendere
3394 3885 3541 3940 velit.

1952 3960 2149 4015 Audiat
2178 3959 2379 4027 itaque,
2408 3958 2499 4026 qui
2527 3973 2817 4013 occurrere
2844 3957 2950 4021 his,
2980 3958 3178 4027 quibus
3199 3956 3543 4027 contradicit,

1953 4031 2100 4086 nullo
2139 4026 2300 4085 modo
2346 4029 2535 4081 novit:
2574 4028 2842 4098 superflue
2891 4026 3126 4096 loqueris
3156 4026 3336 4098 homo.
3367 4026 3425 4098 'et
3455 4041 3545 4081 rc-

1951 4115 2162 4171 pugnas
2205 4099 2485 4171 sententize
2512 4096 2710 4171 odiosae
2735 4099 2900 4171 etiam
2925 4100 3085 4171 apud
3132 4112 3251 4150 nos.
3284 4096 3547 4171 Novimus

1951 4167 2096 4226 enim
2152 4169 2295 4240 quod
2351 4170 2720 4223 conversionis
2759 4167 3231 4240 obumbrationem
3276 4167 3547 4240 sustinere

1953 4243 2133 4297 divina
2158 4237 2213 4294 et
2237 4255 2487 4309 suprema
2512 4250 2702 4293 natura
2730 4256 2838 4293 non
2866 4239 3103 4308 patitur:
3131 4237 3223 4309 sed
3251 4252 3427 4307 neque
3448 4237 3541 4291 Dei

1954 4312 2192 4367 Verbum
2235 4326 2356 4365 esse
2402 4310 2656 4365 desinens
2697 4310 2820 4375 hoc,
2856 4311 3149 4379 quodest,
3196 4308 3250 4361 in
3296 4316 3544 4362 naturam

1953 4383 2167 4438 transiit
2190 4381 2388 4437 carnis.
2415 4380 2550 4447 Quia
2570 4394 2699 4435 vero
2721 4381 2819 4443 ait,
2837 4376 2984 4434 a—Dei
3008 4376 3179 4433 forma
3209 4386 3542 4447 assumptam

1954 4454 2094 4509 servi
2118 4453 2371 4515 formam,
2388 4451 2579 4506 doceat
2604 4452 2658 4505 in
2684 4451 2920 4505 medium
2939 4450 3257 4519 procedens,
3278 4447 3321 4503 si
3339 4448 3541 4516 absque

1951 4522 2316 4578 subsistentiis
2340 4521 2467 4576 sola:
2495 4529 2550 4574 et
2578 4537 2673 4589 per
2700 4537 2757 4576 se
2782 4520 2967 4575 forma:
2995 4526 3364 4589 convenerunt
3403 4519 3544 4571 inter

1952 4610 2029 4648 se.
2066 4594 2173 4647 Sed
2200 4592 2472 4657 existimo,
2502 4588 2616 4660 ipse
2650 4608 2709 4647 se
2753 4592 2934 4644 statim
2969 4598 3203 4660 evertet.
3235 4588 3375 4660 Νοιι⁸
3395 4589 3543 4643 enim

1952 4663 2331 4721 similitudines
2352 4657 2670 4730 simpliciter
2699 4678 2806 4715 non
2834 4659 3221 4724 subsistentes,
3254 4668 3309 4713 et
3352 4657 3541 4730 forma:

1950 4740 2320 4790 convenerunt
2364 4728 2508 4786 inter
2534 4748 2592 4787 sc
2630 4749 2728 4802 per
2769 4732 3022 4786 unionem
3051 4728 3495 4802 dispensatoriam
3521 4769 3537 4791 ,

1952 4806 2044 4861 sed
2072 4819 2254 4860 rerum
2294 4802 2407 4856 sive
2448 4798 2870 4857 substahtiarum
2916 4798 3212 4855 concurSus
3238 4808 3321 4854 est
3347 4798 3539 4861 factus,

1950 4884 2009 4929 ut
2037 4873 2493 4929 inhumanationis
2521 4872 2662 4926 ratio
2690 4887 2817 4926 vere
2853 4870 2996 4924 facta
3023 4870 3295 4925 credatur.
3323 4868 3465 4939 Ergo
3492 4870 3539 4923 si

1952 4946 2213 5005 dicetnus,
2243 4958 2461 4998 carnem
2492 4941 2693 4998 factum
2719 4943 2978 5006 Verbum,
3010 4956 3115 4995 non
3139 4939 3531 5000 confusionem,

1954 5032 2057 5071 non
2082 5016 2395 5077 mixturam,
2424 5030 2529 5066 non
2556 5014 2963 5068 conversionem
2991 5019 3085 5064 aut
3106 5010 3540 5063 immutationem

1951 5086 2241 5156 contigisse
2268 5084 2497 5156 dicimus
2524 5084 2892 5156 circauipsum
2916 5123 2930 5145 ,
2983 5080 3075 5156 sed
3104 5081 3335 5156 unitum
3361 5079 3541 5156 potius

1953 5148 2295 5229 itielfavbiliter
2308 5164 2365 5208 et
2379 5148 2810 5229 inenarrabiliter
2830 5152 3045 5229 corpori
3069 5151 3305 5205 animam
3323 5148 3541 5229 habenti

1952 5227 2357 5282 intellectivam.
2387 5224 2539 5289 Quod
2566 5232 2745 5278 autem
2774 5223 2914 5277 uniri
2943 5221 3160 5281 dicitur,
3203 5236 3309 5289 non
3355 5221 3539 5274 statim

1953 5297 2320 5360 confunditur,
2348 5288 2438 5349 sed
2461 5296 2641 5363 potius
2661 5294 2891 5348 alterum
2924 5292 3167 5347 assumit.
3194 5288 3540 5363 Allirmamus

1954 5369 2117 5437 igitur
2148 5367 2402 5427 Verbum,
2438 5362 2579 5433 quod
2608 5381 2675 5418 ex
2703 5364 2813 5420 Deo
2842 5364 3001 5437 Patre
3043 5370 3145 5425 est,
3179 5362 3538 5437 assumpsisse

1953 5431 2195 5493 sanctam
2227 5444 2282 5509 et
2315 5431 2609 5509 animatam
2636 5450 2876 5509 carnem,
2899 5431 3538 5509 unitumquesecundum

1952 5510 2235 5562 veritatem
2260 5505 2555 5568 inconfusc,
2586 5521 2655 5559 ex
2681 5514 2835 5559 utero
2864 5505 2978 5573 ipso
3014 5501 3340 5571 processisse
3367 5500 3542 5556 homi-

1955 5594 2100 5641 nem,
2129 5578 2491 5645 permansisse
2534 5586 2731 5645 autem
2757 5575 2919 5630 etiam
2952 5575 3031 5629 sic
3050 5574 3227 5645 Deum
3257 5585 3473 5645 verum.
3512 5587 3532 5620 ι

1955 5650 2109 5703 Tom.
2132 5641 2181 5702 ’γ
2207 5648 2395 5711 Conc.,
2440 5646 2543 5699 col.
2583 5645 2673 5699 90.
2717 5644 3096 5699 Praetereunda
3130 5642 3272 5696 haud
3306 5641 3537 5711 arbitra-

1955 5735 2077 5775 mur
2100 5734 2163 5772 ea
2194 5733 2314 5796 quae
2338 5708 2569 5796 Cyrinus
2598 5716 2649 5769 in
2678 5716 2919 5796 epistolis
2944 5715 3011 5794 ad
3048 5713 3371 5796 Successum
3406 5708 3539 5796 Dio:

1958 5781 2548 5848 Caesat'ezc'lsaur'icnsis
2574 5781 2866 5857 provincia:
2908 5784 3216 5855 episcopum
3246 5783 3347 5837 hac
3390 5781 3457 5835 dc
3480 5793 3540 5833 re
