4122 6550
524 297 629 355 ns
691 286 695 290 ’

519 409 762 485 scripsit,
775 408 943 485 ubiet
964 410 1280 485 mysterium
1300 409 1691 485 incarnationis
1705 409 1965 485 singulari
1981 422 2100 485 eru-
2126 409 2175 467 A

517 477 726 538 ditione
749 477 1040 552 explanat;
1070 490 1128 537 et
1158 481 1597 552 criminatoribus
1615 480 1750 552 suis
1779 477 1893 552 toto
1920 477 2098 552 studio

517 552 722 608 obviat.
757 570 777 605 ι
810 549 947 620 Quia
975 565 1128 616 vero,
1155 551 1252 616 (ita
1281 551 1336 605 in
1363 552 1535 620 prima
1563 551 1628 604 ad
1650 551 1964 620 praedictum
1985 549 2099 618 cpi-

517 620 990 693 scopumiepistola
1011 621 1220 693 scribit)
1239 619 1481 693 nonnuili
1506 621 1662 675 nobis
1680 619 1990 693 Aponium-ii
2010 635 2102 672 er—

518 689 671 748 rores
711 689 975 761 objiciunt
1018 706 1084 747 ac
1123 691 1313 747 dicunt
1355 709 1368 744 :
1408 690 1468 746 Si
1495 707 1658 743 unum
1693 690 1868 745 dicitis
1895 689 2099 761 Filium

514 760 802 817 secundum
829 763 1113 883 percutiant
1135 772 1291 832 atque
1316 762 1643 815 commistam
1683 762 1936 815 unitatem
1963 760 2099 814 illud

515 830 712 883 abeo
737 829 895 883 Patre
960 831 1140 883 erbum
1161 831 1421 883 hominem
1447 831 1643 883 factum
1672 840 1720 882 et
1742 832 2096 883 incarnalum.

515 847 586 887 ea:
601 830 712 887 Deo
737 829 895 887 Patre
920 829 1140 886 Verbum
1161 829 1421 886 hominem
1445 831 1643 899 factum
1672 840 1720 882 et
1742 832 2096 894 incarnalum,

515 903 696 972 utique
723 901 857 956 illud
881 903 1041 972 etiam
1064 901 1271 972 opinari
1302 911 1351 955 et
1389 901 1582 955 sentire
1605 901 1931 972 decreuistis,
1958 917 2101 955 rom-

515 970 808 1041 mistionem
835 971 913 1027 oet
945 970 1305 1041 confusionem
1341 979 1437 1024 ant
1464 971 1871 1040 compactionem
1900 970 2098 1041 factum

514 1058 627 1098 esse
661 1039 813 1096 Verbi
840 1058 959 1112 curn
979 1039 1214 1112 corpore,
1244 1050 1336 1094 aut
1362 1051 1499 1112 certe
1521 1041 1752 1109 corporis
1777 1039 2100 1112 immutatio-

515 1127 635 1166 nem
665 1111 722 1165 in
749 1110 1036 1166 diuinitatis
1061 1110 1329 1165 naturam.
1359 1112 1434 1165 Ea
1471 1111 1537 1165 de
1576 1124 1740 1165 causa
1767 1125 1869 1165 nos
1907 1111 2099 1164 admo-

514 1182 644 1263 dum
672 1183 988 1263 ‘sapieutei',
1027 1189 1088 1263 ut
1113 1181 1438 1263 calumniam
1483 1181 1825 1263 repellamus,
1852 1180 2100 1263 .diciiuus

514 1249 647 1308 illud
672 1249 768 1306 Dei
815 1251 992 1306 Patris
1035 1252 1273 1306 Verbum
1297 1250 1481 1313 modo,
1507 1251 1600 1318 qui
1639 1265 1815 1321 neque
1851 1251 2097 1321 intelligi,

513 1335 693 1390 neque
718 1321 950 1388 exprimi
981 1321 1161 1377 verbis
1184 1322 1375 1391 possit,
1405 1321 1586 1376 unisse
1609 1320 1712 1375 sibi
1741 1336 1936 1390 corpus
1983 1321 2100 1375 ani-

512 1401 719 1463 matum
743 1393 930 1463 anima
961 1391 1332 1463 intellectuali,
1361 1399 1417 1445 et
1441 1391 1708 1463 prodiisse
1733 1391 2003 1463 hominem
2032 1406 2099 1446 ex

511 1462 763 1532 muliere,
783 1477 889 1516 non
920 1461 1293 1532 immutatione
1315 1461 1544 1532 naturae,
1568 1461 1664 1516 sed
1687 1461 1864 1532 potius
1885 1461 2102 1532 dispen-

511 1531 714 1587 sator-ia
739 1531 1016 1586 voluntate
1045 1531 1213 1587 nostri
1236 1530 1464 1586 similem
1494 1530 1715 1587 factum.
1747 1531 1930 1586 Voluit
1954 1530 2101 1586 enim

512 1601 678 1657 homo
702 1600 837 1666 ﬁeri,
871 1617 978 1656 non
1005 1615 1073 1656 eo
1108 1602 1330 1667 amisso,
1359 1601 1502 1670 quod
1527 1601 1822 1657 secundum
1851 1609 2100 1656 naturam

511 1671 658 1728 Deus
685 1679 823 1728 erat.
857 1671 963 1727 Sed
985 1671 1233 1741 quamvis
1253 1673 1308 1727 in
1330 1680 1544 1727 nostras
1569 1686 1851 1726 mensuras
1875 1672 2099 1726 descen—

511 1742 678 1807 derit,
711 1751 764 1796 et
788 1742 930 1797 servi
961 1741 1192 1796 formam
1217 1742 1471 1805 induerit,
1503 1754 1679 1796 tamen
1707 1743 1785 1796 sic
1807 1757 2020 1812 quoque
2044 1744 2095 1796 in

509 1827 624 1866 sua:
651 1812 949 1867 divinitatis
978 1813 1321 1876 excellentia,
1353 1820 1410 1866 et
1449 1813 1504 1866 in
1532 1828 1630 1866 suo
1657 1813 1886 1866 naturali
1918 1812 2097 1867 domi-

511 1889 641 1953 natu
691 1883 1036 1952 permansit.
1063 1881 1573 1953 Considerantes
1614 1883 1803 1953 igitur,
1849 1892 1910 1936 ut
1953 1883 2099 1947 dixi,

511 1951 733 2024 modum
761 1952 1185 2024 humanationis,
1217 1952 1564 2024 intelligimus
1597 1951 1729 2007 duas
1761 1954 1904 2007 inter
1928 1968 1988 2024 se
2015 1954 2101 2008 in-

511 2023 815 2078 dissolubili
845 2023 1043 2078 unione
1071 2023 1637 2078 convcnisse'naturas
1664 2024 1801 2078 citra
1831 2023 2101 2078 confusio-

509 2108 659 2158 nem,
699 2101 862 2162 atque
908 2093 1337 2148 immutationem
1372 2093 1573 2146 ullam:
1613 2108 1741 2148 caro
1786 2094 1931 2149 enim
1970 2108 2102 2149 caro

509 2171 622 2227 est,
665 2169 724 2218 et
767 2179 874 2218 non
904 2162 1192 2227 divinitas,
1221 2163 1433 2218 etiamsi
1476 2162 1573 2218 Dei
1615 2179 1746 2219 caro
1787 2165 1927 2219 facta
1975 2171 2097 2219 est:

509 2232 752 2304 itemque
790 2234 1045 2304 Verbum
1074 2233 1217 2288 Deus
1255 2243 1364 2304 est,
1403 2241 1459 2288 et
1502 2249 1610 2289 non
1639 2249 1804 2304 caro,
1853 2236 2101 2304 quamvis

509 2302 911 2374 dispensatoris
947 2303 1159 2358 ratione
1184 2302 1460 2374 propriam
1491 2304 1595 2358 sibi
1627 2303 1819 2360 fecerit
1853 2302 2096 2360 carnem.

510 2372 683 2444 Igitur
709 2389 834 2429 cum
861 2372 917 2428 id
941 2372 1377 2444 consideramus,
1407 2374 1542 2428 nihil
1582 2373 1734 2428 illum
1758 2375 1812 2429 in
1838 2377 2102 2431 unitatem

511 2443 837 2500 concursum
865 2443 1150 2509 violamus,
1181 2444 1311 2500 dum
1334 2459 1400 2499 ex
1424 2445 1632 2499 duabus
1660 2446 1870 2499 naturis
1897 2445 2101 2500 factum

511 2529 633 2569 esse
660 2513 891 2570 dicimus
916 2531 928 2566 :
968 2515 1062 2584 sed
1091 2522 1214 2584 post
1237 2515 1492 2569 unionem
1531 2525 1757 2570 naturas
1781 2515 2006 2570 alteram
2032 2517 2101 2570 ab

511 2584 687 2640 altera
711 2600 818 2654 non
847 2583 1158 2648 dividimus,
1171 2597 1347 2654 neque
1367 2585 1582 2654 iniduos
1604 2586 1742 2640 tllios
1761 2585 1912 2639 illum
1933 2601 2098 2640 unum

511 2653 1000 2724 impartibilemque
1035 2653 1312 2720 secamus,
1353 2653 1446 2710 sed
1485 2669 1656 2711 unum
1691 2657 1987 2711 asserimus
2011 2654 2101 2709 Fi-

508 2722 664 2789 lium,
694 2735 768 2789 et,
803 2732 864 2778 ut
889 2722 1064 2780 sancti
1109 2725 1300 2781 Patres
1325 2725 1606 2789 dixerunt,
1641 2739 1806 2782 unam
1852 2735 2100 2781 naturam

511 2793 608 2848 Dei
643 2795 801 2850 Verbi
847 2794 1205 2850 incarnatam.
1245 2795 1431 2864 Itaque
1457 2805 1715 2864 quantum
1755 2797 1824 2851 ad
1848 2795 2100 2852 conside-

512 2866 742 2920 randum
768 2866 981 2930 attinet,
1017 2874 1179 2934 atque
1198 2863 1363 2920 animi
1389 2863 1561 2922 oculis
1581 2868 1952 2921 tantummodo
1972 2881 2102 2921 con-

511 2935 900 3005 templandum,
932 2937 1200 3006 quomodo
1229 2936 1390 2991 homo
1427 2936 1602 2990 factus
1627 2936 1698 2991 sit
1725 2937 1816 2991 ille
1847 2936 2102 3006 Unigeni-

513 3015 619 3068 tus,
651 3006 785 3059 duas
829 3015 1056 3060 naturas
1084 3007 1264 3061 unitas
1304 3020 1424 3062 esse
1469 3006 1718 3070 dicimus,
1766 3023 1936 3062 unum
1967 3021 2100 3063 vero

512 3075 790 3130 Christum
815 3084 871 3129 et
895 3076 1089 3130 Filium
1113 3085 1169 3132 et
1193 3076 1478 3131 Dominum
1501 3077 1629 3132 illud
1653 3077 1745 3131 Dei
1767 3075 1944 3133 Patris
1961 3077 2097 3131 Ver-

1368 297 1431 355 B.
1471 296 1533 354 F.
1573 295 1798 353 ΑιΒιΜ
1833 293 1968 352 SEU
2005 291 2280 350 ALCUlNI
2329 286 2616 349 OPERUM
2653 285 2957 345 PARS'lﬂ.

3673 286 3800 341 “6v

2202 403 2524 474 plicahiliter
2547 404 2780 474 unitum,
2811 415 2975 474 unam
3000 398 3156 455 nobis
3181 396 3306 474 Filii
3334 405 3786 474 naturamosten-

2199 468 2300 538 dit,
2330 475 2442 549 sed,
2473 473 2824 549 u_t_dixi_mus,
2866 473 3223 549 incarnatam.
3263 469 3380 524 Non
3409 468 3557 549 enim
3580 468 3784 549 ipsum,

2197 559 2388 608 unum,
2418 546 2471 597 in
2501 544 2585 598 his
2607 545 2736 598 solis
2763 559 2882 613 quae
2907 543 3197 613 secundum
3238 550 3485 594 naturam
3515 540 3783 609 simplicia

2198 623 2342 676 sunt,
2363 629 2492 668 vere
2513 615 2615 668 dici
2625 623 2732 679 tur,
2747 611 2838 667 sed
2867 615 2922 667 in
2947 612 3030 666 his
3051 611 3212 665 etiam
3234 625 3355 681 qua:
3373 616 3500 664 sunt
3521 624 3616 678 per
3634 624 3787 665 eom-

2197 686 2518 755 positionem
2553 681 3182 755 conjuneta,_cujusmodi
3218 680 3301 755 est
3331 681 3493 735 homo
3513 680 3785 755 exanima

2198 748 2453 810 constans
2477 763 2531 807 et
2558 748 2804 824 corpore.
2833 748 2966 824 Nam
2997 751 3260 824 ejusmodi
3290 766 3380 806 res
3407 765 3527 804 cum
3555 748 3785 824 alterius

2198 825 2308 880 sint
2350 825 2579 895 Speciei,
2621 821 2679 895 et
2715 822 2938 879 minime
2966 821 3207 895 ejusdem
3248 822 3388 895 inter
3423 835 3480 875 se
3509 821 3781 895 essentne,

2199 891 2395 950 tamen-
2418 910 2538 950 cum
2569 893 2733 950 unita:
2765 903 2911 957 sunt,
2937 908 3101 948 unam
3131 891 3364 947 hominis
3406 900 3657 946 naturam
3685 892 3782 946 ab-

2197 965 2412 1020 solvunt
2436 981 2452 1031 ;
2492 966 2738 1033 quamvis
2766 964 2906 1018 adsit
2929 964 2983 1018 in
3008 962 3416 1032 compositionis
3444 963 3653 1033 ratione
3679 961 3783 1016 dif-

2196 1034 2446 1097 ferentia,
2483 1031 2776 1089 secundum
2796 1044 3043 1088 naturam
3071 1031 3251 1087 rerum
3276 1033 3343 1088 ad
3364 1031 3631 1088 unitatem
3653 1048 3794 1088 con-

2196 1107 2553 1160 currentium.
2585 1103 2929 1176 Supervacue
2955 1105 3130 1176 igitur
3146 1103 3541 1176 ratiocinantur
3579 1103 3672 1172 qui
3695 1119 3785 1158 as-

2198 1183 2419 1239 serunt,
2462 1176 2508 1230 si
2538 1173 2753 1229 una'sit
2793 1173 2992 1229 natura
3011 1174 3173 1229 Verbi
3219 1173 3523 1244 incuruata,
3561 1188 3786 1244 prorsus

2197 1245 2459 1314 consequi
2503 1245 2909 1315 permistionem
2957 1253 3122 1313 atque
3161 1242 3533 1300 confusionem
3549 1242 3784 1315 Iactam

2199 1313 2398 1381 fuisse,
2434 1313 2716 1370 imminuta
2759 1315 3015 1370 nimirum
3045 1323 3207 1384 atque
3233 1315 3507 1368 subtracta
3547 1313 3788 1369 hominis

2198 1397 2414 1441 natura.
2443 1385 2629 1454 Neque
2657 1386 2799 1441 enim
2832 1385 3113 1440 imminuta
3156 1399 3332 1454 neque
3366 1385 3642 1440 subtracta
3673 1394 3783 1450 est,

2198 1464 2261 1526 ut
2315 1456 2504 1511 aiunt:
2535 1471 2659 1512 nam
2686 1457 2752 1526 ad
2776 1454 3088 1526 plenissime
3113 1454 3499 1526 declarandum
3538 1455 3680 1524 quod
3713 1456 3789 1511 sit

2199 1525 2375 1581 factus
2402 1526 2585 1590 homo,
2607 1525 2738 1582 satis
2764 1523 2849 1583 est
2872 1525 3028 1581 fateri
3059 1525 3188 1580 illud
3224 1523 3392 1580 fuisse
3418 1523 3782 1580 incarnatum.

2198 1594 2313 1651 Hoc
2343 1595 2487 1652 enim
2531 1597 2576 1651 si
2614 1611 2644 1650 a
2683 1597 2839 1654 nobis
2873 1603 3163 1662 taceretur,
3195 1595 3459 1651 haberent
3485 1595 3660 1650 locum
3690 1595 3789 1650 ali-

2198 1681 2359 1736 quem
2381 1682 2567 1723 eorum
2594 1665 2906 1722 calumniae:
2932 1681 3056 1723 cum
3078 1680 3207 1721 vero
3231 1666 3542 1737 necessario
3563 1666 3790 1737 subjun~

2129 1760 2175 1820 Β
2202 1735 2351 1820 ctum
2364 1737 2800 1820 sit‘,.incarnatum
2825 1735 3783 1820 esse,ubinam‘ullu_simmiuuiionis,

2203 1807 2657 1862 subtractionisve
2681 1809 2871 1864 modus
2891 1808 3112 1862 relictus
3125 1808 3243 1862 est?
3259 1828 3280 1859 ι
3301 1806 3432 1862 Ibid.
3454 1806 3492 1860 f.
3512 1807 3613 1861 142
3624 1817 3680 1861 et
3691 1807 3784 1861 45.

2271 1875 2409 1959 XiV.
2439 1877 2527 1933 Ea:
2554 1875 2800 1959 loquendi
2833 1879 3002 1959 modis
3046 1893 3179 1959 quos
3222 1876 3540 1932 adhibebant
3588 1873 3788 1959 {Vesto-

2203 1947 2342 2001 riani
2371 1947 2661 2018 necessario
2687 1948 2988 2018 infcrendas
3013 1947 3122 2002 esse
3140 1947 3275 2018 duas
3300 1963 3550 2016 personas
3570 1948 3790 2003 demort—

2198 2025 2350 2071 strat.
2384 2014 2548 2089 Verba
2570 2014 3028 2089 Νεδεοιῖἱιιηονιαξι1
3040 2016 3278 2086 -—Quod
3300 2014 3512 2087 spectat
3532 2019 3792 2089 loquendi

2199 2089 2390 2143 modos
2414 2103 2444 2141 a
2467 2087 2821 2153 Nestorianis,
2852 2098 2913 2143 ut
2935 2088 3296 2144 ditl‘erentiam
3323 2087 3642 2144 naturarum
3672 2089 3790 2144 elli-

2201 2157 2384 2230 cacius
2407 2159 2774 2230 egprimerent
2802 2160 3106 2226 adhibitos,
3157 2174 3282 2214 cum
3324 2174 3518 2230 nempe
3544 2160 3749 2230 passim
3766 2200 3786 2224 .

2198 2228 2398 2300 uhide
2427 2228 2588 2284 Verbi
2632 2229 3004 2285 incarnatione
3033 2230 3394 2300 loquebantur
3414 2268 3430 2295 ,
3453 2228 3604 2300 inter
3628 2230 3789 2300 ilium:

2199 2308 2248 2372 et
2276 2297 2438 2372 illum
2448 2300 2863 2372 distinguerent,
2899 2297 3257 2369 merito—ipsis
3289 2299 3586 2371 exprobrat
3609 2299 3789 2372 Cyril-

2198 2367 2464 2441 ius,__nihil
2489 2371 2596 2425 dici
2623 2367 2882 2440 potuisse,
2929 2386 3038 2441 quo
3066 2367 3306 2440 apértius
3333 2367 3580 2441 persona:
3605 2367 3792 2428 unitas

2199 2438 2256 2494 in
2284 2439 2503 2496 Christo
2526 2438 2900 2496 destrueretur
2917 2438 3049 2505 [uti
3091 2438 3279 2496 revera
3309 2438 3532 2496 cuilibet
3559 2457 3673 2496 rem
3700 2443 3795 2497 vei

2198 2510 2360 2581 obvio
2401 2510 2766 2581 consideranti
2810 2519 2976 2580 patet.
3017 2531 3037 2563 ¢
3073 2511 3518 2581 Quandoquidem
3553 2511 3650 2581 (ait
3687 2512 3784 2567 lib.

2200 2579 2277 2634 De
2303 2577 2434 2636 Fide
2453 2581 2519 2636 ad
2548 2577 2934 2654 Theodosi—um)
2962 2577 3130 2638 unum
3157 2577 3431 2654 Christum
3456 2581 3509 2654 iu
3539 2577 3675 2637 duos
3700 2598 3791 2641 se-

2199 2661 2468 2723 cernunt,
2511 2661 2566 2723 et
2612 2667 2796 2707 crassa
2833 2651 3060 2721 quadam
3099 2653 3442 2723 separatione
3479 2651 3623 2708 inter
3647 2655 3790 2708 hunc

2198 2727 2255 2775 et
2279 2719 2427 2775 illum
2456 2721 2696 2793 inducta,
2728 2719 3017 2793 utrumque
3045 2719 3288 2778 seorsum
3327 2737 3394 2778 ac
3421 2724 3574 2792 quasi
3605 2739 3702 2793 per
3728 2739 3793 2779 se

2199 2800 2348 2863 stare
2373 2792 2733 2863 contendunt;
2759 2801 2814 2847 et
2840 2792 3070 2848 alterum
3097 2794 3338 2863 quidem,
3361 2807 3486 2847 eum
3526 2792 3794 2850 nimirum

2196 2861 2290 2930 qui
2315 2875 2384 2918 ex
2413 2862 2630 2933 Virgine
2655 2871 2824 2934 natus
2839 2871 2942 2927 est,
2982 2861 3278 2934 perfectum
3310 2864 3621 2929 hominem;
3653 2865 3792 2920 alte-

2197 2945 2321 2985 rum
2361 2947 2576 3003 rursum
2603 2935 2776 3003 ipsum
2803 2933 2898 2989 Dei
2939 2933 3116 2991 Patris
3139 2934 3376 2989 Verbum
3406 2948 3526 2988 csse
3556 2935 3741 2992 dicunt
3767 2951 3787 3000 ;

2198 3015 2306 3056 non
2334 3002 2463 3071 quid
2486 3002 2637 3058 inter
2659 3004 2751 3059 Dei
2790 3014 2844 3061 et
2865 3006 3047 3060 carnis
3075 3013 3324 3059 naturam
3352 3003 3569 3059 intersit
3591 3007 3786 3061 distin-

2201 3082 2448 3141 guentes,
2476 3086 2650 3144 neque
2675 3075 2815 3133 intra
2845 3075 2990 3131 solos
3009 3074 3429 3144 discrepantium
3465 3082 3795 3132 naturarum.

510 3123 1997 3212 amisisset."ususfai'i;;a';t;tarn'a'gstesas:
2012 3123 2102 3201 Ἇι
2125 3123 2174 3187 C
2202 3123 3791 3202 tatas;"aggestus?iia‘ais'3'vssiae3533i;

511 3215 558 3269 si
584 3214 779 3287 placet,
811 3215 951 3272 hanc
995 3216 1168 3287 ipsam
1207 3224 1451 3287 nostram
1481 3218 1949 3287 compositionem,
1993 3232 2100 3287 qua

512 3233 558 3269 ει
584 3233 779 3286 placet,
813 3233 951 3272 nanc
995 3233 1168 3287 Ipsam
1207 3233 1451 3271 nosrram
1481 3233 1949 3287 compositionem,
2031 3233 2100 3271 ua

512 3301 702 3361 sumus
730 3285 994 3351 homines,
1022 3286 1190 3361 mo
1216 3286 1272 3341 in
1295 3287 1604 3357 exemplum
1630 3233 2101 3361 accipiamuswix

511 3355 693 3412 anima
739 3370 974 3430 namque
1023 3355 1342 3430 ét’corpore
1383 3355 1571 3412 sumus
1608 3355 1921 3430 compositi,
1941 3360 2101 3414 duas-

513 3441 621 3497 que
665 3435 889 3497 naturas
940 3428 1234 3492 intuemur,
1287 3427 1516 3482 alteram
1560 3427 1832 3497 corporis,
1875 3429 2100 3484 alteram

515 3494 738 3551 animm:
770 3496 865 3551 sed
892 3512 1034 3552 unus
1060 3510 1126 3551 ex
1151 3498 1432 3567 utriusque
1455 3494 1888 3553 unione—constat
1905 3501 2095 3554 homo:

513 3579 702 3640 neque
716 3579 864 3629 vero,
888 3568 1015 3637 quia
1036 3582 1105 3640 es
1131 3566 1569 3640 duabusinaturis
1590 3569 1752 3624 homo
1771 3569 2100 3640 compositus

513 3643 615 3708 est,
670 3635 806 3692 duos
833 3635 1025 3708 putare
1062 3638 1321 3696 debemus
1349 3639 1616 3702 homines,
1666 3640 1756 3708 qui
1798 3635 1938 3694 unus
1983 3647 2096 3704 est,

513 3705 611 3760 sed
638 3721 803 3780 unum
832 3705 1083 3762 eumdem
1111 3722 1209 3777 per
1237 3705 1700 3780 compositionem,
1733 3718 1791 3763 ut
1828 3709 1975 3780 dixi,
2005 3712 2098 3780 qui

512 3791 580 3851 ex
605 3777 792 3851 anima
811 3785 1026 3851 constat
1047 3785 1104 3832 et
1129 3777 1375 3851 corpore;
1403 3777 1537 3834 Nam
1560 3780 1604 3834 si
1634 3779 2009 3851 negaverimus
2022 3777 2099 3836 ex

515 3846 722 3901 duabus
743 3848 1078 3917 diversisque
1098 3846 1308 3905 naturis
1334 3863 1500 3906 unum
1523 3864 1586 3903 ac
1607 3846 1781 3904 solum
1804 3865 1923 3905 esse
1947 3849 2102 3905 Chri-

512 3925 679 3982 stum,
709 3917 800 3990 qui
827 3927 950 3986 post
990 3919 1245 3990 unionem
1288 3919 1454 3990 dividi
1501 3935 1609 3974 non
1657 3921 1859 3990 possit,
1900 3920 2098 3976 dicturi

513 3994 661 4049 sunt,
689 3987 782 4055 qui
810 4003 934 4043 cum
955 3997 1103 4044 recta
1125 3989 1230 4044 fide
1252 3989 1450 4045 bellum
1475 3987 1699 4055 gerunt:
1731 3991 1775 4044 si
1801 3998 1968 4046 totum
1990 4005 2098 4045 una

514 4064 600 4112 est
627 4064 842 4123 natura,
871 4058 1142 4127 quomodo
1170 4056 1344 4115 factus
1369 4067 1454 4114 est
1480 4056 1671 4123 homo,
1714 4075 1944 4129 quamve
1977 4075 2100 4114 car-

516 4141 641 4181 nem
662 4130 939 4200 propriam
965 4129 1124 4200 feeit?
1141 4137 1294 4200 etc.)
1327 4129 1482 4189 Tom.
1517 4130 1578 4194 V,
1610 4139 1750 4200 part.
1779 4148 1840 4194 ll,
1868 4130 1959 4184 fol.
1994 4129 2098 4186 5'56

514 4206 571 4251 et
599 4208 715 4269 seq.
740 4198 995 4269 Cumque
1021 4198 1210 4253 oﬂ'ensi
1239 4198 1466 4254 fuissent
1492 4198 1731 4268 quidam,
1761 4200 1902 4269 quod
1931 4201 2100 4255 dixis-

515 4273 602 4320 set
626 4265 859 4336 Cyrillus
887 4265 1045 4321 tinam
1077 4277 1321 4323 naturam
1350 4265 1681 4323 incarnatam
1701 4311 1717 4334 ,
1749 4265 1804 4324 in
1834 4269 2002 4326 altera
2029 4270 2098 4326 ad

519 4336 840 4410 Successum
866 4339 1091 4410 epistola
1132 4346 1368 4410 mentem
1398 4353 1557 4410 suam,
1594 4340 1825 4410 desuper
1859 4341 2097 4409 apertius

518 4406 613 4460 dat
638 4406 860 4462 dicens:
890 4427 907 4457 ι
945 4408 1151 4462 Rursus
1178 4408 1446 4480 ignorant,
1467 4409 1562 4480 qui
1585 4406 1744 4463 recta'
1759 4406 2094 4480 pervertunt,

517 4491 682 4530 unam
703 4492 888 4531 revera
910 4493 1031 4533 esse
1053 4477 1298 4532 naturam
1323 4478 1478 4533 Verbi
1497 4477 1849 4534 incarnatam.
1872 4479 1928 4534 Si
1950 4481 2093 4534 enim
2122 4477 2172 4537 D

515 4561 659 4600 unus
692 4555 777 4601 est
799 4547 987 4612 Filius,
1014 4549 1105 4602 ille
1132 4556 1322 4602 natura
1345 4563 1410 4603 ac
1431 4563 1576 4613 vere,
1610 4547 1737 4603 illud
1767 4565 1829 4604 ex
1853 4548 1966 4605 Deo
1993 4550 2092 4605 Pa-

517 4627 601 4700 t_re
633 4615 861 4673 Verbum
899 4616 1529 4700 iueﬂhhilitergenitum,
1561 4619 1654 4700 qui
1683 4619 1874 4700 deinde
1895 4635 2096 4700 secun-

516 4686 648 4757 dum
674 4690 1094 4757 assumptionem
1123 4686 1305 4742 carnis
1325 4705 1430 4743 non
1460 4686 1782 4751 inauimataz,
1816 4693 1907 4746 sed
1936 4691 2094 4745 intel-

515 4756 716 4826 ligente
743 4756 919 4813 anima
948 4759 1186 4828 praedita:
1207 4759 1407 4828 prodiit
1436 4758 1596 4814 homo
1625 4772 1692 4815 ex
1722 4760 1963 4824 muliere,
1985 4777 2093 4815 non

517 4835 802 4896 propterea
829 4830 882 4883 in
911 4830 1046 4884 duas
1073 4842 1348 4899 personas,
1371 4829 1611 4899 duosque
1637 4829 1776 4884 illius
1801 4830 2090 4897 dividetur,

521 4912 646 4952 cum
686 4901 1050 4967 permanserit
1076 4914 1244 4963 unus,
1276 4915 1382 4958 non
1430 4907 1604 4953 tamen
1651 4901 1768 4956 sine
1809 4915 1974 4956 carne
2001 4911 2097 4956 aut

516 4975 671 5022 extra
693 4983 908 5038 corpus,
937 4972 1031 5025 sed
1058 4969 1230 5032 ipsum
1261 4970 1536 5040 preprium
1581 4968 1806 5033 habens.
1841 4984 1939 5039 per
1972 4973 2095 5026 uni-

521 5047 685 5109 tatem
707 5055 826 5108 qua:
851 5040 1079 5095 distrahi
1104 5040 1246 5094 nullo
1267 5043 1428 5095 modo
1450 5040 1639 5109 possit.
1662 5040 1764 5106 Qui
1795 5049 1974 5096 autem
1993 5042 2091 5096 hoc

518 5107 673 5174 dicit,
698 5107 743 5164 is
771 5110 916 5165 nullo
937 5125 1160 5178 prorsus
1182 5111 1338 5166 modo
1359 5107 1764 5178 permistioncm
1795 5119 1884 5164 aut
1909 5111 2098 5171 coniu-

522 5178 752 5244 sionem,
778 5189 869 5236 aut
896 5180 1160 5248 ejusmodi
1195 5179 1338 5235 aliud
1362 5179 1656 5248 signiﬁcat:
1689 5195 1862 5249 neque
1887 5181 1941 5235 id
1971 5195 2095 5235 rur-

521 5262 615 5302 sus
639 5255 897 5320 tanquam
927 5265 992 5303 cx
1021 5251 1324 5306 necessaria
1362 5251 1568 5305 ratione
1589 5251 1699 5306 ullo
1726 5251 1884 5306 modo
1909 5265 2098 5305 conse-

565 5327 744 5391 t_t_etur_.
760 5319 899 5374 Nam
923 5320 1133 5379 etiamsi
1162 5336 1299 5375 imus
1320 5321 1529 5391 dicatur
1554 5336 1582 5374 a
1612 5321 1768 5376 nobis
1791 5321 2098 5391 unigenitus

570 5387 696 5464 ilius
715 5388 810 5445 Dei
839 5391 1166 5464 incarnatus,
1194 5401 1248 5445 et
1270 5392 1430 5446 homo
1459 5390 1652 5464 factus,
1681 5407 1787 5448 non
1818 5387 2097 5464 propterea

524 5458 816 5528 permistus
851 5469 954 5523 est,
984 5470 1043 5514 ut
1073 5461 1146 5515 illi
1175 5469 1383 5530 putant,
1424 5477 1597 5530 neque
1633 5462 1689 5515 iu
1730 5458 2094 5517 car’nis‘natu-

525 5543 648 5602 rami
671 5531 881 5602 transiit
906 5531 1068 5587 Verbi
1096 5541 1308 5595 natura,
1340 5545 1509 5602 neque
1544 5547 1732 5587 rursus
1760 5539 1948 5588 natura
1973 5549 2094 5588 car—

523 5599 610 5672 nis
637 5598 690 5652 in
721 5600 883 5655 Verbi
911 5610 1190 5658 naturam:
1219 5603 1310 5657 sed
1333 5598 1454 5656 cum
1473 5613 1758 5670 utrumque
1783 5603 1833 5655 in
1857 5619 1951 5659 sua
1973 5617 2096 5672 pro-

524 5670 755 5755 prietate
796 5673 1023 5755 naturali
1056 5682 1368 5755 permaneat
1418 5683 1474 5726 et
1500 5673 1916 5755 confiteretur,
1942 5670 2098 5755 juxta

527 5740 789 5795 rationem
814 5742 970 5812 paulo
1000 5740 1122 5800 ante
1159 5742 1454 5809 redditam,
1500 5743 1836 5799 iuriiubilitcr
1868 5755 1918 5799 ct
1947 5740 2096 5800 incs-

2200 3221 2484 3268 errarent:
2513 3214 2617 3268 alia
2645 3215 2790 3270 enim
2821 3216 3019 3282 carnis,
3045 3216 3148 3272 alia
3180 3231 3371 3271 rursus
3393 3216 3557 3272 Verbi
3583 3226 3665 3271 est
3691 3233 3790 3274 na-

2201 3281 2445 3357 tura._At
2471 3283 2526 3357 hi
2558 3285 2787 3340 alterum
2820 3301 3064 3342 seorsum
3091 3301 3157 3341 ac
3179 3302 3276 3357 per
3297 3301 3376 3351 se,
3401 3294 3655 3357 tanquam
3678 3303 3793 3346 me-

2199 3367 2321 3407 rum
2347 3353 2620 3410 hominem
2645 3364 2922 3422 statuunt;
2964 3353 3196 3413 alterum
3222 3372 3349 3412 vero
3376 3366 3436 3411 ut
3469 3353 3656 3413 verum
3681 3374 3787 3414 na-

2200 3422 2538 3495 guralemque
2582 3424 2752 3481 Deum
2783 3427 3064 3483 nominant
3093 3467 3108 3482 .
3135 3467 3150 3482 .
3175 3467 3188 3481 .
3221 3425 3302 3486 Ad
3331 3427 3555 3483 verbum
3602 3439 3786 3485 autem

2198 3491 2345 3549 hunc
2385 3491 2695 3550 iri—modum
2741 3497 2982 3552 scribere
3026 3498 3141 3554 ausi
3169 3505 3333 3553 sunt:
3377 3497 3480 3553 Hic
3525 3498 3790 3556 siquidem

2201 3561 2417 3640 (_ne_mpe
2457 3564 2555 3640 Dei
2599 3565 2778 3640 Patris
2803 3566 3073 3640 Verbum?)
3096 3639 3102 3640 ί
3122 3581 3284 3624 verus
3309 3577 3367 3640 et
3392 3561 3656 3625 naturalis
3698 3579 3789 3640 est

2199 3633 2370 3716 Filius
2395 3651 2408 3701 ;
2447 3634 2538 3718 ille
2564 3649 2694 3691 vero
2725 3635 2876 3707 (puta
2901 3633 3139 3722 Virgiitis
3179 3638 3364 3765 ηειιυῖ
3399 3640 3658 3722 ςεᾳκὶυοςε
3684 3639 3789 3695 Dei

2199 3702 2374 3759 Pilius
2403 3705 2634 3765 dicitur:
2663 3714 2716 3761 et
2735 3707 2896 3765 paulo
2914 3718 3037 3765 post
3062 3718 3294 3765 iterum:
3373 3719 3513 3765 tique
3529 3710 3625 3764 De:
3658 3707 3788 3764 Ver-

2199 3702 2374 3780 f'ilius
2403 3705 2634 3780 dicitur;
2663 3714 2716 3761 et
2735 3702 2896 3780 paulo
2914 3702 3037 3777 post
3062 3702 3294 3765 iterum:
3321 3702 3513 3780 Utique
3529 3710 3625 3780 Dei
3658 3707 3788 3780 Ver-

2201 3774 2325 3850 bum
2348 3785 2554 3850 non__est
2578 3774 2754 3850 homo,
2789 3779 2880 3850 sed
2905 3774 3169 3850 hominem
3192 3774 3494 3850 assumpsit.
3527 3779 3788 3846 Quando-

2199 3845 2416 3923 quidem
2448 3845 2916 3923 Unigeuitus__jam
2951 3848 3075 3923 inde
3121 3849 3191 3905 ab
3237 3845 3394 3923 ipitio
3423 3864 3520 3920 per
3551 3845 3633 3915 se,
3682 3849 3782 3910 Dei

2197 3917 2440 3990 omnium
2468 3916 2676 3986 opiﬁcis
2703 3916 2874 3990 Ftiius
2901 3928 2986 3974 est
3009 3938 3020 3972 :
3051 3920 3215 3975 homo
3239 3916 3438 3982 autem;
3473 3935 3634 3990 quem
3656 3935 3782 3977 sus-

2197 3986 2362 4056 cepit,
2393 4002 2514 4071 cum
2550 3987 2908 4071 natura_Deus
2932 3990 3406 4071 non.si_i‘,__propter
3431 3986 3570 4071 cuiu,
3600 4007 3633 4044 a
3673 4007 3787 4062 quo

2199 4066 2510 4126 assumptus
2535 4064 2638 4121 est,
2669 4058 2760 4127 qui
2786 4073 2945 4114 verus
2972 4058 3068 4114 Dei
3103 4058 3406 4122 Filius—cst,
3435 4061 3621 4116 eodem
3654 4058 3781 4116 cum

2195 4127 2312 4251 ipso
2353 4127 2972 4211 nomitteappeilattn'.)
3007 4128 3161 4186 Tom.
3204 4130 3271 4184 ιν
3297 4130 3489 4196 Conc.,
3518 4130 3620 4189 col.
3652 4131 3782 4186 636.

2231 4211 2326 4251 ure
2349 4198 2446 4251 abs
2469 4198 2629 4251 dubio
2651 4199 2786 4251 dmt
2823 4198 3057 4251 Cvnllus
3093 4215 3334 4251 crassam
3382 4215 3479 4251 uer
3501 4203 3662 4251 hosce
3696 4201 3780 4251 lo-

2231 4211 2326 4254 ure
2349 4198 2446 4270 abs
2469 4198 2629 4270 dubio
2651 4199 2786 4252 dixit
2821 4198 3057 4270 Cyrillus
3093 4215 3334 4256 crassam
3382 4215 3479 4270 per
3501 4203 3662 4258 hosce
3696 4201 3780 4256 lo-

2197 4267 2396 4336 quendi
2425 4268 2634 4333 modos,
2659 4283 2755 4336 per
2801 4267 3198 4325 distinctionem
3227 4267 3434 4326 scilicet
3472 4271 3614 4326 inter
3639 4273 3781 4326 hunc

2197 4335 2252 4391 et
2273 4335 2443 4401 illum,
2477 4335 2872 4408 separa’tiunem
2904 4341 3104 4404 induci,
3133 4355 3256 4396 cum
3285 4355 3445 4396 nemo
3465 4359 3571 4397 non
3594 4341 3780 4398 videat

2195 4409 2512 4482 pronomina
2536 4409 2619 4482 hic
2645 4415 2707 4482 e_t_
2718 4408 2805 4482 ille
2828 4425 2933 4482 non
2956 4411 3145 4480 utique
3174 4412 3240 4467 de
3261 4411 3488 4475 naturis,
3510 4413 3603 4467 sed
3623 4413 3781 4482 plane

2199 4477 2266 4550 de
2291 4479 2539 4550 personis
2563 4478 2904 4550 intelligenda
2943 4477 3087 4546 esse,
3135 4496 3200 4536 ac
3245 4482 3399 4550 proin
3443 4483 3486 4536 si
3521 4483 3572 4536 in
3601 4477 3783 4538 Verbo

2200 4546 2477 4622 incantato
2498 4547 2568 4622 sit
2595 4549 2687 4622 hic
2703 4546 2758 4603 et
2781 4549 2890 4614 ille,
2914 4552 3049 4622 duas
3067 4546 3282 4622 quoque
3303 4551 3356 4605 in
3383 4552 3498 4621 ipso
3519 4568 3782 4622 personas

2200 4616 2430 4689 admitti,
2464 4617 2546 4689 vel
2580 4619 2758 4689 potius
2785 4635 2965 4675 veram
2994 4616 3424 4676 incarnationem
3470 4616 3632 4678 Verbi
3678 4639 3778 4678 ne-

2198 4687 2334 4756 gari,
2361 4697 2421 4764 ut
2443 4688 2568 4743 alibi
2582 4687 2792 4764 'szrpius
2821 4700 3011 4764 monet
3031 4691 3285 4764 Cyrinus.
3299 4692 3446 4764 _lliue
3469 4700 3530 4764 et
3547 4693 3781 4764 Vigilius

2198 4771 2335 4830 papa
2361 4757 2414 4811 in
2436 4757 2790 4830 responsione
2810 4762 2874 4814 ad
2897 4757 3187 4830 capitulum
3205 4761 3277 4818 20
3298 4761 3564 4818 Theodori
3587 4757 3778 4819 eadem

2198 4828 2405 4905 iuuene
2446 4829 2589 4905 inter
2616 4829 2764 4905 ilium
2806 4838 2862 4883 et
2903 4828 3050 4905 ilium
3086 4832 3496 4905 distinguentis,
3527 4843 3588 4888 ut
3614 4849 3778 4905 supra

2199 4896 2306 4976 §_2,
2344 4914 2494 4976 num.
2524 4899 2591 4976 i5
2620 4900 2869 4976 vidimus,
2911 4901 3022 4956 ait:
3057 4919 3075 4951 ι
3126 4901 3186 4976 lu
3227 4896 3592 4976 εὖρτξιξειδίριο
3624 4896 3775 4976 Vige-

2198 4969 2336 5020 simo
2362 4969 2614 5044 capitulo,
2651 4970 2740 5044 ubi
2786 4969 3531 5044 octavuspsalmusvidetur
3556 4969 3775 5044 expo'ni,

2198 4988 2336 5020 sunt)
2362 4988 2614 5039 capltmo,
2651 4988 2740 5024 um
2786 4988 3009 5025 oetavus
3089 4988 3290 5027 satmus
3321 4988 3531 5028 videtur
3556 4989 3775 5044 exponi,

2195 5047 2250 5118 et
2277 5037 2452 5093 nudus
2470 5039 2631 5118 homo
2651 5039 2892 5118 (sicutet
2910 5041 2965 5095 in
2993 4988 3120 5118 aiiis
3133 5044 3246 5112 jam
3273 5043 3475 5098 dictum
3500 5047 3604 5116 est)
3625 5045 3779 5118 Chri-

2197 5116 2313 5179 stus
2337 5110 2620 5179 asseritur,
2646 5115 2700 5164 et
2719 5110 2924 5166 divisus
2945 5110 3176 5170 aVerbo
3199 5123 3549 5179 monstratur,
3569 5110 3625 5171 et
3644 5116 3778 5171 dua-

2198 5176 2614 5255 litasiuducitur
2643 5193 3018 5255 personarum.
3057 5201 3076 5232 ι
3109 5182 3351 5255 Cumque
3388 5192 3447 5255 et
3485 5176 3597 5255 ipse
3632 5187 3778 5240 arbi-

2196 5254 2431 5302 traretur
2460 5249 3098 5307 veram’incarnationcm
3135 5252 3188 5305 in
3218 5249 3484 5308 Theodori
3503 5249 3776 5311 "sententia

2198 5318 2489 5398 subsistere
2516 5319 2658 5398 haud
2679 5335 2854 5396 posse,
2884 5321 2938 5375 in
2962 5321 3104 5398 hunc
3124 5322 3343 5398 modum
3361 5325 3567 5398 pergit:
3598 5346 3615 5377 ι
3644 5328 3778 5398 Quae

2199 5390 2240 5444 si
2269 5389 2388 5458 quis
2415 5388 2487 5460 ita
2515 5388 2762 5460 δίψης...
2787 5400 2968 5447 etnon
2991 5391 3065 5448 ita
3087 5394 3138 5446 in
3163 5388 3378 5448 Christo
3398 5388 3622 5450 De'mino
3642 5388 3778 5452 d'uas

2199 5465 2420 5547 naturas
2448 5459 2843 5547 indivisihiliter
2863 5471 2916 5515 et
2956 5462 3234 5547 inconiuse
3270 5464 3448 5518 unitas
3488 5464 3774 5547 intelligat,

2198 5538 2260 5584 ut
2289 5538 2534 5585 manente
2574 5530 2872 5606 gliﬂ'erentia
2918 5533 3230 5606 earumdem
3275 5544 3610 5598 naturarum,
3660 5530 3778 5606 ipse

2199 5615 2337 5672 unus
2385 5610 2548 5672 atque
2577 5601 2716 5672 idem
2745 5616 2905 5672 verus
2928 5603 3000 5656 sit
3030 5603 3123 5672 Dei
3149 5611 3206 5672 ct
3233 5619 3390 5657 verus
3427 5606 3660 5661 nominis
3680 5601 3774 5661 Fi-

2199 5671 2320 5732 lius,
2351 5670 2639 5730 anathema
2673 5671 2762 5725 sit.
2799 5692 2817 5724 ι
2851 5670 3000 5730 Tom.
3032 5671 3101 5728 IX
3131 5671 3322 5736 Conc.,
3349 5673 3451 5729 col.
3487 5675 3573 5728 76.

2269 5741 2382 5795 XV.
2416 5739 2561 5796 Unde
2600 5743 2831 5811 fucatam
2877 5754 3043 5798 censet
3089 5758 3265 5797 eorum
3311 5745 3682 5816 gn‘ofcssiouem
3711 5745 3777 5802 de
