  <div class='ocr_page' id='page_1' title='image "/cluster/home/n/w/nwhite01/storage/ocr_20150623/101/umn.31951002477394h/223.png"; bbox 0 0 4122 6556; ppageno 0'>
   <div class='ocr_carea' id='block_1_1' title="bbox 545 402 652 460">
    <p class='ocr_par' dir='ltr' id='par_1_1' title="bbox 545 402 652 460">
     <span class='ocr_line' id='line_1_1' title="bbox 545 402 652 460; baseline -0.009 0"><span class='ocrx_word' id='word_1_1' title='bbox 545 402 652 460; x_wconf 75' lang='lat' dir='ltr'><strong>M9</strong></span> 
     </span>
    </p>
   </div>
   <div class='ocr_carea' id='block_1_2' title="bbox 1387 386 2966 453">
    <p class='ocr_par' dir='ltr' id='par_1_2' title="bbox 1387 386 2966 453">
     <span class='ocr_line' id='line_1_2' title="bbox 1387 386 2966 453; baseline -0.001 -1"><span class='ocrx_word' id='word_1_2' title='bbox 1387 394 1453 453; x_wconf 82' lang='grc' dir='ltr'><strong>Β.</strong></span> <span class='ocrx_word' id='word_1_3' title='bbox 1490 396 1554 452; x_wconf 73' lang='grc' dir='ltr'><strong>ι’.</strong></span> <span class='ocrx_word' id='word_1_4' title='bbox 1592 395 1818 452; x_wconf 75' lang='lat' dir='ltr'><strong>ALBINI</strong></span> <span class='ocrx_word' id='word_1_5' title='bbox 1857 394 1989 452; x_wconf 87' lang='lat' dir='ltr'><strong>SEU</strong></span> <span class='ocrx_word' id='word_1_6' title='bbox 2030 391 2304 452; x_wconf 82' lang='lat' dir='ltr'><strong>ALCUINI</strong></span> <span class='ocrx_word' id='word_1_7' title='bbox 2343 387 2626 451; x_wconf 77' lang='lat' dir='ltr'><strong>OPERUM</strong></span> <span class='ocrx_word' id='word_1_8' title='bbox 2665 391 2843 449; x_wconf 77' lang='lat' dir='ltr'><strong>PARS</strong></span> <span class='ocrx_word' id='word_1_9' title='bbox 2880 386 2966 451; x_wconf 79' lang='grc' dir='ltr'>ιιι.</span> 
     </span>
    </p>
   </div>
   <div class='ocr_carea' id='block_1_3' title="bbox 3716 379 3835 443">
    <p class='ocr_par' dir='ltr' id='par_1_3' title="bbox 3716 379 3835 443">
     <span class='ocr_line' id='line_1_3' title="bbox 3716 379 3835 443; baseline 0 0"><span class='ocrx_word' id='word_1_10' title='bbox 3716 379 3835 443; x_wconf 68' lang='grc'><strong>420</strong></span> 
     </span>
    </p>
   </div>
   <div class='ocr_carea' id='block_1_4' title="bbox 544 502 3838 581">
    <p class='ocr_par' dir='ltr' id='par_1_4' title="bbox 544 502 3838 581">
     <span class='ocr_line' id='line_1_4' title="bbox 544 502 3838 581; baseline -0.002 -15"><span class='ocrx_word' id='word_1_11' title='bbox 544 525 743 567; x_wconf 84' lang='lat' dir='ltr'><strong>nomen</strong></span> <span class='ocrx_word' id='word_1_12' title='bbox 767 509 931 581; x_wconf 76' lang='lat'><strong>992</strong></span> <span class='ocrx_word' id='word_1_13' title='bbox 959 508 1262 581; x_wconf 83' lang='lat' dir='ltr'><strong>adoptionis</strong></span> <span class='ocrx_word' id='word_1_14' title='bbox 1286 508 1340 564; x_wconf 90' lang='lat' dir='ltr'><strong>in</strong></span> <span class='ocrx_word' id='word_1_15' title='bbox 1365 507 1607 581; x_wconf 98' lang='lat' dir='ltr'><strong>Christo,</strong></span> <span class='ocrx_word' id='word_1_16' title='bbox 1636 508 1720 562; x_wconf 86' lang='lat' dir='ltr'><strong>vel</strong></span> <span class='ocrx_word' id='word_1_17' title='bbox 1749 506 2128 581; x_wconf 71' lang='lat' dir='ltr'><strong>nuncupativa:</strong></span> <span class='ocrx_word' id='word_1_18' title='bbox 2160 510 2204 565; x_wconf 78' lang='grc' dir='ltr'><strong>Α</strong></span> <span class='ocrx_word' id='word_1_19' title='bbox 2236 507 2413 581; x_wconf 52' lang='lat' dir='ltr'><strong>labis</strong></span> <span class='ocrx_word' id='word_1_20' title='bbox 2434 507 2775 581; x_wconf 72' lang='lat' dir='ltr'><strong>adOptionem</strong></span> <span class='ocrx_word' id='word_1_21' title='bbox 2803 507 3102 581; x_wconf 77' lang='lat' dir='ltr'><strong>describit:</strong></span> <span class='ocrx_word' id='word_1_22' title='bbox 3140 524 3158 558; x_wconf 81' lang='grc' dir='ltr'><strong>ι</strong></span> <span class='ocrx_word' id='word_1_23' title='bbox 3196 503 3430 581; x_wconf 62' lang='lat' dir='ltr'><strong>Adoptio</strong></span> <span class='ocrx_word' id='word_1_24' title='bbox 3458 502 3838 581; x_wconf 40' lang='lat' dir='ltr'><strong>qugedamﬂes}</strong></span> 
     </span>
    </p>
   </div>
   <div class='ocr_carea' id='block_1_5' title="bbox 548 578 2126 651">
    <p class='ocr_par' dir='ltr' id='par_1_5' title="bbox 548 578 2126 651">
     <span class='ocr_line' id='line_1_5' title="bbox 548 578 2126 651; baseline -0.004 -15"><span class='ocrx_word' id='word_1_25' title='bbox 548 578 861 636; x_wconf 74' lang='lat' dir='ltr'><strong>divinitatis</strong></span> <span class='ocrx_word' id='word_1_26' title='bbox 876 578 1151 651; x_wconf 50' lang='lat' dir='ltr'><strong>tulitquam</strong></span> <span class='ocrx_word' id='word_1_27' title='bbox 1177 579 1450 651; x_wconf 87' lang='lat' dir='ltr'><strong>habuerit,</strong></span> <span class='ocrx_word' id='word_1_28' title='bbox 1482 594 1761 651; x_wconf 86' lang='lat' dir='ltr'><strong>nunquam</strong></span> <span class='ocrx_word' id='word_1_29' title='bbox 1792 578 2126 651; x_wconf 71' lang='lat' dir='ltr'><strong>praedicavit.</strong></span> 
     </span>
    </p>
   </div>
   <div class='ocr_carea' id='block_1_6' title="bbox 544 647 2131 718">
    <p class='ocr_par' dir='ltr' id='par_1_6' title="bbox 544 647 2131 718">
     <span class='ocr_line' id='line_1_6' title="bbox 544 647 2131 718; baseline -0.003 -13"><span class='ocrx_word' id='word_1_30' title='bbox 544 650 679 718; x_wconf 70' lang='lat' dir='ltr'><strong>Quae</strong></span> <span class='ocrx_word' id='word_1_31' title='bbox 704 652 924 707; x_wconf 90' lang='lat' dir='ltr'><strong>nomina</strong></span> <span class='ocrx_word' id='word_1_32' title='bbox 966 647 1066 706; x_wconf 82' lang='lat' dir='ltr'><strong>nec</strong></span> <span class='ocrx_word' id='word_1_33' title='bbox 1096 651 1148 705; x_wconf 94' lang='lat' dir='ltr'><strong>in</strong></span> <span class='ocrx_word' id='word_1_34' title='bbox 1179 649 1506 718; x_wconf 88' lang='lat' dir='ltr'><strong>Evangeliis,</strong></span> <span class='ocrx_word' id='word_1_35' title='bbox 1539 647 1640 704; x_wconf 88' lang='lat' dir='ltr'><strong>nec</strong></span> <span class='ocrx_word' id='word_1_36' title='bbox 1679 650 1734 703; x_wconf 92' lang='lat' dir='ltr'><strong>in</strong></span> <span class='ocrx_word' id='word_1_37' title='bbox 1763 647 2131 718; x_wconf 78' lang='lat' dir='ltr'><strong>apostoloer</strong></span> 
     </span>
    </p>
   </div>
   <div class='ocr_carea' id='block_1_7' title="bbox 544 716 2134 797">
    <p class='ocr_par' dir='ltr' id='par_1_7' title="bbox 544 716 2134 797">
     <span class='ocr_line' id='line_1_7' title="bbox 544 716 2134 797; baseline -0.004 -20"><span class='ocrx_word' id='word_1_38' title='bbox 544 716 821 797; x_wconf 79' lang='lat' dir='ltr'><strong>Epistolis,</strong></span> <span class='ocrx_word' id='word_1_39' title='bbox 853 724 960 797; x_wconf 85' lang='lat' dir='ltr'><strong>imo</strong></span> <span class='ocrx_word' id='word_1_40' title='bbox 990 737 1090 797; x_wconf 85' lang='lat' dir='ltr'><strong>nec</strong></span> <span class='ocrx_word' id='word_1_41' title='bbox 1108 721 1174 797; x_wconf 71' lang='lat' dir='ltr'><strong>in</strong></span> <span class='ocrx_word' id='word_1_42' title='bbox 1205 716 1538 797; x_wconf 77' lang='lat' dir='ltr'><strong>propheticis</strong></span> <span class='ocrx_word' id='word_1_43' title='bbox 1583 719 1749 774; x_wconf 91' lang='lat' dir='ltr'><strong>totius</strong></span> <span class='ocrx_word' id='word_1_44' title='bbox 1775 716 1989 797; x_wconf 76' lang='lat' dir='ltr'><strong>Veteris</strong></span> <span class='ocrx_word' id='word_1_45' title='bbox 2030 716 2134 797; x_wconf 66' lang='lat' dir='ltr'><strong>Te-</strong></span> 
     </span>
    </p>
   </div>
   <div class='ocr_carea' id='block_1_8' title="bbox 545 786 2133 863">
    <p class='ocr_par' dir='ltr' id='par_1_8' title="bbox 545 786 2133 863">
     <span class='ocr_line' id='line_1_8' title="bbox 545 786 2133 863; baseline -0.006 -14"><span class='ocrx_word' id='word_1_46' title='bbox 545 786 802 863; x_wconf 73' lang='lat' dir='ltr'><strong>stamenti</strong></span> <span class='ocrx_word' id='word_1_47' title='bbox 832 793 1052 863; x_wconf 80' lang='lat' dir='ltr'><strong>scriptis</strong></span> <span class='ocrx_word' id='word_1_48' title='bbox 1074 786 1271 863; x_wconf 78' lang='lat' dir='ltr'><strong>alicubi</strong></span> <span class='ocrx_word' id='word_1_49' title='bbox 1296 786 1677 863; x_wconf 78' lang='lat' dir='ltr'><strong>inveniuntur;</strong></span> <span class='ocrx_word' id='word_1_50' title='bbox 1710 789 1806 843; x_wconf 87' lang='lat' dir='ltr'><strong>sed</strong></span> <span class='ocrx_word' id='word_1_51' title='bbox 1833 803 1935 863; x_wconf 78' lang='lat' dir='ltr'><strong>nec</strong></span> <span class='ocrx_word' id='word_1_52' title='bbox 1958 786 2133 863; x_wconf 79' lang='lat' dir='ltr'><strong>inali—</strong></span> 
     </span>
    </p>
   </div>
   <div class='ocr_carea' id='block_1_9' title="bbox 545 857 2134 932">
    <p class='ocr_par' dir='ltr' id='par_1_9' title="bbox 545 857 2134 932">
     <span class='ocr_line' id='line_1_9' title="bbox 545 857 2134 932; baseline -0.005 -14"><span class='ocrx_word' id='word_1_53' title='bbox 545 862 702 932; x_wconf 83' lang='lat' dir='ltr'><strong>cujus</strong></span> <span class='ocrx_word' id='word_1_54' title='bbox 731 857 1041 917; x_wconf 77' lang='lat' dir='ltr'><strong>sanctorum</strong></span> <span class='ocrx_word' id='word_1_55' title='bbox 1079 862 1300 932; x_wconf 86' lang='lat' dir='ltr'><strong>Patrum</strong></span> <span class='ocrx_word' id='word_1_56' title='bbox 1328 870 1383 916; x_wconf 87' lang='lat' dir='ltr'><strong>et</strong></span> <span class='ocrx_word' id='word_1_57' title='bbox 1409 861 1692 932; x_wconf 82' lang='lat' dir='ltr'><strong>doctorum</strong></span> <span class='ocrx_word' id='word_1_58' title='bbox 1735 857 2134 932; x_wconf 39' lang='lat' dir='ltr'><strong>ecclesiastico:</strong></span> 
     </span>
    </p>
   </div>
   <div class='ocr_carea' id='block_1_10' title="bbox 546 927 2130 1002">
    <p class='ocr_par' dir='ltr' id='par_1_10' title="bbox 546 927 2130 1002">
     <span class='ocr_line' id='line_1_10' title="bbox 546 927 2130 1002; baseline -0.005 -13"><span class='ocrx_word' id='word_1_59' title='bbox 546 927 668 989; x_wconf 79' lang='lat' dir='ltr'><strong>rum</strong></span> <span class='ocrx_word' id='word_1_60' title='bbox 700 933 874 996; x_wconf 88' lang='lat' dir='ltr'><strong>libris,</strong></span> <span class='ocrx_word' id='word_1_61' title='bbox 910 947 1010 987; x_wconf 91' lang='lat' dir='ltr'><strong>nec</strong></span> <span class='ocrx_word' id='word_1_62' title='bbox 1056 932 1112 987; x_wconf 92' lang='lat' dir='ltr'><strong>in</strong></span> <span class='ocrx_word' id='word_1_63' title='bbox 1140 931 1398 1002; x_wconf 82' lang='lat' dir='ltr'><strong>Symholo</strong></span> <span class='ocrx_word' id='word_1_64' title='bbox 1442 930 1760 1001; x_wconf 89' lang='lat' dir='ltr'><strong>apostolico,</strong></span> <span class='ocrx_word' id='word_1_65' title='bbox 1778 929 1888 1002; x_wconf 85' lang='lat' dir='ltr'><strong>_vel</strong></span> <span class='ocrx_word' id='word_1_66' title='bbox 1928 927 2130 1002; x_wconf 79' lang='lat' dir='ltr'><strong>Nicami</strong></span> 
     </span>
    </p>
   </div>
   <div class='ocr_carea' id='block_1_11' title="bbox 544 998 2130 1072">
    <p class='ocr_par' dir='ltr' id='par_1_11' title="bbox 544 998 2130 1072">
     <span class='ocr_line' id='line_1_11' title="bbox 544 998 2130 1072; baseline -0.004 -14"><span class='ocrx_word' id='word_1_67' title='bbox 544 1004 786 1068; x_wconf 86' lang='lat' dir='ltr'><strong>concilii,</strong></span> <span class='ocrx_word' id='word_1_68' title='bbox 816 1004 900 1059; x_wconf 90' lang='lat' dir='ltr'><strong>vel</strong></span> <span class='ocrx_word' id='word_1_69' title='bbox 945 1005 1110 1058; x_wconf 89' lang='lat' dir='ltr'><strong>etiam</strong></span> <span class='ocrx_word' id='word_1_70' title='bbox 1141 998 1196 1056; x_wconf 81' lang='lat' dir='ltr'><strong>iri</strong></span> <span class='ocrx_word' id='word_1_71' title='bbox 1240 998 1492 1071; x_wconf 71' lang='lat' dir='ltr'><strong>alicujus</strong></span> <span class='ocrx_word' id='word_1_72' title='bbox 1516 1002 1706 1072; x_wconf 88' lang='lat' dir='ltr'><strong>synodi</strong></span> <span class='ocrx_word' id='word_1_73' title='bbox 1736 998 2130 1072; x_wconf 83' lang='lat' dir='ltr'><strong>aliir_mati_one,</strong></span> 
     </span>
    </p>
   </div>
   <div class='ocr_carea' id='block_1_12' title="bbox 547 1069 2132 1144">
    <p class='ocr_par' dir='ltr' id='par_1_12' title="bbox 547 1069 2132 1144">
     <span class='ocr_line' id='line_1_12' title="bbox 547 1069 2132 1144; baseline -0.005 -16"><span class='ocrx_word' id='word_1_74' title='bbox 547 1082 645 1129; x_wconf 90' lang='lat' dir='ltr'><strong>aut</strong></span> <span class='ocrx_word' id='word_1_75' title='bbox 670 1074 723 1128; x_wconf 89' lang='lat' dir='ltr'><strong>in</strong></span> <span class='ocrx_word' id='word_1_76' title='bbox 754 1074 935 1144; x_wconf 90' lang='lat' dir='ltr'><strong>aliqua</strong></span> <span class='ocrx_word' id='word_1_77' title='bbox 965 1073 1245 1144; x_wconf 50' lang='lat' dir='ltr'><strong>catholica:</strong></span> <span class='ocrx_word' id='word_1_78' title='bbox 1290 1069 1413 1127; x_wconf 77' lang='lat' dir='ltr'><strong>ﬁdei</strong></span> <span class='ocrx_word' id='word_1_79' title='bbox 1448 1069 1793 1126; x_wconf 79' lang='lat' dir='ltr'><strong>auctoritate.</strong></span> <span class='ocrx_word' id='word_1_80' title='bbox 1819 1069 1903 1144; x_wconf 73' lang='lat' dir='ltr'><strong>Et</strong></span> <span class='ocrx_word' id='word_1_81' title='bbox 1932 1069 2132 1123; x_wconf 90' lang='lat' dir='ltr'><strong>mirum</strong></span> 
     </span>
    </p>
   </div>
   <div class='ocr_carea' id='block_1_13' title="bbox 546 1139 2136 1202">
    <p class='ocr_par' dir='ltr' id='par_1_13' title="bbox 546 1139 2136 1202">
     <span class='ocr_line' id='line_1_13' title="bbox 546 1139 2136 1202; baseline -0.004 -4"><span class='ocrx_word' id='word_1_82' title='bbox 546 1153 632 1199; x_wconf 90' lang='lat' dir='ltr'><strong>est</strong></span> <span class='ocrx_word' id='word_1_83' title='bbox 656 1160 754 1198; x_wconf 90' lang='lat' dir='ltr'><strong>cur</strong></span> <span class='ocrx_word' id='word_1_84' title='bbox 782 1139 888 1198; x_wconf 59' lang='lat' dir='ltr'><strong>no&#39;n</strong></span> <span class='ocrx_word' id='word_1_85' title='bbox 923 1146 1151 1197; x_wconf 82' lang='lat' dir='ltr'><strong>timeant</strong></span> <span class='ocrx_word' id='word_1_86' title='bbox 1177 1143 1312 1196; x_wconf 87' lang='lat' dir='ltr'><strong>tales</strong></span> <span class='ocrx_word' id='word_1_87' title='bbox 1340 1144 1594 1198; x_wconf 91' lang='lat' dir='ltr'><strong>doctores</strong></span> <span class='ocrx_word' id='word_1_88' title='bbox 1632 1156 1772 1196; x_wconf 90' lang='lat' dir='ltr'><strong>nova</strong></span> <span class='ocrx_word' id='word_1_89' title='bbox 1814 1139 2047 1202; x_wconf 79' lang='lat' dir='ltr'><strong>inferre,</strong></span> <span class='ocrx_word' id='word_1_90' title='bbox 2079 1147 2136 1192; x_wconf 89' lang='lat' dir='ltr'><strong>et</strong></span> 
     </span>
    </p>
   </div>
   <div class='ocr_carea' id='block_1_14' title="bbox 549 1210 2136 1283">
    <p class='ocr_par' dir='ltr' id='par_1_14' title="bbox 549 1210 2136 1283">
     <span class='ocr_line' id='line_1_14' title="bbox 549 1210 2136 1283; baseline -0.004 -15"><span class='ocrx_word' id='word_1_91' title='bbox 549 1215 823 1282; x_wconf 77' lang='lat' dir='ltr'><strong>incognita</strong></span> <span class='ocrx_word' id='word_1_92' title='bbox 851 1215 1089 1283; x_wconf 83' lang='lat' dir='ltr'><strong>antiquis</strong></span> <span class='ocrx_word' id='word_1_93' title='bbox 1119 1214 1473 1282; x_wconf 85' lang='lat' dir='ltr'><strong>temporibus,</strong></span> <span class='ocrx_word' id='word_1_94' title='bbox 1506 1213 1633 1266; x_wconf 90' lang='lat' dir='ltr'><strong>dum</strong></span> <span class='ocrx_word' id='word_1_95' title='bbox 1663 1212 1915 1281; x_wconf 79' lang='lat' dir='ltr'><strong>egregius</strong></span> <span class='ocrx_word' id='word_1_96' title='bbox 1945 1210 2136 1283; x_wconf 85' lang='lat' dir='ltr'><strong>doctor</strong></span> 
     </span>
    </p>
   </div>
   <div class='ocr_carea' id='block_1_15' title="bbox 547 1280 2137 1355">
    <p class='ocr_par' dir='ltr' id='par_1_15' title="bbox 547 1280 2137 1355">
     <span class='ocr_line' id='line_1_15' title="bbox 547 1280 2137 1355; baseline -0.004 -16"><span class='ocrx_word' id='word_1_97' title='bbox 547 1280 792 1355; x_wconf 85' lang='lat' dir='ltr'><strong>gentium</strong></span> <span class='ocrx_word' id='word_1_98' title='bbox 815 1280 1004 1339; x_wconf 77' lang='lat' dir='ltr'><strong>omnes</strong></span> <span class='ocrx_word' id='word_1_99' title='bbox 1032 1280 1299 1338; x_wconf 74' lang='lat' dir='ltr'><strong>novitates</strong></span> <span class='ocrx_word' id='word_1_100' title='bbox 1323 1298 1540 1346; x_wconf 88' lang='lat' dir='ltr'><strong>vocum,</strong></span> <span class='ocrx_word' id='word_1_101' title='bbox 1572 1291 1628 1337; x_wconf 86' lang='lat' dir='ltr'><strong>et</strong></span> <span class='ocrx_word' id='word_1_102' title='bbox 1656 1280 1905 1336; x_wconf 84' lang='lat' dir='ltr'><strong>inventas</strong></span> <span class='ocrx_word' id='word_1_103' title='bbox 1925 1280 2137 1355; x_wconf 83' lang='lat' dir='ltr'><strong>noviter</strong></span> 
     </span>
    </p>
   </div>
   <div class='ocr_carea' id='block_1_16' title="bbox 549 1351 2136 1423">
    <p class='ocr_par' dir='ltr' id='par_1_16' title="bbox 549 1351 2136 1423">
     <span class='ocr_line' id='line_1_16' title="bbox 549 1351 2136 1423; baseline -0.004 -14"><span class='ocrx_word' id='word_1_104' title='bbox 549 1351 726 1411; x_wconf 80' lang='lat' dir='ltr'><strong>sectas</strong></span> <span class='ocrx_word' id='word_1_105' title='bbox 753 1356 973 1410; x_wconf 87' lang='lat' dir='ltr'><strong>omnino</strong></span> <span class='ocrx_word' id='word_1_106' title='bbox 1001 1355 1230 1408; x_wconf 79' lang='lat' dir='ltr'><strong>firmiter</strong></span> <span class='ocrx_word' id='word_1_107' title='bbox 1258 1355 1543 1423; x_wconf 84' lang='lat' dir='ltr'><strong>prohibeat</strong></span> <span class='ocrx_word' id='word_1_108' title='bbox 1573 1368 1602 1406; x_wconf 91' lang='lat' dir='ltr'><strong>a</strong></span> <span class='ocrx_word' id='word_1_109' title='bbox 1629 1366 1902 1422; x_wconf 92' lang='lat' dir='ltr'><strong>quoquam</strong></span> <span class='ocrx_word' id='word_1_110' title='bbox 1947 1351 2136 1423; x_wconf 89' lang='lat' dir='ltr'><strong>catho-_-</strong></span> 
     </span>
    </p>
   </div>
   <div class='ocr_carea' id='block_1_17' title="bbox 549 1419 2134 1494">
    <p class='ocr_par' dir='ltr' id='par_1_17' title="bbox 549 1419 2134 1494">
     <span class='ocr_line' id='line_1_17' title="bbox 549 1419 2134 1494; baseline -0.004 -16"><span class='ocrx_word' id='word_1_111' title='bbox 549 1426 656 1481; x_wconf 91' lang='lat' dir='ltr'><strong>lico</strong></span> <span class='ocrx_word' id='word_1_112' title='bbox 702 1425 896 1494; x_wconf 79' lang='lat' dir='ltr'><strong>recipi;</strong></span> <span class='ocrx_word' id='word_1_113' title='bbox 950 1426 1003 1479; x_wconf 92' lang='lat' dir='ltr'><strong>in</strong></span> <span class='ocrx_word' id='word_1_114' title='bbox 1033 1419 1274 1487; x_wconf 67' lang='lat' dir='ltr'><strong>tantum,</strong></span> <span class='ocrx_word' id='word_1_115' title='bbox 1314 1433 1377 1478; x_wconf 91' lang='lat' dir='ltr'><strong>ut</strong></span> <span class='ocrx_word' id='word_1_116' title='bbox 1422 1425 1591 1494; x_wconf 82' lang='lat' dir='ltr'><strong>etiam</strong></span> <span class='ocrx_word' id='word_1_117' title='bbox 1631 1419 1857 1494; x_wconf 74' lang='lat' dir='ltr'><strong>angelis,</strong></span> <span class='ocrx_word' id='word_1_118' title='bbox 1904 1429 1959 1494; x_wconf 79' lang='lat' dir='ltr'><strong>et</strong></span> <span class='ocrx_word' id='word_1_119' title='bbox 1986 1419 2134 1494; x_wconf 78' lang='lat' dir='ltr'><strong>omni</strong></span> 
     </span>
    </p>
   </div>
   <div class='ocr_carea' id='block_1_18' title="bbox 550 1491 2139 1555">
    <p class='ocr_par' dir='ltr' id='par_1_18' title="bbox 550 1491 2139 1555">
     <span class='ocr_line' id='line_1_18' title="bbox 550 1491 2139 1555; baseline -0.004 -5"><span class='ocrx_word' id='word_1_120' title='bbox 550 1496 756 1551; x_wconf 81' lang='lat' dir='ltr'><strong>homini</strong></span> <span class='ocrx_word' id='word_1_121' title='bbox 804 1491 1093 1549; x_wconf 83' lang='lat' dir='ltr'><strong>anathema</strong></span> <span class='ocrx_word' id='word_1_122' title='bbox 1123 1494 1382 1549; x_wconf 81' lang='lat' dir='ltr'><strong>indixisse</strong></span> <span class='ocrx_word' id='word_1_123' title='bbox 1414 1510 1520 1548; x_wconf 89' lang='lat' dir='ltr'><strong>non</strong></span> <span class='ocrx_word' id='word_1_124' title='bbox 1560 1491 1868 1555; x_wconf 74' lang='lat' dir='ltr'><strong>dubitaret,</strong></span> <span class='ocrx_word' id='word_1_125' title='bbox 1900 1492 1946 1545; x_wconf 90' lang='lat' dir='ltr'><strong>si</strong></span> <span class='ocrx_word' id='word_1_126' title='bbox 1977 1491 2139 1545; x_wconf 86' lang='lat' dir='ltr'><strong>aliter</strong></span> 
     </span>
    </p>
   </div>
   <div class='ocr_carea' id='block_1_19' title="bbox 550 1560 2135 1637">
    <p class='ocr_par' dir='ltr' id='par_1_19' title="bbox 550 1560 2135 1637">
     <span class='ocr_line' id='line_1_19' title="bbox 550 1560 2135 1637; baseline -0.004 -18"><span class='ocrx_word' id='word_1_127' title='bbox 550 1566 929 1637; x_wconf 64' lang='lat' dir='ltr'><strong>prmdicasset,</strong></span> <span class='ocrx_word' id='word_1_128' title='bbox 959 1580 1121 1636; x_wconf 92' lang='lat' dir='ltr'><strong>quam</strong></span> <span class='ocrx_word' id='word_1_129' title='bbox 1147 1565 1215 1618; x_wconf 91' lang='lat' dir='ltr'><strong>ah</strong></span> <span class='ocrx_word' id='word_1_130' title='bbox 1244 1564 1723 1637; x_wconf 17' lang='lat' dir='ltr'><strong>illoiprredicatum</strong></span> <span class='ocrx_word' id='word_1_131' title='bbox 1756 1572 1921 1637; x_wconf 84' lang='lat' dir='ltr'><strong>esset.</strong></span> <span class='ocrx_word' id='word_1_132' title='bbox 1967 1560 2135 1637; x_wconf 66' lang='lat' dir='ltr'><strong>»__Ne_c</strong></span> 
     </span>
    </p>
   </div>
   <div class='ocr_carea' id='block_1_20' title="bbox 553 1630 2138 1704">
    <p class='ocr_par' dir='ltr' id='par_1_20' title="bbox 553 1630 2138 1704">
     <span class='ocr_line' id='line_1_20' title="bbox 553 1630 2138 1704; baseline -0.004 -13"><span class='ocrx_word' id='word_1_133' title='bbox 553 1630 703 1691; x_wconf 77' lang='lat' dir='ltr'><strong>solus</strong></span> <span class='ocrx_word' id='word_1_134' title='bbox 741 1636 843 1690; x_wconf 84' lang='lat' dir='ltr'><strong>fuit</strong></span> <span class='ocrx_word' id='word_1_135' title='bbox 869 1630 1151 1693; x_wconf 79' lang='lat' dir='ltr'><strong>Alcuinus.</strong></span> <span class='ocrx_word' id='word_1_136' title='bbox 1178 1634 1269 1704; x_wconf 91' lang='lat' dir='ltr'><strong>qui</strong></span> <span class='ocrx_word' id='word_1_137' title='bbox 1318 1630 1385 1690; x_wconf 79' lang='lat' dir='ltr'><strong>de</strong></span> <span class='ocrx_word' id='word_1_138' title='bbox 1414 1634 1658 1689; x_wconf 84' lang='lat' dir='ltr'><strong>novitate</strong></span> <span class='ocrx_word' id='word_1_139' title='bbox 1691 1633 1950 1704; x_wconf 75' lang='lat' dir='ltr'><strong>doctrina:</strong></span> <span class='ocrx_word' id='word_1_140' title='bbox 1996 1630 2138 1704; x_wconf 68' lang='lat' dir='ltr'><strong>Feli-</strong></span> 
     </span>
    </p>
   </div>
   <div class='ocr_carea' id='block_1_21' title="bbox 553 1702 2133 1775">
    <p class='ocr_par' dir='ltr' id='par_1_21' title="bbox 553 1702 2133 1775">
     <span class='ocr_line' id='line_1_21' title="bbox 553 1702 2133 1775; baseline -0.004 -13"><span class='ocrx_word' id='word_1_141' title='bbox 553 1722 672 1762; x_wconf 94' lang='lat' dir='ltr'><strong>cem</strong></span> <span class='ocrx_word' id='word_1_142' title='bbox 700 1716 755 1762; x_wconf 92' lang='lat' dir='ltr'><strong>et</strong></span> <span class='ocrx_word' id='word_1_143' title='bbox 781 1708 1102 1775; x_wconf 87' lang='lat' dir='ltr'><strong>Elipandmn</strong></span> <span class='ocrx_word' id='word_1_144' title='bbox 1129 1702 1331 1775; x_wconf 77' lang='lat' dir='ltr'><strong>arguit,</strong></span> <span class='ocrx_word' id='word_1_145' title='bbox 1364 1721 1484 1759; x_wconf 83' lang='lat' dir='ltr'><strong>cum</strong></span> <span class='ocrx_word' id='word_1_146' title='bbox 1534 1705 1731 1758; x_wconf 87' lang='lat' dir='ltr'><strong>Beatus</strong></span> <span class='ocrx_word' id='word_1_147' title='bbox 1758 1719 1825 1775; x_wconf 88' lang='lat' dir='ltr'><strong>ac</strong></span> <span class='ocrx_word' id='word_1_148' title='bbox 1848 1702 2133 1775; x_wconf 84' lang='lat' dir='ltr'><strong>Etherius,</strong></span> 
     </span>
    </p>
   </div>
   <div class='ocr_carea' id='block_1_22' title="bbox 553 1773 2133 1848">
    <p class='ocr_par' dir='ltr' id='par_1_22' title="bbox 553 1773 2133 1848">
     <span class='ocr_line' id='line_1_22' title="bbox 553 1773 2133 1848; baseline -0.003 -17"><span class='ocrx_word' id='word_1_149' title='bbox 553 1779 777 1848; x_wconf 87' lang='lat' dir='ltr'><strong>insuper</strong></span> <span class='ocrx_word' id='word_1_150' title='bbox 825 1773 881 1831; x_wconf 86' lang='lat' dir='ltr'><strong>et</strong></span> <span class='ocrx_word' id='word_1_151' title='bbox 928 1778 1165 1847; x_wconf 88' lang='lat' dir='ltr'><strong>synodus</strong></span> <span class='ocrx_word' id='word_1_152' title='bbox 1201 1773 1712 1848; x_wconf 75' lang='lat' dir='ltr'><strong>Francol&#39;ordiensis</strong></span> <span class='ocrx_word' id='word_1_153' title='bbox 1765 1774 1819 1848; x_wconf 82' lang='lat' dir='ltr'><strong>id</strong></span> <span class='ocrx_word' id='word_1_154' title='bbox 1859 1775 2034 1848; x_wconf 73' lang='lat' dir='ltr'><strong>ipsum</strong></span> <span class='ocrx_word' id='word_1_155' title='bbox 2079 1773 2133 1827; x_wconf 81' lang='lat' dir='ltr'><strong>in</strong></span> 
     </span>
    </p>
   </div>
   <div class='ocr_carea' id='block_1_23' title="bbox 2236 574 3837 648">
    <p class='ocr_par' dir='ltr' id='par_1_23' title="bbox 2236 574 3837 648">
     <span class='ocr_line' id='line_1_23' title="bbox 2236 574 3837 648; baseline -0.001 -18"><span class='ocrx_word' id='word_1_156' title='bbox 2236 574 2901 648; x_wconf 44' lang='lat' dir='ltr'><strong>voluntatis—signiﬁcatio,</strong></span> <span class='ocrx_word' id='word_1_157' title='bbox 2948 594 3055 633; x_wconf 91' lang='lat' dir='ltr'><strong>non</strong></span> <span class='ocrx_word' id='word_1_158' title='bbox 3102 574 3403 648; x_wconf 80' lang='lat' dir='ltr'><strong>nativitatis</strong></span> <span class='ocrx_word' id='word_1_159' title='bbox 3432 575 3651 648; x_wconf 74' lang='lat' dir='ltr'><strong>veritas.</strong></span> <span class='ocrx_word' id='word_1_160' title='bbox 3696 574 3837 629; x_wconf 78' lang='lat' dir='ltr'><strong>Vult</strong></span> 
     </span>
    </p>
   </div>
   <div class='ocr_carea' id='block_1_24' title="bbox 2234 644 3839 718">
    <p class='ocr_par' dir='ltr' id='par_1_24' title="bbox 2234 644 3839 718">
     <span class='ocr_line' id='line_1_24' title="bbox 2234 644 3839 718; baseline -0.001 -16"><span class='ocrx_word' id='word_1_161' title='bbox 2234 649 2379 718; x_wconf 83' lang='lat' dir='ltr'><strong>enim</strong></span> <span class='ocrx_word' id='word_1_162' title='bbox 2408 644 2691 702; x_wconf 59' lang='lat' dir='ltr'><strong>habere&#39;in</strong></span> <span class='ocrx_word' id='word_1_163' title='bbox 2738 650 2977 714; x_wconf 88' lang='lat' dir='ltr'><strong>nomine,</strong></span> <span class='ocrx_word' id='word_1_164' title='bbox 3007 648 3101 718; x_wconf 88' lang='lat' dir='ltr'><strong>qui</strong></span> <span class='ocrx_word' id='word_1_165' title='bbox 3134 646 3353 717; x_wconf 88' lang='lat' dir='ltr'><strong>adoptat</strong></span> <span class='ocrx_word' id='word_1_166' title='bbox 3399 645 3502 699; x_wconf 88' lang='lat' dir='ltr'><strong>sibi</strong></span> <span class='ocrx_word' id='word_1_167' title='bbox 3540 644 3708 718; x_wconf 85' lang='lat' dir='ltr'><strong>ﬁlium</strong></span> <span class='ocrx_word' id='word_1_168' title='bbox 3753 660 3839 718; x_wconf 73' lang='lat' dir='ltr'><strong>ex</strong></span> 
     </span>
    </p>
   </div>
   <div class='ocr_carea' id='block_1_25' title="bbox 2235 716 3839 790">
    <p class='ocr_par' dir='ltr' id='par_1_25' title="bbox 2235 716 3839 790">
     <span class='ocr_line' id='line_1_25' title="bbox 2235 716 3839 790; baseline 0 -19"><span class='ocrx_word' id='word_1_169' title='bbox 2235 717 2476 788; x_wconf 88' lang='lat' dir='ltr'><strong>quolibet</strong></span> <span class='ocrx_word' id='word_1_170' title='bbox 2504 718 2703 790; x_wconf 78' lang='lat' dir='ltr'><strong>alieno,</strong></span> <span class='ocrx_word' id='word_1_171' title='bbox 2735 718 2885 790; x_wconf 87' lang='lat' dir='ltr'><strong>illum</strong></span> <span class='ocrx_word' id='word_1_172' title='bbox 2936 716 3097 790; x_wconf 79' lang='lat' dir='ltr'><strong>quem</strong></span> <span class='ocrx_word' id='word_1_173' title='bbox 3130 716 3249 790; x_wconf 81' lang='lat' dir='ltr'><strong>non</strong></span> <span class='ocrx_word' id='word_1_174' title='bbox 3270 718 3434 790; x_wconf 81' lang='lat' dir='ltr'><strong>habet</strong></span> <span class='ocrx_word' id='word_1_175' title='bbox 3460 716 3741 790; x_wconf 69' lang='lat' dir='ltr'><strong>proprium</strong></span> <span class='ocrx_word' id='word_1_176' title='bbox 3759 716 3839 790; x_wconf 74' lang='lat' dir='ltr'><strong>in</strong></span> 
     </span>
    </p>
   </div>
   <div class='ocr_carea' id='block_1_26' title="bbox 2237 784 3840 845">
    <p class='ocr_par' dir='ltr' id='par_1_26' title="bbox 2237 784 3840 845">
     <span class='ocr_line' id='line_1_26' title="bbox 2237 784 3840 845; baseline -0.001 -3"><span class='ocrx_word' id='word_1_177' title='bbox 2237 784 2451 842; x_wconf 79' lang='lat' dir='ltr'><strong>natura.</strong></span> <span class='ocrx_word' id='word_1_178' title='bbox 2509 807 2527 840; x_wconf 79' lang='grc' dir='ltr'><strong>ι</strong></span> <span class='ocrx_word' id='word_1_179' title='bbox 2562 788 2620 841; x_wconf 92' lang='lat' dir='ltr'><strong>ln</strong></span> <span class='ocrx_word' id='word_1_180' title='bbox 2676 789 2856 844; x_wconf 90' lang='lat' dir='ltr'><strong>libello</strong></span> <span class='ocrx_word' id='word_1_181' title='bbox 2912 784 3091 845; x_wconf 81' lang='lat' dir='ltr'><strong>autem</strong></span> <span class='ocrx_word' id='word_1_182' title='bbox 3145 789 3212 842; x_wconf 90' lang='lat' dir='ltr'><strong>ad</strong></span> <span class='ocrx_word' id='word_1_183' title='bbox 3268 784 3573 843; x_wconf 22' lang='lat' dir='ltr'><strong>Monachos’</strong></span> <span class='ocrx_word' id='word_1_184' title='bbox 3610 784 3840 841; x_wconf 64' lang='lat' dir='ltr'><strong>Gothia</strong></span> 
     </span>
    </p>
   </div>
   <div class='ocr_carea' id='block_1_27' title="bbox 2237 856 3843 930">
    <p class='ocr_par' dir='ltr' id='par_1_27' title="bbox 2237 856 3843 930">
     <span class='ocr_line' id='line_1_27' title="bbox 2237 856 3843 930; baseline 0.001 -21"><span class='ocrx_word' id='word_1_185' title='bbox 2237 874 2386 930; x_wconf 85' lang='lat' dir='ltr'><strong>num.</strong></span> <span class='ocrx_word' id='word_1_186' title='bbox 2420 857 2487 912; x_wconf 84' lang='lat'><strong>70</strong></span> <span class='ocrx_word' id='word_1_187' title='bbox 2530 859 2624 930; x_wconf 82' lang='lat' dir='ltr'><strong>ait,</strong></span> <span class='ocrx_word' id='word_1_188' title='bbox 2674 874 2773 930; x_wconf 82' lang='lat' dir='ltr'><strong>nos</strong></span> <span class='ocrx_word' id='word_1_189' title='bbox 2802 860 2953 930; x_wconf 90' lang='lat' dir='ltr'><strong>prius</strong></span> <span class='ocrx_word' id='word_1_190' title='bbox 2998 864 3186 921; x_wconf 90' lang='lat' dir='ltr'><strong>natos,</strong></span> <span class='ocrx_word' id='word_1_191' title='bbox 3216 873 3282 913; x_wconf 90' lang='lat' dir='ltr'><strong>ac</strong></span> <span class='ocrx_word' id='word_1_192' title='bbox 3311 869 3423 911; x_wconf 88' lang='lat' dir='ltr'><strong>tum</strong></span> <span class='ocrx_word' id='word_1_193' title='bbox 3454 856 3687 926; x_wconf 90' lang='lat' dir='ltr'><strong>primum</strong></span> <span class='ocrx_word' id='word_1_194' title='bbox 3727 872 3843 927; x_wconf 89' lang='lat' dir='ltr'><strong>per</strong></span> 
     </span>
    </p>
   </div>
   <div class='ocr_carea' id='block_1_28' title="bbox 2236 928 3835 1001">
    <p class='ocr_par' dir='ltr' id='par_1_28' title="bbox 2236 928 3835 1001">
     <span class='ocr_line' id='line_1_28' title="bbox 2236 928 3835 1001; baseline 0.001 -20"><span class='ocrx_word' id='word_1_195' title='bbox 2236 928 2469 1001; x_wconf 64' lang='lat' dir='ltr'><strong>gratiam</strong></span> <span class='ocrx_word' id='word_1_196' title='bbox 2531 928 2855 1001; x_wconf 81' lang='lat' dir='ltr'><strong>beneﬁcium</strong></span> <span class='ocrx_word' id='word_1_197' title='bbox 2911 930 3217 1001; x_wconf 88' lang='lat' dir='ltr'><strong>adoptionis</strong></span> <span class='ocrx_word' id='word_1_198' title='bbox 3273 935 3598 1001; x_wconf 78' lang='lat' dir='ltr'><strong>consecutos</strong></span> <span class='ocrx_word' id='word_1_199' title='bbox 3662 941 3788 1001; x_wconf 80' lang='lat' dir='ltr'><strong>esse</strong></span> <span class='ocrx_word' id='word_1_200' title='bbox 3813 964 3835 992; x_wconf 87' lang='lat'><strong>,</strong></span> 
     </span>
    </p>
   </div>
   <div class='ocr_carea' id='block_1_29' title="bbox 2237 997 3841 1068">
    <p class='ocr_par' dir='ltr' id='par_1_29' title="bbox 2237 997 3841 1068">
     <span class='ocr_line' id='line_1_29' title="bbox 2237 997 3841 1068; baseline 0 -15"><span class='ocrx_word' id='word_1_201' title='bbox 2237 997 2515 1053; x_wconf 87' lang='lat' dir='ltr'><strong>Christum</strong></span> <span class='ocrx_word' id='word_1_202' title='bbox 2570 1014 2700 1053; x_wconf 89' lang='lat' dir='ltr'><strong>vero</strong></span> <span class='ocrx_word' id='word_1_203' title='bbox 2740 999 2855 1068; x_wconf 84' lang='lat' dir='ltr'><strong>jam</strong></span> <span class='ocrx_word' id='word_1_204' title='bbox 2906 1015 2973 1055; x_wconf 91' lang='lat' dir='ltr'><strong>eo</strong></span> <span class='ocrx_word' id='word_1_205' title='bbox 3017 997 3300 1055; x_wconf 76' lang='lat' dir='ltr'><strong>inomento</strong></span> <span class='ocrx_word' id='word_1_206' title='bbox 3357 1013 3466 1067; x_wconf 93' lang='lat' dir='ltr'><strong>quo</strong></span> <span class='ocrx_word' id='word_1_207' title='bbox 3512 997 3841 1053; x_wconf 77' lang='lat' dir='ltr'><strong>humanitas</strong></span> 
     </span>
    </p>
   </div>
   <div class='ocr_carea' id='block_1_30' title="bbox 2242 1068 3842 1134">
    <p class='ocr_par' dir='ltr' id='par_1_30' title="bbox 2242 1068 3842 1134">
     <span class='ocr_line' id='line_1_30' title="bbox 2242 1068 3842 1134; baseline -0.001 -12"><span class='ocrx_word' id='word_1_208' title='bbox 2242 1069 2418 1123; x_wconf 88' lang='lat' dir='ltr'><strong>Verbo</strong></span> <span class='ocrx_word' id='word_1_209' title='bbox 2452 1069 2603 1122; x_wconf 89' lang='lat' dir='ltr'><strong>unita</strong></span> <span class='ocrx_word' id='word_1_210' title='bbox 2648 1078 2752 1134; x_wconf 91' lang='lat' dir='ltr'><strong>est,</strong></span> <span class='ocrx_word' id='word_1_211' title='bbox 2804 1068 3000 1125; x_wconf 84' lang='lat' dir='ltr'><strong>Filium</strong></span> <span class='ocrx_word' id='word_1_212' title='bbox 3048 1070 3143 1124; x_wconf 89' lang='lat' dir='ltr'><strong>Dei</strong></span> <span class='ocrx_word' id='word_1_213' title='bbox 3188 1069 3483 1131; x_wconf 73' lang='lat' dir='ltr'><strong>exstitisse,</strong></span> <span class='ocrx_word' id='word_1_214' title='bbox 3542 1083 3607 1123; x_wconf 92' lang='lat' dir='ltr'><strong>ac</strong></span> <span class='ocrx_word' id='word_1_215' title='bbox 3637 1081 3842 1122; x_wconf 87' lang='lat' dir='ltr'><strong>conse-</strong></span> 
     </span>
    </p>
   </div>
   <div class='ocr_carea' id='block_1_31' title="bbox 2237 1138 3844 1210">
    <p class='ocr_par' dir='ltr' id='par_1_31' title="bbox 2237 1138 3844 1210">
     <span class='ocr_line' id='line_1_31' title="bbox 2237 1138 3844 1210; baseline -0.001 -17"><span class='ocrx_word' id='word_1_216' title='bbox 2237 1146 2601 1210; x_wconf 21' lang='lat' dir='ltr'><strong>quenterﬂnon</strong></span> <span class='ocrx_word' id='word_1_217' title='bbox 2634 1141 2966 1210; x_wconf 88' lang='lat' dir='ltr'><strong>adoptivum,</strong></span> <span class='ocrx_word' id='word_1_218' title='bbox 2998 1142 3093 1196; x_wconf 89' lang='lat' dir='ltr'><strong>sed</strong></span> <span class='ocrx_word' id='word_1_219' title='bbox 3119 1140 3421 1195; x_wconf 86' lang='lat' dir='ltr'><strong>naturalem</strong></span> <span class='ocrx_word' id='word_1_220' title='bbox 3451 1155 3518 1193; x_wconf 79' lang='lat' dir='ltr'><strong>ex</strong></span> <span class='ocrx_word' id='word_1_221' title='bbox 3541 1138 3665 1207; x_wconf 93' lang='lat' dir='ltr'><strong>jure</strong></span> <span class='ocrx_word' id='word_1_222' title='bbox 3686 1138 3844 1210; x_wconf 82' lang='lat' dir='ltr'><strong>nati-</strong></span> 
     </span>
    </p>
   </div>
   <div class='ocr_carea' id='block_1_32' title="bbox 2238 1208 3842 1267">
    <p class='ocr_par' dir='ltr' id='par_1_32' title="bbox 2238 1208 3842 1267">
     <span class='ocr_line' id='line_1_32' title="bbox 2238 1208 3842 1267; baseline 0 -4"><span class='ocrx_word' id='word_1_223' title='bbox 2238 1208 2422 1264; x_wconf 83' lang='lat' dir='ltr'><strong>vitatis</strong></span> <span class='ocrx_word' id='word_1_224' title='bbox 2449 1208 2907 1266; x_wconf 53' lang='lat' dir='ltr'><strong>dicendum&#39;esse.</strong></span> <span class='ocrx_word' id='word_1_225' title='bbox 2951 1211 3030 1267; x_wconf 84' lang='lat' dir='ltr'><strong>Eu</strong></span> <span class='ocrx_word' id='word_1_226' title='bbox 3055 1212 3223 1267; x_wconf 87' lang='lat' dir='ltr'><strong>verba</strong></span> <span class='ocrx_word' id='word_1_227' title='bbox 3255 1211 3467 1265; x_wconf 79' lang='lat' dir='ltr'><strong>Alcuini</strong></span> <span class='ocrx_word' id='word_1_228' title='bbox 3497 1224 3511 1262; x_wconf 91' lang='lat'><strong>:</strong></span> <span class='ocrx_word' id='word_1_229' title='bbox 3546 1228 3563 1260; x_wconf 84' lang='grc' dir='ltr'><strong>ι</strong></span> <span class='ocrx_word' id='word_1_230' title='bbox 3600 1209 3842 1264; x_wconf 84' lang='lat' dir='ltr'><strong>Videtur</strong></span> 
     </span>
    </p>
   </div>
   <div class='ocr_carea' id='block_1_33' title="bbox 2238 1278 3843 1349">
    <p class='ocr_par' dir='ltr' id='par_1_33' title="bbox 2238 1278 3843 1349">
     <span class='ocr_line' id='line_1_33' title="bbox 2238 1278 3843 1349; baseline -0.001 -14"><span class='ocrx_word' id='word_1_231' title='bbox 2238 1280 2399 1349; x_wconf 84' lang='lat' dir='ltr'><strong>hujus</strong></span> <span class='ocrx_word' id='word_1_232' title='bbox 2426 1280 2647 1333; x_wconf 68' lang='lat' dir='ltr'><strong>haeresis</strong></span> <span class='ocrx_word' id='word_1_233' title='bbox 2668 1296 2788 1336; x_wconf 92' lang='lat' dir='ltr'><strong>esse</strong></span> <span class='ocrx_word' id='word_1_234' title='bbox 2814 1296 3033 1337; x_wconf 86' lang='lat' dir='ltr'><strong>causam</strong></span> <span class='ocrx_word' id='word_1_235' title='bbox 3064 1281 3118 1335; x_wconf 91' lang='lat' dir='ltr'><strong>in</strong></span> <span class='ocrx_word' id='word_1_236' title='bbox 3145 1282 3326 1337; x_wconf 92' lang='lat' dir='ltr'><strong>animo</strong></span> <span class='ocrx_word' id='word_1_237' title='bbox 3348 1278 3843 1348; x_wconf 83' lang='lat' dir='ltr'><strong>errantium,quod</strong></span> 
     </span>
    </p>
   </div>
   <div class='ocr_carea' id='block_1_34' title="bbox 2236 1350 3839 1422">
    <p class='ocr_par' dir='ltr' id='par_1_34' title="bbox 2236 1350 3839 1422">
     <span class='ocr_line' id='line_1_34' title="bbox 2236 1350 3839 1422; baseline -0.001 -16"><span class='ocrx_word' id='word_1_238' title='bbox 2236 1359 2431 1422; x_wconf 91' lang='lat' dir='ltr'><strong>putant</strong></span> <span class='ocrx_word' id='word_1_239' title='bbox 2470 1350 2546 1415; x_wconf 90' lang='lat' dir='ltr'><strong>hi,</strong></span> <span class='ocrx_word' id='word_1_240' title='bbox 2578 1354 2671 1421; x_wconf 90' lang='lat' dir='ltr'><strong>qui</strong></span> <span class='ocrx_word' id='word_1_241' title='bbox 2716 1361 2966 1407; x_wconf 90' lang='lat' dir='ltr'><strong>asserunt</strong></span> <span class='ocrx_word' id='word_1_242' title='bbox 3012 1352 3290 1408; x_wconf 88' lang='lat' dir='ltr'><strong>Christum</strong></span> <span class='ocrx_word' id='word_1_243' title='bbox 3324 1352 3632 1421; x_wconf 86' lang='lat' dir='ltr'><strong>ad0ptivum</strong></span> <span class='ocrx_word' id='word_1_244' title='bbox 3667 1365 3793 1405; x_wconf 89' lang='lat' dir='ltr'><strong>esse</strong></span> <span class='ocrx_word' id='word_1_245' title='bbox 3819 1388 3839 1414; x_wconf 89' lang='lat'><strong>,</strong></span> 
     </span>
    </p>
   </div>
   <div class='ocr_carea' id='block_1_35' title="bbox 2239 1422 3843 1493">
    <p class='ocr_par' dir='ltr' id='par_1_35' title="bbox 2239 1422 3843 1493">
     <span class='ocr_line' id='line_1_35' title="bbox 2239 1422 3843 1493; baseline -0.001 -18"><span class='ocrx_word' id='word_1_246' title='bbox 2239 1437 2404 1477; x_wconf 90' lang='lat' dir='ltr'><strong>unum</strong></span> <span class='ocrx_word' id='word_1_247' title='bbox 2437 1435 2575 1481; x_wconf 87' lang='lat' dir='ltr'><strong>esse,</strong></span> <span class='ocrx_word' id='word_1_248' title='bbox 2627 1423 2990 1493; x_wconf 88' lang='lat' dir='ltr'><strong>assumpsisse</strong></span> <span class='ocrx_word' id='word_1_249' title='bbox 3037 1422 3240 1491; x_wconf 87' lang='lat' dir='ltr'><strong>aliquid</strong></span> <span class='ocrx_word' id='word_1_250' title='bbox 3281 1430 3353 1493; x_wconf 17' lang='lat' dir='ltr'><strong>et,</strong></span> <span class='ocrx_word' id='word_1_251' title='bbox 3388 1422 3715 1492; x_wconf 86' lang='lat' dir='ltr'><strong>adoptasse:</strong></span> <span class='ocrx_word' id='word_1_252' title='bbox 3765 1423 3843 1474; x_wconf 85' lang='lat' dir='ltr'><strong>de</strong></span> 
     </span>
    </p>
   </div>
   <div class='ocr_carea' id='block_1_36' title="bbox 2238 1492 3838 1563">
    <p class='ocr_par' dir='ltr' id='par_1_36' title="bbox 2238 1492 3838 1563">
     <span class='ocr_line' id='line_1_36' title="bbox 2238 1492 3838 1563; baseline -0.002 -18"><span class='ocrx_word' id='word_1_253' title='bbox 2238 1509 2346 1562; x_wconf 91' lang='lat' dir='ltr'><strong>quo</strong></span> <span class='ocrx_word' id='word_1_254' title='bbox 2372 1506 2558 1546; x_wconf 72' lang='lat' dir='ltr'><strong>errore</strong></span> <span class='ocrx_word' id='word_1_255' title='bbox 2589 1493 2641 1546; x_wconf 91' lang='lat' dir='ltr'><strong>in</strong></span> <span class='ocrx_word' id='word_1_256' title='bbox 2670 1508 2766 1547; x_wconf 88' lang='lat' dir='ltr'><strong>suo</strong></span> <span class='ocrx_word' id='word_1_257' title='bbox 2794 1492 2911 1549; x_wconf 76' lang='lat' dir='ltr'><strong>luco</strong></span> <span class='ocrx_word' id='word_1_258' title='bbox 2947 1494 3079 1548; x_wconf 87' lang='lat' dir='ltr'><strong>satis</strong></span> <span class='ocrx_word' id='word_1_259' title='bbox 3122 1492 3531 1563; x_wconf 84' lang='lat' dir='ltr'><strong>respondimus;</strong></span> <span class='ocrx_word' id='word_1_260' title='bbox 3564 1498 3620 1547; x_wconf 84' lang='lat' dir='ltr'><strong>et</strong></span> <span class='ocrx_word' id='word_1_261' title='bbox 3655 1506 3838 1563; x_wconf 86' lang='lat' dir='ltr'><strong>unum</strong></span> 
     </span>
    </p>
   </div>
   <div class='ocr_carea' id='block_1_37' title="bbox 2239 1561 3843 1634">
    <p class='ocr_par' dir='ltr' id='par_1_37' title="bbox 2239 1561 3843 1634">
     <span class='ocr_line' id='line_1_37' title="bbox 2239 1561 3843 1634; baseline -0.001 -17"><span class='ocrx_word' id='word_1_262' title='bbox 2239 1561 2512 1634; x_wconf 64' lang='lat' dir='ltr'><strong>(estimant</strong></span> <span class='ocrx_word' id='word_1_263' title='bbox 2546 1564 2777 1634; x_wconf 81' lang='lat' dir='ltr'><strong>gratiam</strong></span> <span class='ocrx_word' id='word_1_264' title='bbox 2809 1574 2863 1618; x_wconf 88' lang='lat' dir='ltr'><strong>et</strong></span> <span class='ocrx_word' id='word_1_265' title='bbox 2892 1561 3259 1634; x_wconf 80' lang='lat' dir='ltr'><strong>adoptionem,</strong></span> <span class='ocrx_word' id='word_1_266' title='bbox 3292 1579 3415 1634; x_wconf 86' lang='lat' dir='ltr'><strong>cum</strong></span> <span class='ocrx_word' id='word_1_267' title='bbox 3456 1562 3651 1632; x_wconf 79' lang='lat' dir='ltr'><strong>legitur</strong></span> <span class='ocrx_word' id='word_1_268' title='bbox 3688 1561 3843 1632; x_wconf 84' lang='lat' dir='ltr'><strong>Apo-</strong></span> 
     </span>
    </p>
   </div>
   <div class='ocr_carea' id='block_1_38' title="bbox 2239 1632 3846 1704">
    <p class='ocr_par' dir='ltr' id='par_1_38' title="bbox 2239 1632 3846 1704">
     <span class='ocr_line' id='line_1_38' title="bbox 2239 1632 3846 1704; baseline -0.002 -17"><span class='ocrx_word' id='word_1_269' title='bbox 2239 1635 2446 1704; x_wconf 69' lang='lat' dir='ltr'><strong>stolurn</strong></span> <span class='ocrx_word' id='word_1_270' title='bbox 2466 1633 2644 1704; x_wconf 83' lang='lat' dir='ltr'><strong>dicere</strong></span> <span class='ocrx_word' id='word_1_271' title='bbox 2679 1650 2699 1704; x_wconf 15' lang='grc' dir='ltr'><strong>τί</strong></span> <span class='ocrx_word' id='word_1_272' title='bbox 2723 1632 2911 1688; x_wconf 81' lang='lat' dir='ltr'><strong>Gratia</strong></span> <span class='ocrx_word' id='word_1_273' title='bbox 2940 1632 3039 1688; x_wconf 75' lang='lat' dir='ltr'><strong>Dei</strong></span> <span class='ocrx_word' id='word_1_274' title='bbox 3060 1651 3154 1704; x_wconf 89' lang='lat' dir='ltr'><strong>pro</strong></span> <span class='ocrx_word' id='word_1_275' title='bbox 3176 1633 3416 1687; x_wconf 81' lang='lat' dir='ltr'><strong>omnibus</strong></span> <span class='ocrx_word' id='word_1_276' title='bbox 3441 1634 3665 1703; x_wconf 80' lang='lat' dir='ltr'><strong>gustavit</strong></span> <span class='ocrx_word' id='word_1_277' title='bbox 3691 1649 3846 1704; x_wconf 74' lang='lat' dir='ltr'><strong>nter—</strong></span> 
     </span>
    </p>
   </div>
   <div class='ocr_carea' id='block_1_39' title="bbox 2240 1702 3846 1775">
    <p class='ocr_par' dir='ltr' id='par_1_39' title="bbox 2240 1702 3846 1775">
     <span class='ocr_line' id='line_1_39' title="bbox 2240 1702 3846 1775; baseline -0.001 -17"><span class='ocrx_word' id='word_1_278' title='bbox 2240 1714 2342 1759; x_wconf 83' lang='lat' dir='ltr'><strong>tem</strong></span> <span class='ocrx_word' id='word_1_279' title='bbox 2370 1702 2559 1774; x_wconf 85' lang='lat' dir='ltr'><strong>(Hebr.</strong></span> <span class='ocrx_word' id='word_1_280' title='bbox 2592 1721 2650 1768; x_wconf 83' lang='grc' dir='ltr'>ιι,</span> <span class='ocrx_word' id='word_1_281' title='bbox 2679 1703 2755 1775; x_wconf 88' lang='lat'><strong>9).</strong></span> <span class='ocrx_word' id='word_1_282' title='bbox 2789 1704 2995 1760; x_wconf 91' lang='lat' dir='ltr'><strong>Tamen</strong></span> <span class='ocrx_word' id='word_1_283' title='bbox 3027 1702 3135 1759; x_wconf 86' lang='lat' dir='ltr'><strong>non</strong></span> <span class='ocrx_word' id='word_1_284' title='bbox 3167 1705 3305 1759; x_wconf 76' lang='lat' dir='ltr'><strong>dixit</strong></span> <span class='ocrx_word' id='word_1_285' title='bbox 3343 1702 3846 1775; x_wconf 15' lang='lat' dir='ltr'><strong>Apestolus,iado—</strong></span> 
     </span>
    </p>
   </div>
   <div class='ocr_carea' id='block_1_40' title="bbox 2239 1774 3845 1846">
    <p class='ocr_par' dir='ltr' id='par_1_40' title="bbox 2239 1774 3845 1846">
     <span class='ocr_line' id='line_1_40' title="bbox 2239 1774 3845 1846; baseline -0.002 -17"><span class='ocrx_word' id='word_1_286' title='bbox 2239 1776 2422 1846; x_wconf 90' lang='lat' dir='ltr'><strong>ptione</strong></span> <span class='ocrx_word' id='word_1_287' title='bbox 2467 1789 2569 1843; x_wconf 88' lang='lat' dir='ltr'><strong>pro</strong></span> <span class='ocrx_word' id='word_1_288' title='bbox 2622 1774 2884 1846; x_wconf 89' lang='lat' dir='ltr'><strong>omnibus</strong></span> <span class='ocrx_word' id='word_1_289' title='bbox 2923 1777 3161 1846; x_wconf 75' lang='lat' dir='ltr'><strong>gustavit</strong></span> <span class='ocrx_word' id='word_1_290' title='bbox 3194 1784 3469 1846; x_wconf 83' lang='lat' dir='ltr'><strong>mortem,</strong></span> <span class='ocrx_word' id='word_1_291' title='bbox 3508 1774 3635 1846; x_wconf 87' lang='lat' dir='ltr'><strong>quia</strong></span> <span class='ocrx_word' id='word_1_292' title='bbox 3676 1774 3845 1846; x_wconf 82' lang='lat' dir='ltr'><strong>longe</strong></span> 
     </span>
    </p>
   </div>
   <div class='ocr_carea' id='block_1_41' title="bbox 554 1843 3845 1926">
    <p class='ocr_par' dir='ltr' id='par_1_41' title="bbox 554 1843 3845 1926">
     <span class='ocr_line' id='line_1_41' title="bbox 554 1843 3845 1926; baseline -0.002 -23"><span class='ocrx_word' id='word_1_293' title='bbox 554 1843 705 1926; x_wconf 73' lang='lat' dir='ltr'><strong>hisce</strong></span> <span class='ocrx_word' id='word_1_294' title='bbox 754 1843 1024 1926; x_wconf 69' lang='lat' dir='ltr'><strong>episcopis</strong></span> <span class='ocrx_word' id='word_1_295' title='bbox 1056 1847 1543 1926; x_wconf 73' lang='lat' dir='ltr'><strong>_reprchen_derint.</strong></span> <span class='ocrx_word' id='word_1_296' title='bbox 1586 1845 1662 1926; x_wconf 61' lang='lat' dir='ltr'><strong>illi</strong></span> <span class='ocrx_word' id='word_1_297' title='bbox 1694 1843 1914 1926; x_wconf 71' lang='lat' dir='ltr'><strong>quidem</strong></span> <span class='ocrx_word' id='word_1_298' title='bbox 1952 1843 2131 1926; x_wconf 53' lang='lat' dir='ltr'><strong>limit</strong></span> <span class='ocrx_word' id='word_1_299' title='bbox 2171 1858 2213 1917; x_wconf 73' lang='grc' dir='ltr'><strong>Β</strong></span> <span class='ocrx_word' id='word_1_300' title='bbox 2240 1843 2390 1926; x_wconf 79' lang='lat' dir='ltr'><strong>aliud</strong></span> <span class='ocrx_word' id='word_1_301' title='bbox 2428 1846 2725 1926; x_wconf 34' lang='lat' dir='ltr'><strong>estogratia</strong></span> <span class='ocrx_word' id='word_1_302' title='bbox 2781 1843 3255 1926; x_wconf 57' lang='lat' dir='ltr'><strong>multisjndocis,</strong></span> <span class='ocrx_word' id='word_1_303' title='bbox 3302 1853 3357 1926; x_wconf 76' lang='lat' dir='ltr'><strong>et</strong></span> <span class='ocrx_word' id='word_1_304' title='bbox 3407 1845 3645 1926; x_wconf 74' lang='lat' dir='ltr'><strong>adOptio.</strong></span> <span class='ocrx_word' id='word_1_305' title='bbox 3688 1845 3845 1926; x_wconf 57' lang='lat' dir='ltr'><strong>Pras—</strong></span> 
     </span>
    </p>
   </div>
   <div class='ocr_carea' id='block_1_42' title="bbox 552 1913 2136 1987">
    <p class='ocr_par' dir='ltr' id='par_1_42' title="bbox 552 1913 2136 1987">
     <span class='ocr_line' id='line_1_42' title="bbox 552 1913 2136 1987; baseline -0.003 -16"><span class='ocrx_word' id='word_1_306' title='bbox 552 1913 812 1973; x_wconf 81' lang='lat' dir='ltr'><strong>adversus</strong></span> <span class='ocrx_word' id='word_1_307' title='bbox 843 1913 1163 1987; x_wconf 80' lang='lat' dir='ltr'><strong>Elipandum</strong></span> <span class='ocrx_word' id='word_1_308' title='bbox 1197 1917 1449 1985; x_wconf 89' lang='lat' dir='ltr'><strong>inquiunt</strong></span> <span class='ocrx_word' id='word_1_309' title='bbox 1477 1932 1491 1970; x_wconf 88' lang='lat'><strong>:</strong></span> <span class='ocrx_word' id='word_1_310' title='bbox 1527 1935 1545 1967; x_wconf 86' lang='grc' dir='ltr'><strong>ι</strong></span> <span class='ocrx_word' id='word_1_311' title='bbox 1586 1913 1921 1970; x_wconf 67' lang='grc' dir='ltr'><strong>Νοιιίὶίιιίεἱι</strong></span> <span class='ocrx_word' id='word_1_312' title='bbox 1952 1913 2136 1968; x_wconf 86' lang='lat' dir='ltr'><strong>Eccle-</strong></span> 
     </span>
    </p>
   </div>
   <div class='ocr_carea' id='block_1_43' title="bbox 552 1986 2138 2057">
    <p class='ocr_par' dir='ltr' id='par_1_43' title="bbox 552 1986 2138 2057">
     <span class='ocr_line' id='line_1_43' title="bbox 552 1986 2138 2057; baseline -0.003 -14"><span class='ocrx_word' id='word_1_313' title='bbox 552 1988 633 2043; x_wconf 87' lang='lat' dir='ltr'><strong>sia</strong></span> <span class='ocrx_word' id='word_1_314' title='bbox 680 1990 818 2043; x_wconf 89' lang='lat' dir='ltr'><strong>hanc</strong></span> <span class='ocrx_word' id='word_1_315' title='bbox 849 1986 1008 2041; x_wconf 81' lang='lat' dir='ltr'><strong>ﬁdem</strong></span> <span class='ocrx_word' id='word_1_316' title='bbox 1055 1996 1200 2041; x_wconf 86' lang='lat' dir='ltr'><strong>tuam</strong></span> <span class='ocrx_word' id='word_1_317' title='bbox 1227 2004 1324 2057; x_wconf 85' lang='lat' dir='ltr'><strong>per</strong></span> <span class='ocrx_word' id='word_1_318' title='bbox 1367 1994 1538 2041; x_wconf 90' lang='lat' dir='ltr'><strong>totum</strong></span> <span class='ocrx_word' id='word_1_319' title='bbox 1568 1986 1851 2057; x_wconf 91' lang='lat' dir='ltr'><strong>mundum,</strong></span> <span class='ocrx_word' id='word_1_320' title='bbox 1880 2000 1981 2039; x_wconf 92' lang='lat' dir='ltr'><strong>nec</strong></span> <span class='ocrx_word' id='word_1_321' title='bbox 2006 1999 2138 2039; x_wconf 88' lang='lat' dir='ltr'><strong>con-</strong></span> 
     </span>
    </p>
   </div>
   <div class='ocr_carea' id='block_1_44' title="bbox 554 2056 2139 2127">
    <p class='ocr_par' dir='ltr' id='par_1_44' title="bbox 554 2056 2139 2127">
     <span class='ocr_line' id='line_1_44' title="bbox 554 2056 2139 2127; baseline -0.004 -14"><span class='ocrx_word' id='word_1_322' title='bbox 554 2060 733 2113; x_wconf 87' lang='lat' dir='ltr'><strong>suevit</strong></span> <span class='ocrx_word' id='word_1_323' title='bbox 757 2057 981 2113; x_wconf 88' lang='lat' dir='ltr'><strong>credere</strong></span> <span class='ocrx_word' id='word_1_324' title='bbox 1008 2058 1062 2112; x_wconf 91' lang='lat' dir='ltr'><strong>in</strong></span> <span class='ocrx_word' id='word_1_325' title='bbox 1090 2056 1241 2120; x_wconf 81' lang='lat' dir='ltr'><strong>eum,</strong></span> <span class='ocrx_word' id='word_1_326' title='bbox 1262 2057 1353 2127; x_wconf 90' lang='lat' dir='ltr'><strong>qui</strong></span> <span class='ocrx_word' id='word_1_327' title='bbox 1376 2058 1441 2112; x_wconf 92' lang='lat' dir='ltr'><strong>de</strong></span> <span class='ocrx_word' id='word_1_328' title='bbox 1466 2056 1687 2127; x_wconf 80' lang='lat' dir='ltr'><strong>Virgine</strong></span> <span class='ocrx_word' id='word_1_329' title='bbox 1714 2066 1877 2110; x_wconf 90' lang='lat' dir='ltr'><strong>natus</strong></span> <span class='ocrx_word' id='word_1_330' title='bbox 1900 2063 2006 2127; x_wconf 85' lang='lat' dir='ltr'><strong>est,</strong></span> <span class='ocrx_word' id='word_1_331' title='bbox 2029 2069 2139 2107; x_wconf 91' lang='lat' dir='ltr'><strong>non</strong></span> 
     </span>
    </p>
   </div>
   <div class='ocr_carea' id='block_1_45' title="bbox 552 2125 2139 2199">
    <p class='ocr_par' dir='ltr' id='par_1_45' title="bbox 552 2125 2139 2199">
     <span class='ocr_line' id='line_1_45' title="bbox 552 2125 2139 2199; baseline -0.004 -16"><span class='ocrx_word' id='word_1_332' title='bbox 552 2145 653 2199; x_wconf 89' lang='lat' dir='ltr'><strong>per</strong></span> <span class='ocrx_word' id='word_1_333' title='bbox 680 2130 828 2183; x_wconf 93' lang='lat' dir='ltr'><strong>illum</strong></span> <span class='ocrx_word' id='word_1_334' title='bbox 862 2129 1004 2184; x_wconf 76' lang='lat' dir='ltr'><strong>facta</strong></span> <span class='ocrx_word' id='word_1_335' title='bbox 1032 2143 1151 2182; x_wconf 85' lang='lat' dir='ltr'><strong>esse</strong></span> <span class='ocrx_word' id='word_1_336' title='bbox 1177 2125 1413 2183; x_wconf 83' lang='lat' dir='ltr'><strong>visibilia</strong></span> <span class='ocrx_word' id='word_1_337' title='bbox 1442 2135 1498 2182; x_wconf 92' lang='lat' dir='ltr'><strong>et</strong></span> <span class='ocrx_word' id='word_1_338' title='bbox 1534 2125 1825 2199; x_wconf 86' lang='lat' dir='ltr'><strong>invisibilia</strong></span> <span class='ocrx_word' id='word_1_339' title='bbox 1857 2146 1885 2199; x_wconf 18' lang='lat'><strong>:7</strong></span> <span class='ocrx_word' id='word_1_340' title='bbox 1899 2125 1995 2181; x_wconf 88' lang='lat' dir='ltr'><strong>sed</strong></span> <span class='ocrx_word' id='word_1_341' title='bbox 2022 2132 2139 2178; x_wconf 85' lang='lat' dir='ltr'><strong>tan-</strong></span> 
     </span>
    </p>
   </div>
   <div class='ocr_carea' id='block_1_46' title="bbox 556 2198 2135 2288">
    <p class='ocr_par' dir='ltr' id='par_1_46' title="bbox 556 2198 2135 2288">
     <span class='ocr_line' id='line_1_46' title="bbox 556 2198 2135 2288; baseline -0.003 -36"><span class='ocrx_word' id='word_1_342' title='bbox 556 2198 673 2288; x_wconf 56' lang='lat' dir='ltr'><strong>tum</strong></span> <span class='ocrx_word' id='word_1_343' title='bbox 706 2215 804 2288; x_wconf 67' lang='lat' dir='ltr'><strong>per</strong></span> <span class='ocrx_word' id='word_1_344' title='bbox 835 2199 1008 2262; x_wconf 88' lang='lat' dir='ltr'><strong>illum,</strong></span> <span class='ocrx_word' id='word_1_345' title='bbox 1039 2199 1132 2269; x_wconf 89' lang='lat' dir='ltr'><strong>qui</strong></span> <span class='ocrx_word' id='word_1_346' title='bbox 1175 2214 1278 2288; x_wconf 65' lang='lat' dir='ltr'><strong>don</strong></span> <span class='ocrx_word' id='word_1_347' title='bbox 1328 2198 1768 2288; x_wconf 40' lang='lat' dir='ltr'><strong>estvadoptiop‘e,</strong></span> <span class='ocrx_word' id='word_1_348' title='bbox 1793 2198 2135 2288; x_wconf 57' lang='lat' dir='ltr'><strong>sedge&#39;uere.</strong></span> 
     </span>
    </p>
   </div>
   <div class='ocr_carea' id='block_1_47' title="bbox 554 2266 2140 2325">
    <p class='ocr_par' dir='ltr' id='par_1_47' title="bbox 554 2266 2140 2325">
     <span class='ocr_line' id='line_1_47' title="bbox 554 2266 2140 2325; baseline -0.004 -1"><span class='ocrx_word' id='word_1_349' title='bbox 554 2268 669 2325; x_wconf 87' lang='lat' dir='ltr'><strong>Nec</strong></span> <span class='ocrx_word' id='word_1_350' title='bbox 706 2266 877 2325; x_wconf 71' lang='lat' dir='ltr'><strong>habet</strong></span> <span class='ocrx_word' id='word_1_351' title='bbox 921 2266 1365 2324; x_wconf 80' lang='lat' dir='ltr'><strong>consuetudinem</strong></span> <span class='ocrx_word' id='word_1_352' title='bbox 1412 2269 1593 2322; x_wconf 88' lang='lat' dir='ltr'><strong>dicere</strong></span> <span class='ocrx_word' id='word_1_353' title='bbox 1632 2283 1646 2321; x_wconf 90' lang='lat'><strong>:</strong></span> <span class='ocrx_word' id='word_1_354' title='bbox 1680 2267 1856 2322; x_wconf 89' lang='lat' dir='ltr'><strong>Credo</strong></span> <span class='ocrx_word' id='word_1_355' title='bbox 1885 2267 1939 2320; x_wconf 93' lang='lat' dir='ltr'><strong>iu</strong></span> <span class='ocrx_word' id='word_1_356' title='bbox 1970 2266 2140 2320; x_wconf 84' lang='lat' dir='ltr'><strong>Deum</strong></span> 
     </span>
    </p>
   </div>
   <div class='ocr_carea' id='block_1_48' title="bbox 556 2335 2143 2410">
    <p class='ocr_par' dir='ltr' id='par_1_48' title="bbox 556 2335 2143 2410">
     <span class='ocr_line' id='line_1_48' title="bbox 556 2335 2143 2410; baseline -0.004 -15"><span class='ocrx_word' id='word_1_357' title='bbox 556 2339 774 2395; x_wconf 66' lang='lat' dir='ltr'><strong>Patrem</strong></span> <span class='ocrx_word' id='word_1_358' title='bbox 803 2341 1251 2410; x_wconf 86' lang='lat' dir='ltr'><strong>omnipotentem,</strong></span> <span class='ocrx_word' id='word_1_359' title='bbox 1293 2347 1350 2393; x_wconf 91' lang='lat' dir='ltr'><strong>et</strong></span> <span class='ocrx_word' id='word_1_360' title='bbox 1378 2340 1431 2394; x_wconf 93' lang='lat' dir='ltr'><strong>in</strong></span> <span class='ocrx_word' id='word_1_361' title='bbox 1460 2337 1656 2410; x_wconf 86' lang='lat' dir='ltr'><strong>Filium</strong></span> <span class='ocrx_word' id='word_1_362' title='bbox 1685 2337 1823 2410; x_wconf 81' lang='lat' dir='ltr'><strong>ejus,</strong></span> <span class='ocrx_word' id='word_1_363' title='bbox 1853 2337 1946 2407; x_wconf 91' lang='lat' dir='ltr'><strong>qui</strong></span> <span class='ocrx_word' id='word_1_364' title='bbox 1970 2335 2143 2410; x_wconf 80' lang='lat' dir='ltr'><strong>deita-</strong></span> 
     </span>
    </p>
   </div>
   <div class='ocr_carea' id='block_1_49' title="bbox 557 2406 2145 2479">
    <p class='ocr_par' dir='ltr' id='par_1_49' title="bbox 557 2406 2145 2479">
     <span class='ocr_line' id='line_1_49' title="bbox 557 2406 2145 2479; baseline -0.004 -14"><span class='ocrx_word' id='word_1_365' title='bbox 557 2419 725 2465; x_wconf 88' lang='lat' dir='ltr'><strong>tatem</strong></span> <span class='ocrx_word' id='word_1_366' title='bbox 754 2427 909 2465; x_wconf 86' lang='lat' dir='ltr'><strong>suam</strong></span> <span class='ocrx_word' id='word_1_367' title='bbox 940 2406 1262 2473; x_wconf 76' lang='lat' dir='ltr'><strong>exinauivit,</strong></span> <span class='ocrx_word' id='word_1_368' title='bbox 1294 2411 1548 2479; x_wconf 87' lang='lat' dir='ltr'><strong>apparuit</strong></span> <span class='ocrx_word' id='word_1_369' title='bbox 1575 2408 1629 2462; x_wconf 92' lang='lat' dir='ltr'><strong>in</strong></span> <span class='ocrx_word' id='word_1_370' title='bbox 1659 2406 1983 2479; x_wconf 76' lang='lat' dir='ltr'><strong>mundoper</strong></span> <span class='ocrx_word' id='word_1_371' title='bbox 2014 2406 2145 2459; x_wconf 87' lang='lat' dir='ltr'><strong>sub-</strong></span> 
     </span>
    </p>
   </div>
   <div class='ocr_carea' id='block_1_50' title="bbox 548 2477 2144 2550">
    <p class='ocr_par' dir='ltr' id='par_1_50' title="bbox 548 2477 2144 2550">
     <span class='ocr_line' id='line_1_50' title="bbox 548 2477 2144 2550; baseline -0.004 -14"><span class='ocrx_word' id='word_1_372' title='bbox 548 2480 710 2550; x_wconf 75' lang='lat' dir='ltr'><strong>jectae</strong></span> <span class='ocrx_word' id='word_1_373' title='bbox 736 2491 1005 2536; x_wconf 73' lang='lat' dir='ltr'><strong>creaturze</strong></span> <span class='ocrx_word' id='word_1_374' title='bbox 1054 2481 1292 2550; x_wconf 81' lang='lat' dir='ltr'><strong>Speciem</strong></span> <span class='ocrx_word' id='word_1_375' title='bbox 1323 2477 1449 2535; x_wconf 85' lang='lat' dir='ltr'><strong>cum</strong></span> <span class='ocrx_word' id='word_1_376' title='bbox 1478 2480 1639 2550; x_wconf 86' lang='lat' dir='ltr'><strong>Patre</strong></span> <span class='ocrx_word' id='word_1_377' title='bbox 1686 2488 1743 2532; x_wconf 89' lang='lat' dir='ltr'><strong>et</strong></span> <span class='ocrx_word' id='word_1_378' title='bbox 1781 2477 1989 2550; x_wconf 80' lang='lat' dir='ltr'><strong>Spiritu</strong></span> <span class='ocrx_word' id='word_1_379' title='bbox 2019 2492 2144 2550; x_wconf 86' lang='lat' dir='ltr'><strong>san-</strong></span> 
     </span>
    </p>
   </div>
   <div class='ocr_carea' id='block_1_51' title="bbox 558 2548 2145 2619">
    <p class='ocr_par' dir='ltr' id='par_1_51' title="bbox 558 2548 2145 2619">
     <span class='ocr_line' id='line_1_51' title="bbox 558 2548 2145 2619; baseline -0.004 -12"><span class='ocrx_word' id='word_1_380' title='bbox 558 2548 671 2617; x_wconf 83' lang='lat' dir='ltr'><strong>eto,</strong></span> <span class='ocrx_word' id='word_1_381' title='bbox 698 2552 931 2607; x_wconf 74' lang='lat' dir='ltr'><strong>Abraha:</strong></span> <span class='ocrx_word' id='word_1_382' title='bbox 963 2553 1014 2606; x_wconf 95' lang='lat' dir='ltr'><strong>in</strong></span> <span class='ocrx_word' id='word_1_383' title='bbox 1051 2548 1168 2619; x_wconf 81' lang='lat' dir='ltr'><strong>ipso</strong></span> <span class='ocrx_word' id='word_1_384' title='bbox 1208 2550 1423 2605; x_wconf 79' lang='lat' dir='ltr'><strong>fervore</strong></span> <span class='ocrx_word' id='word_1_385' title='bbox 1452 2549 1581 2613; x_wconf 88' lang='lat' dir='ltr'><strong>diei,</strong></span> <span class='ocrx_word' id='word_1_386' title='bbox 1608 2550 1697 2619; x_wconf 89' lang='lat' dir='ltr'><strong>qui</strong></span> <span class='ocrx_word' id='word_1_387' title='bbox 1745 2558 1829 2603; x_wconf 91' lang='lat' dir='ltr'><strong>est</strong></span> <span class='ocrx_word' id='word_1_388' title='bbox 1858 2548 2145 2619; x_wconf 75' lang='lat' dir='ltr'><strong>adoptivus</strong></span> 
     </span>
    </p>
   </div>
   <div class='ocr_carea' id='block_1_52' title="bbox 560 2616 2145 2692">
    <p class='ocr_par' dir='ltr' id='par_1_52' title="bbox 560 2616 2145 2692">
     <span class='ocr_line' id='line_1_52' title="bbox 560 2616 2145 2692; baseline -0.004 -14"><span class='ocrx_word' id='word_1_389' title='bbox 560 2616 918 2684; x_wconf 87' lang='lat' dir='ltr'><strong>humanitate,</strong></span> <span class='ocrx_word' id='word_1_390' title='bbox 948 2632 1003 2677; x_wconf 89' lang='lat' dir='ltr'><strong>et</strong></span> <span class='ocrx_word' id='word_1_391' title='bbox 1024 2616 1365 2692; x_wconf 77' lang='lat' dir='ltr'><strong>nequaquam</strong></span> <span class='ocrx_word' id='word_1_392' title='bbox 1388 2616 1672 2692; x_wconf 77' lang='lat' dir='ltr'><strong>adoptivus</strong></span> <span class='ocrx_word' id='word_1_393' title='bbox 1691 2619 1993 2673; x_wconf 89' lang='lat' dir='ltr'><strong>divinitate.</strong></span> <span class='ocrx_word' id='word_1_394' title='bbox 2020 2616 2145 2672; x_wconf 64' lang='lat' dir='ltr'><strong>Haac</strong></span> 
     </span>
    </p>
   </div>
   <div class='ocr_carea' id='block_1_53' title="bbox 562 2689 2139 2753">
    <p class='ocr_par' dir='ltr' id='par_1_53' title="bbox 562 2689 2139 2753">
     <span class='ocr_line' id='line_1_53' title="bbox 562 2689 2139 2753; baseline -0.004 -6"><span class='ocrx_word' id='word_1_395' title='bbox 562 2692 698 2747; x_wconf 87' lang='lat' dir='ltr'><strong>ﬁdes</strong></span> <span class='ocrx_word' id='word_1_396' title='bbox 727 2702 820 2747; x_wconf 91' lang='lat' dir='ltr'><strong>tua</strong></span> <span class='ocrx_word' id='word_1_397' title='bbox 857 2700 961 2747; x_wconf 89' lang='lat' dir='ltr'><strong>est.</strong></span> <span class='ocrx_word' id='word_1_398' title='bbox 1008 2689 1143 2746; x_wconf 85' lang='lat' dir='ltr'><strong>Nam</strong></span> <span class='ocrx_word' id='word_1_399' title='bbox 1184 2689 1239 2746; x_wconf 83' lang='lat' dir='ltr'><strong>in</strong></span> <span class='ocrx_word' id='word_1_400' title='bbox 1272 2701 1384 2747; x_wconf 91' lang='lat' dir='ltr'><strong>toto</strong></span> <span class='ocrx_word' id='word_1_401' title='bbox 1423 2689 1626 2745; x_wconf 83' lang='lat' dir='ltr'><strong>mundo</strong></span> <span class='ocrx_word' id='word_1_402' title='bbox 1666 2705 1773 2745; x_wconf 89' lang='lat' dir='ltr'><strong>non</strong></span> <span class='ocrx_word' id='word_1_403' title='bbox 1799 2699 1905 2753; x_wconf 89' lang='lat' dir='ltr'><strong>est,</strong></span> <span class='ocrx_word' id='word_1_404' title='bbox 1956 2696 2065 2743; x_wconf 89' lang='lat' dir='ltr'><strong>etc.</strong></span> <span class='ocrx_word' id='word_1_405' title='bbox 2120 2706 2139 2741; x_wconf 72' lang='grc' dir='ltr'><strong>ι</strong></span> 
     </span>
    </p>
   </div>
   <div class='ocr_carea' id='block_1_54' title="bbox 560 2757 2143 2829">
    <p class='ocr_par' dir='ltr' id='par_1_54' title="bbox 560 2757 2143 2829">
     <span class='ocr_line' id='line_1_54' title="bbox 560 2757 2143 2829; baseline -0.004 -11"><span class='ocrx_word' id='word_1_406' title='bbox 560 2762 718 2818; x_wconf 83' lang='grc' dir='ltr'>Τοιιι.</span> <span class='ocrx_word' id='word_1_407' title='bbox 750 2762 793 2816; x_wconf 91' lang='lat' dir='ltr'><strong>ll</strong></span> <span class='ocrx_word' id='word_1_408' title='bbox 820 2763 1086 2817; x_wconf 90' lang='lat' dir='ltr'><strong>Thesaur.</strong></span> <span class='ocrx_word' id='word_1_409' title='bbox 1117 2762 1356 2817; x_wconf 83' lang='lat' dir='ltr'><strong>Monum.</strong></span> <span class='ocrx_word' id='word_1_410' title='bbox 1402 2762 1550 2817; x_wconf 89' lang='lat' dir='ltr'><strong>Eccl.</strong></span> <span class='ocrx_word' id='word_1_411' title='bbox 1598 2761 1729 2815; x_wconf 91' lang='lat' dir='ltr'><strong>edit.</strong></span> <span class='ocrx_word' id='word_1_412' title='bbox 1764 2761 2005 2829; x_wconf 83' lang='lat' dir='ltr'><strong>Basnage</strong></span> <span class='ocrx_word' id='word_1_413' title='bbox 2050 2757 2143 2814; x_wconf 80' lang='lat' dir='ltr'><strong>fol.</strong></span> 
     </span>
    </p>
   </div>
   <div class='ocr_carea' id='block_1_55' title="bbox 561 2829 2148 2900">
    <p class='ocr_par' dir='ltr' id='par_1_55' title="bbox 561 2829 2148 2900">
     <span class='ocr_line' id='line_1_55' title="bbox 561 2829 2148 2900; baseline -0.004 -11"><span class='ocrx_word' id='word_1_414' title='bbox 561 2832 691 2889; x_wconf 71' lang='grc'><strong>548.</strong></span> <span class='ocrx_word' id='word_1_415' title='bbox 722 2832 912 2887; x_wconf 86' lang='lat' dir='ltr'><strong>Patres</strong></span> <span class='ocrx_word' id='word_1_416' title='bbox 956 2845 1086 2887; x_wconf 90' lang='lat' dir='ltr'><strong>vero</strong></span> <span class='ocrx_word' id='word_1_417' title='bbox 1136 2833 1654 2888; x_wconf 83' lang='lat' dir='ltr'><strong>Francofordienses</strong></span> <span class='ocrx_word' id='word_1_418' title='bbox 1698 2832 1752 2885; x_wconf 91' lang='lat' dir='ltr'><strong>in</strong></span> <span class='ocrx_word' id='word_1_419' title='bbox 1790 2830 2031 2900; x_wconf 78' lang='lat' dir='ltr'><strong>Epistula</strong></span> <span class='ocrx_word' id='word_1_420' title='bbox 2078 2829 2148 2883; x_wconf 88' lang='lat' dir='ltr'><strong>ad</strong></span> 
     </span>
    </p>
   </div>
   <div class='ocr_carea' id='block_1_56' title="bbox 564 2899 2150 2983">
    <p class='ocr_par' dir='ltr' id='par_1_56' title="bbox 564 2899 2150 2983">
     <span class='ocr_line' id='line_1_56' title="bbox 564 2899 2150 2983; baseline -0.003 -23"><span class='ocrx_word' id='word_1_421' title='bbox 564 2905 848 2983; x_wconf 64' lang='lat' dir='ltr'><strong>episc0pds</strong></span> <span class='ocrx_word' id='word_1_422' title='bbox 874 2903 1144 2983; x_wconf 69' lang='lat' dir='ltr'><strong>llispanite</strong></span> <span class='ocrx_word' id='word_1_423' title='bbox 1169 2904 1516 2983; x_wconf 27' lang='lat' dir='ltr'><strong>itahscribdnt</strong></span> <span class='ocrx_word' id='word_1_424' title='bbox 1538 2920 1565 2983; x_wconf 36' lang='grc' dir='ltr'><strong>ς.</strong></span> <span class='ocrx_word' id='word_1_425' title='bbox 1584 2920 1602 2953; x_wconf 78' lang='grc' dir='ltr'><strong>ι</strong></span> <span class='ocrx_word' id='word_1_426' title='bbox 1640 2902 1719 2956; x_wconf 91' lang='lat' dir='ltr'><strong>Tu</strong></span> <span class='ocrx_word' id='word_1_427' title='bbox 1744 2899 1873 2983; x_wconf 69' lang='lat' dir='ltr'><strong>vero</strong></span> <span class='ocrx_word' id='word_1_428' title='bbox 1902 2899 2150 2983; x_wconf 68' lang='lat' dir='ltr'><strong>quisquis</strong></span> 
     </span>
    </p>
   </div>
   <div class='ocr_carea' id='block_1_57' title="bbox 563 2971 2150 3046">
    <p class='ocr_par' dir='ltr' id='par_1_57' title="bbox 563 2971 2150 3046">
     <span class='ocr_line' id='line_1_57' title="bbox 563 2971 2150 3046; baseline -0.003 -16"><span class='ocrx_word' id='word_1_429' title='bbox 563 2971 646 3041; x_wconf 79' lang='lat' dir='ltr'><strong>es,</strong></span> <span class='ocrx_word' id='word_1_430' title='bbox 673 2971 766 3046; x_wconf 86' lang='lat' dir='ltr'><strong>qui</strong></span> <span class='ocrx_word' id='word_1_431' title='bbox 792 2971 1069 3030; x_wconf 84' lang='lat' dir='ltr'><strong>Christum</strong></span> <span class='ocrx_word' id='word_1_432' title='bbox 1098 2975 1358 3046; x_wconf 62' lang='lat' dir='ltr'><strong>praedicas</strong></span> <span class='ocrx_word' id='word_1_433' title='bbox 1388 2973 1734 3046; x_wconf 77' lang='lat' dir='ltr'><strong>adoptivum,</strong></span> <span class='ocrx_word' id='word_1_434' title='bbox 1749 2974 1891 3027; x_wconf 89' lang='lat' dir='ltr'><strong>unde</strong></span> <span class='ocrx_word' id='word_1_435' title='bbox 1919 2971 2017 3027; x_wconf 82' lang='lat' dir='ltr'><strong>tibi</strong></span> <span class='ocrx_word' id='word_1_436' title='bbox 2046 2971 2150 3046; x_wconf 74' lang='lat' dir='ltr'><strong>iste</strong></span> 
     </span>
    </p>
   </div>
   <div class='ocr_carea' id='block_1_58' title="bbox 564 3041 2151 3110">
    <p class='ocr_par' dir='ltr' id='par_1_58' title="bbox 564 3041 2151 3110">
     <span class='ocr_line' id='line_1_58' title="bbox 564 3041 2151 3110; baseline -0.004 -9"><span class='ocrx_word' id='word_1_437' title='bbox 564 3041 758 3101; x_wconf 74' lang='lat' dir='ltr'><strong>sensus</strong></span> <span class='ocrx_word' id='word_1_438' title='bbox 786 3048 1045 3110; x_wconf 80' lang='lat' dir='ltr'><strong>venisset,</strong></span> <span class='ocrx_word' id='word_1_439' title='bbox 1076 3041 1365 3099; x_wconf 75' lang='lat' dir='ltr'><strong>voluissem</strong></span> <span class='ocrx_word' id='word_1_440' title='bbox 1398 3041 1566 3108; x_wconf 74' lang='lat' dir='ltr'><strong>seire;</strong></span> <span class='ocrx_word' id='word_1_441' title='bbox 1602 3044 1695 3097; x_wconf 91' lang='lat' dir='ltr'><strong>ubi</strong></span> <span class='ocrx_word' id='word_1_442' title='bbox 1724 3045 1827 3098; x_wconf 91' lang='lat' dir='ltr'><strong>hoc</strong></span> <span class='ocrx_word' id='word_1_443' title='bbox 1852 3056 2048 3097; x_wconf 88' lang='lat' dir='ltr'><strong>nomen</strong></span> <span class='ocrx_word' id='word_1_444' title='bbox 2070 3041 2151 3096; x_wconf 85' lang='lat' dir='ltr'><strong>di-</strong></span> 
     </span>
    </p>
   </div>
   <div class='ocr_carea' id='block_1_59' title="bbox 565 3113 2152 3183">
    <p class='ocr_par' dir='ltr' id='par_1_59' title="bbox 565 3113 2152 3183">
     <span class='ocr_line' id='line_1_59' title="bbox 565 3113 2152 3183; baseline -0.003 -12"><span class='ocrx_word' id='word_1_445' title='bbox 565 3116 816 3181; x_wconf 89' lang='lat' dir='ltr'><strong>dicisses,</strong></span> <span class='ocrx_word' id='word_1_446' title='bbox 860 3116 1102 3169; x_wconf 86' lang='lat' dir='ltr'><strong>ostende.</strong></span> <span class='ocrx_word' id='word_1_447' title='bbox 1144 3115 1472 3170; x_wconf 66' lang='lat' dir='ltr'><strong>Patriarcha:</strong></span> <span class='ocrx_word' id='word_1_448' title='bbox 1498 3115 1828 3179; x_wconf 89' lang='lat' dir='ltr'><strong>nescierunt,</strong></span> <span class='ocrx_word' id='word_1_449' title='bbox 1873 3113 2152 3183; x_wconf 63' lang='lat' dir='ltr'><strong>prophetat</strong></span> 
     </span>
    </p>
   </div>
   <div class='ocr_carea' id='block_1_60' title="bbox 563 3183 2149 3255">
    <p class='ocr_par' dir='ltr' id='par_1_60' title="bbox 563 3183 2149 3255">
     <span class='ocr_line' id='line_1_60' title="bbox 563 3183 2149 3255; baseline -0.002 -15"><span class='ocrx_word' id='word_1_450' title='bbox 563 3202 674 3241; x_wconf 90' lang='lat' dir='ltr'><strong>non</strong></span> <span class='ocrx_word' id='word_1_451' title='bbox 718 3187 994 3250; x_wconf 79' lang='lat' dir='ltr'><strong>dixerunt,</strong></span> <span class='ocrx_word' id='word_1_452' title='bbox 1040 3186 1269 3255; x_wconf 89' lang='lat' dir='ltr'><strong>apostoli</strong></span> <span class='ocrx_word' id='word_1_453' title='bbox 1316 3202 1425 3240; x_wconf 91' lang='lat' dir='ltr'><strong>non</strong></span> <span class='ocrx_word' id='word_1_454' title='bbox 1470 3184 1926 3254; x_wconf 63' lang='lat' dir='ltr'><strong>praedicaverunt,</strong></span> <span class='ocrx_word' id='word_1_455' title='bbox 1954 3183 2149 3255; x_wconf 75' lang='lat' dir='ltr'><strong>sancti</strong></span> 
     </span>
    </p>
   </div>
   <div class='ocr_carea' id='block_1_61' title="bbox 559 3254 2146 3321">
    <p class='ocr_par' dir='ltr' id='par_1_61' title="bbox 559 3254 2146 3321">
     <span class='ocr_line' id='line_1_61' title="bbox 559 3254 2146 3321; baseline -0.003 -11"><span class='ocrx_word' id='word_1_456' title='bbox 559 3265 884 3311; x_wconf 89' lang='lat' dir='ltr'><strong>tractatores</strong></span> <span class='ocrx_word' id='word_1_457' title='bbox 912 3258 1013 3311; x_wconf 91' lang='lat' dir='ltr'><strong>hoc</strong></span> <span class='ocrx_word' id='word_1_458' title='bbox 1042 3254 1239 3312; x_wconf 81' lang='lat' dir='ltr'><strong>nomen</strong></span> <span class='ocrx_word' id='word_1_459' title='bbox 1272 3264 1580 3321; x_wconf 85' lang='lat' dir='ltr'><strong>tacuerunt,</strong></span> <span class='ocrx_word' id='word_1_460' title='bbox 1614 3257 1866 3311; x_wconf 90' lang='lat' dir='ltr'><strong>doctores</strong></span> <span class='ocrx_word' id='word_1_461' title='bbox 1896 3254 2021 3309; x_wconf 88' lang='lat' dir='ltr'><strong>ﬁdei</strong></span> <span class='ocrx_word' id='word_1_462' title='bbox 2049 3267 2146 3307; x_wconf 90' lang='lat' dir='ltr'><strong>no-</strong></span> 
     </span>
    </p>
   </div>
   <div class='ocr_carea' id='block_1_62' title="bbox 561 3324 2144 3392">
    <p class='ocr_par' dir='ltr' id='par_1_62' title="bbox 561 3324 2144 3392">
     <span class='ocr_line' id='line_1_62' title="bbox 561 3324 2144 3392; baseline -0.003 -10"><span class='ocrx_word' id='word_1_463' title='bbox 561 3336 689 3382; x_wconf 63' lang='lat' dir='ltr'><strong>strm</strong></span> <span class='ocrx_word' id='word_1_464' title='bbox 718 3345 824 3382; x_wconf 93' lang='lat' dir='ltr'><strong>non</strong></span> <span class='ocrx_word' id='word_1_465' title='bbox 855 3328 1188 3392; x_wconf 86' lang='lat' dir='ltr'><strong>docuerunt,</strong></span> <span class='ocrx_word' id='word_1_466' title='bbox 1220 3338 1326 3381; x_wconf 86' lang='lat' dir='ltr'><strong>etc.</strong></span> <span class='ocrx_word' id='word_1_467' title='bbox 1378 3347 1396 3378; x_wconf 74' lang='grc' dir='ltr'><strong>ι</strong></span> <span class='ocrx_word' id='word_1_468' title='bbox 1450 3326 1609 3380; x_wconf 89' lang='lat' dir='ltr'><strong>Tom.</strong></span> <span class='ocrx_word' id='word_1_469' title='bbox 1664 3325 1731 3380; x_wconf 78' lang='lat' dir='ltr'><strong>IX</strong></span> <span class='ocrx_word' id='word_1_470' title='bbox 1784 3324 1951 3381; x_wconf 84' lang='lat' dir='ltr'><strong>Cone.</strong></span> <span class='ocrx_word' id='word_1_471' title='bbox 2011 3324 2144 3379; x_wconf 88' lang='lat' dir='ltr'><strong>edit.</strong></span> 
     </span>
    </p>
   </div>
   <div class='ocr_carea' id='block_1_63' title="bbox 560 3394 2148 3464">
    <p class='ocr_par' dir='ltr' id='par_1_63' title="bbox 560 3394 2148 3464">
     <span class='ocr_line' id='line_1_63' title="bbox 560 3394 2148 3464; baseline -0.003 -12"><span class='ocrx_word' id='word_1_472' title='bbox 560 3397 731 3453; x_wconf 88' lang='lat' dir='ltr'><strong>Coleti</strong></span> <span class='ocrx_word' id='word_1_473' title='bbox 764 3398 867 3454; x_wconf 89' lang='lat' dir='ltr'><strong>col.</strong></span> <span class='ocrx_word' id='word_1_474' title='bbox 902 3399 988 3453; x_wconf 85' lang='lat'><strong>87.</strong></span> <span class='ocrx_word' id='word_1_475' title='bbox 1045 3398 1176 3452; x_wconf 85' lang='lat' dir='ltr'><strong>Dein</strong></span> <span class='ocrx_word' id='word_1_476' title='bbox 1222 3406 1276 3451; x_wconf 90' lang='lat' dir='ltr'><strong>et</strong></span> <span class='ocrx_word' id='word_1_477' title='bbox 1321 3397 1583 3451; x_wconf 79' lang='lat' dir='ltr'><strong>Alcuinus</strong></span> <span class='ocrx_word' id='word_1_478' title='bbox 1628 3396 1832 3464; x_wconf 89' lang='lat' dir='ltr'><strong>ubique</strong></span> <span class='ocrx_word' id='word_1_479' title='bbox 1882 3394 2148 3449; x_wconf 87' lang='lat' dir='ltr'><strong>unitatem</strong></span> 
     </span>
    </p>
   </div>
   <div class='ocr_carea' id='block_1_64' title="bbox 634 3464 2151 3537">
    <p class='ocr_par' dir='ltr' id='par_1_64' title="bbox 634 3464 2151 3537">
     <span class='ocr_line' id='line_1_64' title="bbox 634 3464 2151 3537; baseline -0.001 -16"><span class='ocrx_word' id='word_1_480' title='bbox 634 3484 809 3524; x_wconf 73' lang='lat' dir='ltr'><strong>rsoua:</strong></span> <span class='ocrx_word' id='word_1_481' title='bbox 839 3469 891 3522; x_wconf 88' lang='lat' dir='ltr'><strong>iu</strong></span> <span class='ocrx_word' id='word_1_482' title='bbox 921 3468 1138 3523; x_wconf 89' lang='lat' dir='ltr'><strong>Christo</strong></span> <span class='ocrx_word' id='word_1_483' title='bbox 1168 3476 1346 3537; x_wconf 88' lang='lat' dir='ltr'><strong>urget,</strong></span> <span class='ocrx_word' id='word_1_484' title='bbox 1379 3482 1609 3536; x_wconf 86' lang='lat' dir='ltr'><strong>eamque</strong></span> <span class='ocrx_word' id='word_1_485' title='bbox 1635 3467 2026 3521; x_wconf 86' lang='lat' dir='ltr'><strong>assertionibus</strong></span> <span class='ocrx_word' id='word_1_486' title='bbox 2050 3464 2151 3519; x_wconf 83' lang='lat' dir='ltr'><strong>Fe-</strong></span> 
     </span>
    </p>
   </div>
   <div class='ocr_carea' id='block_1_65' title="bbox 586 3538 2151 3609">
    <p class='ocr_par' dir='ltr' id='par_1_65' title="bbox 586 3538 2151 3609">
     <span class='ocr_line' id='line_1_65' title="bbox 586 3538 2151 3609; baseline -0.003 -16"><span class='ocrx_word' id='word_1_487' title='bbox 586 3540 684 3594; x_wconf 92' lang='lat' dir='ltr'><strong>icis</strong></span> <span class='ocrx_word' id='word_1_488' title='bbox 709 3547 763 3594; x_wconf 91' lang='lat' dir='ltr'><strong>et</strong></span> <span class='ocrx_word' id='word_1_489' title='bbox 788 3539 1035 3609; x_wconf 86' lang='lat' dir='ltr'><strong>Elipamli</strong></span> <span class='ocrx_word' id='word_1_490' title='bbox 1067 3540 1270 3593; x_wconf 88' lang='lat' dir='ltr'><strong>destrui</strong></span> <span class='ocrx_word' id='word_1_491' title='bbox 1304 3538 1606 3593; x_wconf 86' lang='lat' dir='ltr'><strong>ratiociniis</strong></span> <span class='ocrx_word' id='word_1_492' title='bbox 1634 3538 1980 3593; x_wconf 85' lang='lat' dir='ltr'><strong>solidissimis</strong></span> <span class='ocrx_word' id='word_1_493' title='bbox 2024 3551 2151 3609; x_wconf 85' lang='lat' dir='ltr'><strong>pro-</strong></span> 
     </span>
    </p>
   </div>
   <div class='ocr_carea' id='block_1_66' title="bbox 564 3607 2151 3680">
    <p class='ocr_par' dir='ltr' id='par_1_66' title="bbox 564 3607 2151 3680">
     <span class='ocr_line' id='line_1_66' title="bbox 564 3607 2151 3680; baseline -0.003 -16"><span class='ocrx_word' id='word_1_494' title='bbox 564 3610 678 3664; x_wconf 82' lang='lat' dir='ltr'><strong>bat.</strong></span> <span class='ocrx_word' id='word_1_495' title='bbox 713 3611 775 3664; x_wconf 88' lang='lat' dir='ltr'><strong>Et</strong></span> <span class='ocrx_word' id='word_1_496' title='bbox 804 3607 1147 3680; x_wconf 75' lang='lat' dir='ltr'><strong>singulariter</strong></span> <span class='ocrx_word' id='word_1_497' title='bbox 1176 3610 1393 3678; x_wconf 83' lang='lat' dir='ltr'><strong>quidem</strong></span> <span class='ocrx_word' id='word_1_498' title='bbox 1430 3617 1808 3678; x_wconf 75' lang='lat' dir='ltr'><strong>argumentum</strong></span> <span class='ocrx_word' id='word_1_499' title='bbox 1860 3609 1963 3680; x_wconf 83' lang='lat' dir='ltr'><strong>hoc</strong></span> <span class='ocrx_word' id='word_1_500' title='bbox 1993 3607 2151 3680; x_wconf 84' lang='lat' dir='ltr'><strong>adhi-</strong></span> 
     </span>
    </p>
   </div>
   <div class='ocr_carea' id='block_1_67' title="bbox 564 3678 2150 3747">
    <p class='ocr_par' dir='ltr' id='par_1_67' title="bbox 564 3678 2150 3747">
     <span class='ocr_line' id='line_1_67' title="bbox 564 3678 2150 3747; baseline -0.003 -12"><span class='ocrx_word' id='word_1_501' title='bbox 564 3680 657 3735; x_wconf 87' lang='lat' dir='ltr'><strong>bet</strong></span> <span class='ocrx_word' id='word_1_502' title='bbox 682 3689 870 3735; x_wconf 89' lang='lat' dir='ltr'><strong>contra</strong></span> <span class='ocrx_word' id='word_1_503' title='bbox 898 3678 1103 3733; x_wconf 82' lang='lat' dir='ltr'><strong>novum</strong></span> <span class='ocrx_word' id='word_1_504' title='bbox 1131 3680 1196 3733; x_wconf 89' lang='lat' dir='ltr'><strong>de</strong></span> <span class='ocrx_word' id='word_1_505' title='bbox 1220 3680 1468 3746; x_wconf 80' lang='lat' dir='ltr'><strong>adoptivo</strong></span> <span class='ocrx_word' id='word_1_506' title='bbox 1498 3680 1608 3732; x_wconf 88' lang='lat' dir='ltr'><strong>ﬁlio</strong></span> <span class='ocrx_word' id='word_1_507' title='bbox 1636 3680 1851 3747; x_wconf 85' lang='lat' dir='ltr'><strong>dogma,</strong></span> <span class='ocrx_word' id='word_1_508' title='bbox 1884 3679 2074 3732; x_wconf 89' lang='lat' dir='ltr'><strong>dicens</strong></span> <span class='ocrx_word' id='word_1_509' title='bbox 2097 3678 2150 3731; x_wconf 92' lang='lat' dir='ltr'><strong>in</strong></span> 
     </span>
    </p>
   </div>
   <div class='ocr_carea' id='block_1_68' title="bbox 564 3748 2146 3805">
    <p class='ocr_par' dir='ltr' id='par_1_68' title="bbox 564 3748 2146 3805">
     <span class='ocr_line' id='line_1_68' title="bbox 564 3748 2146 3805; baseline -0.002 -2"><span class='ocrx_word' id='word_1_510' title='bbox 564 3748 744 3805; x_wconf 87' lang='lat' dir='ltr'><strong>libello</strong></span> <span class='ocrx_word' id='word_1_511' title='bbox 774 3751 841 3804; x_wconf 91' lang='lat' dir='ltr'><strong>ad</strong></span> <span class='ocrx_word' id='word_1_512' title='bbox 884 3751 1122 3804; x_wconf 84' lang='lat' dir='ltr'><strong>Abbates</strong></span> <span class='ocrx_word' id='word_1_513' title='bbox 1170 3758 1225 3803; x_wconf 89' lang='lat' dir='ltr'><strong>et</strong></span> <span class='ocrx_word' id='word_1_514' title='bbox 1277 3750 1566 3804; x_wconf 82' lang='lat' dir='ltr'><strong>Monachus</strong></span> <span class='ocrx_word' id='word_1_515' title='bbox 1592 3749 1803 3804; x_wconf 62' lang='lat' dir='ltr'><strong>Gothiae</strong></span> <span class='ocrx_word' id='word_1_516' title='bbox 1850 3764 1998 3803; x_wconf 92' lang='lat' dir='ltr'><strong>num.</strong></span> <span class='ocrx_word' id='word_1_517' title='bbox 2038 3748 2146 3803; x_wconf 70' lang='lat'><strong>1&#39;5:</strong></span> 
     </span>
    </p>
   </div>
   <div class='ocr_carea' id='block_1_69' title="bbox 570 3820 2153 3887">
    <p class='ocr_par' dir='ltr' id='par_1_69' title="bbox 570 3820 2153 3887">
     <span class='ocr_line' id='line_1_69' title="bbox 570 3820 2153 3887; baseline 0.001 -16"><span class='ocrx_word' id='word_1_518' title='bbox 570 3839 592 3871; x_wconf 73' lang='grc' dir='ltr'><strong>ι</strong></span> <span class='ocrx_word' id='word_1_519' title='bbox 628 3820 685 3875; x_wconf 86' lang='lat' dir='ltr'><strong>Si</strong></span> <span class='ocrx_word' id='word_1_520' title='bbox 717 3821 882 3887; x_wconf 74' lang='lat' dir='ltr'><strong>igitur</strong></span> <span class='ocrx_word' id='word_1_521' title='bbox 910 3821 1169 3874; x_wconf 87' lang='lat' dir='ltr'><strong>Dominus</strong></span> <span class='ocrx_word' id='word_1_522' title='bbox 1198 3820 1450 3875; x_wconf 87' lang='lat' dir='ltr'><strong>Christus</strong></span> <span class='ocrx_word' id='word_1_523' title='bbox 1479 3821 1772 3875; x_wconf 87' lang='lat' dir='ltr'><strong>secundum</strong></span> <span class='ocrx_word' id='word_1_524' title='bbox 1790 3834 2030 3881; x_wconf 89' lang='lat' dir='ltr'><strong>carnem,</strong></span> <span class='ocrx_word' id='word_1_525' title='bbox 2048 3820 2153 3873; x_wconf 75' lang='grc' dir='ltr'><strong>εἰο-</strong></span> 
     </span>
    </p>
   </div>
   <div class='ocr_carea' id='block_1_70' title="bbox 566 3884 2153 3961">
    <p class='ocr_par' dir='ltr' id='par_1_70' title="bbox 566 3884 2153 3961">
     <span class='ocr_line' id='line_1_70' title="bbox 566 3884 2153 3961; baseline -0.002 -16"><span class='ocrx_word' id='word_1_526' title='bbox 566 3899 629 3945; x_wconf 93' lang='lat' dir='ltr'><strong>ut</strong></span> <span class='ocrx_word' id='word_1_527' title='bbox 669 3884 885 3961; x_wconf 78' lang='lat' dir='ltr'><strong>quidam</strong></span> <span class='ocrx_word' id='word_1_528' title='bbox 938 3891 1183 3961; x_wconf 88' lang='lat' dir='ltr'><strong>improba</strong></span> <span class='ocrx_word' id='word_1_529' title='bbox 1224 3890 1327 3945; x_wconf 91' lang='lat' dir='ltr'><strong>ﬁde</strong></span> <span class='ocrx_word' id='word_1_530' title='bbox 1356 3893 1627 3957; x_wconf 83' lang='lat' dir='ltr'><strong>garriunt,</strong></span> <span class='ocrx_word' id='word_1_531' title='bbox 1669 3890 1953 3961; x_wconf 84' lang='lat' dir='ltr'><strong>adoptivus</strong></span> <span class='ocrx_word' id='word_1_532' title='bbox 1978 3900 2061 3944; x_wconf 90' lang='lat' dir='ltr'><strong>est</strong></span> <span class='ocrx_word' id='word_1_533' title='bbox 2092 3889 2153 3942; x_wconf 86' lang='lat' dir='ltr'><strong>ﬁ-</strong></span> 
     </span>
    </p>
   </div>
   <div class='ocr_carea' id='block_1_71' title="bbox 564 3960 2153 4031">
    <p class='ocr_par' dir='ltr' id='par_1_71' title="bbox 564 3960 2153 4031">
     <span class='ocr_line' id='line_1_71' title="bbox 564 3960 2153 4031; baseline -0.002 -15"><span class='ocrx_word' id='word_1_534' title='bbox 564 3960 699 4025; x_wconf 76' lang='lat' dir='ltr'><strong>lius,</strong></span> <span class='ocrx_word' id='word_1_535' title='bbox 742 3960 1086 4031; x_wconf 81' lang='lat' dir='ltr'><strong>nequaquam</strong></span> <span class='ocrx_word' id='word_1_536' title='bbox 1132 3977 1272 4015; x_wconf 91' lang='lat' dir='ltr'><strong>unus</strong></span> <span class='ocrx_word' id='word_1_537' title='bbox 1320 3971 1405 4015; x_wconf 91' lang='lat' dir='ltr'><strong>est</strong></span> <span class='ocrx_word' id='word_1_538' title='bbox 1454 3962 1616 4024; x_wconf 91' lang='lat' dir='ltr'><strong>ﬁlius,</strong></span> <span class='ocrx_word' id='word_1_539' title='bbox 1665 3960 1791 4030; x_wconf 85' lang='lat' dir='ltr'><strong>quia</strong></span> <span class='ocrx_word' id='word_1_540' title='bbox 1847 3960 2153 4014; x_wconf 86' lang='lat' dir='ltr'><strong>nullatenus</strong></span> 
     </span>
    </p>
   </div>
   <div class='ocr_carea' id='block_1_72' title="bbox 568 4030 2150 4102">
    <p class='ocr_par' dir='ltr' id='par_1_72' title="bbox 568 4030 2150 4102">
     <span class='ocr_line' id='line_1_72' title="bbox 568 4030 2150 4102; baseline -0.001 -16"><span class='ocrx_word' id='word_1_541' title='bbox 568 4030 993 4102; x_wconf 30' lang='lat' dir='ltr'><strong>proprius’ﬁlius</strong></span> <span class='ocrx_word' id='word_1_542' title='bbox 1021 4043 1076 4085; x_wconf 86' lang='lat' dir='ltr'><strong>et</strong></span> <span class='ocrx_word' id='word_1_543' title='bbox 1108 4032 1394 4101; x_wconf 91' lang='lat' dir='ltr'><strong>adoptivus</strong></span> <span class='ocrx_word' id='word_1_544' title='bbox 1438 4049 1578 4087; x_wconf 89' lang='lat' dir='ltr'><strong>unus</strong></span> <span class='ocrx_word' id='word_1_545' title='bbox 1619 4047 1739 4086; x_wconf 89' lang='lat' dir='ltr'><strong>esse</strong></span> <span class='ocrx_word' id='word_1_546' title='bbox 1768 4040 1946 4102; x_wconf 89' lang='lat' dir='ltr'><strong>potest</strong></span> <span class='ocrx_word' id='word_1_547' title='bbox 1986 4030 2150 4095; x_wconf 91' lang='lat' dir='ltr'><strong>ﬁlius,</strong></span> 
     </span>
    </p>
   </div>
   <div class='ocr_carea' id='block_1_73' title="bbox 566 4102 2146 4171">
    <p class='ocr_par' dir='ltr' id='par_1_73' title="bbox 566 4102 2146 4171">
     <span class='ocr_line' id='line_1_73' title="bbox 566 4102 2146 4171; baseline -0.003 -14"><span class='ocrx_word' id='word_1_548' title='bbox 566 4104 693 4170; x_wconf 84' lang='lat' dir='ltr'><strong>quia</strong></span> <span class='ocrx_word' id='word_1_549' title='bbox 721 4119 859 4157; x_wconf 91' lang='lat' dir='ltr'><strong>unus</strong></span> <span class='ocrx_word' id='word_1_550' title='bbox 886 4118 1047 4157; x_wconf 88' lang='lat' dir='ltr'><strong>verus</strong></span> <span class='ocrx_word' id='word_1_551' title='bbox 1066 4113 1120 4156; x_wconf 84' lang='lat' dir='ltr'><strong>et</strong></span> <span class='ocrx_word' id='word_1_552' title='bbox 1140 4103 1280 4155; x_wconf 85' lang='lat' dir='ltr'><strong>alter</strong></span> <span class='ocrx_word' id='word_1_553' title='bbox 1296 4119 1399 4157; x_wconf 88' lang='lat' dir='ltr'><strong>non</strong></span> <span class='ocrx_word' id='word_1_554' title='bbox 1423 4119 1585 4155; x_wconf 80' lang='lat' dir='ltr'><strong>verus</strong></span> <span class='ocrx_word' id='word_1_555' title='bbox 1607 4117 1728 4157; x_wconf 91' lang='lat' dir='ltr'><strong>esse</strong></span> <span class='ocrx_word' id='word_1_556' title='bbox 1750 4102 2106 4171; x_wconf 85' lang='lat' dir='ltr'><strong>dignoscitur.</strong></span> <span class='ocrx_word' id='word_1_557' title='bbox 2129 4121 2146 4152; x_wconf 74' lang='grc' dir='ltr'><strong>ι</strong></span> 
     </span>
    </p>
   </div>
   <div class='ocr_carea' id='block_1_74' title="bbox 565 4172 2155 4244">
    <p class='ocr_par' dir='ltr' id='par_1_74' title="bbox 565 4172 2155 4244">
     <span class='ocr_line' id='line_1_74' title="bbox 565 4172 2155 4244; baseline 0 -18"><span class='ocrx_word' id='word_1_558' title='bbox 565 4172 803 4227; x_wconf 84' lang='lat' dir='ltr'><strong>Numero</strong></span> <span class='ocrx_word' id='word_1_559' title='bbox 830 4182 1011 4226; x_wconf 88' lang='lat' dir='ltr'><strong>autem</strong></span> <span class='ocrx_word' id='word_1_560' title='bbox 1032 4173 1111 4244; x_wconf 55' lang='lat'><strong>55</strong></span> <span class='ocrx_word' id='word_1_561' title='bbox 1138 4174 1326 4228; x_wconf 90' lang='lat' dir='ltr'><strong>eadem</strong></span> <span class='ocrx_word' id='word_1_562' title='bbox 1358 4175 1567 4226; x_wconf 84' lang='lat' dir='ltr'><strong>ratione</strong></span> <span class='ocrx_word' id='word_1_563' title='bbox 1606 4172 2020 4244; x_wconf 82' lang='lat' dir='ltr'><strong>argumentatur</strong></span> <span class='ocrx_word' id='word_1_564' title='bbox 2041 4214 2061 4244; x_wconf 90' lang='lat'><strong>,_</strong></span> <span class='ocrx_word' id='word_1_565' title='bbox 2098 4180 2155 4226; x_wconf 91' lang='lat' dir='ltr'><strong>et</strong></span> 
     </span>
    </p>
   </div>
   <div class='ocr_carea' id='block_1_75' title="bbox 567 4242 2156 4313">
    <p class='ocr_par' dir='ltr' id='par_1_75' title="bbox 567 4242 2156 4313">
     <span class='ocr_line' id='line_1_75' title="bbox 567 4242 2156 4313; baseline -0.002 -15"><span class='ocrx_word' id='word_1_566' title='bbox 567 4252 856 4313; x_wconf 86' lang='lat' dir='ltr'><strong>postquam</strong></span> <span class='ocrx_word' id='word_1_567' title='bbox 882 4259 948 4297; x_wconf 86' lang='lat' dir='ltr'><strong>ex</strong></span> <span class='ocrx_word' id='word_1_568' title='bbox 978 4244 998 4296; x_wconf 85' lang='grc' dir='ltr'><strong>Ι</strong></span> <span class='ocrx_word' id='word_1_569' title='bbox 1024 4242 1179 4296; x_wconf 86' lang='lat' dir='ltr'><strong>Joan.</strong></span> <span class='ocrx_word' id='word_1_570' title='bbox 1211 4260 1262 4296; x_wconf 83' lang='lat' dir='ltr'><strong>Iv</strong></span> <span class='ocrx_word' id='word_1_571' title='bbox 1280 4244 1559 4311; x_wconf 81' lang='lat' dir='ltr'><strong>sequentia</strong></span> <span class='ocrx_word' id='word_1_572' title='bbox 1582 4242 1746 4297; x_wconf 87' lang='lat' dir='ltr'><strong>verba</strong></span> <span class='ocrx_word' id='word_1_573' title='bbox 1776 4242 1995 4296; x_wconf 84' lang='lat' dir='ltr'><strong>retulit:</strong></span> <span class='ocrx_word' id='word_1_574' title='bbox 2028 4242 2156 4296; x_wconf 89' lang='lat' dir='ltr'><strong>0m—</strong></span> 
     </span>
    </p>
   </div>
   <div class='ocr_carea' id='block_1_76' title="bbox 569 4312 2153 4384">
    <p class='ocr_par' dir='ltr' id='par_1_76' title="bbox 569 4312 2153 4384">
     <span class='ocr_line' id='line_1_76' title="bbox 569 4312 2153 4384; baseline -0.001 -17"><span class='ocrx_word' id='word_1_575' title='bbox 569 4312 649 4367; x_wconf 67' lang='lat' dir='ltr'><strong>his</strong></span> <span class='ocrx_word' id='word_1_576' title='bbox 677 4314 915 4383; x_wconf 78' lang='lat' dir='ltr'><strong>spiritus,</strong></span> <span class='ocrx_word' id='word_1_577' title='bbox 945 4315 1032 4384; x_wconf 88' lang='lat' dir='ltr'><strong>qui</strong></span> <span class='ocrx_word' id='word_1_578' title='bbox 1053 4312 1205 4367; x_wconf 80' lang='lat' dir='ltr'><strong>solvit</strong></span> <span class='ocrx_word' id='word_1_579' title='bbox 1229 4313 1429 4373; x_wconf 75' lang='lat' dir='ltr'><strong>Iesum,</strong></span> <span class='ocrx_word' id='word_1_580' title='bbox 1461 4330 1525 4366; x_wconf 66' lang='lat' dir='ltr'><strong>ea:</strong></span> <span class='ocrx_word' id='word_1_581' title='bbox 1554 4313 1663 4367; x_wconf 84' lang='lat' dir='ltr'><strong>Deo</strong></span> <span class='ocrx_word' id='word_1_582' title='bbox 1690 4330 1793 4366; x_wconf 82' lang='lat' dir='ltr'><strong>non</strong></span> <span class='ocrx_word' id='word_1_583' title='bbox 1820 4322 1918 4384; x_wconf 71' lang='lat' dir='ltr'><strong>est,</strong></span> <span class='ocrx_word' id='word_1_584' title='bbox 1944 4320 2073 4378; x_wconf 87' lang='lat' dir='ltr'><strong>etc.,</strong></span> <span class='ocrx_word' id='word_1_585' title='bbox 2100 4314 2153 4366; x_wconf 90' lang='lat' dir='ltr'><strong>in</strong></span> 
     </span>
    </p>
   </div>
   <div class='ocr_carea' id='block_1_77' title="bbox 570 4380 2153 4454">
    <p class='ocr_par' dir='ltr' id='par_1_77' title="bbox 570 4380 2153 4454">
     <span class='ocr_line' id='line_1_77' title="bbox 570 4380 2153 4454; baseline -0.002 -16"><span class='ocrx_word' id='word_1_586' title='bbox 570 4380 715 4438; x_wconf 84' lang='lat' dir='ltr'><strong>hunc</strong></span> <span class='ocrx_word' id='word_1_587' title='bbox 738 4380 965 4438; x_wconf 82' lang='lat' dir='ltr'><strong>modum</strong></span> <span class='ocrx_word' id='word_1_588' title='bbox 985 4384 1162 4454; x_wconf 84' lang='lat' dir='ltr'><strong>pergit</strong></span> <span class='ocrx_word' id='word_1_589' title='bbox 1204 4402 1217 4437; x_wconf 88' lang='lat'><strong>:</strong></span> <span class='ocrx_word' id='word_1_590' title='bbox 1256 4402 1274 4433; x_wconf 79' lang='grc' dir='ltr'><strong>ι</strong></span> <span class='ocrx_word' id='word_1_591' title='bbox 1309 4383 1447 4450; x_wconf 84' lang='lat' dir='ltr'><strong>Quid</strong></span> <span class='ocrx_word' id='word_1_592' title='bbox 1471 4393 1555 4438; x_wconf 86' lang='lat' dir='ltr'><strong>est</strong></span> <span class='ocrx_word' id='word_1_593' title='bbox 1578 4385 1787 4439; x_wconf 89' lang='lat' dir='ltr'><strong>solvere</strong></span> <span class='ocrx_word' id='word_1_594' title='bbox 1811 4380 2015 4454; x_wconf 65' lang='lat' dir='ltr'><strong>.lesun},</strong></span> <span class='ocrx_word' id='word_1_595' title='bbox 2047 4383 2153 4454; x_wconf 88' lang='lat' dir='ltr'><strong>nisi</strong></span> 
     </span>
    </p>
   </div>
   <div class='ocr_carea' id='block_1_78' title="bbox 567 4452 2154 4519">
    <p class='ocr_par' dir='ltr' id='par_1_78' title="bbox 567 4452 2154 4519">
     <span class='ocr_line' id='line_1_78' title="bbox 567 4452 2154 4519; baseline 0 -11"><span class='ocrx_word' id='word_1_596' title='bbox 567 4470 675 4508; x_wconf 92' lang='lat' dir='ltr'><strong>non</strong></span> <span class='ocrx_word' id='word_1_597' title='bbox 706 4454 929 4508; x_wconf 89' lang='lat' dir='ltr'><strong>credere</strong></span> <span class='ocrx_word' id='word_1_598' title='bbox 954 4470 1073 4509; x_wconf 91' lang='lat' dir='ltr'><strong>cum</strong></span> <span class='ocrx_word' id='word_1_599' title='bbox 1094 4452 1183 4507; x_wconf 82' lang='lat' dir='ltr'><strong>vel</strong></span> <span class='ocrx_word' id='word_1_600' title='bbox 1211 4470 1398 4509; x_wconf 91' lang='lat' dir='ltr'><strong>verum</strong></span> <span class='ocrx_word' id='word_1_601' title='bbox 1428 4455 1617 4519; x_wconf 89' lang='lat' dir='ltr'><strong>Deum,</strong></span> <span class='ocrx_word' id='word_1_602' title='bbox 1646 4455 1729 4508; x_wconf 88' lang='lat' dir='ltr'><strong>vel</strong></span> <span class='ocrx_word' id='word_1_603' title='bbox 1751 4469 1936 4507; x_wconf 90' lang='lat' dir='ltr'><strong>verum</strong></span> <span class='ocrx_word' id='word_1_604' title='bbox 1959 4452 2154 4508; x_wconf 86' lang='lat' dir='ltr'><strong>Filium</strong></span> 
     </span>
    </p>
   </div>
   <div class='ocr_carea' id='block_1_79' title="bbox 574 4522 2154 4593">
    <p class='ocr_par' dir='ltr' id='par_1_79' title="bbox 574 4522 2154 4593">
     <span class='ocr_line' id='line_1_79' title="bbox 574 4522 2154 4593; baseline 0 -15"><span class='ocrx_word' id='word_1_605' title='bbox 574 4525 666 4578; x_wconf 88' lang='lat' dir='ltr'><strong>Dei</strong></span> <span class='ocrx_word' id='word_1_606' title='bbox 702 4525 756 4579; x_wconf 93' lang='lat' dir='ltr'><strong>in</strong></span> <span class='ocrx_word' id='word_1_607' title='bbox 787 4533 1015 4592; x_wconf 88' lang='lat' dir='ltr'><strong>utraque</strong></span> <span class='ocrx_word' id='word_1_608' title='bbox 1044 4539 1165 4578; x_wconf 92' lang='lat' dir='ltr'><strong>esse</strong></span> <span class='ocrx_word' id='word_1_609' title='bbox 1205 4533 1417 4588; x_wconf 90' lang='lat' dir='ltr'><strong>natura,</strong></span> <span class='ocrx_word' id='word_1_610' title='bbox 1452 4526 1545 4593; x_wconf 90' lang='lat' dir='ltr'><strong>qui</strong></span> <span class='ocrx_word' id='word_1_611' title='bbox 1592 4540 1729 4578; x_wconf 88' lang='lat' dir='ltr'><strong>unus</strong></span> <span class='ocrx_word' id='word_1_612' title='bbox 1770 4533 1852 4577; x_wconf 86' lang='lat' dir='ltr'><strong>est</strong></span> <span class='ocrx_word' id='word_1_613' title='bbox 1890 4522 2055 4588; x_wconf 84' lang='lat' dir='ltr'><strong>Deus,</strong></span> <span class='ocrx_word' id='word_1_614' title='bbox 2099 4534 2154 4578; x_wconf 91' lang='lat' dir='ltr'><strong>et</strong></span> 
     </span>
    </p>
   </div>
   <div class='ocr_carea' id='block_1_80' title="bbox 2246 1915 3847 1986">
    <p class='ocr_par' dir='ltr' id='par_1_80' title="bbox 2246 1915 3847 1986">
     <span class='ocr_line' id='line_1_80' title="bbox 2246 1915 3847 1986; baseline -0.002 -14"><span class='ocrx_word' id='word_1_615' title='bbox 2246 1917 2400 1972; x_wconf 83' lang='lat' dir='ltr'><strong>venit</strong></span> <span class='ocrx_word' id='word_1_616' title='bbox 2452 1915 2597 1968; x_wconf 90' lang='lat' dir='ltr'><strong>enim</strong></span> <span class='ocrx_word' id='word_1_617' title='bbox 2659 1915 2929 1986; x_wconf 86' lang='lat' dir='ltr'><strong>aliquibus</strong></span> <span class='ocrx_word' id='word_1_618' title='bbox 2985 1918 3040 1971; x_wconf 94' lang='lat' dir='ltr'><strong>in</strong></span> <span class='ocrx_word' id='word_1_619' title='bbox 3082 1915 3215 1970; x_wconf 90' lang='lat' dir='ltr'><strong>locis</strong></span> <span class='ocrx_word' id='word_1_620' title='bbox 3259 1915 3627 1986; x_wconf 81' lang='lat' dir='ltr'><strong>ad0ptionem.</strong></span> <span class='ocrx_word' id='word_1_621' title='bbox 3688 1915 3847 1969; x_wconf 67' lang='lat' dir='ltr'><strong>Prae-</strong></span> 
     </span>
    </p>
   </div>
   <div class='ocr_carea' id='block_1_81' title="bbox 2242 1984 3848 2068">
    <p class='ocr_par' dir='ltr' id='par_1_81' title="bbox 2242 1984 3848 2068">
     <span class='ocr_line' id='line_1_81' title="bbox 2242 1984 3848 2068; baseline -0.004 -25"><span class='ocrx_word' id='word_1_622' title='bbox 2242 1988 2408 2043; x_wconf 89' lang='lat' dir='ltr'><strong>cessit</strong></span> <span class='ocrx_word' id='word_1_623' title='bbox 2456 2000 2572 2068; x_wconf 43' lang='lat' dir='ltr'><strong>nos.</strong></span> <span class='ocrx_word' id='word_1_624' title='bbox 2600 1984 2795 2068; x_wconf 76' lang='lat' dir='ltr'><strong>gratia,</strong></span> <span class='ocrx_word' id='word_1_625' title='bbox 2841 1995 2901 2068; x_wconf 74' lang='lat' dir='ltr'><strong>ut</strong></span> <span class='ocrx_word' id='word_1_626' title='bbox 2944 2001 3192 2068; x_wconf 74' lang='lat' dir='ltr'><strong>essemus</strong></span> <span class='ocrx_word' id='word_1_627' title='bbox 3254 1984 3529 2068; x_wconf 77' lang='lat' dir='ltr'><strong>adoptivi;</strong></span> <span class='ocrx_word' id='word_1_628' title='bbox 3584 1984 3848 2068; x_wconf 77' lang='lat' dir='ltr'><strong>Christus</strong></span> 
     </span>
    </p>
   </div>
   <div class='ocr_carea' id='block_1_82' title="bbox 2243 2055 3848 2127">
    <p class='ocr_par' dir='ltr' id='par_1_82' title="bbox 2243 2055 3848 2127">
     <span class='ocr_line' id='line_1_82' title="bbox 2243 2055 3848 2127; baseline -0.002 -16"><span class='ocrx_word' id='word_1_629' title='bbox 2243 2073 2373 2113; x_wconf 90' lang='lat' dir='ltr'><strong>vero</strong></span> <span class='ocrx_word' id='word_1_630' title='bbox 2397 2071 2505 2110; x_wconf 92' lang='lat' dir='ltr'><strong>non</strong></span> <span class='ocrx_word' id='word_1_631' title='bbox 2549 2055 2649 2127; x_wconf 78' lang='lat' dir='ltr'><strong>fuit</strong></span> <span class='ocrx_word' id='word_1_632' title='bbox 2680 2064 2805 2127; x_wconf 88' lang='lat' dir='ltr'><strong>ante</strong></span> <span class='ocrx_word' id='word_1_633' title='bbox 2841 2057 3005 2112; x_wconf 89' lang='lat' dir='ltr'><strong>homo</strong></span> <span class='ocrx_word' id='word_1_634' title='bbox 3031 2057 3226 2122; x_wconf 82' lang='lat' dir='ltr'><strong>factus,</strong></span> <span class='ocrx_word' id='word_1_635' title='bbox 3250 2065 3306 2111; x_wconf 89' lang='lat' dir='ltr'><strong>et</strong></span> <span class='ocrx_word' id='word_1_636' title='bbox 3336 2055 3459 2126; x_wconf 84' lang='lat' dir='ltr'><strong>post</strong></span> <span class='ocrx_word' id='word_1_637' title='bbox 3479 2070 3578 2127; x_wconf 86' lang='lat' dir='ltr'><strong>per</strong></span> <span class='ocrx_word' id='word_1_638' title='bbox 3604 2056 3848 2125; x_wconf 80' lang='lat' dir='ltr'><strong>gratiam</strong></span> 
     </span>
    </p>
   </div>
   <div class='ocr_carea' id='block_1_83' title="bbox 2244 2126 3851 2197">
    <p class='ocr_par' dir='ltr' id='par_1_83' title="bbox 2244 2126 3851 2197">
     <span class='ocr_line' id='line_1_83' title="bbox 2244 2126 3851 2197; baseline -0.002 -14"><span class='ocrx_word' id='word_1_639' title='bbox 2244 2126 2529 2197; x_wconf 86' lang='lat' dir='ltr'><strong>adoptivus</strong></span> <span class='ocrx_word' id='word_1_640' title='bbox 2541 2126 2713 2181; x_wconf 85' lang='lat' dir='ltr'><strong>Filius</strong></span> <span class='ocrx_word' id='word_1_641' title='bbox 2737 2126 2863 2193; x_wconf 90' lang='lat' dir='ltr'><strong>Dei;</strong></span> <span class='ocrx_word' id='word_1_642' title='bbox 2892 2130 2989 2183; x_wconf 89' lang='lat' dir='ltr'><strong>sed</strong></span> <span class='ocrx_word' id='word_1_643' title='bbox 3016 2144 3139 2183; x_wconf 79' lang='lat' dir='ltr'><strong>mox</strong></span> <span class='ocrx_word' id='word_1_644' title='bbox 3165 2128 3218 2182; x_wconf 93' lang='lat' dir='ltr'><strong>in</strong></span> <span class='ocrx_word' id='word_1_645' title='bbox 3247 2138 3401 2183; x_wconf 86' lang='lat' dir='ltr'><strong>utero</strong></span> <span class='ocrx_word' id='word_1_646' title='bbox 3426 2126 3668 2197; x_wconf 77' lang='lat' dir='ltr'><strong>Virginis</strong></span> <span class='ocrx_word' id='word_1_647' title='bbox 3692 2127 3851 2197; x_wconf 84' lang='lat' dir='ltr'><strong>Deus</strong></span> 
     </span>
    </p>
   </div>
   <div class='ocr_carea' id='block_1_84' title="bbox 2246 2196 3849 2268">
    <p class='ocr_par' dir='ltr' id='par_1_84' title="bbox 2246 2196 3849 2268">
     <span class='ocr_line' id='line_1_84' title="bbox 2246 2196 3849 2268; baseline -0.001 -17"><span class='ocrx_word' id='word_1_648' title='bbox 2246 2196 2408 2254; x_wconf 86' lang='lat' dir='ltr'><strong>verus</strong></span> <span class='ocrx_word' id='word_1_649' title='bbox 2434 2205 2490 2251; x_wconf 92' lang='lat' dir='ltr'><strong>et</strong></span> <span class='ocrx_word' id='word_1_650' title='bbox 2519 2197 2662 2253; x_wconf 92' lang='lat' dir='ltr'><strong>Deus</strong></span> <span class='ocrx_word' id='word_1_651' title='bbox 2689 2199 2851 2254; x_wconf 89' lang='lat' dir='ltr'><strong>homo</strong></span> <span class='ocrx_word' id='word_1_652' title='bbox 2875 2208 3171 2268; x_wconf 89' lang='lat' dir='ltr'><strong>conceptus</strong></span> <span class='ocrx_word' id='word_1_653' title='bbox 3194 2206 3313 2263; x_wconf 89' lang='lat' dir='ltr'><strong>est;</strong></span> <span class='ocrx_word' id='word_1_654' title='bbox 3345 2206 3402 2253; x_wconf 91' lang='lat' dir='ltr'><strong>et</strong></span> <span class='ocrx_word' id='word_1_655' title='bbox 3429 2199 3497 2253; x_wconf 88' lang='lat' dir='ltr'><strong>de</strong></span> <span class='ocrx_word' id='word_1_656' title='bbox 3522 2196 3678 2251; x_wconf 77' lang='lat' dir='ltr'><strong>utero</strong></span> <span class='ocrx_word' id='word_1_657' title='bbox 3717 2196 3849 2252; x_wconf 89' lang='lat' dir='ltr'><strong>Vir-</strong></span> 
     </span>
    </p>
   </div>
   <div class='ocr_carea' id='block_1_85' title="bbox 2246 2268 3851 2341">
    <p class='ocr_par' dir='ltr' id='par_1_85' title="bbox 2246 2268 3851 2341">
     <span class='ocr_line' id='line_1_85' title="bbox 2246 2268 3851 2341; baseline -0.002 -18"><span class='ocrx_word' id='word_1_658' title='bbox 2246 2268 2388 2341; x_wconf 88' lang='lat' dir='ltr'><strong>ginis</strong></span> <span class='ocrx_word' id='word_1_659' title='bbox 2418 2268 2566 2341; x_wconf 12' lang='lat' dir='ltr'><strong>Deus,</strong></span> <span class='ocrx_word' id='word_1_660' title='bbox 2597 2284 2782 2331; x_wconf 89' lang='lat' dir='ltr'><strong>verus,</strong></span> <span class='ocrx_word' id='word_1_661' title='bbox 2815 2278 2888 2341; x_wconf 84' lang='lat' dir='ltr'><strong>et</strong></span> <span class='ocrx_word' id='word_1_662' title='bbox 2915 2271 3077 2341; x_wconf 91' lang='lat' dir='ltr'><strong>homo</strong></span> <span class='ocrx_word' id='word_1_663' title='bbox 3101 2285 3265 2323; x_wconf 88' lang='lat' dir='ltr'><strong>verus</strong></span> <span class='ocrx_word' id='word_1_664' title='bbox 3305 2279 3485 2324; x_wconf 90' lang='lat' dir='ltr'><strong>natus.</strong></span> <span class='ocrx_word' id='word_1_665' title='bbox 3526 2289 3544 2321; x_wconf 69' lang='grc' dir='ltr'><strong>ο</strong></span> <span class='ocrx_word' id='word_1_666' title='bbox 3590 2268 3851 2341; x_wconf 69' lang='lat' dir='ltr'><strong>Recitata</strong></span> 
     </span>
    </p>
   </div>
   <div class='ocr_carea' id='block_1_86' title="bbox 2248 2337 3847 2409">
    <p class='ocr_par' dir='ltr' id='par_1_86' title="bbox 2248 2337 3847 2409">
     <span class='ocr_line' id='line_1_86' title="bbox 2248 2337 3847 2409; baseline -0.003 -14"><span class='ocrx_word' id='word_1_667' title='bbox 2248 2337 2371 2395; x_wconf 80' lang='lat' dir='ltr'><strong>dein</strong></span> <span class='ocrx_word' id='word_1_668' title='bbox 2407 2339 2515 2393; x_wconf 90' lang='lat' dir='ltr'><strong>divi</strong></span> <span class='ocrx_word' id='word_1_669' title='bbox 2544 2340 2829 2409; x_wconf 84' lang='lat' dir='ltr'><strong>Augustini</strong></span> <span class='ocrx_word' id='word_1_670' title='bbox 2874 2341 2928 2394; x_wconf 91' lang='lat' dir='ltr'><strong>in</strong></span> <span class='ocrx_word' id='word_1_671' title='bbox 2958 2340 3101 2396; x_wconf 89' lang='lat' dir='ltr'><strong>hanc</strong></span> <span class='ocrx_word' id='word_1_672' title='bbox 3136 2355 3251 2395; x_wconf 90' lang='lat' dir='ltr'><strong>rem</strong></span> <span class='ocrx_word' id='word_1_673' title='bbox 3299 2341 3612 2395; x_wconf 87' lang='lat' dir='ltr'><strong>testimonio</strong></span> <span class='ocrx_word' id='word_1_674' title='bbox 3641 2354 3711 2393; x_wconf 79' lang='lat' dir='ltr'><strong>ex</strong></span> <span class='ocrx_word' id='word_1_675' title='bbox 3741 2337 3847 2392; x_wconf 86' lang='lat' dir='ltr'><strong>lib.</strong></span> 
     </span>
    </p>
   </div>
   <div class='ocr_carea' id='block_1_87' title="bbox 2247 2409 3853 2481">
    <p class='ocr_par' dir='ltr' id='par_1_87' title="bbox 2247 2409 3853 2481">
     <span class='ocr_line' id='line_1_87' title="bbox 2247 2409 3853 2481; baseline -0.002 -16"><span class='ocrx_word' id='word_1_676' title='bbox 2247 2410 2654 2481; x_wconf 17' lang='lat' dir='ltr'><strong>Enchiridiiiita</strong></span> <span class='ocrx_word' id='word_1_677' title='bbox 2682 2412 2892 2481; x_wconf 86' lang='lat' dir='ltr'><strong>pergit:</strong></span> <span class='ocrx_word' id='word_1_678' title='bbox 2929 2429 2948 2461; x_wconf 78' lang='grc' dir='ltr'><strong>ι</strong></span> <span class='ocrx_word' id='word_1_679' title='bbox 2978 2410 3095 2465; x_wconf 85' lang='lat' dir='ltr'><strong>Non</strong></span> <span class='ocrx_word' id='word_1_680' title='bbox 3121 2426 3249 2466; x_wconf 89' lang='lat' dir='ltr'><strong>eum</strong></span> <span class='ocrx_word' id='word_1_681' title='bbox 3276 2420 3404 2465; x_wconf 88' lang='lat' dir='ltr'><strong>ante</strong></span> <span class='ocrx_word' id='word_1_682' title='bbox 3434 2409 3574 2464; x_wconf 75' lang='lat' dir='ltr'><strong>dixit</strong></span> <span class='ocrx_word' id='word_1_683' title='bbox 3600 2411 3682 2466; x_wconf 93' lang='lat' dir='ltr'><strong>vel</strong></span> <span class='ocrx_word' id='word_1_684' title='bbox 3711 2423 3853 2464; x_wconf 91' lang='lat' dir='ltr'><strong>con-</strong></span> 
     </span>
    </p>
   </div>
   <div class='ocr_carea' id='block_1_88' title="bbox 2250 2480 3851 2552">
    <p class='ocr_par' dir='ltr' id='par_1_88' title="bbox 2250 2480 3851 2552">
     <span class='ocr_line' id='line_1_88' title="bbox 2250 2480 3851 2552; baseline -0.001 -17"><span class='ocrx_word' id='word_1_685' title='bbox 2250 2490 2463 2552; x_wconf 89' lang='lat' dir='ltr'><strong>ceptum</strong></span> <span class='ocrx_word' id='word_1_686' title='bbox 2489 2480 2574 2535; x_wconf 93' lang='lat' dir='ltr'><strong>vel</strong></span> <span class='ocrx_word' id='word_1_687' title='bbox 2618 2480 2826 2552; x_wconf 77' lang='lat' dir='ltr'><strong>natum,</strong></span> <span class='ocrx_word' id='word_1_688' title='bbox 2851 2489 2907 2536; x_wconf 88' lang='lat' dir='ltr'><strong>et</strong></span> <span class='ocrx_word' id='word_1_689' title='bbox 2934 2489 3062 2536; x_wconf 93' lang='lat' dir='ltr'><strong>tunc</strong></span> <span class='ocrx_word' id='word_1_690' title='bbox 3097 2497 3197 2552; x_wconf 91' lang='lat' dir='ltr'><strong>per</strong></span> <span class='ocrx_word' id='word_1_691' title='bbox 3225 2482 3460 2552; x_wconf 84' lang='lat' dir='ltr'><strong>gratiam</strong></span> <span class='ocrx_word' id='word_1_692' title='bbox 3493 2481 3851 2551; x_wconf 88' lang='lat' dir='ltr'><strong>adoptionem</strong></span> 
     </span>
    </p>
   </div>
   <div class='ocr_carea' id='block_1_89' title="bbox 2252 2551 3857 2622">
    <p class='ocr_par' dir='ltr' id='par_1_89' title="bbox 2252 2551 3857 2622">
     <span class='ocr_line' id='line_1_89' title="bbox 2252 2551 3857 2622; baseline -0.001 -16"><span class='ocrx_word' id='word_1_693' title='bbox 2252 2551 2549 2619; x_wconf 84' lang='lat' dir='ltr'><strong>accepisse,</strong></span> <span class='ocrx_word' id='word_1_694' title='bbox 2581 2559 2641 2622; x_wconf 84' lang='lat' dir='ltr'><strong>ut</strong></span> <span class='ocrx_word' id='word_1_695' title='bbox 2675 2551 2845 2607; x_wconf 85' lang='lat' dir='ltr'><strong>Filius</strong></span> <span class='ocrx_word' id='word_1_696' title='bbox 2869 2552 2964 2607; x_wconf 92' lang='lat' dir='ltr'><strong>Dei</strong></span> <span class='ocrx_word' id='word_1_697' title='bbox 2990 2551 3163 2618; x_wconf 88' lang='lat' dir='ltr'><strong>esset;</strong></span> <span class='ocrx_word' id='word_1_698' title='bbox 3198 2551 3291 2608; x_wconf 80' lang='lat' dir='ltr'><strong>scd</strong></span> <span class='ocrx_word' id='word_1_699' title='bbox 3332 2568 3454 2608; x_wconf 80' lang='lat' dir='ltr'><strong>mox</strong></span> <span class='ocrx_word' id='word_1_700' title='bbox 3488 2552 3541 2605; x_wconf 93' lang='lat' dir='ltr'><strong>in</strong></span> <span class='ocrx_word' id='word_1_701' title='bbox 3571 2553 3687 2622; x_wconf 90' lang='lat' dir='ltr'><strong>ipso</strong></span> <span class='ocrx_word' id='word_1_702' title='bbox 3711 2564 3857 2622; x_wconf 47' lang='lat' dir='ltr'><strong>cond</strong></span> 
     </span>
    </p>
   </div>
   <div class='ocr_carea' id='block_1_90' title="bbox 2251 2620 3856 2693">
    <p class='ocr_par' dir='ltr' id='par_1_90' title="bbox 2251 2620 3856 2693">
     <span class='ocr_line' id='line_1_90' title="bbox 2251 2620 3856 2693; baseline -0.002 -15"><span class='ocrx_word' id='word_1_703' title='bbox 2251 2630 2425 2693; x_wconf 20' lang='lat' dir='ltr'><strong>ceptug</strong></span> <span class='ocrx_word' id='word_1_704' title='bbox 2436 2630 2491 2675; x_wconf 90' lang='lat' dir='ltr'><strong>et</strong></span> <span class='ocrx_word' id='word_1_705' title='bbox 2515 2622 2570 2675; x_wconf 91' lang='lat' dir='ltr'><strong>in</strong></span> <span class='ocrx_word' id='word_1_706' title='bbox 2594 2620 2709 2693; x_wconf 71' lang='lat' dir='ltr'><strong>i_p_so</strong></span> <span class='ocrx_word' id='word_1_707' title='bbox 2736 2633 2892 2693; x_wconf 89' lang='lat' dir='ltr'><strong>partu</strong></span> <span class='ocrx_word' id='word_1_708' title='bbox 2920 2622 3089 2677; x_wconf 89' lang='lat' dir='ltr'><strong>Deum</strong></span> <span class='ocrx_word' id='word_1_709' title='bbox 3106 2637 3227 2677; x_wconf 88' lang='lat' dir='ltr'><strong>esse</strong></span> <span class='ocrx_word' id='word_1_710' title='bbox 3249 2637 3439 2677; x_wconf 91' lang='lat' dir='ltr'><strong>verum</strong></span> <span class='ocrx_word' id='word_1_711' title='bbox 3462 2620 3742 2693; x_wconf 78' lang='lat' dir='ltr'><strong>natuin,et</strong></span> <span class='ocrx_word' id='word_1_712' title='bbox 3763 2620 3856 2675; x_wconf 79' lang='lat' dir='ltr'><strong>Fi-</strong></span> 
     </span>
    </p>
   </div>
   <div class='ocr_carea' id='block_1_91' title="bbox 2254 2690 3857 2765">
    <p class='ocr_par' dir='ltr' id='par_1_91' title="bbox 2254 2690 3857 2765">
     <span class='ocr_line' id='line_1_91' title="bbox 2254 2690 3857 2765; baseline 0 -20"><span class='ocrx_word' id='word_1_713' title='bbox 2254 2690 2382 2765; x_wconf 83' lang='lat' dir='ltr'><strong>lium</strong></span> <span class='ocrx_word' id='word_1_714' title='bbox 2400 2691 2571 2765; x_wconf 90' lang='lat' dir='ltr'><strong>Deum</strong></span> <span class='ocrx_word' id='word_1_715' title='bbox 2596 2690 2803 2765; x_wconf 58' lang='lat' dir='ltr'><strong>(Forte.</strong></span> <span class='ocrx_word' id='word_1_716' title='bbox 2825 2693 2945 2765; x_wconf 84' lang='lat' dir='ltr'><strong>Dei]</strong></span> <span class='ocrx_word' id='word_1_717' title='bbox 2959 2709 3169 2757; x_wconf 89' lang='lat' dir='ltr'><strong>verum,</strong></span> <span class='ocrx_word' id='word_1_718' title='bbox 3196 2701 3251 2749; x_wconf 89' lang='lat' dir='ltr'><strong>et</strong></span> <span class='ocrx_word' id='word_1_719' title='bbox 3275 2694 3380 2748; x_wconf 92' lang='lat' dir='ltr'><strong>hoc</strong></span> <span class='ocrx_word' id='word_1_720' title='bbox 3400 2695 3640 2765; x_wconf 80' lang='lat' dir='ltr'><strong>unicum.</strong></span> <span class='ocrx_word' id='word_1_721' title='bbox 3660 2691 3857 2765; x_wconf 72' lang='lat' dir='ltr'><strong>Quare</strong></span> 
     </span>
    </p>
   </div>
   <div class='ocr_carea' id='block_1_92' title="bbox 2252 2760 3858 2835">
    <p class='ocr_par' dir='ltr' id='par_1_92' title="bbox 2252 2760 3858 2835">
     <span class='ocr_line' id='line_1_92' title="bbox 2252 2760 3858 2835; baseline -0.001 -16"><span class='ocrx_word' id='word_1_722' title='bbox 2252 2764 2495 2835; x_wconf 79' lang='lat' dir='ltr'><strong>unicum,</strong></span> <span class='ocrx_word' id='word_1_723' title='bbox 2532 2764 2576 2817; x_wconf 88' lang='lat' dir='ltr'><strong>si</strong></span> <span class='ocrx_word' id='word_1_724' title='bbox 2598 2760 2890 2835; x_wconf 80' lang='lat' dir='ltr'><strong>adoptivus</strong></span> <span class='ocrx_word' id='word_1_725' title='bbox 2912 2760 3026 2835; x_wconf 74' lang='lat' dir='ltr'><strong>est,</strong></span> <span class='ocrx_word' id='word_1_726' title='bbox 3059 2765 3203 2819; x_wconf 90' lang='lat' dir='ltr'><strong>sicut</strong></span> <span class='ocrx_word' id='word_1_727' title='bbox 3223 2772 3279 2817; x_wconf 92' lang='lat' dir='ltr'><strong>et</strong></span> <span class='ocrx_word' id='word_1_728' title='bbox 3317 2764 3450 2820; x_wconf 88' lang='lat' dir='ltr'><strong>nos?</strong></span> <span class='ocrx_word' id='word_1_729' title='bbox 3478 2764 3678 2835; x_wconf 88' lang='lat' dir='ltr'><strong>Utique</strong></span> <span class='ocrx_word' id='word_1_730' title='bbox 3714 2760 3858 2835; x_wconf 81' lang='lat' dir='ltr'><strong>quia</strong></span> 
     </span>
    </p>
   </div>
   <div class='ocr_carea' id='block_1_93' title="bbox 2255 2832 3863 2904">
    <p class='ocr_par' dir='ltr' id='par_1_93' title="bbox 2255 2832 3863 2904">
     <span class='ocr_line' id='line_1_93' title="bbox 2255 2832 3863 2904; baseline -0.002 -14"><span class='ocrx_word' id='word_1_731' title='bbox 2255 2832 2462 2902; x_wconf 88' lang='lat' dir='ltr'><strong>majore</strong></span> <span class='ocrx_word' id='word_1_732' title='bbox 2485 2834 2817 2904; x_wconf 88' lang='lat' dir='ltr'><strong>proprietate</strong></span> <span class='ocrx_word' id='word_1_733' title='bbox 2842 2834 3011 2889; x_wconf 87' lang='lat' dir='ltr'><strong>Filius</strong></span> <span class='ocrx_word' id='word_1_734' title='bbox 3036 2844 3122 2889; x_wconf 89' lang='lat' dir='ltr'><strong>est</strong></span> <span class='ocrx_word' id='word_1_735' title='bbox 3143 2836 3260 2899; x_wconf 86' lang='lat' dir='ltr'><strong>Dei,</strong></span> <span class='ocrx_word' id='word_1_736' title='bbox 3287 2850 3452 2904; x_wconf 89' lang='lat' dir='ltr'><strong>quam</strong></span> <span class='ocrx_word' id='word_1_737' title='bbox 3475 2832 3605 2897; x_wconf 62' lang='lat' dir='ltr'><strong>nos,</strong></span> <span class='ocrx_word' id='word_1_738' title='bbox 3634 2833 3730 2903; x_wconf 87' lang='lat' dir='ltr'><strong>qui</strong></span> <span class='ocrx_word' id='word_1_739' title='bbox 3752 2847 3863 2904; x_wconf 58' lang='lat' dir='ltr'><strong>sty-</strong></span> 
     </span>
    </p>
   </div>
   <div class='ocr_carea' id='block_1_94' title="bbox 2256 2901 3856 2977">
    <p class='ocr_par' dir='ltr' id='par_1_94' title="bbox 2256 2901 3856 2977">
     <span class='ocr_line' id='line_1_94' title="bbox 2256 2901 3856 2977; baseline 0.002 -20"><span class='ocrx_word' id='word_1_740' title='bbox 2256 2901 2771 2977; x_wconf 47' lang='lat' dir='ltr'><strong>musprmvehiente</strong></span> <span class='ocrx_word' id='word_1_741' title='bbox 2794 2906 2977 2977; x_wconf 82' lang='lat' dir='ltr'><strong>gratia.</strong></span> <span class='ocrx_word' id='word_1_742' title='bbox 2991 2906 3235 2977; x_wconf 81' lang='lat' dir='ltr'><strong>adoptivi</strong></span> <span class='ocrx_word' id='word_1_743' title='bbox 3279 2901 3374 2959; x_wconf 75' lang='lat' dir='ltr'><strong>ﬁlii</strong></span> <span class='ocrx_word' id='word_1_744' title='bbox 3414 2905 3530 2977; x_wconf 85' lang='lat' dir='ltr'><strong>Dei.</strong></span> <span class='ocrx_word' id='word_1_745' title='bbox 3566 2926 3585 2957; x_wconf 74' lang='grc' dir='ltr'><strong>ι</strong></span> <span class='ocrx_word' id='word_1_746' title='bbox 3613 2901 3769 2977; x_wconf 72' lang='lat' dir='ltr'><strong>Tum.</strong></span> <span class='ocrx_word' id='word_1_747' title='bbox 3803 2901 3856 2960; x_wconf 89' lang='grc' dir='ltr'>ι.</span> 
     </span>
    </p>
   </div>
   <div class='ocr_carea' id='block_1_95' title="bbox 2258 2974 3856 3039">
    <p class='ocr_par' dir='ltr' id='par_1_95' title="bbox 2258 2974 3856 3039">
     <span class='ocr_line' id='line_1_95' title="bbox 2258 2974 3856 3039; baseline -0.001 -8"><span class='ocrx_word' id='word_1_748' title='bbox 2258 2975 2467 3031; x_wconf 89' lang='lat' dir='ltr'><strong>Similia</strong></span> <span class='ocrx_word' id='word_1_749' title='bbox 2501 2974 2647 3039; x_wconf 81' lang='lat' dir='ltr'><strong>leges</strong></span> <span class='ocrx_word' id='word_1_750' title='bbox 2669 2976 2725 3030; x_wconf 92' lang='lat' dir='ltr'><strong>in</strong></span> <span class='ocrx_word' id='word_1_751' title='bbox 2755 2974 2945 3031; x_wconf 84' lang='lat' dir='ltr'><strong>eodem</strong></span> <span class='ocrx_word' id='word_1_752' title='bbox 2990 2974 3129 3033; x_wconf 83' lang='lat' dir='ltr'><strong>libro</strong></span> <span class='ocrx_word' id='word_1_753' title='bbox 3153 2992 3302 3029; x_wconf 88' lang='lat' dir='ltr'><strong>num.</strong></span> <span class='ocrx_word' id='word_1_754' title='bbox 3332 2977 3422 3039; x_wconf 80' lang='lat'><strong>7|,</strong></span> <span class='ocrx_word' id='word_1_755' title='bbox 3452 2976 3583 3031; x_wconf 88' lang='lat' dir='ltr'><strong>item</strong></span> <span class='ocrx_word' id='word_1_756' title='bbox 3605 2984 3662 3029; x_wconf 89' lang='lat' dir='ltr'><strong>et</strong></span> <span class='ocrx_word' id='word_1_757' title='bbox 3691 2974 3787 3028; x_wconf 91' lang='lat' dir='ltr'><strong>lib.</strong></span> <span class='ocrx_word' id='word_1_758' title='bbox 3832 2989 3856 3030; x_wconf 86' lang='grc' dir='ltr'><strong>ι</strong></span> 
     </span>
    </p>
   </div>
   <div class='ocr_carea' id='block_1_96' title="bbox 2258 3044 3858 3115">
    <p class='ocr_par' dir='ltr' id='par_1_96' title="bbox 2258 3044 3858 3115">
     <span class='ocr_line' id='line_1_96' title="bbox 2258 3044 3858 3115; baseline -0.002 -15"><span class='ocrx_word' id='word_1_759' title='bbox 2258 3046 2522 3100; x_wconf 87' lang='lat' dir='ltr'><strong>adversus</strong></span> <span class='ocrx_word' id='word_1_760' title='bbox 2544 3044 2863 3115; x_wconf 86' lang='lat' dir='ltr'><strong>Elipandum</strong></span> <span class='ocrx_word' id='word_1_761' title='bbox 2889 3062 3036 3101; x_wconf 92' lang='lat' dir='ltr'><strong>num.</strong></span> <span class='ocrx_word' id='word_1_762' title='bbox 3072 3048 3125 3101; x_wconf 78' lang='grc'><strong>5.</strong></span> <span class='ocrx_word' id='word_1_763' title='bbox 3154 3045 3390 3101; x_wconf 89' lang='lat' dir='ltr'><strong>Consule</strong></span> <span class='ocrx_word' id='word_1_764' title='bbox 3414 3047 3580 3100; x_wconf 89' lang='lat' dir='ltr'><strong>etiam</strong></span> <span class='ocrx_word' id='word_1_765' title='bbox 3603 3044 3858 3100; x_wconf 85' lang='lat' dir='ltr'><strong>libellum</strong></span> 
     </span>
    </p>
   </div>
   <div class='ocr_carea' id='block_1_97' title="bbox 2260 3115 3856 3173">
    <p class='ocr_par' dir='ltr' id='par_1_97' title="bbox 2260 3115 3856 3173">
     <span class='ocr_line' id='line_1_97' title="bbox 2260 3115 3856 3173; baseline -0.002 -2"><span class='ocrx_word' id='word_1_766' title='bbox 2260 3115 2696 3173; x_wconf 86' lang='lat' dir='ltr'><strong>Sacrosvllabum</strong></span> <span class='ocrx_word' id='word_1_767' title='bbox 2748 3117 2800 3172; x_wconf 92' lang='lat' dir='ltr'><strong>in</strong></span> <span class='ocrx_word' id='word_1_768' title='bbox 2850 3118 3081 3172; x_wconf 92' lang='lat' dir='ltr'><strong>concilio</strong></span> <span class='ocrx_word' id='word_1_769' title='bbox 3125 3116 3601 3172; x_wconf 81' lang='lat' dir='ltr'><strong>Francol&#39;ordiensi</strong></span> <span class='ocrx_word' id='word_1_770' title='bbox 3638 3116 3856 3170; x_wconf 89' lang='lat' dir='ltr'><strong>editum</strong></span> 
     </span>
    </p>
   </div>
   <div class='ocr_carea' id='block_1_98' title="bbox 2261 3184 3296 3244">
    <p class='ocr_par' dir='ltr' id='par_1_98' title="bbox 2261 3184 3296 3244">
     <span class='ocr_line' id='line_1_98' title="bbox 2261 3184 3296 3244; baseline -0.001 -2"><span class='ocrx_word' id='word_1_771' title='bbox 2261 3198 2392 3244; x_wconf 89' lang='lat' dir='ltr'><strong>tom.</strong></span> <span class='ocrx_word' id='word_1_772' title='bbox 2419 3184 2490 3239; x_wconf 73' lang='lat' dir='ltr'><strong>IX</strong></span> <span class='ocrx_word' id='word_1_773' title='bbox 2511 3185 2678 3241; x_wconf 89' lang='lat' dir='ltr'><strong>Cone.</strong></span> <span class='ocrx_word' id='word_1_774' title='bbox 2706 3184 2875 3243; x_wconf 85' lang='lat' dir='ltr'><strong>Coieti</strong></span> <span class='ocrx_word' id='word_1_775' title='bbox 2904 3188 3007 3243; x_wconf 93' lang='lat' dir='ltr'><strong>col.</strong></span> <span class='ocrx_word' id='word_1_776' title='bbox 3035 3186 3104 3243; x_wconf 87' lang='lat'><strong>69</strong></span> <span class='ocrx_word' id='word_1_777' title='bbox 3127 3199 3183 3242; x_wconf 89' lang='lat' dir='ltr'><strong>et</strong></span> <span class='ocrx_word' id='word_1_778' title='bbox 3210 3187 3296 3241; x_wconf 83' lang='lat'><strong>70.</strong></span> 
     </span>
    </p>
   </div>
   <div class='ocr_carea' id='block_1_99' title="bbox 2175 3224 3858 3329">
    <p class='ocr_par' dir='ltr' id='par_1_99' title="bbox 2175 3224 3858 3329">
     <span class='ocr_line' id='line_1_99' title="bbox 2175 3224 3858 3329; baseline -0.002 -15"><span class='ocrx_word' id='word_1_779' title='bbox 2175 3224 2223 3290; x_wconf 70' lang='grc' dir='ltr'><strong>(ἶ</strong></span> <span class='ocrx_word' id='word_1_780' title='bbox 2262 3224 2490 3314; x_wconf 66' lang='grc' dir='ltr'><strong>’νῖιὶἱῖ</strong></span> <span class='ocrx_word' id='word_1_781' title='bbox 2513 3224 3007 3328; x_wconf 61' lang='grc' dir='ltr'><strong>ᾚὶἱ’ἷι’νξιὶίἱῖἑὶιῖιῖιὲἐ</strong></span> <span class='ocrx_word' id='word_1_782' title='bbox 3030 3224 3183 3329; x_wconf 71' lang='grc' dir='ltr'><strong>ἐῖξοῖ</strong></span> <span class='ocrx_word' id='word_1_783' title='bbox 3200 3224 3441 3329; x_wconf 47' lang='lat' dir='ltr'><strong>eis...</strong></span> <span class='ocrx_word' id='word_1_784' title='bbox 3463 3274 3568 3329; x_wconf 73' lang='lat' dir='ltr'><strong>qu_a</strong></span> <span class='ocrx_word' id='word_1_785' title='bbox 3595 3257 3750 3329; x_wconf 70' lang='lat' dir='ltr'><strong>homo</strong></span> <span class='ocrx_word' id='word_1_786' title='bbox 3782 3273 3858 3311; x_wconf 80' lang='lat' dir='ltr'><strong>ea:</strong></span> 
     </span>
    </p>
   </div>
   <div class='ocr_carea' id='block_1_100' title="bbox 2254 3326 3861 3399">
    <p class='ocr_par' dir='ltr' id='par_1_100' title="bbox 2254 3326 3861 3399">
     <span class='ocr_line' id='line_1_100' title="bbox 2254 3326 3861 3399; baseline -0.002 -16"><span class='ocrx_word' id='word_1_787' title='bbox 2254 3329 2417 3383; x_wconf 81' lang='lat' dir='ltr'><strong>Patre</strong></span> <span class='ocrx_word' id='word_1_788' title='bbox 2480 3338 2675 3383; x_wconf 71' lang='lat' dir='ltr'><strong>mterno</strong></span> <span class='ocrx_word' id='word_1_789' title='bbox 2705 3326 2829 3382; x_wconf 78' lang='grc' dir='ltr'><strong>ἠοη</strong></span> <span class='ocrx_word' id='word_1_790' title='bbox 2864 3330 2930 3383; x_wconf 91' lang='lat' dir='ltr'><strong>sit</strong></span> <span class='ocrx_word' id='word_1_791' title='bbox 2978 3326 3203 3399; x_wconf 71' lang='lat' dir='ltr'><strong>genitus.</strong></span> <span class='ocrx_word' id='word_1_792' title='bbox 3271 3327 3443 3382; x_wconf 82' lang='lat' dir='ltr'><strong>Verba</strong></span> <span class='ocrx_word' id='word_1_793' title='bbox 3475 3326 3723 3381; x_wconf 62' lang='lat' dir='ltr'><strong>&#39;Feticis.</strong></span> <span class='ocrx_word' id='word_1_794' title='bbox 3774 3358 3861 3369; x_wconf 92' lang='grc'><strong>--</strong></span> 
     </span>
    </p>
   </div>
   <div class='ocr_carea' id='block_1_101' title="bbox 2251 3399 3861 3469">
    <p class='ocr_par' dir='ltr' id='par_1_101' title="bbox 2251 3399 3861 3469">
     <span class='ocr_line' id='line_1_101' title="bbox 2251 3399 3861 3469; baseline -0.001 -15"><span class='ocrx_word' id='word_1_795' title='bbox 2251 3399 2387 3454; x_wconf 91' lang='lat' dir='ltr'><strong>Cum</strong></span> <span class='ocrx_word' id='word_1_796' title='bbox 2432 3415 2563 3453; x_wconf 85' lang='lat' dir='ltr'><strong>vero</strong></span> <span class='ocrx_word' id='word_1_797' title='bbox 2620 3407 2674 3453; x_wconf 91' lang='lat' dir='ltr'><strong>et</strong></span> <span class='ocrx_word' id='word_1_798' title='bbox 2714 3399 2865 3454; x_wconf 77' lang='lat' dir='ltr'><strong>Felix</strong></span> <span class='ocrx_word' id='word_1_799' title='bbox 2913 3414 2979 3454; x_wconf 91' lang='lat' dir='ltr'><strong>ac</strong></span> <span class='ocrx_word' id='word_1_800' title='bbox 3012 3400 3310 3469; x_wconf 87' lang='lat' dir='ltr'><strong>Elipaudus</strong></span> <span class='ocrx_word' id='word_1_801' title='bbox 3369 3399 3682 3469; x_wconf 70' lang='lat' dir='ltr'><strong>pnesidium</strong></span> <span class='ocrx_word' id='word_1_802' title='bbox 3758 3414 3861 3453; x_wconf 72' lang='lat' dir='ltr'><strong>as-</strong></span> 
     </span>
    </p>
   </div>
   <div class='ocr_carea' id='block_1_102' title="bbox 2253 3468 3858 3540">
    <p class='ocr_par' dir='ltr' id='par_1_102' title="bbox 2253 3468 3858 3540">
     <span class='ocr_line' id='line_1_102' title="bbox 2253 3468 3858 3540; baseline -0.001 -15"><span class='ocrx_word' id='word_1_803' title='bbox 2253 3471 2508 3525; x_wconf 88' lang='lat' dir='ltr'><strong>sertionis</strong></span> <span class='ocrx_word' id='word_1_804' title='bbox 2540 3485 2659 3540; x_wconf 73' lang='lat' dir='ltr'><strong>sua:</strong></span> <span class='ocrx_word' id='word_1_805' title='bbox 2706 3470 2760 3523; x_wconf 91' lang='lat' dir='ltr'><strong>in</strong></span> <span class='ocrx_word' id='word_1_806' title='bbox 2804 3486 2869 3525; x_wconf 91' lang='lat' dir='ltr'><strong>eo</strong></span> <span class='ocrx_word' id='word_1_807' title='bbox 2903 3468 3233 3540; x_wconf 63' lang='lat' dir='ltr'><strong>quaererent,</strong></span> <span class='ocrx_word' id='word_1_808' title='bbox 3265 3470 3410 3539; x_wconf 85' lang='lat' dir='ltr'><strong>quod</strong></span> <span class='ocrx_word' id='word_1_809' title='bbox 3452 3468 3702 3540; x_wconf 83' lang='lat' dir='ltr'><strong>Christus</strong></span> <span class='ocrx_word' id='word_1_810' title='bbox 3740 3484 3858 3537; x_wconf 88' lang='lat' dir='ltr'><strong>qua</strong></span> 
     </span>
    </p>
   </div>
   <div class='ocr_carea' id='block_1_103' title="bbox 2255 3538 3859 3613">
    <p class='ocr_par' dir='ltr' id='par_1_103' title="bbox 2255 3538 3859 3613">
     <span class='ocr_line' id='line_1_103' title="bbox 2255 3538 3859 3613; baseline -0.002 -17"><span class='ocrx_word' id='word_1_811' title='bbox 2255 3543 2418 3596; x_wconf 90' lang='lat' dir='ltr'><strong>homo</strong></span> <span class='ocrx_word' id='word_1_812' title='bbox 2441 3554 2507 3613; x_wconf 72' lang='lat' dir='ltr'><strong>ex</strong></span> <span class='ocrx_word' id='word_1_813' title='bbox 2538 3538 2700 3613; x_wconf 80' lang='lat' dir='ltr'><strong>Patre</strong></span> <span class='ocrx_word' id='word_1_814' title='bbox 2724 3538 2933 3613; x_wconf 77' lang='lat' dir='ltr'><strong>aeterno</strong></span> <span class='ocrx_word' id='word_1_815' title='bbox 2954 3541 3170 3613; x_wconf 86' lang='lat' dir='ltr'><strong>genitus</strong></span> <span class='ocrx_word' id='word_1_816' title='bbox 3203 3538 3349 3613; x_wconf 78' lang='lat' dir='ltr'><strong>haud</strong></span> <span class='ocrx_word' id='word_1_817' title='bbox 3372 3540 3464 3605; x_wconf 85' lang='lat' dir='ltr'><strong>sit,</strong></span> <span class='ocrx_word' id='word_1_818' title='bbox 3490 3555 3554 3593; x_wconf 89' lang='lat' dir='ltr'><strong>ac</strong></span> <span class='ocrx_word' id='word_1_819' title='bbox 3579 3538 3756 3610; x_wconf 90' lang='lat' dir='ltr'><strong>proin,</strong></span> <span class='ocrx_word' id='word_1_820' title='bbox 3787 3548 3859 3593; x_wconf 88' lang='lat' dir='ltr'><strong>ut</strong></span> 
     </span>
    </p>
   </div>
   <div class='ocr_carea' id='block_1_104' title="bbox 2255 3609 3860 3680">
    <p class='ocr_par' dir='ltr' id='par_1_104' title="bbox 2255 3609 3860 3680">
     <span class='ocr_line' id='line_1_104' title="bbox 2255 3609 3860 3680; baseline -0.001 -15"><span class='ocrx_word' id='word_1_821' title='bbox 2255 3613 2397 3673; x_wconf 84' lang='lat' dir='ltr'><strong>talis,</strong></span> <span class='ocrx_word' id='word_1_822' title='bbox 2436 3612 2579 3664; x_wconf 89' lang='lat' dir='ltr'><strong>ﬁlius</strong></span> <span class='ocrx_word' id='word_1_823' title='bbox 2618 3609 2862 3679; x_wconf 86' lang='lat' dir='ltr'><strong>ejusdem</strong></span> <span class='ocrx_word' id='word_1_824' title='bbox 2908 3609 3170 3667; x_wconf 76' lang='lat' dir='ltr'><strong>naturalis</strong></span> <span class='ocrx_word' id='word_1_825' title='bbox 3214 3611 3319 3666; x_wconf 90' lang='lat' dir='ltr'><strong>dicl</strong></span> <span class='ocrx_word' id='word_1_826' title='bbox 3367 3609 3639 3680; x_wconf 88' lang='lat' dir='ltr'><strong>nequeat,</strong></span> <span class='ocrx_word' id='word_1_827' title='bbox 3687 3624 3860 3680; x_wconf 63' lang='lat' dir='ltr'><strong>argu-a</strong></span> 
     </span>
    </p>
   </div>
   <div class='ocr_carea' id='block_1_105' title="bbox 2255 3680 3859 3753">
    <p class='ocr_par' dir='ltr' id='par_1_105' title="bbox 2255 3680 3859 3753">
     <span class='ocr_line' id='line_1_105' title="bbox 2255 3680 3859 3753; baseline -0.002 -17"><span class='ocrx_word' id='word_1_828' title='bbox 2255 3692 2498 3737; x_wconf 88' lang='lat' dir='ltr'><strong>mentum</strong></span> <span class='ocrx_word' id='word_1_829' title='bbox 2538 3682 2678 3753; x_wconf 85' lang='lat' dir='ltr'><strong>istud</strong></span> <span class='ocrx_word' id='word_1_830' title='bbox 2705 3697 2829 3735; x_wconf 93' lang='lat' dir='ltr'><strong>cum</strong></span> <span class='ocrx_word' id='word_1_831' title='bbox 2871 3680 3073 3753; x_wconf 82' lang='lat' dir='ltr'><strong>Cyrillo</strong></span> <span class='ocrx_word' id='word_1_832' title='bbox 3099 3683 3261 3737; x_wconf 89' lang='lat' dir='ltr'><strong>solvit</strong></span> <span class='ocrx_word' id='word_1_833' title='bbox 3304 3681 3586 3753; x_wconf 54' lang='lat' dir='ltr'><strong>Alcuinus,</strong></span> <span class='ocrx_word' id='word_1_834' title='bbox 3620 3680 3859 3753; x_wconf 65' lang='lat' dir='ltr'><strong>diceddo</strong></span> 
     </span>
    </p>
   </div>
   <div class='ocr_carea' id='block_1_106' title="bbox 2256 3751 3857 3818">
    <p class='ocr_par' dir='ltr' id='par_1_106' title="bbox 2256 3751 3857 3818">
     <span class='ocr_line' id='line_1_106' title="bbox 2256 3751 3857 3818; baseline -0.001 -10"><span class='ocrx_word' id='word_1_835' title='bbox 2256 3767 2479 3809; x_wconf 87' lang='lat' dir='ltr'><strong>necesse</strong></span> <span class='ocrx_word' id='word_1_836' title='bbox 2508 3752 2651 3805; x_wconf 90' lang='lat' dir='ltr'><strong>haud</strong></span> <span class='ocrx_word' id='word_1_837' title='bbox 2696 3767 2838 3818; x_wconf 89' lang='lat' dir='ltr'><strong>esse,</strong></span> <span class='ocrx_word' id='word_1_838' title='bbox 2868 3751 2929 3807; x_wconf 89' lang='lat' dir='ltr'><strong>ut</strong></span> <span class='ocrx_word' id='word_1_839' title='bbox 2956 3754 3269 3807; x_wconf 87' lang='lat' dir='ltr'><strong>humanitas</strong></span> <span class='ocrx_word' id='word_1_840' title='bbox 3295 3752 3499 3807; x_wconf 89' lang='lat' dir='ltr'><strong>Christi</strong></span> <span class='ocrx_word' id='word_1_841' title='bbox 3544 3753 3617 3807; x_wconf 91' lang='lat' dir='ltr'><strong>sit</strong></span> <span class='ocrx_word' id='word_1_842' title='bbox 3642 3766 3711 3804; x_wconf 82' lang='lat' dir='ltr'><strong>ex</strong></span> <span class='ocrx_word' id='word_1_843' title='bbox 3754 3751 3857 3806; x_wconf 87' lang='lat' dir='ltr'><strong>Dei</strong></span> 
     </span>
    </p>
   </div>
   <div class='ocr_carea' id='block_1_107' title="bbox 2255 3823 3858 3891">
    <p class='ocr_par' dir='ltr' id='par_1_107' title="bbox 2255 3823 3858 3891">
     <span class='ocr_line' id='line_1_107' title="bbox 2255 3823 3858 3891; baseline -0.001 -12"><span class='ocrx_word' id='word_1_844' title='bbox 2255 3823 2579 3886; x_wconf 84' lang='lat' dir='ltr'><strong>substantia,</strong></span> <span class='ocrx_word' id='word_1_845' title='bbox 2626 3831 2688 3875; x_wconf 92' lang='lat' dir='ltr'><strong>ut</strong></span> <span class='ocrx_word' id='word_1_846' title='bbox 2720 3823 2790 3877; x_wconf 90' lang='lat' dir='ltr'><strong>sit</strong></span> <span class='ocrx_word' id='word_1_847' title='bbox 2839 3824 3102 3877; x_wconf 89' lang='lat' dir='ltr'><strong>naturalis</strong></span> <span class='ocrx_word' id='word_1_848' title='bbox 3149 3824 3245 3879; x_wconf 88' lang='lat' dir='ltr'><strong>Dei</strong></span> <span class='ocrx_word' id='word_1_849' title='bbox 3289 3823 3462 3878; x_wconf 81' lang='lat' dir='ltr'><strong>Filius</strong></span> <span class='ocrx_word' id='word_1_850' title='bbox 3506 3823 3708 3884; x_wconf 90' lang='lat' dir='ltr'><strong>etiam,</strong></span> <span class='ocrx_word' id='word_1_851' title='bbox 3744 3837 3858 3891; x_wconf 83' lang='lat' dir='ltr'><strong>qua</strong></span> 
     </span>
    </p>
   </div>
   <div class='ocr_carea' id='block_1_108' title="bbox 2257 3892 3860 3964">
    <p class='ocr_par' dir='ltr' id='par_1_108' title="bbox 2257 3892 3860 3964">
     <span class='ocr_line' id='line_1_108' title="bbox 2257 3892 3860 3964; baseline -0.001 -15"><span class='ocrx_word' id='word_1_852' title='bbox 2257 3896 2419 3950; x_wconf 89' lang='lat' dir='ltr'><strong>homo</strong></span> <span class='ocrx_word' id='word_1_853' title='bbox 2464 3902 2575 3956; x_wconf 91' lang='lat' dir='ltr'><strong>est;</strong></span> <span class='ocrx_word' id='word_1_854' title='bbox 2625 3893 2720 3947; x_wconf 90' lang='lat' dir='ltr'><strong>sed</strong></span> <span class='ocrx_word' id='word_1_855' title='bbox 2768 3894 3035 3958; x_wconf 85' lang='lat' dir='ltr'><strong>sutiicere,</strong></span> <span class='ocrx_word' id='word_1_856' title='bbox 3061 3896 3205 3964; x_wconf 89' lang='lat' dir='ltr'><strong>quod</strong></span> <span class='ocrx_word' id='word_1_857' title='bbox 3234 3903 3345 3949; x_wconf 89' lang='lat' dir='ltr'><strong>tota</strong></span> <span class='ocrx_word' id='word_1_858' title='bbox 3374 3892 3577 3949; x_wconf 87' lang='lat' dir='ltr'><strong>Christi</strong></span> <span class='ocrx_word' id='word_1_859' title='bbox 3617 3907 3860 3960; x_wconf 86' lang='lat' dir='ltr'><strong>persona</strong></span> 
     </span>
    </p>
   </div>
   <div class='ocr_carea' id='block_1_109' title="bbox 2292 3965 3860 4019">
    <p class='ocr_par' dir='ltr' id='par_1_109' title="bbox 2292 3965 3860 4019">
     <span class='ocr_line' id='line_1_109' title="bbox 2292 3965 3860 4019; baseline 0 -2"><span class='ocrx_word' id='word_1_860' title='bbox 2292 3966 2439 4019; x_wconf 89' lang='lat' dir='ltr'><strong>enita</strong></span> <span class='ocrx_word' id='word_1_861' title='bbox 2508 3970 2579 4018; x_wconf 87' lang='lat' dir='ltr'><strong>stt</strong></span> <span class='ocrx_word' id='word_1_862' title='bbox 2640 3978 2707 4018; x_wconf 81' lang='lat' dir='ltr'><strong>ex</strong></span> <span class='ocrx_word' id='word_1_863' title='bbox 2795 3966 3101 4019; x_wconf 89' lang='lat' dir='ltr'><strong>substantia</strong></span> <span class='ocrx_word' id='word_1_864' title='bbox 3180 3965 3361 4019; x_wconf 89' lang='lat' dir='ltr'><strong>Patris</strong></span> <span class='ocrx_word' id='word_1_865' title='bbox 3427 3979 3439 4017; x_wconf 91' lang='lat'>:</span> <span class='ocrx_word' id='word_1_866' title='bbox 3506 3966 3649 4017; x_wconf 78' lang='lat' dir='ltr'><strong>sicut</strong></span> <span class='ocrx_word' id='word_1_867' title='bbox 3706 3971 3860 4017; x_wconf 89' lang='lat' dir='ltr'><strong>totus</strong></span> 
     </span>
    </p>
   </div>
   <div class='ocr_carea' id='block_1_110' title="bbox 2285 4032 3856 4105">
    <p class='ocr_par' dir='ltr' id='par_1_110' title="bbox 2285 4032 3856 4105">
     <span class='ocr_line' id='line_1_110' title="bbox 2285 4032 3856 4105; baseline -0.001 -16"><span class='ocrx_word' id='word_1_868' title='bbox 2285 4035 2406 4089; x_wconf 65' lang='lat' dir='ltr'><strong>’elix</strong></span> <span class='ocrx_word' id='word_1_869' title='bbox 2450 4043 2569 4089; x_wconf 90' lang='lat' dir='ltr'><strong>erat</strong></span> <span class='ocrx_word' id='word_1_870' title='bbox 2612 4035 2865 4103; x_wconf 90' lang='lat' dir='ltr'><strong>proprius</strong></span> <span class='ocrx_word' id='word_1_871' title='bbox 2912 4044 2967 4088; x_wconf 94' lang='lat' dir='ltr'><strong>et</strong></span> <span class='ocrx_word' id='word_1_872' title='bbox 3004 4036 3273 4090; x_wconf 89' lang='lat' dir='ltr'><strong>naturalis</strong></span> <span class='ocrx_word' id='word_1_873' title='bbox 3322 4034 3497 4105; x_wconf 87' lang='lat' dir='ltr'><strong>patris</strong></span> <span class='ocrx_word' id='word_1_874' title='bbox 3536 4034 3619 4088; x_wconf 88' lang='lat' dir='ltr'><strong>sui</strong></span> <span class='ocrx_word' id='word_1_875' title='bbox 3667 4032 3856 4099; x_wconf 79' lang='lat' dir='ltr'><strong>ﬁlius,</strong></span> 
     </span>
    </p>
   </div>
   <div class='ocr_carea' id='block_1_111' title="bbox 2257 4105 3861 4176">
    <p class='ocr_par' dir='ltr' id='par_1_111' title="bbox 2257 4105 3861 4176">
     <span class='ocr_line' id='line_1_111' title="bbox 2257 4105 3861 4176; baseline 0.001 -19"><span class='ocrx_word' id='word_1_876' title='bbox 2257 4113 2522 4176; x_wconf 71' lang='lat' dir='ltr'><strong>quamvis</strong></span> <span class='ocrx_word' id='word_1_877' title='bbox 2585 4105 2704 4175; x_wconf 86' lang='lat' dir='ltr'><strong>ejus</strong></span> <span class='ocrx_word' id='word_1_878' title='bbox 2761 4106 2966 4176; x_wconf 87' lang='lat' dir='ltr'><strong>auima_</strong></span> <span class='ocrx_word' id='word_1_879' title='bbox 3002 4120 3067 4159; x_wconf 80' lang='lat' dir='ltr'><strong>ex</strong></span> <span class='ocrx_word' id='word_1_880' title='bbox 3114 4106 3287 4176; x_wconf 89' lang='lat' dir='ltr'><strong>patris</strong></span> <span class='ocrx_word' id='word_1_881' title='bbox 3347 4105 3709 4176; x_wconf 17' lang='lat' dir='ltr'><strong>seminehnon</strong></span> <span class='ocrx_word' id='word_1_882' title='bbox 3772 4119 3861 4176; x_wconf 48' lang='lat' dir='ltr'><strong>es:</strong></span> 
     </span>
    </p>
   </div>
   <div class='ocr_carea' id='block_1_112' title="bbox 2258 4173 3858 4246">
    <p class='ocr_par' dir='ltr' id='par_1_112' title="bbox 2258 4173 3858 4246">
     <span class='ocr_line' id='line_1_112' title="bbox 2258 4173 3858 4246; baseline -0.001 -16"><span class='ocrx_word' id='word_1_883' title='bbox 2258 4173 2357 4230; x_wconf 80' lang='lat' dir='ltr'><strong>Set.</strong></span> <span class='ocrx_word' id='word_1_884' title='bbox 2420 4195 2439 4226; x_wconf 79' lang='grc' dir='ltr'><strong>ι</strong></span> <span class='ocrx_word' id='word_1_885' title='bbox 2504 4173 2783 4246; x_wconf 81' lang='lat' dir='ltr'><strong>Interrogo</strong></span> <span class='ocrx_word' id='word_1_886' title='bbox 2836 4185 2888 4230; x_wconf 90' lang='lat' dir='ltr'><strong>te</strong></span> <span class='ocrx_word' id='word_1_887' title='bbox 2949 4174 3075 4246; x_wconf 85' lang='lat' dir='ltr'><strong>(ait</strong></span> <span class='ocrx_word' id='word_1_888' title='bbox 3114 4173 3167 4230; x_wconf 83' lang='lat' dir='ltr'><strong>in</strong></span> <span class='ocrx_word' id='word_1_889' title='bbox 3235 4177 3495 4246; x_wconf 49' lang='lat' dir='ltr'><strong>praedicto</strong></span> <span class='ocrx_word' id='word_1_890' title='bbox 3555 4174 3858 4246; x_wconf 65' lang='lat' dir='ltr'><strong>lihello_a§l</strong></span> 
     </span>
    </p>
   </div>
   <div class='ocr_carea' id='block_1_113' title="bbox 2259 4243 3858 4317">
    <p class='ocr_par' dir='ltr' id='par_1_113' title="bbox 2259 4243 3858 4317">
     <span class='ocr_line' id='line_1_113' title="bbox 2259 4243 3858 4317; baseline -0.001 -18"><span class='ocrx_word' id='word_1_891' title='bbox 2259 4246 2554 4302; x_wconf 88' lang='lat' dir='ltr'><strong>monachos</strong></span> <span class='ocrx_word' id='word_1_892' title='bbox 2579 4244 2811 4311; x_wconf 64' lang='lat' dir='ltr'><strong>Gothiaa,</strong></span> <span class='ocrx_word' id='word_1_893' title='bbox 2852 4243 2999 4317; x_wconf 76' lang='lat' dir='ltr'><strong>num.</strong></span> <span class='ocrx_word' id='word_1_894' title='bbox 3051 4246 3139 4317; x_wconf 78' lang='lat'><strong>56)</strong></span> <span class='ocrx_word' id='word_1_895' title='bbox 3172 4243 3385 4316; x_wconf 81' lang='lat' dir='ltr'><strong>profani</strong></span> <span class='ocrx_word' id='word_1_896' title='bbox 3420 4253 3660 4301; x_wconf 87' lang='lat' dir='ltr'><strong>assertor</strong></span> <span class='ocrx_word' id='word_1_897' title='bbox 3687 4243 3858 4315; x_wconf 75' lang='lat'><strong>993</strong></span> 
     </span>
    </p>
   </div>
   <div class='ocr_carea' id='block_1_114' title="bbox 2258 4316 3860 4386">
    <p class='ocr_par' dir='ltr' id='par_1_114' title="bbox 2258 4316 3860 4386">
     <span class='ocr_line' id='line_1_114' title="bbox 2258 4316 3860 4386; baseline -0.002 -15"><span class='ocrx_word' id='word_1_898' title='bbox 2258 4317 2494 4379; x_wconf 87' lang='lat' dir='ltr'><strong>erroris;</strong></span> <span class='ocrx_word' id='word_1_899' title='bbox 2537 4317 2715 4370; x_wconf 91' lang='lat' dir='ltr'><strong>anima</strong></span> <span class='ocrx_word' id='word_1_900' title='bbox 2772 4316 3090 4380; x_wconf 90' lang='lat' dir='ltr'><strong>rationalis,</strong></span> <span class='ocrx_word' id='word_1_901' title='bbox 3124 4316 3265 4386; x_wconf 67' lang='lat' dir='ltr'><strong>qua:</strong></span> <span class='ocrx_word' id='word_1_902' title='bbox 3313 4318 3366 4370; x_wconf 92' lang='lat' dir='ltr'><strong>in</strong></span> <span class='ocrx_word' id='word_1_903' title='bbox 3411 4325 3463 4371; x_wconf 90' lang='lat' dir='ltr'><strong>te</strong></span> <span class='ocrx_word' id='word_1_904' title='bbox 3517 4322 3630 4376; x_wconf 90' lang='lat' dir='ltr'><strong>est,</strong></span> <span class='ocrx_word' id='word_1_905' title='bbox 3662 4324 3719 4369; x_wconf 90' lang='lat' dir='ltr'><strong>et</strong></span> <span class='ocrx_word' id='word_1_906' title='bbox 3775 4324 3860 4369; x_wconf 83' lang='lat' dir='ltr'><strong>to-</strong></span> 
     </span>
    </p>
   </div>
   <div class='ocr_carea' id='block_1_115' title="bbox 2259 4387 3854 4456">
    <p class='ocr_par' dir='ltr' id='par_1_115' title="bbox 2259 4387 3854 4456">
     <span class='ocr_line' id='line_1_115' title="bbox 2259 4387 3854 4456; baseline -0.001 -15"><span class='ocrx_word' id='word_1_907' title='bbox 2259 4398 2373 4441; x_wconf 91' lang='lat' dir='ltr'><strong>tum</strong></span> <span class='ocrx_word' id='word_1_908' title='bbox 2427 4402 2625 4456; x_wconf 91' lang='lat' dir='ltr'><strong>corpus</strong></span> <span class='ocrx_word' id='word_1_909' title='bbox 2676 4397 2827 4441; x_wconf 92' lang='lat' dir='ltr'><strong>tuum</strong></span> <span class='ocrx_word' id='word_1_910' title='bbox 2885 4387 3162 4454; x_wconf 88' lang='lat' dir='ltr'><strong>viviﬁcat,</strong></span> <span class='ocrx_word' id='word_1_911' title='bbox 3219 4395 3468 4456; x_wconf 83' lang='lat' dir='ltr'><strong>vegetat,</strong></span> <span class='ocrx_word' id='word_1_912' title='bbox 3528 4396 3585 4440; x_wconf 91' lang='lat' dir='ltr'><strong>et</strong></span> <span class='ocrx_word' id='word_1_913' title='bbox 3636 4395 3854 4449; x_wconf 88' lang='lat' dir='ltr'><strong>movet,</strong></span> 
     </span>
    </p>
   </div>
   <div class='ocr_carea' id='block_1_116' title="bbox 2259 4456 3857 4527">
    <p class='ocr_par' dir='ltr' id='par_1_116' title="bbox 2259 4456 3857 4527">
     <span class='ocr_line' id='line_1_116' title="bbox 2259 4456 3857 4527; baseline -0.001 -15"><span class='ocrx_word' id='word_1_914' title='bbox 2259 4468 2315 4512; x_wconf 88' lang='lat' dir='ltr'><strong>et</strong></span> <span class='ocrx_word' id='word_1_915' title='bbox 2374 4467 2433 4511; x_wconf 90' lang='lat' dir='ltr'><strong>ut</strong></span> <span class='ocrx_word' id='word_1_916' title='bbox 2476 4458 2649 4512; x_wconf 89' lang='lat' dir='ltr'><strong>sancti</strong></span> <span class='ocrx_word' id='word_1_917' title='bbox 2690 4457 2879 4511; x_wconf 90' lang='lat' dir='ltr'><strong>Patres</strong></span> <span class='ocrx_word' id='word_1_918' title='bbox 2919 4457 3143 4523; x_wconf 87' lang='lat' dir='ltr'><strong>volunt,</strong></span> <span class='ocrx_word' id='word_1_919' title='bbox 3194 4460 3441 4526; x_wconf 76' lang='lat' dir='ltr'><strong>corporis</strong></span> <span class='ocrx_word' id='word_1_920' title='bbox 3484 4456 3694 4527; x_wconf 89' lang='lat' dir='ltr'><strong>origine</strong></span> <span class='ocrx_word' id='word_1_921' title='bbox 3742 4472 3857 4511; x_wconf 91' lang='lat' dir='ltr'><strong>non</strong></span> 
     </span>
    </p>
   </div>
   <div class='ocr_carea' id='block_1_117' title="bbox 2259 4527 3862 4593">
    <p class='ocr_par' dir='ltr' id='par_1_117' title="bbox 2259 4527 3862 4593">
     <span class='ocr_line' id='line_1_117' title="bbox 2259 4527 3862 4593; baseline 0 -12"><span class='ocrx_word' id='word_1_922' title='bbox 2259 4529 2578 4593; x_wconf 85' lang='lat' dir='ltr'><strong>seminatur,</strong></span> <span class='ocrx_word' id='word_1_923' title='bbox 2611 4528 2704 4582; x_wconf 91' lang='lat' dir='ltr'><strong>sed</strong></span> <span class='ocrx_word' id='word_1_924' title='bbox 2733 4542 2799 4582; x_wconf 83' lang='lat' dir='ltr'><strong>ex</strong></span> <span class='ocrx_word' id='word_1_925' title='bbox 2831 4528 3000 4583; x_wconf 91' lang='lat' dir='ltr'><strong>nihilo</strong></span> <span class='ocrx_word' id='word_1_926' title='bbox 3027 4538 3211 4583; x_wconf 89' lang='lat' dir='ltr'><strong>creata</strong></span> <span class='ocrx_word' id='word_1_927' title='bbox 3256 4527 3470 4583; x_wconf 87' lang='lat' dir='ltr'><strong>aliunde</strong></span> <span class='ocrx_word' id='word_1_928' title='bbox 3508 4529 3720 4593; x_wconf 88' lang='lat' dir='ltr'><strong>corpori</strong></span> <span class='ocrx_word' id='word_1_929' title='bbox 3753 4528 3862 4581; x_wconf 90' lang='lat' dir='ltr'><strong>im-</strong></span> 
     </span>
    </p>
   </div>
   <div class='ocr_carea' id='block_1_118' title="bbox 568 4585 3861 4667">
    <p class='ocr_par' dir='ltr' id='par_1_118' title="bbox 568 4585 3861 4667">
     <span class='ocr_line' id='line_1_118' title="bbox 568 4585 3861 4667; baseline 0.001 -19"><span class='ocrx_word' id='word_1_930' title='bbox 568 4610 710 4667; x_wconf 90' lang='lat' dir='ltr'><strong>unus</strong></span> <span class='ocrx_word' id='word_1_931' title='bbox 738 4585 1005 4656; x_wconf 47' lang='lat' dir='ltr'><strong>Filiusfet</strong></span> <span class='ocrx_word' id='word_1_932' title='bbox 1032 4611 1169 4648; x_wconf 83' lang='lat' dir='ltr'><strong>unus</strong></span> <span class='ocrx_word' id='word_1_933' title='bbox 1192 4585 1442 4667; x_wconf 80' lang='lat' dir='ltr'><strong>Christus</strong></span> <span class='ocrx_word' id='word_1_934' title='bbox 1470 4585 1537 4649; x_wconf 76' lang='grc' dir='ltr'><strong>ἰιι</strong></span> <span class='ocrx_word' id='word_1_935' title='bbox 1566 4596 1866 4667; x_wconf 78' lang='lat' dir='ltr'><strong>substantia</strong></span> <span class='ocrx_word' id='word_1_936' title='bbox 1901 4585 2155 4667; x_wconf 83' lang='lat' dir='ltr'><strong>divinita-</strong></span> <span class='ocrx_word' id='word_1_937' title='bbox 2183 4585 2231 4653; x_wconf 69' lang='grc' dir='ltr'><strong>Ι)</strong></span> <span class='ocrx_word' id='word_1_938' title='bbox 2259 4600 2530 4653; x_wconf 86' lang='lat' dir='ltr'><strong>mittitur:</strong></span> <span class='ocrx_word' id='word_1_939' title='bbox 2568 4585 2645 4653; x_wconf 77' lang='lat' dir='ltr'><strong>an</strong></span> <span class='ocrx_word' id='word_1_940' title='bbox 2683 4615 2789 4652; x_wconf 90' lang='lat' dir='ltr'><strong>non</strong></span> <span class='ocrx_word' id='word_1_941' title='bbox 2846 4599 2917 4652; x_wconf 92' lang='lat' dir='ltr'><strong>sit</strong></span> <span class='ocrx_word' id='word_1_942' title='bbox 2964 4600 3104 4667; x_wconf 90' lang='lat' dir='ltr'><strong>patri</strong></span> <span class='ocrx_word' id='word_1_943' title='bbox 3149 4607 3243 4653; x_wconf 91' lang='lat' dir='ltr'><strong>tuo</strong></span> <span class='ocrx_word' id='word_1_944' title='bbox 3291 4599 3542 4667; x_wconf 90' lang='lat' dir='ltr'><strong>adoptiva</strong></span> <span class='ocrx_word' id='word_1_945' title='bbox 3593 4585 3700 4651; x_wconf 85' lang='lat' dir='ltr'><strong>ﬁlia</strong></span> <span class='ocrx_word' id='word_1_946' title='bbox 3726 4638 3743 4661; x_wconf 94' lang='lat'><strong>,</strong></span> <span class='ocrx_word' id='word_1_947' title='bbox 3798 4608 3861 4652; x_wconf 89' lang='lat' dir='ltr'><strong>et</strong></span> 
     </span>
    </p>
   </div>
   <div class='ocr_carea' id='block_1_119' title="bbox 571 4665 2151 4735">
    <p class='ocr_par' dir='ltr' id='par_1_119' title="bbox 571 4665 2151 4735">
     <span class='ocr_line' id='line_1_119' title="bbox 571 4665 2151 4735; baseline 0.001 -16"><span class='ocrx_word' id='word_1_948' title='bbox 571 4666 641 4719; x_wconf 89' lang='lat' dir='ltr'><strong>tis</strong></span> <span class='ocrx_word' id='word_1_949' title='bbox 672 4674 837 4733; x_wconf 89' lang='lat' dir='ltr'><strong>atque</strong></span> <span class='ocrx_word' id='word_1_950' title='bbox 889 4666 1281 4719; x_wconf 87' lang='lat' dir='ltr'><strong>humanitatis?</strong></span> <span class='ocrx_word' id='word_1_951' title='bbox 1327 4665 1443 4719; x_wconf 87' lang='lat' dir='ltr'><strong>Non</strong></span> <span class='ocrx_word' id='word_1_952' title='bbox 1491 4667 1632 4719; x_wconf 81' lang='lat' dir='ltr'><strong>sicut</strong></span> <span class='ocrx_word' id='word_1_953' title='bbox 1655 4666 1871 4735; x_wconf 89' lang='lat' dir='ltr'><strong>quidam</strong></span> <span class='ocrx_word' id='word_1_954' title='bbox 1908 4665 2151 4735; x_wconf 85' lang='lat' dir='ltr'><strong>improba</strong></span> 
     </span>
    </p>
   </div>
   <div class='ocr_carea' id='block_1_120' title="bbox 569 4732 2150 4805">
    <p class='ocr_par' dir='ltr' id='par_1_120' title="bbox 569 4732 2150 4805">
     <span class='ocr_line' id='line_1_120' title="bbox 569 4732 2150 4805; baseline 0 -16"><span class='ocrx_word' id='word_1_955' title='bbox 569 4732 815 4789; x_wconf 62' lang='lat' dir='ltr'><strong>«coitate</strong></span> <span class='ocrx_word' id='word_1_956' title='bbox 847 4736 995 4789; x_wconf 93' lang='lat' dir='ltr'><strong>illum</strong></span> <span class='ocrx_word' id='word_1_957' title='bbox 1022 4736 1074 4788; x_wconf 92' lang='lat' dir='ltr'><strong>in</strong></span> <span class='ocrx_word' id='word_1_958' title='bbox 1096 4736 1379 4789; x_wconf 84' lang='lat' dir='ltr'><strong>divinitate</strong></span> <span class='ocrx_word' id='word_1_959' title='bbox 1413 4732 1689 4805; x_wconf 82' lang='lat' dir='ltr'><strong>proprium</strong></span> <span class='ocrx_word' id='word_1_960' title='bbox 1715 4736 1807 4791; x_wconf 63' lang='grc' dir='ltr'>Μ</span> <span class='ocrx_word' id='word_1_961' title='bbox 1833 4732 2013 4788; x_wconf 79' lang='lat' dir='ltr'><strong>Patris</strong></span> <span class='ocrx_word' id='word_1_962' title='bbox 2030 4732 2150 4790; x_wconf 81' lang='lat' dir='ltr'><strong>esse</strong></span> 
     </span>
    </p>
   </div>
   <div class='ocr_carea' id='block_1_121' title="bbox 569 4805 2155 4875">
    <p class='ocr_par' dir='ltr' id='par_1_121' title="bbox 569 4805 2155 4875">
     <span class='ocr_line' id='line_1_121' title="bbox 569 4805 2155 4875; baseline -0.001 -16"><span class='ocrx_word' id='word_1_963' title='bbox 569 4805 788 4869; x_wconf 83' lang='lat' dir='ltr'><strong>Filium,</strong></span> <span class='ocrx_word' id='word_1_964' title='bbox 837 4806 1146 4875; x_wconf 87' lang='lat' dir='ltr'><strong>adoptivmn</strong></span> <span class='ocrx_word' id='word_1_965' title='bbox 1194 4821 1323 4860; x_wconf 77' lang='lat' dir='ltr'><strong>vero</strong></span> <span class='ocrx_word' id='word_1_966' title='bbox 1343 4806 1584 4873; x_wconf 85' lang='lat' dir='ltr'><strong>ejusdem</strong></span> <span class='ocrx_word' id='word_1_967' title='bbox 1628 4806 1720 4859; x_wconf 88' lang='lat' dir='ltr'><strong>Dei</strong></span> <span class='ocrx_word' id='word_1_968' title='bbox 1762 4805 1939 4859; x_wconf 89' lang='lat' dir='ltr'><strong>Patris</strong></span> <span class='ocrx_word' id='word_1_969' title='bbox 1971 4806 2024 4859; x_wconf 85' lang='lat' dir='ltr'><strong>in</strong></span> <span class='ocrx_word' id='word_1_970' title='bbox 2056 4806 2155 4860; x_wconf 91' lang='lat' dir='ltr'><strong>hu-</strong></span> 
     </span>
    </p>
   </div>
   <div class='ocr_carea' id='block_1_122' title="bbox 569 4877 2152 4941">
    <p class='ocr_par' dir='ltr' id='par_1_122' title="bbox 569 4877 2152 4941">
     <span class='ocr_line' id='line_1_122' title="bbox 569 4877 2152 4941; baseline -0.001 -11"><span class='ocrx_word' id='word_1_971' title='bbox 569 4878 831 4930; x_wconf 82' lang='lat' dir='ltr'><strong>manitate</strong></span> <span class='ocrx_word' id='word_1_972' title='bbox 862 4877 1131 4930; x_wconf 87' lang='lat' dir='ltr'><strong>allirmant</strong></span> <span class='ocrx_word' id='word_1_973' title='bbox 1159 4895 1171 4929; x_wconf 91' lang='lat'>:</span> <span class='ocrx_word' id='word_1_974' title='bbox 1205 4887 1259 4931; x_wconf 91' lang='lat' dir='ltr'><strong>et</strong></span> <span class='ocrx_word' id='word_1_975' title='bbox 1291 4877 1334 4930; x_wconf 89' lang='lat' dir='ltr'><strong>si</strong></span> <span class='ocrx_word' id='word_1_976' title='bbox 1364 4879 1435 4930; x_wconf 91' lang='lat' dir='ltr'><strong>ita</strong></span> <span class='ocrx_word' id='word_1_977' title='bbox 1467 4886 1632 4941; x_wconf 85' lang='lat' dir='ltr'><strong>esset,</strong></span> <span class='ocrx_word' id='word_1_978' title='bbox 1658 4878 1877 4931; x_wconf 89' lang='lat' dir='ltr'><strong>omnino</strong></span> <span class='ocrx_word' id='word_1_979' title='bbox 1920 4878 2025 4930; x_wconf 90' lang='lat' dir='ltr'><strong>duo</strong></span> <span class='ocrx_word' id='word_1_980' title='bbox 2057 4877 2152 4930; x_wconf 90' lang='lat' dir='ltr'><strong>ﬁlii</strong></span> 
     </span>
    </p>
   </div>
   <div class='ocr_carea' id='block_1_123' title="bbox 569 4948 2154 5069">
    <p class='ocr_par' dir='ltr' id='par_1_123' title="bbox 569 4948 2154 5069">
     <span class='ocr_line' id='line_1_123' title="bbox 569 4948 2154 5069; baseline -0.001 -68"><span class='ocrx_word' id='word_1_981' title='bbox 569 4958 783 5010; x_wconf 85' lang='lat' dir='ltr'><strong>essent;</strong></span> <span class='ocrx_word' id='word_1_982' title='bbox 816 4948 942 5016; x_wconf 89' lang='lat' dir='ltr'><strong>quia</strong></span> <span class='ocrx_word' id='word_1_983' title='bbox 964 4963 1327 5021; x_wconf 90' lang='lat' dir='ltr'><strong>nequaquam,</strong></span> <span class='ocrx_word' id='word_1_984' title='bbox 1352 4949 1639 5069; x_wconf 57' lang='lat' dir='ltr'><strong>utlprasl&#39;ati</strong></span> <span class='ocrx_word' id='word_1_985' title='bbox 1670 4963 1878 5009; x_wconf 90' lang='lat' dir='ltr'><strong>sumus,</strong></span> <span class='ocrx_word' id='word_1_986' title='bbox 1908 4964 2009 5000; x_wconf 89' lang='lat' dir='ltr'><strong>una</strong></span> <span class='ocrx_word' id='word_1_987' title='bbox 2035 4963 2154 5000; x_wconf 84' lang='lat' dir='ltr'><strong>esse</strong></span> 
     </span>
     <span class='ocr_line' id='line_1_124' title="bbox 572 5018 2153 5069; baseline 0 0"><span class='ocrx_word' id='word_1_988' title='bbox 572 5027 752 5069; x_wconf 82' lang='lat' dir='ltr'><strong>notest</strong></span> <span class='ocrx_word' id='word_1_989' title='bbox 780 5033 1007 5069; x_wconf 77' lang='lat' dir='ltr'><strong>persona</strong></span> <span class='ocrx_word' id='word_1_990' title='bbox 1042 5020 1094 5069; x_wconf 90' lang='lat' dir='ltr'><strong>iu</strong></span> <span class='ocrx_word' id='word_1_991' title='bbox 1138 5019 1357 5069; x_wconf 89' lang='lat' dir='ltr'><strong>nronrio</strong></span> <span class='ocrx_word' id='word_1_992' title='bbox 1430 5019 1521 5069; x_wconf 78' lang='lat' dir='ltr'><strong>ilio</strong></span> <span class='ocrx_word' id='word_1_993' title='bbox 1544 5028 1597 5069; x_wconf 81' lang='lat' dir='ltr'><strong>et</strong></span> <span class='ocrx_word' id='word_1_994' title='bbox 1626 5019 1678 5069; x_wconf 92' lang='lat' dir='ltr'><strong>in</strong></span> <span class='ocrx_word' id='word_1_995' title='bbox 1727 5018 1999 5069; x_wconf 82' lang='lat' dir='ltr'><strong>adoptivo.</strong></span> <span class='ocrx_word' id='word_1_996' title='bbox 2030 5020 2153 5069; x_wconf 79' lang='lat' dir='ltr'><strong>quia</strong></span> 
     </span>
    </p>
   </div>
   <div class='ocr_carea' id='block_1_124' title="bbox 572 5018 2153 5088">
    <p class='ocr_par' dir='ltr' id='par_1_124' title="bbox 572 5018 2153 5088">
     <span class='ocr_line' id='line_1_125' title="bbox 572 5018 2153 5088; baseline -0.001 -17"><span class='ocrx_word' id='word_1_997' title='bbox 572 5027 752 5088; x_wconf 83' lang='lat' dir='ltr'><strong>potest</strong></span> <span class='ocrx_word' id='word_1_998' title='bbox 780 5033 1007 5086; x_wconf 78' lang='lat' dir='ltr'><strong>persona</strong></span> <span class='ocrx_word' id='word_1_999' title='bbox 1042 5018 1094 5070; x_wconf 86' lang='lat' dir='ltr'><strong>in</strong></span> <span class='ocrx_word' id='word_1_1000' title='bbox 1138 5019 1357 5087; x_wconf 88' lang='lat' dir='ltr'><strong>proprio</strong></span> <span class='ocrx_word' id='word_1_1001' title='bbox 1412 5018 1521 5071; x_wconf 87' lang='lat' dir='ltr'><strong>ﬁlio</strong></span> <span class='ocrx_word' id='word_1_1002' title='bbox 1544 5028 1597 5073; x_wconf 87' lang='lat' dir='ltr'><strong>et</strong></span> <span class='ocrx_word' id='word_1_1003' title='bbox 1626 5019 1678 5071; x_wconf 91' lang='lat' dir='ltr'><strong>in</strong></span> <span class='ocrx_word' id='word_1_1004' title='bbox 1727 5018 1999 5087; x_wconf 89' lang='lat' dir='ltr'><strong>adoptivo,</strong></span> <span class='ocrx_word' id='word_1_1005' title='bbox 2030 5020 2153 5085; x_wconf 88' lang='lat' dir='ltr'><strong>quia</strong></span> 
     </span>
    </p>
   </div>
   <div class='ocr_carea' id='block_1_125' title="bbox 574 5089 2153 5157">
    <p class='ocr_par' dir='ltr' id='par_1_125' title="bbox 574 5089 2153 5157">
     <span class='ocr_line' id='line_1_126' title="bbox 574 5089 2153 5157; baseline 0.001 -18"><span class='ocrx_word' id='word_1_1006' title='bbox 574 5104 715 5141; x_wconf 92' lang='lat' dir='ltr'><strong>unus</strong></span> <span class='ocrx_word' id='word_1_1007' title='bbox 754 5103 818 5139; x_wconf 76' lang='lat' dir='ltr'><strong>ex</strong></span> <span class='ocrx_word' id='word_1_1008' title='bbox 853 5089 958 5141; x_wconf 89' lang='lat' dir='ltr'><strong>illis</strong></span> <span class='ocrx_word' id='word_1_1009' title='bbox 984 5104 1142 5140; x_wconf 78' lang='lat' dir='ltr'><strong>verus</strong></span> <span class='ocrx_word' id='word_1_1010' title='bbox 1172 5100 1254 5141; x_wconf 80' lang='lat' dir='ltr'><strong>est</strong></span> <span class='ocrx_word' id='word_1_1011' title='bbox 1282 5090 1442 5151; x_wconf 88' lang='lat' dir='ltr'><strong>lilius,</strong></span> <span class='ocrx_word' id='word_1_1012' title='bbox 1470 5089 1607 5142; x_wconf 85' lang='lat' dir='ltr'><strong>alter</strong></span> <span class='ocrx_word' id='word_1_1013' title='bbox 1631 5090 1813 5157; x_wconf 91' lang='lat' dir='ltr'><strong>itaque</strong></span> <span class='ocrx_word' id='word_1_1014' title='bbox 1838 5104 1947 5141; x_wconf 87' lang='lat' dir='ltr'><strong>non</strong></span> <span class='ocrx_word' id='word_1_1015' title='bbox 1972 5104 2153 5142; x_wconf 78' lang='lat' dir='ltr'><strong>verus.</strong></span> 
     </span>
    </p>
   </div>
   <div class='ocr_carea' id='block_1_126' title="bbox 570 5157 2153 5229">
    <p class='ocr_par' dir='ltr' id='par_1_126' title="bbox 570 5157 2153 5229">
     <span class='ocr_line' id='line_1_127' title="bbox 570 5157 2153 5229; baseline -0.001 -17"><span class='ocrx_word' id='word_1_1016' title='bbox 570 5157 740 5229; x_wconf 82' lang='lat' dir='ltr'><strong>Igitur</strong></span> <span class='ocrx_word' id='word_1_1017' title='bbox 769 5159 1063 5221; x_wconf 85' lang='lat' dir='ltr'><strong>diversum,</strong></span> <span class='ocrx_word' id='word_1_1018' title='bbox 1089 5175 1275 5212; x_wconf 84' lang='lat' dir='ltr'><strong>verum</strong></span> <span class='ocrx_word' id='word_1_1019' title='bbox 1307 5168 1360 5213; x_wconf 84' lang='lat' dir='ltr'><strong>et</strong></span> <span class='ocrx_word' id='word_1_1020' title='bbox 1390 5174 1494 5212; x_wconf 89' lang='lat' dir='ltr'><strong>non</strong></span> <span class='ocrx_word' id='word_1_1021' title='bbox 1523 5174 1707 5213; x_wconf 82' lang='lat' dir='ltr'><strong>verum</strong></span> <span class='ocrx_word' id='word_1_1022' title='bbox 1732 5173 1872 5222; x_wconf 91' lang='lat' dir='ltr'><strong>esse,</strong></span> <span class='ocrx_word' id='word_1_1023' title='bbox 1900 5160 2023 5227; x_wconf 90' lang='lat' dir='ltr'><strong>quis</strong></span> <span class='ocrx_word' id='word_1_1024' title='bbox 2050 5175 2153 5212; x_wconf 90' lang='lat' dir='ltr'><strong>non</strong></span> 
     </span>
    </p>
   </div>
   <div class='ocr_carea' id='block_1_127' title="bbox 572 5229 2155 5299">
    <p class='ocr_par' dir='ltr' id='par_1_127' title="bbox 572 5229 2155 5299">
     <span class='ocr_line' id='line_1_128' title="bbox 572 5229 2155 5299; baseline 0.002 -18"><span class='ocrx_word' id='word_1_1025' title='bbox 572 5229 1027 5299; x_wconf 27' lang='lat' dir='ltr'><strong>agnoscattnisi</strong></span> <span class='ocrx_word' id='word_1_1026' title='bbox 1081 5229 1375 5299; x_wconf 81' lang='lat' dir='ltr'><strong>lcthargico</strong></span> <span class='ocrx_word' id='word_1_1027' title='bbox 1423 5239 1477 5282; x_wconf 89' lang='lat' dir='ltr'><strong>et</strong></span> <span class='ocrx_word' id='word_1_1028' title='bbox 1541 5230 1802 5283; x_wconf 78' lang='lat' dir='ltr'><strong>frenetico</strong></span> <span class='ocrx_word' id='word_1_1029' title='bbox 1851 5229 2058 5284; x_wconf 86' lang='lat' dir='ltr'><strong>laboret</strong></span> <span class='ocrx_word' id='word_1_1030' title='bbox 2102 5230 2155 5284; x_wconf 90' lang='lat' dir='ltr'><strong>in</strong></span> 
     </span>
    </p>
   </div>
   <div class='ocr_carea' id='block_1_128' title="bbox 572 5298 2155 5372">
    <p class='ocr_par' dir='ltr' id='par_1_128' title="bbox 572 5298 2155 5372">
     <span class='ocr_line' id='line_1_129' title="bbox 572 5298 2155 5372; baseline 0 -19"><span class='ocrx_word' id='word_1_1031' title='bbox 572 5298 800 5353; x_wconf 70' lang='lat' dir='ltr'><strong>morbo?</strong></span> <span class='ocrx_word' id='word_1_1032' title='bbox 835 5318 852 5349; x_wconf 72' lang='grc' dir='ltr'><strong>ι</strong></span> <span class='ocrx_word' id='word_1_1033' title='bbox 887 5298 1116 5372; x_wconf 85' lang='lat' dir='ltr'><strong>Noverat</strong></span> <span class='ocrx_word' id='word_1_1034' title='bbox 1144 5298 1337 5368; x_wconf 85' lang='lat' dir='ltr'><strong>nempe</strong></span> <span class='ocrx_word' id='word_1_1035' title='bbox 1361 5308 1416 5354; x_wconf 92' lang='lat' dir='ltr'><strong>et</strong></span> <span class='ocrx_word' id='word_1_1036' title='bbox 1445 5300 1703 5355; x_wconf 80' lang='lat' dir='ltr'><strong>Alcuinus</strong></span> <span class='ocrx_word' id='word_1_1037' title='bbox 1734 5300 2077 5372; x_wconf 82' lang='lat' dir='ltr'><strong>adoptionem</strong></span> <span class='ocrx_word' id='word_1_1038' title='bbox 2103 5302 2155 5353; x_wconf 90' lang='lat' dir='ltr'><strong>in</strong></span> 
     </span>
    </p>
   </div>
   <div class='ocr_carea' id='block_1_129' title="bbox 572 5370 2155 5440">
    <p class='ocr_par' dir='ltr' id='par_1_129' title="bbox 572 5370 2155 5440">
     <span class='ocr_line' id='line_1_130' title="bbox 572 5370 2155 5440; baseline 0.001 -19"><span class='ocrx_word' id='word_1_1039' title='bbox 572 5383 895 5440; x_wconf 71' lang='lat' dir='ltr'><strong>personam,</strong></span> <span class='ocrx_word' id='word_1_1040' title='bbox 910 5377 962 5423; x_wconf 89' lang='lat' dir='ltr'><strong>et</strong></span> <span class='ocrx_word' id='word_1_1041' title='bbox 990 5370 1205 5439; x_wconf 86' lang='lat' dir='ltr'><strong>quidem</strong></span> <span class='ocrx_word' id='word_1_1042' title='bbox 1228 5372 1281 5423; x_wconf 93' lang='lat' dir='ltr'><strong>iu</strong></span> <span class='ocrx_word' id='word_1_1043' title='bbox 1309 5386 1597 5440; x_wconf 88' lang='lat' dir='ltr'><strong>personam</strong></span> <span class='ocrx_word' id='word_1_1044' title='bbox 1616 5370 1955 5433; x_wconf 80' lang='lat' dir='ltr'><strong>extraneam,</strong></span> <span class='ocrx_word' id='word_1_1045' title='bbox 1981 5371 2065 5424; x_wconf 90' lang='lat' dir='ltr'><strong>cui</strong></span> <span class='ocrx_word' id='word_1_1046' title='bbox 2091 5387 2155 5424; x_wconf 82' lang='lat' dir='ltr'><strong>ex</strong></span> 
     </span>
    </p>
   </div>
   <div class='ocr_carea' id='block_1_130' title="bbox 576 5439 2153 5509">
    <p class='ocr_par' dir='ltr' id='par_1_130' title="bbox 576 5439 2153 5509">
     <span class='ocr_line' id='line_1_131' title="bbox 576 5439 2153 5509; baseline 0 -16"><span class='ocrx_word' id='word_1_1047' title='bbox 576 5439 967 5507; x_wconf 67' lang='lat' dir='ltr'><strong>nativitatejss</strong></span> <span class='ocrx_word' id='word_1_1048' title='bbox 1010 5442 1077 5494; x_wconf 90' lang='lat' dir='ltr'><strong>ad</strong></span> <span class='ocrx_word' id='word_1_1049' title='bbox 1118 5442 1287 5508; x_wconf 90' lang='lat' dir='ltr'><strong>patris</strong></span> <span class='ocrx_word' id='word_1_1050' title='bbox 1314 5439 1684 5495; x_wconf 66' lang='lat' dir='ltr'><strong>htereditatem</strong></span> <span class='ocrx_word' id='word_1_1051' title='bbox 1712 5457 1817 5495; x_wconf 90' lang='lat' dir='ltr'><strong>non</strong></span> <span class='ocrx_word' id='word_1_1052' title='bbox 1865 5443 2153 5509; x_wconf 87' lang='lat' dir='ltr'><strong>competit,</strong></span> 
     </span>
    </p>
   </div>
   <div class='ocr_carea' id='block_1_131' title="bbox 576 5510 2153 5579">
    <p class='ocr_par' dir='ltr' id='par_1_131' title="bbox 576 5510 2153 5579">
     <span class='ocr_line' id='line_1_132' title="bbox 576 5510 2153 5579; baseline 0 -14"><span class='ocrx_word' id='word_1_1053' title='bbox 576 5511 791 5573; x_wconf 85' lang='lat' dir='ltr'><strong>cadere,</strong></span> <span class='ocrx_word' id='word_1_1054' title='bbox 819 5510 993 5579; x_wconf 91' lang='lat' dir='ltr'><strong>qualis</strong></span> <span class='ocrx_word' id='word_1_1055' title='bbox 1019 5526 1142 5563; x_wconf 92' lang='lat' dir='ltr'><strong>cum</strong></span> <span class='ocrx_word' id='word_1_1056' title='bbox 1184 5512 1237 5563; x_wconf 91' lang='lat' dir='ltr'><strong>in</strong></span> <span class='ocrx_word' id='word_1_1057' title='bbox 1265 5510 1483 5565; x_wconf 91' lang='lat' dir='ltr'><strong>Christo</strong></span> <span class='ocrx_word' id='word_1_1058' title='bbox 1514 5527 1617 5564; x_wconf 92' lang='lat' dir='ltr'><strong>non</strong></span> <span class='ocrx_word' id='word_1_1059' title='bbox 1648 5519 1793 5567; x_wconf 90' lang='lat' dir='ltr'><strong>esset</strong></span> <span class='ocrx_word' id='word_1_1060' title='bbox 1832 5512 1981 5577; x_wconf 83' lang='lat' dir='ltr'><strong>(huic</strong></span> <span class='ocrx_word' id='word_1_1061' title='bbox 2007 5513 2153 5566; x_wconf 88' lang='lat' dir='ltr'><strong>enim</strong></span> 
     </span>
    </p>
   </div>
   <div class='ocr_carea' id='block_1_132' title="bbox 575 5578 2155 5652">
    <p class='ocr_par' dir='ltr' id='par_1_132' title="bbox 575 5578 2155 5652">
     <span class='ocr_line' id='line_1_133' title="bbox 575 5578 2155 5652; baseline 0.001 -17"><span class='ocrx_word' id='word_1_1062' title='bbox 575 5583 713 5635; x_wconf 85' lang='lat' dir='ltr'><strong>bona</strong></span> <span class='ocrx_word' id='word_1_1063' title='bbox 745 5578 921 5635; x_wconf 84' lang='lat' dir='ltr'><strong>Patris</strong></span> <span class='ocrx_word' id='word_1_1064' title='bbox 946 5596 1008 5635; x_wconf 85' lang='lat' dir='ltr'><strong>ex</strong></span> <span class='ocrx_word' id='word_1_1065' title='bbox 1043 5581 1157 5649; x_wconf 87' lang='lat' dir='ltr'><strong>ipsa</strong></span> <span class='ocrx_word' id='word_1_1066' title='bbox 1190 5583 1386 5636; x_wconf 90' lang='lat' dir='ltr'><strong>unione</strong></span> <span class='ocrx_word' id='word_1_1067' title='bbox 1420 5583 1773 5652; x_wconf 84' lang='lat' dir='ltr'><strong>hypostatica,</strong></span> <span class='ocrx_word' id='word_1_1068' title='bbox 1814 5598 1877 5636; x_wconf 90' lang='lat' dir='ltr'><strong>ac</strong></span> <span class='ocrx_word' id='word_1_1069' title='bbox 1907 5584 2059 5651; x_wconf 90' lang='lat' dir='ltr'><strong>proin</strong></span> <span class='ocrx_word' id='word_1_1070' title='bbox 2088 5598 2155 5637; x_wconf 81' lang='lat' dir='ltr'><strong>ex</strong></span> 
     </span>
    </p>
   </div>
   <div class='ocr_carea' id='block_1_133' title="bbox 576 5652 2156 5721">
    <p class='ocr_par' dir='ltr' id='par_1_133' title="bbox 576 5652 2156 5721">
     <span class='ocr_line' id='line_1_134' title="bbox 576 5652 2156 5721; baseline 0.003 -18"><span class='ocrx_word' id='word_1_1071' title='bbox 576 5652 753 5721; x_wconf 88' lang='lat' dir='ltr'><strong>primo</strong></span> <span class='ocrx_word' id='word_1_1072' title='bbox 799 5652 1167 5721; x_wconf 78' lang='lat' dir='ltr'><strong>conceptiouis</strong></span> <span class='ocrx_word' id='word_1_1073' title='bbox 1212 5652 1433 5706; x_wconf 89' lang='lat' dir='ltr'><strong>instanti</strong></span> <span class='ocrx_word' id='word_1_1074' title='bbox 1482 5654 1661 5706; x_wconf 88' lang='lat' dir='ltr'><strong>debita</strong></span> <span class='ocrx_word' id='word_1_1075' title='bbox 1690 5654 1890 5719; x_wconf 82' lang='lat' dir='ltr'><strong>erant),</strong></span> <span class='ocrx_word' id='word_1_1076' title='bbox 1918 5655 1962 5707; x_wconf 91' lang='lat' dir='ltr'><strong>is</strong></span> <span class='ocrx_word' id='word_1_1077' title='bbox 2008 5663 2156 5707; x_wconf 90' lang='lat' dir='ltr'><strong>certe</strong></span> 
     </span>
    </p>
   </div>
   <div class='ocr_carea' id='block_1_134' title="bbox 580 5723 2155 5791">
    <p class='ocr_par' dir='ltr' id='par_1_134' title="bbox 580 5723 2155 5791">
     <span class='ocr_line' id='line_1_135' title="bbox 580 5723 2155 5791; baseline 0.001 -17"><span class='ocrx_word' id='word_1_1078' title='bbox 580 5736 679 5775; x_wconf 88' lang='lat' dir='ltr'><strong>nec</strong></span> <span class='ocrx_word' id='word_1_1079' title='bbox 714 5723 891 5791; x_wconf 90' lang='lat' dir='ltr'><strong>quoad</strong></span> <span class='ocrx_word' id='word_1_1080' title='bbox 938 5731 1183 5775; x_wconf 87' lang='lat' dir='ltr'><strong>naturam</strong></span> <span class='ocrx_word' id='word_1_1081' title='bbox 1215 5723 1506 5776; x_wconf 70' lang='lat' dir='ltr'><strong>luunsnam</strong></span> <span class='ocrx_word' id='word_1_1082' title='bbox 1554 5724 1695 5777; x_wconf 89' lang='lat' dir='ltr'><strong>lilius</strong></span> <span class='ocrx_word' id='word_1_1083' title='bbox 1725 5725 2007 5791; x_wconf 83' lang='lat' dir='ltr'><strong>adoptivus</strong></span> <span class='ocrx_word' id='word_1_1084' title='bbox 2050 5725 2155 5778; x_wconf 90' lang='lat' dir='ltr'><strong>dici</strong></span> 
     </span>
    </p>
   </div>
   <div class='ocr_carea' id='block_1_135' title="bbox 580 5792 2158 5862">
    <p class='ocr_par' dir='ltr' id='par_1_135' title="bbox 580 5792 2158 5862">
     <span class='ocr_line' id='line_1_136' title="bbox 580 5792 2158 5862; baseline 0.003 -17"><span class='ocrx_word' id='word_1_1085' title='bbox 580 5800 780 5862; x_wconf 68' lang='lat' dir='ltr'><strong>potest,</strong></span> <span class='ocrx_word' id='word_1_1086' title='bbox 811 5800 904 5845; x_wconf 92' lang='lat' dir='ltr'><strong>aut</strong></span> <span class='ocrx_word' id='word_1_1087' title='bbox 950 5793 994 5846; x_wconf 89' lang='lat' dir='ltr'><strong>si</strong></span> <span class='ocrx_word' id='word_1_1088' title='bbox 1024 5793 1255 5853; x_wconf 87' lang='lat' dir='ltr'><strong>dicatur,</strong></span> <span class='ocrx_word' id='word_1_1089' title='bbox 1308 5794 1361 5845; x_wconf 91' lang='lat' dir='ltr'><strong>iu</strong></span> <span class='ocrx_word' id='word_1_1090' title='bbox 1403 5792 1533 5847; x_wconf 88' lang='lat' dir='ltr'><strong>duas</strong></span> <span class='ocrx_word' id='word_1_1091' title='bbox 1576 5796 1671 5847; x_wconf 84' lang='lat' dir='ltr'><strong>abs</strong></span> <span class='ocrx_word' id='word_1_1092' title='bbox 1704 5794 1865 5847; x_wconf 75' lang='lat' dir='ltr'><strong>dulzio</strong></span> <span class='ocrx_word' id='word_1_1093' title='bbox 1896 5811 2158 5862; x_wconf 82' lang='lat' dir='ltr'><strong>personas</strong></span> 
     </span>
    </p>
   </div>
   <div class='ocr_carea' id='block_1_136' title="bbox 580 5861 2153 5921">
    <p class='ocr_par' dir='ltr' id='par_1_136' title="bbox 580 5861 2153 5921">
     <span class='ocr_line' id='line_1_137' title="bbox 580 5861 2153 5921; baseline 0.003 -6"><span class='ocrx_word' id='word_1_1094' title='bbox 580 5861 744 5918; x_wconf 78' lang='lat' dir='ltr'><strong>dividi</strong></span> <span class='ocrx_word' id='word_1_1095' title='bbox 793 5862 968 5917; x_wconf 88' lang='lat' dir='ltr'><strong>debet.</strong></span> <span class='ocrx_word' id='word_1_1096' title='bbox 1004 5862 1154 5919; x_wconf 84' lang='lat' dir='ltr'><strong>Unde</strong></span> <span class='ocrx_word' id='word_1_1097' title='bbox 1198 5873 1253 5917; x_wconf 92' lang='lat' dir='ltr'><strong>et</strong></span> <span class='ocrx_word' id='word_1_1098' title='bbox 1281 5863 1374 5919; x_wconf 91' lang='lat' dir='ltr'><strong>lib.</strong></span> <span class='ocrx_word' id='word_1_1099' title='bbox 1407 5879 1465 5919; x_wconf 88' lang='lat' dir='ltr'><strong>Ill</strong></span> <span class='ocrx_word' id='word_1_1100' title='bbox 1498 5874 1689 5920; x_wconf 88' lang='lat' dir='ltr'><strong>contra</strong></span> <span class='ocrx_word' id='word_1_1101' title='bbox 1728 5861 1963 5920; x_wconf 81' lang='lat' dir='ltr'><strong>Felicem</strong></span> <span class='ocrx_word' id='word_1_1102' title='bbox 2004 5882 2153 5921; x_wconf 88' lang='lat' dir='ltr'><strong>num.</strong></span> 
     </span>
    </p>
   </div>
   <div class='ocr_carea' id='block_1_137' title="bbox 2256 4668 3859 4738">
    <p class='ocr_par' dir='ltr' id='par_1_137' title="bbox 2256 4668 3859 4738">
     <span class='ocr_line' id='line_1_138' title="bbox 2256 4668 3859 4738; baseline -0.001 -14"><span class='ocrx_word' id='word_1_1103' title='bbox 2256 4686 2384 4724; x_wconf 88' lang='lat' dir='ltr'><strong>caro</strong></span> <span class='ocrx_word' id='word_1_1104' title='bbox 2416 4677 2624 4723; x_wconf 91' lang='lat' dir='ltr'><strong>tantum</strong></span> <span class='ocrx_word' id='word_1_1105' title='bbox 2655 4668 2869 4738; x_wconf 87' lang='lat' dir='ltr'><strong>propria</strong></span> <span class='ocrx_word' id='word_1_1106' title='bbox 2896 4669 3039 4723; x_wconf 90' lang='lat' dir='ltr'><strong>ﬁlia?</strong></span> <span class='ocrx_word' id='word_1_1107' title='bbox 3066 4670 3148 4723; x_wconf 82' lang='lat' dir='ltr'><strong>An</strong></span> <span class='ocrx_word' id='word_1_1108' title='bbox 3174 4676 3229 4723; x_wconf 92' lang='lat' dir='ltr'><strong>tu</strong></span> <span class='ocrx_word' id='word_1_1109' title='bbox 3258 4677 3404 4723; x_wconf 89' lang='lat' dir='ltr'><strong>totus</strong></span> <span class='ocrx_word' id='word_1_1110' title='bbox 3432 4668 3611 4722; x_wconf 88' lang='lat' dir='ltr'><strong>anima</strong></span> <span class='ocrx_word' id='word_1_1111' title='bbox 3641 4676 3698 4738; x_wconf 90' lang='lat' dir='ltr'><strong>et</strong></span> <span class='ocrx_word' id='word_1_1112' title='bbox 3731 4682 3859 4723; x_wconf 85' lang='lat' dir='ltr'><strong>cor—</strong></span> 
     </span>
    </p>
   </div>
   <div class='ocr_carea' id='block_1_138' title="bbox 2256 4737 3856 4810">
    <p class='ocr_par' dir='ltr' id='par_1_138' title="bbox 2256 4737 3856 4810">
     <span class='ocr_line' id='line_1_139' title="bbox 2256 4737 3856 4810; baseline 0 -18"><span class='ocrx_word' id='word_1_1113' title='bbox 2256 4755 2405 4809; x_wconf 88' lang='lat' dir='ltr'><strong>pore,</strong></span> <span class='ocrx_word' id='word_1_1114' title='bbox 2436 4756 2574 4795; x_wconf 82' lang='lat' dir='ltr'><strong>uuus</strong></span> <span class='ocrx_word' id='word_1_1115' title='bbox 2623 4749 2677 4792; x_wconf 90' lang='lat' dir='ltr'><strong>et</strong></span> <span class='ocrx_word' id='word_1_1116' title='bbox 2706 4737 2957 4809; x_wconf 82' lang='lat' dir='ltr'><strong>proprius</strong></span> <span class='ocrx_word' id='word_1_1117' title='bbox 2992 4741 3133 4810; x_wconf 88' lang='lat' dir='ltr'><strong>patri</strong></span> <span class='ocrx_word' id='word_1_1118' title='bbox 3169 4750 3261 4793; x_wconf 90' lang='lat' dir='ltr'><strong>tuo</strong></span> <span class='ocrx_word' id='word_1_1119' title='bbox 3314 4740 3391 4794; x_wconf 90' lang='lat' dir='ltr'><strong>sis</strong></span> <span class='ocrx_word' id='word_1_1120' title='bbox 3418 4739 3590 4793; x_wconf 88' lang='lat' dir='ltr'><strong>ﬁlius?</strong></span> <span class='ocrx_word' id='word_1_1121' title='bbox 3620 4737 3757 4804; x_wconf 83' lang='lat' dir='ltr'><strong>Quid</strong></span> <span class='ocrx_word' id='word_1_1122' title='bbox 3807 4739 3856 4794; x_wconf 88' lang='lat' dir='ltr'><strong>si</strong></span> 
     </span>
    </p>
   </div>
   <div class='ocr_carea' id='block_1_139' title="bbox 2259 4812 3861 4881">
    <p class='ocr_par' dir='ltr' id='par_1_139' title="bbox 2259 4812 3861 4881">
     <span class='ocr_line' id='line_1_140' title="bbox 2259 4812 3861 4881; baseline -0.004 -17"><span class='ocrx_word' id='word_1_1123' title='bbox 2259 4813 2421 4864; x_wconf 88' lang='lat' dir='ltr'><strong>homo</strong></span> <span class='ocrx_word' id='word_1_1124' title='bbox 2447 4825 2527 4881; x_wconf 56' lang='lat' dir='ltr'><strong>es</strong></span> <span class='ocrx_word' id='word_1_1125' title='bbox 2563 4812 2889 4874; x_wconf 84' lang='lat' dir='ltr'><strong>substantia,</strong></span> <span class='ocrx_word' id='word_1_1126' title='bbox 2921 4827 3041 4879; x_wconf 75' lang='lat' dir='ltr'><strong>qua:</strong></span> <span class='ocrx_word' id='word_1_1127' title='bbox 3066 4826 3169 4865; x_wconf 91' lang='lat' dir='ltr'><strong>non</strong></span> <span class='ocrx_word' id='word_1_1128' title='bbox 3195 4826 3262 4865; x_wconf 79' lang='lat' dir='ltr'><strong>cx</strong></span> <span class='ocrx_word' id='word_1_1129' title='bbox 3310 4826 3369 4864; x_wconf 93' lang='lat' dir='ltr'><strong>se</strong></span> <span class='ocrx_word' id='word_1_1130' title='bbox 3395 4818 3702 4881; x_wconf 85' lang='lat' dir='ltr'><strong>generatur,</strong></span> <span class='ocrx_word' id='word_1_1131' title='bbox 3730 4824 3861 4881; x_wconf 71' lang='lat' dir='ltr'><strong>cor.</strong></span> 
     </span>
    </p>
   </div>
   <div class='ocr_carea' id='block_1_140' title="bbox 2257 4879 3860 4951">
    <p class='ocr_par' dir='ltr' id='par_1_140' title="bbox 2257 4879 3860 4951">
     <span class='ocr_line' id='line_1_141' title="bbox 2257 4879 3860 4951; baseline 0.001 -18"><span class='ocrx_word' id='word_1_1132' title='bbox 2257 4883 2372 4951; x_wconf 89' lang='lat' dir='ltr'><strong>pori</strong></span> <span class='ocrx_word' id='word_1_1133' title='bbox 2411 4879 2693 4948; x_wconf 88' lang='lat' dir='ltr'><strong>conjuncta</strong></span> <span class='ocrx_word' id='word_1_1134' title='bbox 2725 4882 3001 4950; x_wconf 77' lang='lat' dir='ltr'><strong>proprium</strong></span> <span class='ocrx_word' id='word_1_1135' title='bbox 3024 4890 3077 4935; x_wconf 91' lang='lat' dir='ltr'><strong>et</strong></span> <span class='ocrx_word' id='word_1_1136' title='bbox 3105 4897 3293 4934; x_wconf 89' lang='lat' dir='ltr'><strong>verum</strong></span> <span class='ocrx_word' id='word_1_1137' title='bbox 3326 4879 3526 4950; x_wconf 82' lang='lat' dir='ltr'><strong>poterit</strong></span> <span class='ocrx_word' id='word_1_1138' title='bbox 3552 4881 3754 4951; x_wconf 87' lang='lat' dir='ltr'><strong>habere</strong></span> <span class='ocrx_word' id='word_1_1139' title='bbox 3796 4880 3860 4935; x_wconf 84' lang='lat' dir='ltr'><strong>ti-</strong></span> 
     </span>
    </p>
   </div>
   <div class='ocr_carea' id='block_1_141' title="bbox 2258 4950 3861 5021">
    <p class='ocr_par' dir='ltr' id='par_1_141' title="bbox 2258 4950 3861 5021">
     <span class='ocr_line' id='line_1_142' title="bbox 2258 4950 3861 5021; baseline 0.001 -17"><span class='ocrx_word' id='word_1_1140' title='bbox 2258 4950 2408 5005; x_wconf 88' lang='lat' dir='ltr'><strong>lium.</strong></span> <span class='ocrx_word' id='word_1_1141' title='bbox 2434 4951 2543 5005; x_wconf 90' lang='lat' dir='ltr'><strong>Cur</strong></span> <span class='ocrx_word' id='word_1_1142' title='bbox 2568 4953 2734 5005; x_wconf 87' lang='lat' dir='ltr'><strong>Deum</strong></span> <span class='ocrx_word' id='word_1_1143' title='bbox 2766 4952 3115 5019; x_wconf 85' lang='lat' dir='ltr'><strong>impotentem</strong></span> <span class='ocrx_word' id='word_1_1144' title='bbox 3147 4961 3304 5021; x_wconf 88' lang='lat' dir='ltr'><strong>putas</strong></span> <span class='ocrx_word' id='word_1_1145' title='bbox 3326 4993 3340 5014; x_wconf 95' lang='lat'><strong>,</strong></span> <span class='ocrx_word' id='word_1_1146' title='bbox 3388 4951 3532 5020; x_wconf 91' lang='lat' dir='ltr'><strong>quod</strong></span> <span class='ocrx_word' id='word_1_1147' title='bbox 3573 4950 3861 5019; x_wconf 85' lang='lat' dir='ltr'><strong>proprium</strong></span> 
     </span>
    </p>
   </div>
   <div class='ocr_carea' id='block_1_142' title="bbox 2259 5020 3864 5092">
    <p class='ocr_par' dir='ltr' id='par_1_142' title="bbox 2259 5020 3864 5092">
     <span class='ocr_line' id='line_1_143' title="bbox 2259 5020 3864 5092; baseline 0 -17"><span class='ocrx_word' id='word_1_1148' title='bbox 2259 5040 2364 5075; x_wconf 90' lang='lat' dir='ltr'><strong>non</strong></span> <span class='ocrx_word' id='word_1_1149' title='bbox 2390 5023 2559 5091; x_wconf 76' lang='lat' dir='ltr'><strong>possit</strong></span> <span class='ocrx_word' id='word_1_1150' title='bbox 2590 5032 2643 5074; x_wconf 82' lang='lat' dir='ltr'><strong>ct</strong></span> <span class='ocrx_word' id='word_1_1151' title='bbox 2666 5038 2851 5075; x_wconf 91' lang='lat' dir='ltr'><strong>verum</strong></span> <span class='ocrx_word' id='word_1_1152' title='bbox 2892 5020 2959 5075; x_wconf 89' lang='lat' dir='ltr'><strong>de</strong></span> <span class='ocrx_word' id='word_1_1153' title='bbox 2991 5020 3195 5092; x_wconf 84' lang='lat' dir='ltr'><strong>Spiritu</strong></span> <span class='ocrx_word' id='word_1_1154' title='bbox 3225 5031 3414 5076; x_wconf 91' lang='lat' dir='ltr'><strong>saneto</strong></span> <span class='ocrx_word' id='word_1_1155' title='bbox 3450 5037 3517 5076; x_wconf 81' lang='lat' dir='ltr'><strong>ex</strong></span> <span class='ocrx_word' id='word_1_1156' title='bbox 3548 5021 3713 5074; x_wconf 81' lang='lat' dir='ltr'><strong>Maria</strong></span> <span class='ocrx_word' id='word_1_1157' title='bbox 3741 5022 3864 5092; x_wconf 75' lang='lat' dir='ltr'><strong>vir-</strong></span> 
     </span>
    </p>
   </div>
   <div class='ocr_carea' id='block_1_143' title="bbox 2260 5090 3862 5155">
    <p class='ocr_par' dir='ltr' id='par_1_143' title="bbox 2260 5090 3862 5155">
     <span class='ocr_line' id='line_1_144' title="bbox 2260 5090 3862 5155; baseline 0.001 -12"><span class='ocrx_word' id='word_1_1158' title='bbox 2260 5090 2588 5155; x_wconf 61' lang='lat' dir='ltr'><strong>gini-{uatum</strong></span> <span class='ocrx_word' id='word_1_1159' title='bbox 2616 5093 2814 5148; x_wconf 90' lang='lat' dir='ltr'><strong>habere</strong></span> <span class='ocrx_word' id='word_1_1160' title='bbox 2846 5090 3077 5148; x_wconf 81' lang='lat' dir='ltr'><strong>Filium?</strong></span> <span class='ocrx_word' id='word_1_1161' title='bbox 3116 5113 3133 5143; x_wconf 71' lang='grc' dir='ltr'><strong>ι</strong></span> <span class='ocrx_word' id='word_1_1162' title='bbox 3187 5092 3317 5146; x_wconf 86' lang='lat' dir='ltr'><strong>Item</strong></span> <span class='ocrx_word' id='word_1_1163' title='bbox 3352 5092 3449 5145; x_wconf 91' lang='lat' dir='ltr'><strong>lib.</strong></span> <span class='ocrx_word' id='word_1_1164' title='bbox 3473 5107 3512 5147; x_wconf 88' lang='grc' dir='ltr'><strong>ιι</strong></span> <span class='ocrx_word' id='word_1_1165' title='bbox 3538 5100 3727 5145; x_wconf 89' lang='lat' dir='ltr'><strong>contra</strong></span> <span class='ocrx_word' id='word_1_1166' title='bbox 3752 5090 3862 5145; x_wconf 84' lang='lat' dir='ltr'><strong>Fe-</strong></span> 
     </span>
    </p>
   </div>
   <div class='ocr_carea' id='block_1_144' title="bbox 2262 5147 3859 5231">
    <p class='ocr_par' dir='ltr' id='par_1_144' title="bbox 2262 5147 3859 5231">
     <span class='ocr_line' id='line_1_145' title="bbox 2262 5147 3859 5231; baseline 0.001 -18"><span class='ocrx_word' id='word_1_1167' title='bbox 2262 5147 2415 5215; x_wconf 71' lang='lat' dir='ltr'><strong>licem</strong></span> <span class='ocrx_word' id='word_1_1168' title='bbox 2447 5164 2522 5215; x_wconf 85' lang='lat' dir='ltr'><strong>ait</strong></span> <span class='ocrx_word' id='word_1_1169' title='bbox 2550 5179 2561 5215; x_wconf 95' lang='lat'>:</span> <span class='ocrx_word' id='word_1_1170' title='bbox 2603 5182 2618 5212; x_wconf 85' lang='grc' dir='ltr'><strong>ι</strong></span> <span class='ocrx_word' id='word_1_1171' title='bbox 2652 5147 2756 5216; x_wconf 82' lang='lat' dir='ltr'><strong>Sel</strong></span> <span class='ocrx_word' id='word_1_1172' title='bbox 2784 5163 2941 5225; x_wconf 88' lang='lat' dir='ltr'><strong>dicis,</strong></span> <span class='ocrx_word' id='word_1_1173' title='bbox 2974 5173 3033 5217; x_wconf 93' lang='lat' dir='ltr'><strong>ut</strong></span> <span class='ocrx_word' id='word_1_1174' title='bbox 3062 5164 3113 5216; x_wconf 90' lang='lat' dir='ltr'><strong>in</strong></span> <span class='ocrx_word' id='word_1_1175' title='bbox 3139 5165 3244 5218; x_wconf 91' lang='lat' dir='ltr'><strong>tuis</strong></span> <span class='ocrx_word' id='word_1_1176' title='bbox 3273 5163 3468 5231; x_wconf 76' lang='lat' dir='ltr'><strong>legitur</strong></span> <span class='ocrx_word' id='word_1_1177' title='bbox 3489 5162 3704 5225; x_wconf 88' lang='lat' dir='ltr'><strong>litteris,</strong></span> <span class='ocrx_word' id='word_1_1178' title='bbox 3728 5162 3859 5231; x_wconf 68' lang='lat' dir='ltr'><strong>quia</strong></span> 
     </span>
    </p>
   </div>
   <div class='ocr_carea' id='block_1_145' title="bbox 2261 5229 3859 5302">
    <p class='ocr_par' dir='ltr' id='par_1_145' title="bbox 2261 5229 3859 5302">
     <span class='ocr_line' id='line_1_146' title="bbox 2261 5229 3859 5302; baseline 0 -17"><span class='ocrx_word' id='word_1_1179' title='bbox 2261 5233 2406 5286; x_wconf 80' lang='lat' dir='ltr'><strong>nullo</strong></span> <span class='ocrx_word' id='word_1_1180' title='bbox 2435 5232 2588 5286; x_wconf 80' lang='lat' dir='ltr'><strong>modo</strong></span> <span class='ocrx_word' id='word_1_1181' title='bbox 2625 5234 2939 5288; x_wconf 84' lang='lat' dir='ltr'><strong>credendum</strong></span> <span class='ocrx_word' id='word_1_1182' title='bbox 2967 5244 3065 5296; x_wconf 76' lang='lat' dir='ltr'><strong>est,</strong></span> <span class='ocrx_word' id='word_1_1183' title='bbox 3094 5244 3149 5286; x_wconf 84' lang='lat' dir='ltr'><strong>ut</strong></span> <span class='ocrx_word' id='word_1_1184' title='bbox 3189 5229 3512 5302; x_wconf 75' lang='lat' dir='ltr'><strong>omnipotens</strong></span> <span class='ocrx_word' id='word_1_1185' title='bbox 3563 5231 3706 5286; x_wconf 84' lang='lat' dir='ltr'><strong>Deus</strong></span> <span class='ocrx_word' id='word_1_1186' title='bbox 3741 5229 3859 5302; x_wconf 62' lang='lat' dir='ltr'><strong>Pa-</strong></span> 
     </span>
    </p>
   </div>
   <div class='ocr_carea' id='block_1_146' title="bbox 2261 5300 3858 5374">
    <p class='ocr_par' dir='ltr' id='par_1_146' title="bbox 2261 5300 3858 5374">
     <span class='ocr_line' id='line_1_147' title="bbox 2261 5300 3858 5374; baseline 0.002 -20"><span class='ocrx_word' id='word_1_1187' title='bbox 2261 5313 2353 5363; x_wconf 81' lang='lat' dir='ltr'><strong>ter,</strong></span> <span class='ocrx_word' id='word_1_1188' title='bbox 2378 5305 2467 5373; x_wconf 85' lang='lat' dir='ltr'><strong>qui</strong></span> <span class='ocrx_word' id='word_1_1189' title='bbox 2498 5304 2713 5373; x_wconf 80' lang='lat' dir='ltr'><strong>spiritus</strong></span> <span class='ocrx_word' id='word_1_1190' title='bbox 2740 5315 2835 5364; x_wconf 82' lang='lat' dir='ltr'><strong>cst,</strong></span> <span class='ocrx_word' id='word_1_1191' title='bbox 2860 5304 2922 5357; x_wconf 86' lang='lat' dir='ltr'><strong>de</strong></span> <span class='ocrx_word' id='word_1_1192' title='bbox 2948 5305 3222 5374; x_wconf 64' lang='lat' dir='ltr'><strong>semeiipso</strong></span> <span class='ocrx_word' id='word_1_1193' title='bbox 3263 5300 3473 5357; x_wconf 73' lang='lat' dir='ltr'><strong>carnem</strong></span> <span class='ocrx_word' id='word_1_1194' title='bbox 3503 5312 3729 5374; x_wconf 74' lang='lat' dir='ltr'><strong>generet.</strong></span> <span class='ocrx_word' id='word_1_1195' title='bbox 3756 5300 3858 5357; x_wconf 87' lang='lat' dir='ltr'><strong>Dic</strong></span> 
     </span>
    </p>
   </div>
   <div class='ocr_carea' id='block_1_147' title="bbox 2262 5372 3855 5441">
    <p class='ocr_par' dir='ltr' id='par_1_147' title="bbox 2262 5372 3855 5441">
     <span class='ocr_line' id='line_1_148' title="bbox 2262 5372 3855 5441; baseline 0.001 -16"><span class='ocrx_word' id='word_1_1196' title='bbox 2262 5372 2410 5441; x_wconf 85' lang='lat' dir='ltr'><strong>rogo,</strong></span> <span class='ocrx_word' id='word_1_1197' title='bbox 2432 5374 2475 5428; x_wconf 90' lang='lat' dir='ltr'><strong>si</strong></span> <span class='ocrx_word' id='word_1_1198' title='bbox 2498 5372 2641 5428; x_wconf 88' lang='lat' dir='ltr'><strong>scias</strong></span> <span class='ocrx_word' id='word_1_1199' title='bbox 2670 5384 2719 5431; x_wconf 90' lang='lat' dir='ltr'><strong>te</strong></span> <span class='ocrx_word' id='word_1_1200' title='bbox 2749 5375 2985 5429; x_wconf 89' lang='lat' dir='ltr'><strong>animam</strong></span> <span class='ocrx_word' id='word_1_1201' title='bbox 3008 5372 3228 5439; x_wconf 87' lang='lat' dir='ltr'><strong>habere,</strong></span> <span class='ocrx_word' id='word_1_1202' title='bbox 3250 5391 3316 5428; x_wconf 89' lang='lat' dir='ltr'><strong>an</strong></span> <span class='ocrx_word' id='word_1_1203' title='bbox 3340 5374 3484 5428; x_wconf 87' lang='lat' dir='ltr'><strong>non?</strong></span> <span class='ocrx_word' id='word_1_1204' title='bbox 3508 5372 3855 5437; x_wconf 73' lang='lat' dir='ltr'><strong>Nullateuus,</strong></span> 
     </span>
    </p>
   </div>
   <div class='ocr_carea' id='block_1_148' title="bbox 2262 5443 3859 5515">
    <p class='ocr_par' dir='ltr' id='par_1_148' title="bbox 2262 5443 3859 5515">
     <span class='ocr_line' id='line_1_149' title="bbox 2262 5443 3859 5515; baseline 0.001 -19"><span class='ocrx_word' id='word_1_1205' title='bbox 2262 5452 2409 5498; x_wconf 84' lang='lat' dir='ltr'><strong>tanta</strong></span> <span class='ocrx_word' id='word_1_1206' title='bbox 2433 5454 2518 5499; x_wconf 91' lang='lat' dir='ltr'><strong>est</strong></span> <span class='ocrx_word' id='word_1_1207' title='bbox 2556 5446 2856 5515; x_wconf 88' lang='lat' dir='ltr'><strong>ignorantia</strong></span> <span class='ocrx_word' id='word_1_1208' title='bbox 2888 5446 2940 5499; x_wconf 92' lang='lat' dir='ltr'><strong>in</strong></span> <span class='ocrx_word' id='word_1_1209' title='bbox 2973 5453 3045 5510; x_wconf 91' lang='lat' dir='ltr'><strong>te,</strong></span> <span class='ocrx_word' id='word_1_1210' title='bbox 3070 5455 3128 5499; x_wconf 90' lang='lat' dir='ltr'><strong>ut</strong></span> <span class='ocrx_word' id='word_1_1211' title='bbox 3171 5446 3383 5499; x_wconf 78' lang='lat' dir='ltr'><strong>nescias</strong></span> <span class='ocrx_word' id='word_1_1212' title='bbox 3415 5453 3465 5497; x_wconf 83' lang='lat' dir='ltr'><strong>te</strong></span> <span class='ocrx_word' id='word_1_1213' title='bbox 3492 5444 3729 5515; x_wconf 85' lang='lat' dir='ltr'><strong>animam</strong></span> <span class='ocrx_word' id='word_1_1214' title='bbox 3756 5443 3859 5497; x_wconf 86' lang='lat' dir='ltr'><strong>ha-</strong></span> 
     </span>
    </p>
   </div>
   <div class='ocr_carea' id='block_1_149' title="bbox 2266 5513 3859 5584">
    <p class='ocr_par' dir='ltr' id='par_1_149' title="bbox 2266 5513 3859 5584">
     <span class='ocr_line' id='line_1_150' title="bbox 2266 5513 3859 5584; baseline -0.003 -13"><span class='ocrx_word' id='word_1_1215' title='bbox 2266 5517 2411 5571; x_wconf 89' lang='lat' dir='ltr'><strong>bere.</strong></span> <span class='ocrx_word' id='word_1_1216' title='bbox 2448 5516 2566 5573; x_wconf 84' lang='lat' dir='ltr'><strong>Scis</strong></span> <span class='ocrx_word' id='word_1_1217' title='bbox 2582 5513 2755 5571; x_wconf 78' lang='lat' dir='ltr'><strong>etiam</strong></span> <span class='ocrx_word' id='word_1_1218' title='bbox 2786 5524 2995 5584; x_wconf 88' lang='lat' dir='ltr'><strong>patrem</strong></span> <span class='ocrx_word' id='word_1_1219' title='bbox 3027 5527 3079 5570; x_wconf 90' lang='lat' dir='ltr'><strong>te</strong></span> <span class='ocrx_word' id='word_1_1220' title='bbox 3137 5516 3390 5570; x_wconf 90' lang='lat' dir='ltr'><strong>habuisse</strong></span> <span class='ocrx_word' id='word_1_1221' title='bbox 3431 5513 3707 5569; x_wconf 88' lang='lat' dir='ltr'><strong>carnalem</strong></span> <span class='ocrx_word' id='word_1_1222' title='bbox 3734 5554 3749 5578; x_wconf 97' lang='lat'><strong>,</strong></span> <span class='ocrx_word' id='word_1_1223' title='bbox 3787 5528 3859 5568; x_wconf 70' lang='lat' dir='ltr'><strong>ex</strong></span> 
     </span>
    </p>
   </div>
   <div class='ocr_carea' id='block_1_150' title="bbox 2264 5585 3857 5655">
    <p class='ocr_par' dir='ltr' id='par_1_150' title="bbox 2264 5585 3857 5655">
     <span class='ocr_line' id='line_1_151' title="bbox 2264 5585 3857 5655; baseline -0.001 -16"><span class='ocrx_word' id='word_1_1224' title='bbox 2264 5585 2419 5655; x_wconf 79' lang='lat' dir='ltr'><strong>cujus</strong></span> <span class='ocrx_word' id='word_1_1225' title='bbox 2447 5601 2610 5641; x_wconf 77' lang='lat' dir='ltr'><strong>carne</strong></span> <span class='ocrx_word' id='word_1_1226' title='bbox 2638 5588 2818 5640; x_wconf 87' lang='lat' dir='ltr'><strong>anima</strong></span> <span class='ocrx_word' id='word_1_1227' title='bbox 2841 5602 2959 5655; x_wconf 66' lang='lat' dir='ltr'><strong>qum</strong></span> <span class='ocrx_word' id='word_1_1228' title='bbox 2989 5588 3042 5639; x_wconf 91' lang='lat' dir='ltr'><strong>in</strong></span> <span class='ocrx_word' id='word_1_1229' title='bbox 3073 5595 3125 5640; x_wconf 89' lang='lat' dir='ltr'><strong>te</strong></span> <span class='ocrx_word' id='word_1_1230' title='bbox 3155 5596 3256 5650; x_wconf 81' lang='lat' dir='ltr'><strong>est,</strong></span> <span class='ocrx_word' id='word_1_1231' title='bbox 3283 5602 3388 5640; x_wconf 93' lang='lat' dir='ltr'><strong>non</strong></span> <span class='ocrx_word' id='word_1_1232' title='bbox 3416 5594 3498 5639; x_wconf 89' lang='lat' dir='ltr'><strong>est</strong></span> <span class='ocrx_word' id='word_1_1233' title='bbox 3528 5591 3813 5655; x_wconf 88' lang='lat' dir='ltr'><strong>procreata</strong></span> <span class='ocrx_word' id='word_1_1234' title='bbox 3840 5625 3857 5647; x_wconf 88' lang='lat'><strong>,</strong></span> 
     </span>
    </p>
   </div>
   <div class='ocr_carea' id='block_1_151' title="bbox 2267 5655 3863 5727">
    <p class='ocr_par' dir='ltr' id='par_1_151' title="bbox 2267 5655 3863 5727">
     <span class='ocr_line' id='line_1_152' title="bbox 2267 5655 3863 5727; baseline -0.001 -18"><span class='ocrx_word' id='word_1_1235' title='bbox 2267 5673 2364 5711; x_wconf 86' lang='lat' dir='ltr'><strong>nec</strong></span> <span class='ocrx_word' id='word_1_1236' title='bbox 2388 5667 2664 5727; x_wconf 83' lang='lat' dir='ltr'><strong>generata,</strong></span> <span class='ocrx_word' id='word_1_1237' title='bbox 2701 5666 2759 5710; x_wconf 91' lang='lat' dir='ltr'><strong>ut</strong></span> <span class='ocrx_word' id='word_1_1238' title='bbox 2812 5656 3077 5711; x_wconf 90' lang='lat' dir='ltr'><strong>catholica</strong></span> <span class='ocrx_word' id='word_1_1239' title='bbox 3109 5658 3239 5711; x_wconf 85' lang='lat' dir='ltr'><strong>ﬁdes</strong></span> <span class='ocrx_word' id='word_1_1240' title='bbox 3268 5657 3450 5711; x_wconf 87' lang='lat' dir='ltr'><strong>habet.</strong></span> <span class='ocrx_word' id='word_1_1241' title='bbox 3482 5655 3549 5709; x_wconf 86' lang='lat' dir='ltr'><strong>Et</strong></span> <span class='ocrx_word' id='word_1_1242' title='bbox 3587 5656 3863 5727; x_wconf 91' lang='lat' dir='ltr'><strong>quomodo</strong></span> 
     </span>
    </p>
   </div>
   <div class='ocr_carea' id='block_1_152' title="bbox 2265 5726 3862 5807">
    <p class='ocr_par' dir='ltr' id='par_1_152' title="bbox 2265 5726 3862 5807">
     <span class='ocr_line' id='line_1_153' title="bbox 2265 5726 3862 5807; baseline 0 -28"><span class='ocrx_word' id='word_1_1243' title='bbox 2265 5726 2444 5807; x_wconf 67' lang='lat' dir='ltr'><strong>potest</strong></span> <span class='ocrx_word' id='word_1_1244' title='bbox 2474 5729 2612 5787; x_wconf 84' lang='lat' dir='ltr'><strong>ﬁeri,</strong></span> <span class='ocrx_word' id='word_1_1245' title='bbox 2644 5736 2703 5781; x_wconf 93' lang='lat' dir='ltr'><strong>ut</strong></span> <span class='ocrx_word' id='word_1_1246' title='bbox 2734 5736 2787 5780; x_wconf 92' lang='lat' dir='ltr'><strong>tu</strong></span> <span class='ocrx_word' id='word_1_1247' title='bbox 2818 5728 2928 5807; x_wconf 74' lang='lat' dir='ltr'><strong>ipse</strong></span> <span class='ocrx_word' id='word_1_1248' title='bbox 2961 5736 3106 5782; x_wconf 82' lang='lat' dir='ltr'><strong>totus</strong></span> <span class='ocrx_word' id='word_1_1249' title='bbox 3156 5728 3229 5781; x_wconf 91' lang='lat' dir='ltr'><strong>sis</strong></span> <span class='ocrx_word' id='word_1_1250' title='bbox 3256 5728 3332 5781; x_wconf 90' lang='lat' dir='ltr'><strong>tui</strong></span> <span class='ocrx_word' id='word_1_1251' title='bbox 3380 5726 3551 5807; x_wconf 88' lang='lat' dir='ltr'><strong>patris</strong></span> <span class='ocrx_word' id='word_1_1252' title='bbox 3607 5726 3862 5807; x_wconf 84' lang='lat' dir='ltr'><strong>proprius</strong></span> 
     </span>
    </p>
   </div>
   <div class='ocr_carea' id='block_1_153' title="bbox 2269 5798 3860 5867">
    <p class='ocr_par' dir='ltr' id='par_1_153' title="bbox 2269 5798 3860 5867">
     <span class='ocr_line' id='line_1_154' title="bbox 2269 5798 3860 5867; baseline -0.001 -17"><span class='ocrx_word' id='word_1_1253' title='bbox 2269 5798 2411 5851; x_wconf 88' lang='lat' dir='ltr'><strong>lilius</strong></span> <span class='ocrx_word' id='word_1_1254' title='bbox 2436 5807 2491 5851; x_wconf 83' lang='lat' dir='ltr'><strong>et</strong></span> <span class='ocrx_word' id='word_1_1255' title='bbox 2523 5814 2701 5860; x_wconf 87' lang='lat' dir='ltr'><strong>verus,</strong></span> <span class='ocrx_word' id='word_1_1256' title='bbox 2726 5814 2791 5851; x_wconf 85' lang='lat' dir='ltr'><strong>ex</strong></span> <span class='ocrx_word' id='word_1_1257' title='bbox 2823 5798 2974 5867; x_wconf 82' lang='lat' dir='ltr'><strong>cujus</strong></span> <span class='ocrx_word' id='word_1_1258' title='bbox 2998 5812 3162 5852; x_wconf 84' lang='lat' dir='ltr'><strong>carne</strong></span> <span class='ocrx_word' id='word_1_1259' title='bbox 3188 5806 3277 5851; x_wconf 89' lang='lat' dir='ltr'><strong>tua</strong></span> <span class='ocrx_word' id='word_1_1260' title='bbox 3309 5798 3488 5851; x_wconf 90' lang='lat' dir='ltr'><strong>anima</strong></span> <span class='ocrx_word' id='word_1_1261' title='bbox 3521 5811 3627 5852; x_wconf 90' lang='lat' dir='ltr'><strong>non</strong></span> <span class='ocrx_word' id='word_1_1262' title='bbox 3658 5804 3741 5850; x_wconf 90' lang='lat' dir='ltr'><strong>est</strong></span> <span class='ocrx_word' id='word_1_1263' title='bbox 3767 5809 3860 5867; x_wconf 77' lang='lat' dir='ltr'><strong>ge-</strong></span> 
     </span>
    </p>
   </div>
   <div class='ocr_carea' id='block_1_154' title="bbox 2268 5866 3862 5941">
    <p class='ocr_par' dir='ltr' id='par_1_154' title="bbox 2268 5866 3862 5941">
     <span class='ocr_line' id='line_1_155' title="bbox 2268 5866 3862 5941; baseline -0.001 -19"><span class='ocrx_word' id='word_1_1264' title='bbox 2268 5870 2490 5924; x_wconf 82' lang='lat' dir='ltr'><strong>nerata?</strong></span> <span class='ocrx_word' id='word_1_1265' title='bbox 2515 5870 2579 5922; x_wconf 87' lang='lat' dir='ltr'><strong>At</strong></span> <span class='ocrx_word' id='word_1_1266' title='bbox 2629 5870 2672 5924; x_wconf 88' lang='lat' dir='ltr'><strong>si</strong></span> <span class='ocrx_word' id='word_1_1267' title='bbox 2704 5866 2937 5941; x_wconf 87' lang='lat' dir='ltr'><strong>teipsum</strong></span> <span class='ocrx_word' id='word_1_1268' title='bbox 2981 5869 3291 5926; x_wconf 88' lang='lat' dir='ltr'><strong>consentias</strong></span> <span class='ocrx_word' id='word_1_1269' title='bbox 3318 5867 3598 5937; x_wconf 85' lang='lat' dir='ltr'><strong>proprium</strong></span> <span class='ocrx_word' id='word_1_1270' title='bbox 3644 5880 3767 5922; x_wconf 86' lang='lat' dir='ltr'><strong>esse</strong></span> <span class='ocrx_word' id='word_1_1271' title='bbox 3797 5866 3862 5921; x_wconf 87' lang='lat' dir='ltr'><strong>li-</strong></span> 
     </span>
    </p>
   </div>
  </div>
