4122 6608
224 535 330 590 445

1172 534 1562 594 LITURCICA.
1603 563 1668 574 —
1707 531 1907 588 LIBER
1946 527 2581 586 SACRAMENTORUM.

3391 520 3496 575 “6

223 647 420 702 leiana.
471 646 566 702 Est
595 647 850 702 nimirum
885 662 1017 703 vero
1050 648 1268 703 nomine
1293 647 1585 703 Cundrada
1605 688 1620 712 ,
1652 662 1808 702 soror
1835 650 1883 708 Δ
1912 653 2077 701 tatem
2112 645 2601 714 necessitatemque
2627 643 2785 714 docet
2815 641 3144 714 pmiiitendi_,
3175 647 3335 714 atque
3359 652 3494 693 con-

223 717 282 788 ξ.
311 717 605 788 Adalhardi
642 718 856 774 abbatis
899 718 1263 784 Corbeiensis,
1291 726 1647 788 cognomento
1678 731 1809 772 vero

220 787 453 854 Eulalia,
476 796 539 871 ut
567 789 680 870 jam
727 788 1275 871 adhancnepistolam
1315 787 1810 871 notavimus._Vitaa

219 857 1501 1012 mentas;sangfsiststaas‘

221 998 421 1068 inquit.
452 1001 522 1053 ad
548 997 895 1054 Cundradam
925 1000 989 1054 de
1025 997 1217 1055 dnimté
1245 998 1485 1055 Ratione.
1518 1019 1536 1050 ι
1576 997 1812 1067 Querce-

221 1077 387 1140 tanus
404 1071 543 1125 hanc
563 1069 844 1140 epistolam
867 1070 1151 1140 descripsit
1168 1086 1237 1126 ex
1259 1070 1494 1125 editione
1507 1068 1814 1124 Coloniensi

219 1139 351 1193 anni
395 1140 552 1196 l598.
600 1139 710 1195 Nos
744 1139 1149 1196 emendavimus
1187 1157 1219 1196 e
1263 1141 1420 1196 codd.
1462 1156 1617 1205 mss.,
1647 1150 1703 1194 et
1743 1155 1811 1194 ex

220 1224 333 1281 uno
353 1209 691 1267 bibliothecae
705 1211 1042 1281 celeberrimi
1061 1211 1374 1266 monasterii
1390 1211 1812 1281 Tegernseensis

221 1277 472 1361 addimus
500 1296 753 1361 carmen:
799 1280 940 1361 Quid
969 1283 1183 1361 mystice
1205 1277 1515 1361 signiﬁcent
1537 1279 1726 1361 palma:
1756 1281 1812 1334 in

221 1350 468 1422 manibus
506 1353 698 1422 gestari
744 1352 931 1417 solitae,
973 1349 1117 1420 quod
1155 1353 1222 1408 ad
1266 1349 1507 1408 eamdem
1541 1349 1811 1422 virginem

219 1420 490 1491 scripwm
515 1420 683 1478 nobis
724 1423 1067 1493 videturalﬂx
1099 1424 1200 1478 hac
1227 1422 1459 1493 epistola
1506 1420 1687 1493 aliqua
1731 1421 1814 1474 in-

221 1500 370 1576 serta
396 1501 524 1576 sunt
552 1493 804 1576 tractatui
855 1492 1164 1576 doSpiritu
1203 1491 1275 1576 et
1295 1491 1508 1576 Anima,
1633 1493 1814 1562 Augu-

221 1561 369 1617 stino
395 1561 685 1632 aliquando
713 1563 912 1618 tributo
938 1561 1266 1634 in’Append.
1290 1565 1357 1618 ad
1382 1561 1502 1631 ejus
1523 1561 1740 1632 Opera;

225 1698 263 1714 η
293 1628 534 1714 Partem-
562 1634 704 1714 hanc
729 1633 963 1714 denique
998 1633 1202 1689 claudit
1227 1633 1465 1714 Epistola
1502 1631 1569 1687 ad
1609 1647 1810 1714 pueros

223 1698 288 1757 S.
321 1701 538 1758 Martini
565 1704 633 1760 de
653 1698 1005 1761 Confessione
1031 1698 1375 1773 pecratorum
1394 1744 1413 1768 ,
1451 1704 1506 1759 in
1532 1698 1633 1770 qua
1665 1703 1810 1757 utili-

1916 717 2098 772 titendi
2129 726 2347 786 peccata
2367 729 2467 786 sua
2483 710 2871 786 sacerdotibus.
2893 712 3040 768 Hanc
3052 710 3330 786 epistolam
3346 716 3496 786 post-

1916 801 1980 842 ea
2021 778 2184 841 etiam
2227 785 2372 840 misit
2403 784 2472 838 ad
2496 783 2934 854 Salisburgenses
2953 778 3140 853 rogatu
3163 790 3218 836 et
3241 778 3496 854 instantia

1915 856 2184 921 Arnonis;
2217 855 2339 912 vide
2365 856 2524 922 epist.
2559 854 2663 909 152
2693 849 2905 909 et'l55.
2938 849 3140 922 De'qua
3173 849 3498 922 necessitate

1917 919 2276 984 confessioitis
2295 919 2464 996 multo
2481 925 2631 996 plura
2661 925 2808 996 legas
2837 925 2888 996 in
2912 919 3136 996 epistola
3151 921 3284 996 J34,
3309 921 3376 976 ad
3394 919 3500 996 fra—

1918 1008 2030 1053 tres
2067 998 2122 1054 in
2150 995 2423 1068 provincia
2460 990 2786 1068 Gothorum.
2817 990 3196 1068 Confessionis
3230 1006 3361 1068 vero
3388 990 3500 1046 for-

1918 1067 2096 1124 mulas
2121 1063 2426 1139 p‘raesctibit
2456 1065 2594 1139 infra
2623 1068 2676 1120 in
2703 1065 2889 1139 libello
2911 1066 2978 1120 de
3000 1063 3113 1122 Usu
3139 1063 3494 1135 psalmorum,

1912 1154 2060 1193 num.
2095 1136 2147 1194 9'.
2184 1137 2312 1193 Inde
2338 1136 2621 1198 discimus,
2650 1137 2909 1192 adversus
2942 1143 3158 1192 nostros
3183 1141 3493 1196 novatores,

1910 1209 2045 1279 legis
2056 1219 2110 1264 et
2123 1207 2265 1279 modi
2277 1207 2632 1279 confessionis
2644 1207 2964 1279 auricularis
2974 1213 3296 1279 vetustatem
3311 1211 3365 1259 et
3375 1218 3499 1258 con-

1913 1273 2146 1336 stantem
2173 1279 2228 1334 in
2258 1276 2499 1335 Ecclesia
2530 1277 2950 1333 observantiam.
2975 1277 3097 1332 Vid.
3122 1273 3321 1330 Mabill.
3357 1287 3498 1336 prae-

1913 1349 2009 1404 fat.
2036 1351 2104 1421 ad
2135 1357 2274 1421 part.
2293 1365 2319 1421 _1
2341 1363 2466 1404 saec.
2493 1365 2554 1404 ιιι
2580 1347 2820 1421 Bened.L
2840 1348 3046 1421 pag._9.
3079 1346 3331 1421 canisius
3355 1346 3496 1421 hanc

1911 1413 2194 1490 epistolam
2221 1419 2429 1490 primus
2447 1433 2479 1473 e
2502 1419 2624 1490 cod.
2652 1434 2756 1474 ms.
2787 1413 2856 1490 εξ
2870 1413 3023 1490 Calli
3036 1417 3197 1482 eruit,
3236 1424 3400 1490 atque
3437 1413 3493 1470 in

1915 1483 2088 1547 lucem
2133 1483 2280 1545 dedit
2326 1496 2456 1561 tom.
2497 1488 2614 1561 ‘Vl,
2658 1503 2782 1561 pag.
2834 1488 3105 1561 533-328,
3143 1486 3287 1561 unde
3312 1483 3494 1542 'illam

1916 1505 2088 1547 lucem
2133 1505 2280 1545 aeun
2326 1505 2456 1545 tom.
2521 1505 2614 1554 γι,
2658 1505 2724 1561 pa
2770 1530 2782 1543 .
2835 1505 3105 1554 asa-au,
3143 1505 3287 1543 unae
3346 1505 3494 1542 mam

1915 1561 2314 1642 Quereetanus_
2333 1558 2638 1642 descripsit:
2700 1505 2809 1616 ὥς
2857 1559 2950 1642 hic
2995 1573 3098 1642 ope
3132 1557 3300 1642 codd.
3324 1567 3524 1642 “mss.

1915 1627 2180 1758 qgtisdam
2217 1629 2460 1688 defectus
2487 1627 2828 1713 supplemus,
2853 1637 2912 1686 et
2936 1627 3211 1686 variantes
3238 1627 3496 1684 lectiones

1917 1719 1946 1756 2
1991 1719 2218 1758 llClmtlS.

1917 1719 2218 1774 aujtctmus.

988 1985 1048 2058 θ
1161 1967 1606 2087 OPUSC
1625 1968 2033 2084 ULUM
2100 1965 2706 2083 PRIMUM.

852 2228 1320 2333 LIBER

747 2538 976 2596 CAPUT
1009 2536 1300 2593 PRIMUM.

223 2675 326 2734 Die
351 2675 644 2741 Dontinico,
675 2674 836 2730 missa
864 2673 929 2726 de
946 2681 1129 2726 sancta
1159 2669 1418 2741 Trinitatc
1446 2663 1529 2740 [8.
1553 2666 1809 2736 Crcgor.,

671 2745 728 2799 in
759 2742 959 2799 Octava
989 2737 1362 2811 Pentecostes].

297 2879 652 2950 Omnipotens
687 2877 1020 2948 sempiterno
1047 2874 1208 2939 Deus,
1239 2873 1332 2944 qui
1360 2871 1556 2926 dedisti
1597 2867 1812 2923 famulis

225 2974 336 3030 tuis
357 2973 412 3028 in
439 2970 781 3028 wnfessione
803 2985 947 3025 vera:
969 2967 1115 3034 tidei,
1141 2976 1359 3021 κιαι-ηπ
1387 2963 1672 3019 Trinitatis
1697 2962 1811 3032 glo-

226 3065 368 3122 riam
415 3077 730 3135 agnoscere,
771 3071 828 3116 et
864 3061 918 3114 in
959 3057 1198 3130 potentia
1243 3055 1542 3126 majestatis
1581 3053 1811 3107 adorare

225 3160 518 3223 unitatem;
544 3169 876 3227 quaesumus,
913 3161 974 3207 ut
1014 3148 1256 3220 ejusdem
1294 3147 1416 3203 fidei
1460 3147 1716 3201 firmitate
1739 3145 1809 3200 ab

222 3250 477 3306 omnibus
502 3262 718 3318 semper
743 3244 1053 3300 muniamur
1073 3240 1334 3297 adversis.
1363 3238 1486 3293 Per.

300 3338 536 3396 Secreta.
597 3333 887 3392 Sanctiﬁca
908 3371 924 3399 ,
976 3345 1318 3402 quaesumus,
1371 3319 1596 3384 Domine
1643 3327 1806 3392 Dens,

225 3448 324 3502 per
349 3432 426 3486 tui
466 3431 704 3486 nominis
736 3425 1132 3483 invocationem
1164 3421 1359 3496 [Idem,
1393 3437 1492 3492 per
1535 3419 1808 3489 Unigcniti

226 3525 306 3580 tui
349 3519 650 3594 virtutem],
688 3519 848 3589 hujus
889 3514 1179 3572 oblationis
1217 3513 1464 3576 hostiam,
1511 3521 1567 3566 et
1609 3525 1804 3580 coope-

225 3623 382 3672 rante
422 3613 626 3685 Spiritu
657 3619 847 3669 sancto
879 3625 978 3680 per
1015 3624 1136 3664 eam
1165 3605 1524 3675 nosmetipsos
1553 3603 1646 3657 tibi
1685 3618 1807 3672 per-

223 3707 328 3763 ﬁw
354 3722 550 3762 munus
572 3713 852 3760 mternum.
885 3701 1009 3757 Per.

297 3795 576 3868 Praefatio.
631 3795 862 3867 Dignum
901 3802 957 3850 et
988 3791 1195 3862 justum
1226 3799 1344 3857 est,
1375 3806 1566 3860 usque,
1605 3795 1807 3844 :eterne

1449 2218 2904 2329 SACRAMENTORUM.

1839 2532 1884 2592 Β
1988 2525 2266 2598 Sequentia
2296 2527 2468 2578 sancti
2498 2523 2769 2596 Evangelii
2799 2528 3085 2581 secundum
3116 2527 3398 2581 Joannem.
3438 2525 3495 2582 ln

1910 2620 2004 2675 illo
2022 2629 2284 2689 tempore,
2308 2618 2447 2673 dixit
2465 2617 2623 2674 Jesus
2644 2620 2923 2690 discipulis
2946 2621 3058 2677 suis
3085 2642 3097 2675 :
3128 2621 3262 2677 Cum
3289 2622 3493 2677 venerit

1908 2710 2238 2776 Paracletus,
2265 2725 2425 2779 quem
2448 2725 2548 2781 ego
2571 2710 2782 2765 mittam
2809 2711 2961 2766 vobis
2985 2727 3017 2766 a
3044 2711 3205 2768 Patre
3229 2711 3494 2780 Spiritum

1910 2800 2176 2856 veritatis.

2055 2893 2221 2948 Missa
2248 2893 2313 2947 de
2334 2895 2507 2964 gratia
2535 2895 2706 2949 sancti
2741 2892 2972 2966 Spiritus
2997 2895 3339 2966 postulanda.

1978 2982 2141 3050 Deus,
2183 2984 2271 3038 cui
2309 3000 2470 3040 omne
2514 2999 2610 3040 cor
2640 2993 2808 3055 patet,
2857 2993 2912 3041 et
2935 2987 3114 3043 omnis
3139 2986 3390 3043 voluntas
3417 2989 3496 3045 lo-

1907 3075 2114 3146 quitur,
2150 3085 2205 3131 et
2226 3093 2388 3146 quem
2416 3077 2624 3132 nullum
2649 3078 2784 3132 latet
2820 3086 3112 3146 secretum,
3141 3079 3369 3149 purifica
3400 3096 3500 3152 per

1908 3173 2231 3230 inlusionem
2257 3175 2428 3230 sancti
2453 3174 2690 3246 Spiritus
2711 3176 3067 3248 cogitationes
3095 3177 3274 3233 cordis
3299 3177 3492 3243 nostri,

1907 3277 1969 3322 ut
1993 3268 2230 3337 perfecte
2275 3279 2329 3322 te
2357 3268 2600 3340 diligere,
2635 3277 2688 3324 te
2712 3269 2872 3340 digne
2907 3267 3129 3324 laudare
3165 3285 3493 3325 mereamur.

1907 3357 2029 3413 Per.
2918 3424 2927 3432 _
3259 3405 3265 3418 ί

1980 3449 2212 3506 Secreta.
2260 3451 2384 3508 [late
2409 3452 2631 3517 oblatio,
2667 3451 2893 3508 Domine
2918 3451 3084 3517 Deus,
3116 3453 3297 3508 cordis
3322 3451 3492 3507 nostri

1907 3545 2146 3599 maculas
2184 3546 2460 3624 cmundet,
2507 3554 2566 3599 ut
2604 3547 2778 3601 sancti
2816 3545 3051 3614 Spiritus
3095 3544 3256 3616 digna
3295 3543 3494 3601 cilicia-

1908 3643 1997 3688 tur
2035 3635 2318 3692 habitatio.
2365 3636 2487 3691 Per.
2517 3677 2530 3689 .
2566 3677 2578 3690 .
2629 3638 2682 3691 in
2727 3637 2933 3692 unitate
2975 3637 3218 3707 ejusdem
3261 3636 3495 3706 Spiritus

1907 3728 2101 3782 sancti.

1978 3812 2255 3887 Pratfatio.
2305 3814 2536 3890 Dignum
2581 3826 2638 3873 et
2680 3816 2888 3888 justum
2921 3827 3024 3885 est,
3063 3836 3244 3889 usque,
3293 3827 3493 3875 :ctcrnc

223 3889 386 3946 Deus.
409 3887 513 3957 Qui
538 3902 662 3944 cum
687 3883 963 3957 unigenito
985 3883 1122 3938 Filio
1159 3891 1252 3937 tuo
1274 3890 1331 3936 et
1357 3879 1562 3951 Spiritu
1594 3889 1804 3942 sancto,

1910 3907 2069 3961 Deus.
2095 3908 2196 3973 Qui
2223 3908 2444 3978 inspicis
2464 3907 2848 3978 cogitationum
2874 3918 3106 3975 secreta,
3129 3919 3184 3964 et
3208 3911 3294 3964 cui
3316 3909 3494 3964 omnis

223 3994 364 4037 unus
391 3995 450 4034 es
476 3978 642 4042 Deus,
673 3993 812 4032 unus
831 3990 892 4030 es
915 3975 1193 4038 Dominus,
1218 3989 1324 4028 non
1351 3972 1406 4027 in
1432 3973 1592 4026 unius
1619 3972 1802 4042 singu-

222 4073 441 4129 laritate
467 4087 732 4143 personat,
764 4068 858 4125 sed
888 4071 944 4124 in
973 4052 1137 4123 unius
1165 4068 1431 4122 Trinitate
1460 4067 1798 4122 substantite.

221 4165 376 4234 Quod
401 4163 545 4219 enim
572 4162 641 4218 de
681 4169 769 4215 tua
792 4160 964 4232 gloria
990 4158 1266 4214 revelante
1294 4165 1346 4213 te
1375 4157 1670 4222 credimus,
1699 4157 1802 4212 hoc

222 4257 292 4314 de
317 4253 457 4311 Filio
495 4261 609 4319 tuo,
642 4253 743 4308 hoc
767 4253 835 4308 de
862 4251 1068 4321 Spiritu
1105 4258 1299 4306 sancto
1341 4249 1460 4306 sine
1496 4247 1800 4304 dill'erentia

219 4347 566 4406 discretionis
596 4345 788 4419 uitem,
814 4345 932 4401 sine
963 4343 1281 4398 tlitlercntiae
1300 4341 1650 4414 discretione]
1678 4355 1801 4396 sen—

220 4442 419 4509 timus;
460 4449 519 4498 ut
547 4440 610 4496 'in
653 4437 991 4496 confessione
1027 4438 1371 4508 sempiterna!
1417 4434 1614 4508 ﬁdem,
1658 4451 1801 4490 verte

219 4532 690 4607 sempiternzeque]
721 4532 975 4595 Deitatis,
1014 4539 1070 4585 et
1097 4531 1150 4585 in
1188 4530 1436 4600 personis
1467 4528 1796 4600 proprietas,

217 4635 276 4683 et
303 4626 359 4682 in
385 4625 622 4681 essentia
651 4623 851 4690 unitas,
873 4623 1009 4678 etin
1035 4619 1316 4691 majestate
1341 4619 1597 4696 adoretur
1617 4633 1799 4690 aequa-

217 4718 367 4774 litas.
396 4716 566 4785 Quem
590 4715 830 4771 laudant.

289 4813 342 4884 7
381 4809 774 4867 Postcommun.
800 4805 1055 4864 Proﬁciat
1084 4805 1241 4863 nobis
1262 4804 1327 4860 ad
1347 4803 1577 4859 salutem
1603 4816 1798 4871 corpo-

216 4905 297 4960 ris
318 4910 374 4958 et
400 4903 611 4964 animae,
639 4899 864 4956 Domine
889 4900 1050 4963 Deus,
1082 4896 1241 4964 hujus
1264 4893 1588 4952 sacramenti
1615 4907 1800 4947 susce-

214 4995 333 5065 ptio
355 5003 412 5048 et
440 4990 783 5060 sempiternae
809 4988 1089 5046 Trinitatis
1121 4985 1390 5042 confessio
1416 4984 1618 5057 ﬁdem,
1658 4997 1800 5037 sem-

217 5071 426 5159 pilorna
449 5091 652 5140 sanctae
663 5083 963 5150 Trinitatis,
982 5081 1332 5151 eiusdemque
1353 5079 1644 5136 individua!
1666 5077 1799 5134 Uni-

215 5179 346 5237 tatis
371 5173 684 5249 confessio].
716 5176 837 5230 Per.

285 5271 427 5327 Atia.
459 5269 685 5326 Domine
700 5270 844 5324 Deus
864 5269 1025 5324 Pater
1045 5267 1411 5337 omnipotens,
1435 5263 1665 5319 famulos
1683 5271 1792 5317 tum
1821 5257 1870 5314 D

214 5362 482 5433 majestati
508 5360 783 5431 subjectos
815 5373 915 5430 per
940 5358 1156 5414 unicum
1187 5356 1382 5411 Filium
1416 5362 1572 5410 tuum
1601 5354 1656 5408 in
1683 5354 1794 5407 vir-

215 5463 332 5510 tute
358 5454 530 5510 sancti
575 5451 809 5522 Spiritus
843 5450 1069 5508 benedic
1094 5458 1152 5504 et
1177 5455 1420 5517 protege,
1458 5455 1518 5501 ut
1548 5447 1617 5501 ab
1643 5443 1792 5500 omni

213 5549 372 5603 hoste
398 5543 576 5600 securi
605 5543 658 5599 in
687 5552 780 5598 tua
801 5542 1003 5614 iugiter
1025 5539 1183 5596 laude
1209 5530 1470 5593 laetemur.
1513 5537 1618 5592 Per
1636 5551 1794 5592 cum-

212 5637 360 5693 dem.

284 5727 459 5783 Lectio
500 5726 753 5800 Epistula
797 5725 934 5780 beati
965 5721 1126 5778 Pauli
1165 5720 1389 5790 apostoli
1429 5720 1500 5773 ad
1549 5717 1786 5772 Corinth.

213 5817 466 5884 Fratres,
507 5818 682 5890 gratia
719 5815 932 5872 Domini
982 5813 1153 5870 nostri
1181 5811 1308 5867 Jesu
1344 5809 1543 5865 Christi
1566 5817 1622 5863 ct
1663 5811 1792 5863 cha-

218 5911 350 5965 ritas
376 5909 504 5974 Dei,
529 5917 587 5964 et
626 5905 1044 5964 communicatio
1069 5902 1243 5958 sancti
1286 5901 1521 5970 Spiritus
1560 5901 1631 5956 sit
1669 5915 1791 5955 cum

216 6002 465 6058 omnibus
489 6000 662 6056 nobis.

1903 4008 2106 4054 nostra:
2137 3998 2334 4052 mentis
2375 3998 2601 4052 intentio
2636 3999 2988 4067 providentiae
3019 4008 3122 4056 tute
3149 4000 3382 4070 patescit
3409 4000 3491 4054 in-

1905 4088 2065 4152 tuitu,
2098 4086 2308 4156 respice
2332 4087 2599 4157 propitius
2620 4102 2820 4142 arcana
2841 4089 3024 4144 cordis
3067 4089 3238 4144 nostri
3263 4089 3486 4155 cubilia,

1900 4188 1957 4234 et
1983 4180 2156 4235 sancti
2200 4179 2438 4250 Spiritus
2467 4196 2590 4236 rore
2616 4193 2833 4238 nostras
2861 4183 3086 4254 purifica
3108 4187 3487 4257 cogitationes,

1899 4279 1961 4323 ut
2001 4281 2104 4324 tua:
2139 4269 2417 4340 ‘majestati
2463 4270 2625 4343 digna
2669 4273 2970 4344 cogitemus
3002 4283 3058 4330 et
3098 4289 3341 4346 agamus.
3385 4277 3488 4332 Per

1901 4363 2198 4419 Christum.

1973 4453 2292 4510 Postcomm.
2335 4454 2674 4512 Sacrificium
2724 4457 2912 4512 salutis
2958 4466 3159 4514 nostra:
3209 4459 3306 4513 tibi
3355 4457 3492 4514 offe-

1899 4554 2111 4613 rentes,
2166 4547 2403 4602 concede
2458 4547 2646 4608 nobis,
2692 4545 2918 4602 Domine
2958 4546 3136 4614 Deus,
3185 4548 3487 4619 purificatis

1898 4638 2171 4694 mentibus
2208 4639 2404 4710 saepius
2436 4647 2543 4694 tua:
2566 4638 2786 4708 pietatis
2827 4639 3104 4695 celebrare
3142 4641 3481 4712 mysterium.

1900 4728 2023 4784 Per.

1970 4821 2111 4878 Alia.
2146 4823 2415 4887 Concede,
2435 4836 2764 4890 quzesumus,
2795 4821 3135 4892 omnipotens
3157 4822 3320 4885 Deus,
3361 4838 3484 4877 san-

1899 4925 2047 4972 ctum
2083 4917 2238 4971 nobis
2269 4915 2533 4986 Spiritum
2572 4915 2715 4969 votis
2759 4930 3071 4984 promerere
3101 4915 3322 4979 sedulis,
3353 4931 3484 4984 qua-

1900 5016 2058 5062 tenus
2085 5005 2203 5075 ejus
2237 5007 2408 5077 gratis
2447 5005 2519 5060 ab
2558 5006 2810 5060 omnibus
2839 5005 3131 5060 liberemur
3172 5007 3484 5061 tentationi-

1841 5153 1862 5162 .,
1897 5097 2018 5164 bus,
2051 5108 2110 5154 et
2131 5109 2478 5168 peccatorum
2511 5107 2822 5154 nostrorum
2868 5098 3254 5168 indulgentiam
3284 5115 3480 5154 consc-

1900 5206 2152 5263 quamur.
2183 5190 2353 5247 Per...
2377 5191 2430 5246 in
2461 5192 2667 5245 unitate
2681 5191 2926 5260 ejusdem
2949 5191 3189 5261 Spiritus
3214 5193 3407 5248 sancti.

2267 5324 2402 5379 Item
2429 5323 2590 5378 missa
2616 5323 2787 5377 sancti
2815 5321 3117 5394 Augustini.

1964 5440 2042 5496 Da
2086 5439 2239 5501 mihi,
2289 5439 2536 5504 Domine,
2589 5437 2862 5509 peccatori
2902 5436 3322 5503 confessionem,
3360 5456 3482 5511 quae

1894 5533 1991 5588 tibi
2027 5533 2099 5588 sit
2143 5531 2381 5601 placita;
2413 5529 2624 5599 parturi
2666 5530 2720 5583 in
2761 5530 2927 5588 corde
2956 5544 3079 5586 meo
3120 5533 3480 5588 enarrationis

1900 5623 2150 5696 gemitus,
2181 5623 2275 5690 qui
2305 5637 2464 5676 aures
2499 5621 2708 5689 possint
2742 5619 2959 5690 pulsare
2989 5629 3126 5675 tuas.
3180 5621 3258 5675 Da
3286 5626 3482 5679 mentis

1896 5714 2273 5776 intentionem,
2316 5727 2423 5781 qua
2469 5711 2761 5780 suscipiam
2809 5709 3133 5781 profundam
3181 5711 3478 5768 bonitatem

1899 5816 2050 5860 tuam
2091 5804 2144 5858 in
2174 5802 2476 5857 humilitate
2503 5803 2700 5857 cordis.
2733 5801 2913 5872 Ipsum
2951 5802 3102 5865 mihi,
3141 5803 3385 5868 Domine,
3411 5805 3478 5860 da

1898 5895 2131 5966 precari,
2163 5893 2306 5963 quod
2337 5902 2386 5947 te
2424 5893 2611 5948 audire
2641 5892 2893 5960 delectet,
2927 5903 2989 5950 ut
3024 5903 3269 5962 pnestes.
3301 5895 3481 5966 Ipsum

1903 5987 2096 6041 animzc
2125 6001 2256 6040 mea:
2302 5985 2499 6050 insere,
2529 5992 2589 6039 ut
2621 5981 2767 6053 jugis
2791 5983 3076 6039 delectatio
3099 6001 3217 6039 mea
3244 5985 3358 6054 ipso
3383 5987 3484 6043 sis.
