4122 6590
477 370 582 425 N7

479 490 558 546 Ib
584 484 716 540 mihi
738 482 1010 553 lacrymas
1028 493 1098 534 es
1130 484 1225 531 tuo
1264 471 1461 528 affectu
1489 471 1753 533 internas,
1783 479 1908 537 quae
1945 475 2072 532 pec-
2103 465 2149 522 Α

475 591 728 636 ratorum
773 588 1018 631 uicinum
1067 575 1294 641 possunt
1325 561 1607 621 exsolvere
1633 559 1869 616 vincula.
1907 555 2068 618 Audi,

481 672 628 725 illqu
651 682 826 732 meus,
847 665 972 720 audi
995 661 1178 718 lumen
1203 657 1486 714 oculorum
1512 667 1782 716 meorum,
1809 648 1935 704 audi
1956 661 2079 716 qua:

479 773 629 832 peto.
655 766 714 816 et
730 758 798 814 da
819 771 942 828 qua:
966 761 1151 826 petam
1173 759 1234 805 ut
1260 747 1470 804 audias.
1501 743 1560 800 Si
1583 742 1728 798 enim
1753 735 2077 810 dispexeris,

481 827 678 926 pereo;
716 850 766 907 si
805 827 1133 918 respexeris,
1160 841 1304 898 vivo.
1355 838 1414 894 Si
1449 837 1600 909 iuste
1641 847 1727 889 me
1757 827 2080 892 intenderis,

483 919 732 1003 mortuus
757 941 922 998 (eteo.
965 938 1026 995 Si
1051 931 1485 993 misericordiam
1522 924 1853 999 respexeris,
1901 919 2080 976 feten-

483 1051 596 1097 tem
635 1037 869 1094 suscitas
905 1033 975 1091 de
1015 1027 1286 1101 sepulcro.
1335 1025 1394 1082 Si
1434 1020 1574 1078 maia
1603 1015 1912 1090 respexeris
1936 1028 2081 1078 mea,

484 1139 725 1188 tartarea
753 1133 1025 1184 tormenta
1062 1123 1156 1178 vix
1189 1117 1483 1176 sulliciunt.
1521 1113 1580 1170 Si
1603 1113 1808 1184 pietate
1831 1103 2084 1164 intendas

484 1224 669 1287 solita,
701 1219 908 1294 poteris
936 1221 1278 1276 commutare
1299 1212 1354 1264 in
1396 1207 1613 1264 melius.
1639 1202 1782 1272 Quid
1818 1215 1928 1256 non
1953 1198 2082 1254 mali

483 1314 626 1385 ego?
649 1314 758 1368 Aut
784 1309 919 1382 quid
939 1323 1050 1366 non
1091 1306 1219 1365 boni
1255 1303 1350 1358 tu?
1384 1299 1525 1369 Quid
1547 1313 1657 1353 non
1687 1293 1814 1385 mali
1842 1307 1944 1365 ego
1966 1305 2087 1347 cor-

485 1384 762 1477 ruptibilis
806 1398 1094 1458 creatura?
1137 1395 1281 1464 Quid
1323 1408 1431 1449 non
1475 1388 1605 1446 boni
1653 1396 1710 1444 tu
1755 1384 1986 1443 Creator
2031 1388 2087 1438 et

487 1508 756 1556 creatura:
802 1493 1036 1551 auctor?
1079 1488 1266 1548 Cecidi
1315 1489 1384 1542 de
1420 1498 1588 1540 manu
1626 1489 1720 1536 tua
1762 1477 1894 1533 vitio
1920 1490 2084 1531 meo:

485 1603 685 1664 potens
707 1607 771 1648 es
798 1588 998 1646 artifex
1028 1586 1126 1643 tibi
1158 1584 1356 1640 iterum
1383 1580 1642 1653 placitum
1670 1577 1926 1648 ﬁgurare.
1954 1570 2088 1628 Cor-

489 1684 608 1756 ripe
645 1697 733 1739 me
776 1682 832 1737 in
876 1676 1278 1741 misericordia,
1319 1689 1391 1730 ne
1427 1673 1678 1735 deseras,
1719 1681 1895 1736 neque
1922 1665 1977 1722 in
2006 1665 2088 1720 ira

488 1773 775 1844 corripias.
816 1771 973 1839 Quod
1027 1769 1150 1826 odis
1189 1766 1247 1821 in
1291 1779 1418 1827 mc,
1486 1759 1675 1832 procul
1724 1758 1810 1814 l'ac
1866 1773 1897 1812 a
1949 1771 2038 1811 me
2065 1795 2079 1816 ,

488 1875 546 1922 et
568 1867 622 1922 in
649 1872 742 1920 tua
771 1861 1048 1919 voluntate
1088 1855 1306 1914 intende
1341 1856 1395 1910 in
1440 1868 1545 1910 me.
1578 1851 1802 1906 Hostem
1843 1846 2087 1904 libidinis

494 1957 694 2029 repelle
727 1971 760 2011 a
788 1971 895 2021 me,
923 1961 980 2009 et
1015 1951 1283 2008 castitatis
1325 1947 1580 2019 spiritum
1633 1944 1816 1998 insere
1873 1940 1926 1994 in
1978 1951 2086 1992 me.

499 2053 705 2109 Vitium
743 2064 908 2105 omne
947 2045 1219 2103 mortiﬁca
1261 2044 1315 2099 in
1368 2055 1495 2107 me,
1545 2046 1602 2095 et
1637 2037 1875 2092 animam
1912 2047 2091 2090 meam

494 2146 709 2203 vivilica
737 2143 792 2199 in
821 2156 927 2197 me.
956 2140 1063 2196 Per
1091 2136 1380 2194 Dominum

565 2236 800 2293 Secreta.
837 2234 967 2289 Haec
986 2232 1108 2298 tibi,
1138 2229 1368 2286 Domine
1396 2228 1558 2282 Pater
1580 2229 1791 2286 sancte,
1823 2220 1955 2276 licet
1979 2233 2095 2273 ma-

496 2329 660 2385 nibus
686 2330 824 2383 meis
856 2322 1094 2397 indignis
1123 2319 1423 2376 oll'erantur
1446 2330 1702 2397 munera,
1733 2311 1826 2382 qui
1863 2326 1968 2366 nec
2008 2308 2094 2364 in-

495 2423 782 2479 vocatione
821 2419 901 2475 tui
939 2395 1179 2476 nominis
1206 2413 1402 2485 dignus
1432 2425 1587 2473 sum;
1620 2395 1805 2463 tamen
1841 2403 1968 2474 quia
1996 2417 2098 2472 per

496 2522 751 2574 sanctum
779 2522 945 2583 atque
975 2505 1377 2566 sanctiﬁcatum
1403 2500 1525 2558 Filii
1549 2499 1625 2556 tui
1651 2511 1849 2554 nomen
1876 2493 2101 2552 oblatio-

500 2623 600 2664 nes
623 2605 951 2668 oleruntur,
978 2601 1124 2657 sicut
1143 2598 1430 2654 incensum
1450 2595 1504 2648 in
1527 2597 1828 2662 conspectu
1857 2595 1952 2643 tuo
1971 2598 2097 2640 cum

499 2700 669 2754 «lore
694 2693 982 2752 suavitatis
1007 2688 1328 2747 ascendant.
1355 2685 1478 2741 Per.

577 2789 855 2861 Praefatio.
893 2786 1129 2859 Dignum
1174 2791 1232 2838 et
1266 2781 1475 2852 justum
1517 2786 1623 2842 est,
1663 2790 1850 2846 usque,
1895 2780 2102 2829 aeterne

501 2883 667 2940 Deus.
691 2879 800 2937 Sed
819 2878 952 2951 quid
978 2875 1076 2932 tibi
1097 2873 1318 2947 dignum
1337 2868 1532 2925 olferat
1547 2867 1800 2924 minister
1821 2863 2098 2935 indignus,

502 2977 608 3033 nisi
636 2976 741 3030 hoc
767 2973 965 3043 ipsum,
995 2967 1142 3040 quod
1169 2972 1327 3022 tanto
1347 2962 1603 3034 indignus
1629 2959 1863 3016 habetur
1889 2954 2101 3031 [For-te,

506 3067 721 3138 haberi]
756 3063 934 3120 ol'licio
963 3062 1087 3117 ﬁdei
1121 3057 1502 3130 paenitentiam
1537 3050 1613 3128 [F
1615 3061 1752 3116 orte,
1790 3065 1891 3122 per
1929 3045 2104 3120 potni-

505 3157 761 3230 tentiam]
785 3151 1057 3213 fateatur?
1086 3149 1194 3208 Sed
1215 3157 1273 3205 tu
1301 3147 1486 3204 multa:
1513 3140 1905 3200 misericordiae
1933 3139 2100 3202 Deus,

509 3275 578 3316 nc
607 3273 729 3323 nos,
760 3251 1099 3328 qumsumus,
1125 3249 1240 3306 oris
1274 3246 1480 3320 proprii
1513 3242 1827 3301 testimonio
1853 3240 2104 3303 damnes,

512 3355 613 3411 sed
652 3362 894 3424 paternae
953 3347 1306 3420 indulgentiae
1349 3342 1726 3400 consolatione
1765 3336 2108 3400 corrobores,

511 3454 678 3515 atque
718 3460 750 3498 a
779 3450 1130 3514 peccatorum
1157 3435 1462 3510 precipitio
1491 3436 1600 3492 tuis
1628 3446 1847 3504 semper
1861 3428 2113 3487 manibus

514 3550 745 3592 renoves
771 3543 829 3589 et
855 3531 1139 3588 rclormes.
1173 3527 1398 3583 lnvocat
1431 3535 1487 3580 te
1516 3525 1702 3580 anima
1740 3536 1885 3588 mea,
1908 3521 2003 3592 qui
2033 3518 2114 3573 le-

517 3628 647 3684 cisti
680 3640 790 3691 me,
813 3631 876 3678 ut
914 3637 1025 3679 non
1051 3619 1395 3676 obliviscaris
1429 3615 1656 3672 oblitum
1700 3615 1800 3680 tui,
1839 3619 1898 3671 et
1925 3611 2117 3683 exqui-

517 3724 730 3774 rentem
764 3724 818 3771 te
852 3729 921 3770 ne
946 3713 1204 3775 deseras,
1231 3709 1346 3762 vita
1376 3723 1498 3778 quae
1534 3720 1814 3778 nunquam
1837 3702 2114 3763 morieris.

513 3807 619 3876 Qui
639 3805 793 3862 novit
815 3813 890 3870 te,
911 3802 1066 3858 novit
1088 3799 1149 3871 Β
1173 3798 1557 3854 aeternitatem.
1581 3795 1836 3852 Charitas
1862 3795 2017 3851 novit
2039 3800 2114 3849 te.

513 3899 562 3955 0
589 3905 795 3952 aeterna
824 3895 1060 3958 veritas,
1091 3899 1147 3946 et
1174 3903 1304 3944 vera
1329 3888 1601 3944 cbaritas!
1635 3887 1781 3943 Deus
1807 3901 1916 3940 une
1933 3925 1951 3951 ,
1972 3884 2119 3940 Deus

1341 357 1402 413 Β.
1443 355 1507 411 F.
1545 350 1773 410 ALBlNl
1812 343 2252 407 SEUALCUINI
2283 339 2570 399 OPERUM
2607 337 2788 396 PARS
2821 333 2912 394 IV.

3669 326 3785 381 448

2796 449 3030 509 CAPUT
3066 446 3134 505 ll.

2553 566 2715 623 Feria
2738 566 2826 634 II,
2851 567 3015 621 missa
3037 579 3134 634 pro
3159 561 3408 635 peccatis.

2250 682 2458 739 Exaudi
2493 680 2746 746 Domine,
2777 690 3110 750 quaesumus,
3148 671 3454 746 supplicum
3476 685 3685 742 preces,
3718 677 3783 725 et

2179 773 2559 831 conﬁtentium
2585 771 2682 827 tibi
2709 784 2875 842 parce
2899 767 3144 840 peccatis
3172 773 3235 821 ut
3275 763 3484 836 pariter
3514 761 3671 818 nobis
3697 761 3785 816 in-

2181 864 2516 939 dulgentiam
2537 861 2749 919 tribuas
2768 859 3039 931 benignus
3061 865 3120 913 et
3142 869 3354 928 pacem.
3384 853 3508 909 Per.

2255 957 2435 1012 Lectio
2480 953 2731 1011 Ieremia:
2769 951 3058 1027 prophetae.
3109 947 3170 1004 Si
3212 945 3533 1018 iniquitates
3577 951 3792 1000 nostra

2182 1051 2564 1111 contenderint
2586 1055 2780 1106 contra
2817 1060 2946 1112 nos,
2983 1042 3239 1110 Domine,
3269 1039 3445 1096 libera
3472 1051 3597 1106 nos,
3633 1049 3790 1108 qua-

2184 1161 2398 1212 sumus,
2426 1144 2516 1201 fac
2537 1150 2764 1215 propter
2791 1153 2990 1198 nomen
3010 1145 3187 1195 tuum.

2258 1235 2436 1294 Lectio
2479 1233 2652 1291 uncti
2693 1228 2973 1304 Evangelii
3009 1227 3304 1287 secundum
3333 1224 3553 1282 Lucam.
3596 1219 3658 1278 In
3689 1219 3791 1278 illo

2187 1338 2452 1400 tempore.
2477 1326 2614 1382 dixit
2641 1322 2806 1382 Iesus
2829 1320 3112 1394 discipulis
3137 1318 3294 1377 suis:
3324 1315 3526 1383 Petite,
3554 1323 3612 1372 et
3632 1315 3798 1372 dabi-

2187 1429 2279 1477 tur
2297 1418 2454 1475 vobis
2465 1434 2492 1486 ;_
2509 1415 2755 1490 quaerite,
2779 1421 2839 1474 et
2865 1413 3190 1478 invenietis;
3223 1409 3457 1484 pulsate,
3480 1416 3542 1466 et
3579 1404 3800 1480 aperie-

2231 1529 2280 1568 ll'
2306 1513 2482 1568 vobis.

2306 1529 2343 1564 ν
2415 1513 2432 1527 ⁸
2465 1550 2482 1567 .

2189 1512 2464 1674 tagax?
2482 1601 2686 1658 oblata.
2748 1597 2973 1657 Hostias
3014 1597 3140 1664 tibi,
3176 1595 3430 1661 Domine,
3467 1589 3800 1665 placationis

2189 1695 2503 1759 oderimus,
2545 1701 2608 1748 ut
2631 1700 2689 1748 et
2716 1691 2914 1749 delicta
2951 1699 3147 1748 nostra
3193 1688 3487 1744 miseratus
3514 1682 3799 1748 absolvas,

2123 1822 2166 1882 Β
2191 1795 2247 1844 et
2271 1785 2526 1882 nutantia
2551 1783 2724 1882 corda
2751 1791 2812 1839 tu
2847 1782 3076 1856 dirigas.
3115 1780 3243 1836 Per.

2268 1877 2547 1949 Prwfatio.
2594 1876 2833 1949 Dignum
2876 1881 2934 1930 et
2974 1874 3186 1946 justum
3223 1880 3330 1936 est,
3366 1884 3556 1942 usque,
3593 1874 3806 1923 atterue

2193 1971 2358 2027 Deus.
2388 1968 2552 2025 Salva
2577 1983 2680 2025 nos
2702 1982 2773 2024 ex
2801 1980 2898 2022 ore
2924 1963 3100 2022 leonis
3123 1960 3440 2027 saevissimi,
3461 1961 3556 2032 qui
3575 1959 3807 2029 rugiens

2195 2063 2424 2128 circuit,
2449 2074 2703 2133 quarens
2729 2059 2800 2116 de
2823 2059 3040 2114 unitate
3065 2055 3326 2112 Ecclesiae
3351 2061 3487 2119 tttze,
3520 2066 3684 2124 quem
3711 2063 3810 2105 ra-

2195 2159 2311 2232 piat
2336 2164 2504 2229 atque
2537 2155 2784 2212 devoret.
2829 2150 2941 2208 Sed
2983 2159 3064 2215 tu,
3115 2148 3416 2206 fortissime
3451 2145 3701 2211 Domine,
3733 2143 3813 2200 de

2198 2251 2341 2308 tribu
2385 2248 2525 2306 inda
2561 2254 2786 2305 contere
2829 2242 3166 2300 contrariam
3205 2239 3423 2301 virtutis
3467 2253 3580 2294 sua:
3613 2235 3812 2307 nequi-

2201 2343 2331 2398 tiam
2353 2382 2370 2407 ,
2400 2355 2502 2396 nos
2527 2338 2598 2394 ab
2627 2337 2814 2410 ignitis
2837 2336 2956 2407 ejus
2985 2330 3486 2405 impugnatiouibus
3515 2328 3805 2391 liberatos,

2199 2446 2431 2503 corpore
2459 2445 2561 2487 nos
2598 2443 2890 2493 conserva,
2928 2433 2986 2482 et
3009 2424 3174 2480 corde
3198 2420 3449 2495 puriﬁca.
3475 2418 3581 2477 Per
3609 2419 3803 2477 Domi-

2200 2540 2356 2584 num.

2272 2617 2436 2688 Infra
2462 2623 2742 2671 actionem.
2797 2611 2951 2670 Hanc
2979 2611 3143 2683 igitur
3164 2608 3515 2673 oblationem,
3541 2605 3803 2672 Domine,

2200 2725 2367 2782 quam
2394 2707 2493 2763 tibi
2519 2704 2801 2762 oderimus
2826 2718 2928 2776 pro
2946 2702 3188 2775 peccatis
3215 2707 3378 2770 atque
3403 2695 3808 2755 oﬂ'eusionibus

2202 2799 2429 2867 nostris,
2455 2806 2518 2856 ut
2541 2798 2790 2854 omnium
2813 2794 3139 2852 delictorum
3176 2799 3490 2848 nostrorum
3527 2788 3818 2848 remissio-

2202 2906 2332 2949 nem
2357 2888 2620 2960 consequi
2647 2894 2945 2953 mereatur,
2976 2897 3290 2957 quaesumus
3317 2879 3569 2946 Domine,
3597 2889 3676 2935 ut.

2275 2983 2359 3041 Ad
2383 2980 2785 3054 Comptendum.
2826 2978 3035 3036 Praesta
3069 2976 3260 3043 nobis,
3295 2982 3502 3032 aeterne
3528 2970 3808 3036 Salvator,

2205 3086 2268 3136 ut
2308 3076 2678 3151 percipientes
2724 3073 2831 3131 hoc
2876 3085 3105 3128 munere
3160 3068 3377 3125 veniam
3430 3073 3814 3138 peccatorum,

2131 3193 2181 3257 ο
2211 3170 2472 3242 deinceps
2495 3175 2724 3239 peccata
2736 3165 3000 3257 ritemus.
3033 3161 3158 3218 Per.

2281 3259 2425 3316 Alia.
2463 3257 2632 3324 Deus,
2661 3254 2752 3312 cui
2776 3251 3061 3325 proprium
3098 3258 3186 3308 est
3221 3262 3444 3321 semper
3479 3243 3728 3305 misereri
3753 3252 3819 3302 et

2210 3362 2461 3422 parcere,
2484 3346 2704 3418 suscipe
2721 3343 3166 3416 deprecationem
3192 3349 3460 3406 nostram,
3483 3345 3547 3394 ut
3564 3351 3706 3411 quos
3721 3335 3822 3390 de-

2212 3442 2464 3499 lictorum
2494 3448 2685 3495 catena
2714 3431 3074 3506 constringit,
3107 3432 3392 3489 miseratio
3427 3438 3535 3486 tum
3589 3425 3822 3501 pietatis

2214 3531 2482 3591 absolvat.
2513 3530 2641 3587 Per.

2551 3665 2689 3722 Item
2711 3680 2807 3736 pro
2835 3661 3088 3736 petitione
3112 3659 3493 3741 languidum.

2288 3805 2650 3876 Omnipotens
2684 3801 2974 3859 mitissime
3007 3798 3185 3863 Deus,
3223 3798 3320 3870 qui
3355 3794 3565 3851 sitienti
3621 3793 3826 3866 populo

2225 3901 2432 3958 fontem
2459 3898 2696 3956 viventis
2733 3911 2892 3969 aqua:
2915 3895 2986 3953 de
3011 3901 3167 3968 petra
3199 3890 3505 3964 produxisti
3523 3933 3538 3956 ,
3577 3888 3718 3946 educ
3753 3890 3826 3946 de

519 3990 798 4055 Trinitas,
829 3988 884 4043 in
913 3983 1072 4057 cujus
1100 3982 1256 4039 valde
1287 3980 1502 4037 conﬁdo
1527 3975 1940 4036 misericordia:
1971 3973 2122 4032 salus
2218 3993 2404 4052 cordis
2453 3992 2625 4049 ποδηί
2671 3990 2874 4047 dum“
2919 3985 3358 4058 conpunctionis
3407 3983 3703 4056 “cum”.
3762 3993 3829 4039 ιη

519 4090 645 4139 esto
676 4078 982 4138 inﬁrmitati
1027 4092 1196 4141 meae,
1231 4083 1292 4130 et
1327 4087 1488 4130 verus
1529 4070 1890 4128 resuscitator
1925 4067 2119 4124 animae

2220 4092 2449 4157 peccata
2489 4091 2680 4142 nostra
2706 4081 2963 4154 plangere
2990 4079 3293 4142 valeamus,
3332 4074 3828 4146 remissionemque

525 4190 678 4231 meam
711 4172 857 4228 Doce
891 4185 980 4226 me
1004 4167 1329 4240 patientiam
1359 4163 1429 4221 ad
1459 4161 1840 4220 sustinendum
1865 4159 2118 4216 adversa.
2224 4184 2280 4232 ιο
2305 4176 2605 4232 miserm“,
2635 4188 2952 4230 mereamur
2977 4170 3247 4241 accipere.
3281 4167 3405 4225 per.

525 4267 671 4324 Doce
696 4280 784 4321 me
808 4263 1098 4320 scientiam
1121 4259 1556 4330 Scripturarum,
1599 4265 1663 4312 ut
1695 4255 1778 4312 sic
1825 4254 2020 4326 loquar
2051 4268 2124 4309 ne
2297 4266 2454 4339 ιηρρα
2507 4266 2787 4321 “quem.
2839 4262 2993 4320 Hanc
3044 4260 3405 4326 ouationem.
3454 4273 3770 4330 qmumus
3805 4297 3827 4322 ν

524 4357 857 4428 superbiam,
880 4353 962 4410 sic
989 4360 1201 4409 taceam
1228 4365 1300 4407 ne
1327 4358 1656 4420 torpescam.
1672 4347 1767 4404 Sic
1793 4347 2035 4412 contine,
2063 4352 2119 4401 ut

2223 4358 2456 4417 Domine
2477 4356 2644 4423 Deus,
2683 4371 2851 4429 quam
2875 4363 2982 4410 tuae
3022 4350 3298 4422 maiestati
3331 4365 3434 4423 pro
3456 4347 3693 4421 peccatis
3723 4361 3824 4402 no-

526 4465 634 4504 non
684 4448 898 4504 cadam.
951 4445 1045 4503 Sic
1091 4444 1329 4516 stringe,
1361 4449 1423 4497 ut
1460 4458 1567 4498 non
1602 4441 1893 4497 dimittam.
1935 4439 2016 4496 Tu
2059 4453 2119 4495 es

2224 4451 2357 4508 stris
2381 4449 2682 4550 oderimus,
2710 4447 2978 4519 propitius
3006 4445 3241 4516 respice,
3258 4451 3317 4499 et
3332 4441 3540 4514 produc
3562 4441 3629 4498 de
3651 4439 3833 4497 oculis

525 4539 674 4594 “'3'”
701 4538 876 4593 ¹¹⁰⁰⁰τ
897 4550 1071 4602 ηδθυεν
1101 4544 1159 4626 9F
1177 4533 1299 4626 imis
1318 4546 1464 4626 “leaf
1496 4540 1554 4589 οι
1579 4531 1777 4626 Nudi!
1804 4545 1944 4585 “'03-
1975 4529 2124 4626 Reus
2153 4562 2202 4626 ο
2228 4542 2432 4598 nostris
2473 4537 2698 4594 ﬁumina
2720 4577 2738 4603 ,
2766 4536 2966 4609 quibus
2991 4533 3176 4592 debita
3207 4531 3548 4590 ﬂammarum
3574 4531 3829 4588 incendia

529 4645 704 4694 meus,
734 4629 940 4700 gratias
960 4640 1064 4698 ago
1093 4623 1194 4681 tibi
1233 4624 1300 4681 de
1338 4623 1499 4679 donis
1526 4622 1654 4688 tuis,
1686 4621 1780 4677 sed
1812 4630 1870 4676 tu
1896 4619 2029 4677 mibi
2054 4633 2123 4675 ea
2153 4619 2189 4626 '
2229 4623 2767 4702 γαιωηιδχειξηευί,
2800 4629 2924 4685 per.

526 4733 706 4776 serva.
738 4718 818 4774 lta
845 4717 1004 4772 enim
1025 4715 1272 4785 servabis
1300 4729 1388 4770 me
1405 4755 1419 4778 ,
1463 4724 1518 4769 et
1550 4712 1896 4785 augebuntur
1921 4719 1979 4766 et
2005 4725 2126 4783 per-
2306 4720 2586 4792 Praefatio.
2625 4719 2860 4792 Dignum
2880 4726 2937 4775 et
2949 4718 3159 4792 justum
3190 4724 3296 4781 est,
3331 4730 3520 4787 usque,
3547 4728 3648 4784 pe;
3674 4709 3831 4768 cui-

529 4813 803 4878 ﬁcientur,
827 4825 950 4881 qua:
975 4809 1173 4867 dedisti
1203 4807 1357 4863 mihi.
1396 4805 1462 4860 Et
1483 4805 1596 4861 eris
1615 4819 1830 4860 mecum
1859 4803 1913 4859 in
1943 4802 2123 4858 omni-
2231 4823 2378 4870 εωω
2394 4811 2685 4867 Dominum
2706 4818 2970 4866 ηοειτυηι,
2989 4808 3092 4876 Qui
3120 4810 3342 4866 beatum
3369 4805 3588 4862 pen-um
3612 4811 3833 4874 εροειο,

531 4909 666 4971 bus;
696 4906 824 4976 quia
851 4912 910 4959 et
935 4910 997 4958 ut
1032 4903 1169 4966 sim,
1213 4907 1272 4955 et
1294 4899 1440 4970 quod
1471 4912 1623 4962 sum,
1655 4905 1711 4951 tu
1737 4895 1933 4951 dedisti
1968 4893 2119 4950 mihi.

2232 4903 2345 4958 lum
2395 4900 2614 4972 pietatis
2653 4901 2899 4970 respexit
2943 4898 3166 4964 intuitu,
3216 4907 3278 4952 ut
3317 4898 3476 4953 trinae
3523 4894 3842 4968 negationis

531 4999 636 5055 Per
665 4999 944 5054 Christum
980 4995 1268 5051 Dominum
1308 5001 1575 5048 nostrum.
2233 5001 2519 5065 peccatum
2564 4989 2919 5045 amarissimis
2949 4987 3182 5046 dilueret
3223 4987 3498 5058 lacrymis,
3537 5001 3636 5056 per
3684 4984 3833 5040 infu-

609 5091 1002 5146 Postcommun.
1041 5086 1179 5142 Vota
1210 5094 1397 5141 nostra
1423 5084 1686 5140 Dominus
1722 5082 2023 5138 clementer
2051 5080 2132 5134 in—
2232 5082 2445 5137 sionem
2488 5080 2665 5136 sancti
2711 5078 2952 5150 Spiritus
2983 5092 3082 5148 pro
3124 5085 3474 5148 peccatorum
3519 5086 3835 5131 nostrorum

534 5180 744 5247 tendat,
771 5188 829 5234 et
850 5186 1076 5251 peccata
1109 5176 1366 5233 dimittat.
1418 5175 1551 5242 Qua:
1586 5180 1857 5243 Optamus,
1894 5168 2131 5242 ιτίιιυειις
2235 5173 2474 5245 pondere
2507 5172 2780 5243 lacrymas
2811 5170 2969 5225 nobis
3008 5170 3143 5226 elice
3181 5169 3534 5240 pmnitentize,
3563 5176 3625 5221 ut
3648 5181 3836 5222 amare

535 5283 731 5342 etquae
750 5283 1030 5342 pavemus,
1055 5265 1242 5339 procul
1260 5264 1512 5334 repellat;
1535 5270 1598 5318 ut
1621 5277 1748 5318 cum
1773 5260 2136 5316 “nitier-uitale
2234 5263 2689 5333 delleamus,quae
2702 5261 2885 5330 inique
2905 5261 3205 5332 gessimus:
3229 5267 3499 5329 quatenus
3522 5256 3837 5312 fructuosus

542 5366 778 5423 ﬁdelium
799 5363 1140 5428 vovendo,et
1159 5358 1434 5416 reddendo
1451 5359 1563 5412 Deo
1584 5354 1916 5410 sacriﬁcium
1935 5352 2131 5419 laudis,
2237 5357 2294 5410 in
2320 5361 2616 5425 conspectu
2640 5352 2867 5422 pietatis
2888 5360 2994 5407 tute
3023 5359 3223 5424 nostra!
3245 5349 3526 5421 petitionis
3552 5344 3840 5418 perveniat

540 5457 612 5512 ad
633 5457 867 5510 fructum
898 5451 1128 5522 justitite
1164 5450 1450 5521 pervenire
1487 5447 1778 5518 possimus,
1801 5445 2133 5501 concedente
2237 5445 2483 5512 ell'ectus,
2513 5453 2677 5515 atque
2705 5460 2804 5516 per
2830 5457 2957 5498 eum
2984 5443 3143 5498 nobis
3165 5441 3380 5496 veniam
3403 5454 3624 5511 sperare
3654 5437 3834 5500 liceat,

541 5545 834 5604 clementia
863 5542 1168 5601 divinitatis
1214 5542 1351 5613 ejus.
1404 5541 1507 5595 l‘er
1551 5539 1841 5594 Dominum
1886 5545 2131 5594 nostrum
2241 5540 2332 5610 qui
2378 5539 2608 5594 traditus
2647 5545 2736 5592 est
2779 5551 2880 5607 pro
2930 5535 3140 5590 delictis
3190 5534 3412 5596 nostris,
3441 5541 3502 5586 ut
3545 5533 3836 5586 redimeret

543 5640 730 5696 “sum
759 5637 1036 5693 Chrismm
1073 5634 1194 5705 eius
1235 5633 1575 5704 unigenitum
1619 5630 1834 5695 Filium.
1867 5644 1988 5686 cum
2026 5643 2136 5699 quo
2243 5649 2342 5690 nos
2370 5631 2424 5686 in
2454 5631 2720 5702 sanguine
2746 5644 2868 5692 suo,
2891 5627 3145 5683 Christus
3165 5623 3418 5680 Salvator
3436 5621 3834 5689 noster.Qucm

547 5731 603 5784 lu
633 5728 840 5782 unitate
869 5725 1107 5797 Spiritus
1142 5723 1316 5780 sancti
1360 5723 1494 5777 vivit
1527 5731 1580 5777 et
1613 5728 1796 5793 regnat
1831 5718 1991 5777 Deus.
2035 5717 2138 5774 Per
2243 5723 2468 5778 laudant
2493 5720 2689 5791 angeli.

553 5832 734 5883 uuuu'a
759 5822 956 5882 siccula
986 5820 1325 5900 saeculorum.
2315 5814 2373 5888 9
2411 5873 2414 5878 ,
2443 5815 2520 5871 Ad
2567 5811 2963 5881 Complcndum.
2998 5808 3351 5867 Sacriﬁcium
3392 5806 3537 5882 quod
3573 5815 3698 5877 tua;
3731 5801 3839 5859 llo-
