4122 6612
292 517 393 575 “9

1229 476 1622 563 muneres.
1664 531 1719 542 --
1771 496 1977 557 LIBER
2017 492 2657 554 SACRAMENTORUII.

3456 484 3569 538 ιω

293 636 460 699 mine,
480 619 777 687 obtunmus
804 625 1097 697 maiestati,
1128 623 1287 679 nobis
1308 623 1385 677 ad
1416 620 1630 674 veniam
1655 624 1875 671 nostro-
1901 621 1955 678 Α
1980 610 2107 678 illis,
2147 610 2287 667 dixit
2326 610 2457 665 mihi
2494 606 2760 680 angelus:
2790 606 2983 663 Scribe
3008 622 3021 658 :
3049 603 3205 660 Beati
3231 604 3327 675 qui
3352 606 3425 660 ad
3447 620 3569 661 cut—

291 742 412 783 rum
443 723 693 797 proﬁciat
727 727 1095 791 peccatorum,
1138 726 1197 773 et
1226 724 1328 771 tua:
1362 709 1729 769 miserationis
1777 707 1879 762 tri-

291 819 424 875 buat
449 816 723 873 solatium.
754 811 879 868 Per.

363 908 505 964 Alia.
543 905 787 962 Gratiam
815 902 990 959 sancti
1014 900 1269 971 Spiritus,
1304 889 1531 953 Domine
1557 894 1721 956 Deus,
1758 905 1884 947 cor-

292 999 454 1055 dibus
482 996 684 1051 nostris
730 994 1032 1051 clementer
1073 990 1317 1053 infunde,
1358 1003 1479 1058 quze
1524 1001 1624 1040 nos
1667 982 1884 1055 gemiti-

295 1092 397 1148 bus
427 1088 630 1145 efﬁciat
666 1087 1028 1157 lacrymarum
1058 1080 1297 1138 maculas
1327 1087 1639 1135 nostrorum
1676 1074 1886 1129 diluere

296 1190 680 1256 peccatorum,
719 1186 885 1246 atque
916 1182 1121 1245 optata:
1163 1170 1343 1234 nobis,
1370 1177 1424 1223 te
1462 1168 1748 1237 largiente,
1795 1163 1885 1256 in-

296 1252 587 1343 dulgentiae
631 1275 857 1338 praestet
892 1263 1165 1320 effectum.
1189 1261 1295 1317 Per
1320 1258 1632 1322 Dominum,
1665 1262 1800 1320 etc.,
1830 1252 1887 1307 in

298 1362 507 1417 unitate
528 1358 796 1434 ejusdem.

654 1467 789 1523 Item
821 1467 983 1521 missa
1010 1463 1181 1520 sancti
1216 1463 1513 1535 Augustini.

369 1602 595 1674 ignosce
630 1600 789 1666 mihi,
829 1612 1161 1669 qumsumus,
1185 1594 1433 1658 Domine,
1488 1608 1652 1663 quem
1701 1608 1889 1647 macu~

300 1695 426 1752 latae
460 1697 589 1749 vitae
613 1692 949 1749 conscientia
980 1689 1269 1759 trepidum,
1316 1697 1370 1742 et
1402 1686 1694 1740 criminum
1740 1700 1893 1740 meo-

301 1800 424 1841 rum
455 1784 706 1841 confusio
741 1782 875 1837 facit
899 1781 1193 1852 captivum.
1224 1778 1291 1832 Et
1319 1777 1410 1846 qui
1434 1792 1535 1846 pro
1558 1788 1646 1829 me
1674 1775 1892 1831 veniam

300 1874 549 1929 obtinere
574 1886 680 1928 non
708 1873 882 1934 valeo,
907 1884 1006 1940 pro
1029 1868 1150 1923 aliis
1176 1875 1465 1936 rogaturus
1495 1866 1697 1921 assisto
1724 1882 1739 1932 ;
1766 1879 1893 1935 pro-

300 1967 419 2021 fero
464 1964 536 2020 ad
565 1971 641 2029 te,
667 1963 713 2018 si
750 1962 938 2016 audire
960 1959 1220 2031 digneris,
1269 1958 1512 2019 Domine,
1546 1957 1886 2025 captivorum
1918 1981 1964 2041 Β

300 2060 553 2132 gemitus,
588 2056 963 2113 tribulationes
991 2054 1245 2125 plebium,
1283 2051 1522 2122 pericula
1546 2050 1886 2122 populorum,

304 2148 656 2206 necessitates
701 2148 1138 2219 peregrinorum,
1183 2143 1424 2213 inopiam
1471 2141 1753 2207 debilium,
1800 2142 1895 2198 de-

301 2230 641 2314 sperationes
666 2241 1060 2313 languentium,
1108 2237 1357 2295 defectus
1400 2252 1616 2302 senum,
1658 2237 1894 2309 suspiria

297 2334 584 2407 iuvenum,
633 2343 759 2389 vota
801 2333 1097 2405 virginum,
1146 2330 1384 2385 lamenta
1434 2330 1739 2386 viduarum.
1788 2326 1898 2385 Sed

301 2427 562 2500 quoniam
615 2441 704 2482 me
757 2426 972 2490 eadem,
1028 2438 1150 2494 quae
1200 2422 1382 2495 populi
1431 2420 1637 2492 peccati
1702 2430 1898 2477 catena

304 2518 653 2590 constringit,
702 2517 824 2573 ideo
869 2530 1189 2571 connnunes
1232 2516 1390 2586 lugeo
1431 2512 1730 2584 passiones.
1780 2512 1900 2568 Non

304 2612 471 2677 obsit,
521 2610 771 2675 Domine,
822 2608 1023 2679 populo
1067 2616 1162 2663 tuo
1210 2607 1389 2662 oratio
1424 2605 1714 2677 coniugata
1762 2603 1896 2680 [Αι.,

307 2701 617 2776 subiugata]
642 2699 897 2774 peccatis.
927 2698 1033 2754 Per
1071 2712 1157 2752 me
1188 2696 1288 2752 tibi
1316 2694 1547 2752 offertur
1567 2702 1773 2762 votum,
1802 2710 1903 2766 per

309 2802 365 2849 te
388 2806 569 2848 meum
596 2789 932 2862 compleatur
964 2788 1226 2844 ofﬁcium.
1258 2787 1383 2844 Per.

382 2884 555 2957 Super
598 2882 796 2938 oblata.
871 2878 1141 2938 Memores
1188 2896 1398 2949 smnus,
1454 2892 1677 2941 πίει-ηπ
1752 2885 1900 2942 Deus

311 2978 472 3034 Pater
517 2975 884 3046 omnipotens,
916 2972 1319 3042 gloriosissime
1358 2975 1630 3044 passionis
1649 2974 1772 3031 Filii
1801 2976 1898 3041 tui,

311 3053 727 3125 resurrectionis
755 3065 941 3129 etiam,
975 3064 1422 3136 ascensionisque
1460 3065 1518 3122 in
1546 3067 1767 3123 coelum.
1797 3066 1902 3122 l'e-

314 3161 478 3215 timus
525 3171 657 3228 ergo
698 3157 1037 3225 maiestatem
1076 3154 1242 3221 Deus,
1273 3163 1333 3209 ut
1379 3157 1674 3213 ascendant
1711 3172 1907 3228 preces

315 3250 637 3309 humilitatis
688 3257 891 3303 nostra:
929 3247 983 3301 in
1032 3256 1384 3317 conspectum
1426 3258 1532 3303 tute
1578 3248 1900 3314 clementiae,

1980 717 2107 757 nam
2132 702 2466 772 nuptiarum.

2052 792 2337 864 Sequentia
2367 792 2534 845 sancti
2558 787 2830 859 Evangelii
2874 788 3162 844 secundum
3186 788 3469 842 locum.
3509 786 3573 844 la

1981 883 2075 938 illo
2102 891 2365 952 tempore,
2414 882 2657 937 ascendit
2683 879 2842 937 Jesus
2864 876 3317 951 Hierosolymam.
3359 881 3455 935 Est
3473 895 3575 936 au-

1984 986 2092 1033 tem
2120 974 2510 1047 Hierosolymis
2532 975 2812 1046 probatiea
2833 973 3063 1044 piscina.

2164 1088 2299 1143 Item
2325 1087 2434 1142 alia
2463 1104 2560 1158 pro
2588 1086 2965 1141 tentationibus
2999 1086 3398 1158 cogitationum.

2056 1201 2412 1271 Omnipotens
2478 1199 2768 1255 mitissime
2814 1198 2983 1265 Deus,
3033 1200 3247 1269 respice
3308 1200 3582 1269 propitius

1985 1308 2178 1366 preces
2216 1300 2454 1357 nostras,
2493 1300 2551 1348 et
2585 1290 2756 1347 libera
2802 1292 2967 1347 corda
2993 1288 3269 1346 nostrade
3310 1291 3579 1345 malarum

1988 1383 2289 1440 tentatione
2318 1382 2734 1452 cogitationum,
2780 1392 2840 1437 ut
2867 1381 3044 1438 sancti
3079 1380 3319 1453 Spiritus
3359 1384 3581 1453 dignum

1989 1477 2109 1532 ﬁeri
2137 1476 2506 1532 habitaculum
2541 1488 2868 1530 mereamur.
2914 1474 3021 1530 Per
3056 1474 3364 1530 Dominum.

2062 1568 2298 1626 Secreta.
2340 1568 2450 1625 llas
2496 1568 2614 1634 tibi,
2648 1568 2876 1624 Domine
2918 1567 3084 1633 Deus,
3120 1565 3401 1623 oderimus
3432 1566 3588 1621 obla-

1992 1659 2170 1715 tiones
2200 1674 2302 1730 pro
2335 1660 2513 1715 salute
2558 1668 2771 1723 nostra,
2817 1666 3088 1729 quatenus
3131 1660 3342 1713 animas
3370 1664 3589 1712 nostras

1992 1751 2169 1806 sancti
2215 1750 2454 1822 Spiritus
2489 1750 2663 1822 gratia
2692 1748 3003 1805 illuminare
3037 1747 3296 1820 digneris.
3328 1746 3437 1803 Per
3481 1746 3587 1801 Do-

1995 1845 2200 1899 minum
2228 1856 2498 1900 nOStrnm.

2063 1932 2345 2005 Prwfatio.
2401 1935 2634 2007 Dignum
2677 1943 2733 1991 et
2773 1935 2981 2006 iustum
3016 1941 3123 1999 est,
3171 1941 3581 2006 usque,:eterue

1994 2028 2156 2083 Deus.
2194 2026 2483 2085 Humiliter
2524 2035 2674 2084 tuam
2720 2028 3082 2098 deprecantes
3111 2024 3478 2088 clementiam,
3521 2029 3585 2078 ut

1994 2119 2226 2191 gratiam
2270 2119 2444 2175 sancti
2492 2117 2735 2189 Spiritus
2777 2117 2979 2173 animis
3030 2117 3236 2173 nostris
3287 2114 3588 2172 clementer

1995 2210 2279 2266 infundere
2320 2209 2585 2279 digneris,
2635 2217 2695 2265 ut
2746 2218 2803 2265 te
2854 2206 3095 2280 perfecte
3143 2208 3391 2280 diligere,
3436 2216 3494 2262 et
3535 2216 3592 2264 te

1997 2302 2162 2375 digne
2182 2302 2409 2358 laudare
2435 2316 2763 2358 mereamur.
2797 2300 2904 2356 Per
2926 2300 3225 2357 Christum.

2072 2394 2178 2465 ιο
2195 2393 2278 2449 Ad
2298 2390 2696 2466 Complentfttm.
2713 2391 2820 2449 Per
2838 2392 2961 2459 hoc,
2977 2408 3312 2463 (masculus,
3341 2392 3590 2459 Domine.

1998 2484 2345 2549 sacriﬁcium,
2378 2493 2486 2542 tua:
2509 2484 2654 2556 quod
2680 2484 2977 2540 obtulimus
3000 2484 3211 2555 pietati,
3238 2485 3310 2539 ab
3335 2482 3592 2540 omnibus

1998 2578 2164 2634 corda
2200 2586 2386 2633 nostra
2412 2576 2674 2632 emundes
2701 2576 3112 2632 tentationibus.
3153 2574 3259 2633 Per
3301 2573 3595 2632 Dominum

2000 2679 2270 2728 nostrum.

2076 2761 2218 2818 Alio.
2266 2761 2434 2828 Deus,
2478 2762 2570 2831 qui
2601 2760 2877 2816 illuminas
2902 2775 3120 2816 omnem
3172 2758 3451 2815 hominem
3496 2772 3596 2813 ve—

2004 2858 2243 2914 nientem
2300 2856 2356 2911 in
2404 2856 2551 2911 hunc
2608 2855 2892 2921 mundum,
2955 2853 3220 2919 illumina,
3261 2868 3596 2924 quaesumus,

2004 2949 2171 3005 corda
2215 2955 2401 3003 nostra
2426 2947 2615 3015 gratia:
2645 2954 2753 3001 tute
2786 2945 3097 3017 splendore,
3146 2952 3206 2998 ut
3238 2944 3398 3016 digna
3428 2941 3600 3012 maie-

2006 3042 2137 3095 stati
2182 3046 2287 3094 tuae
2324 3038 2568 3110 cogitare
2592 3045 2649 3094 et
2677 3036 2899 3109 diligere
2938 3035 3240 3091 valeamus.
3285 3032 3390 3089 Per
3416 3031 3599 3090 Domi‘

2008 3147 2139 3188 tium
2167 3138 2435 3187 nostrum.

2367 3241 2501 3297 Item
2536 3243 2699 3297 missa
2725 3242 2899 3297 sancti
2935 3240 3237 3312 Augustini.

314 3352 370 3401 et
412 3343 704 3400 descendat
731 3356 892 3411 super
922 3340 1067 3397 hunc
1098 3355 1317 3410 panem.
1355 3348 1413 3395 ει
1446 3355 1610 3413 super
1633 3343 1781 3398 hunc
1804 3358 1901 3399 οε-
1931 3333 1979 3395 C
2078 3355 2383 3413 Offerentes
2423 3355 2544 3421 tibi,
2576 3353 2825 3419 Domine,
2867 3354 3102 3409 hostiam
3121 3351 3466 3422 iubilationis
3491 3368 3595 3425 pro

315 3436 474 3492 licem
523 3433 799 3505 plenitudo
848 3440 956 3488 tuae
1010 3430 1329 3486 divinitatis.
1381 3432 1686 3488 Descendat
1712 3434 1901 3499 etiam,

316 3526 562 3591 Domine,
589 3525 679 3581 illa
707 3523 886 3580 sancti
933 3521 1171 3594 Spiritus
1219 3522 1294 3578 tui
1339 3523 1906 3594 incomprehensibilis

320 3618 715 3689 invisibilisque
760 3616 1039 3686 maiestas,
1088 3615 1233 3671 sicut
1277 3615 1549 3686 quondam
1596 3617 1652 3671 in
1690 3626 1905 3688 patrum

319 3710 529 3767 hostias
558 3703 943 3763 descendebat.
974 3704 1079 3761 Per
1106 3705 1357 3761 eumdem
1397 3707 1704 3763 Dominum.

395 3802 474 3857 Ad
495 3798 891 3872 Comptendum.
924 3796 1140 3854 Gratias
1173 3798 1293 3863 tibi,
1328 3797 1578 3866 Domine,
1610 3800 1912 3860 referentes

322 3910 560 3961 oramus,
602 3903 662 3949 ut
689 3893 918 3949 mandes
950 3893 1218 3964 pmpitius
1253 3907 1350 3950 cor
1389 3901 1638 3950 nostrum
1672 3910 1703 3950 a
1736 3895 1909 3964 vitiis,

323 3997 381 4045 et
424 3988 630 4059 repleas
655 3985 859 4058 iugiter
898 3986 1235 4058 spiritalibus
1263 3985 1440 4042 donis.
1470 3986 1576 4043 Per
1618 3987 1911 4047 Dominum

327 4088 591 4137 nostrum.

947 4172 1173 4230 CAPUT
1210 4173 1294 4228 111.

370 4288 530 4346 Feria
557 4289 675 4356 III,
705 4292 865 4346 missa
887 4290 959 4347 ad
975 4290 1294 4363 postulanda
1331 4292 1569 4364 angelica
1594 4292 1872 4365 sulrag'u.

401 4425 727 4497 Perpetuum
748 4426 923 4492 nobis,
954 4427 1200 4495 Domine,
1242 4438 1349 4484 tua:
1375 4430 1749 4512 miserationis
1776 4446 1914 4503 pra:-

332 4524 444 4574 stat
487 4516 806 4583 subsidium,
854 4518 1050 4589 quibus
1094 4528 1151 4574 et
1192 4519 1434 4589 angelica
1468 4520 1767 4591 praestitisti
1797 4520 1913 4577 suf-

336 4606 509 4680 fragia
542 4624 648 4663 non
688 4609 895 4664 deesse.
924 4607 1030 4664 Per
1052 4609 1335 4665 Dominum
1365 4622 1630 4667 nostrum.

410 4698 646 4755 Secreta.
703 4697 920 4754 Hostias
969 4699 1086 4765 tibi,
1138 4699 1386 4766 Domine,
1416 4701 1589 4758 laudis
1616 4702 1916 4771 offerimus,
1943 4701 1996 4761 Ι)

338 4790 654 4865 suppliciter
684 4791 1037 4863 deprecantes
1074 4800 1133 4845 ut
1159 4792 1379 4846 easdem
1408 4794 1651 4864 angelico
1686 4809 1786 4865 pro
1815 4812 1917 4852 ηο-

336 4882 424 4939 bis
461 4882 859 4939 interveniente
891 4881 1168 4954 suffragio,
1209 4892 1265 4939 et
1305 4883 1551 4954 placatus
1583 4887 1841 4958 accipias,
1866 4897 1922 4944 et

338 4974 408 5030 ad
435 4973 662 5030 salutem
699 4981 944 5029 nostram
969 4973 1256 5042 provenire
1285 4975 1570 5030 concedas.
1596 4974 1703 5031 Per
1739 4975 1923 5032 Domi-

418 5158 820 5213 Postcommum.
844 5155 1072 5224 Repleti.
1098 5156 1342 5223 Domine,
1395 5159 1766 5214 benedictione
1815 5174 1923 5214 coe—

342 5247 464 5307 leSti
503 5249 816 5320 suppliciter
843 5248 1213 5317 imploramus,
1258 5258 1317 5304 ut
1361 5253 1505 5318 quod
1554 5248 1730 5321 fragili
1784 5250 1925 5304 cele-

346 5345 567 5423 bramus
587 5344 783 5409 otiicio,
816 5353 1131 5401 sanctorum
1155 5346 1605 5417 archangelorum
1630 5346 1785 5400 nobis
1804 5360 1927 5415 pro-

286 5444 290 5448 '
347 5435 503 5491 desse
539 5436 834 5491 sentiamus
856 5435 1079 5490 auxilio.
1112 5435 1218 5491 Per
1243 5435 1532 5490 Dominum
1563 5444 1829 5491 nostrum.
1886 5482 1890 5487 .

420 5525 592 5596 Super
639 5526 909 5599 populum.
964 5527 1177 5583 Plebem
1230 5534 1395 5591 tuam,
1447 5541 1777 5596 quaesumus,
1821 5525 1923 5580 Do-

351 5615 512 5683 mine,
549 5626 805 5686 perpetua
834 5618 1033 5688 pietate
1063 5618 1295 5682 custodi,
1331 5627 1391 5671 ut
1415 5632 1604 5672 secura
1632 5632 1846 5688 semper
1871 5626 1925 5672 et

351 5707 671 5763 necessariis
699 5706 879 5777 adiuta
905 5710 1182 5774 subsidiis,
1209 5709 1497 5778 spirituum
1525 5706 1736 5763 tibimet
1761 5705 1928 5776 placi-

351 5811 527 5854 torum
572 5800 660 5870 pia
687 5815 903 5870 semper
942 5803 1290 5857 veneratione
1337 5800 1563 5854 laetetur.
1608 5798 1709 5854 Per
1749 5796 1927 5853 Domi-

353 5905 477 5943 num
506 5897 749 5944 nostrum
768 5887 971 5945 Jesum.

426 5979 600 6034 Lectio
647 5979 863 6049 Apocal.
910 5980 1042 6035 beati
1090 5980 1311 6036 Joannis
1353 5979 1592 6049 apostoli.
1645 5977 1700 6031 In
1740 5976 1927 6033 diebus

2006 3449 2223 3505 delictis
2266 3448 2488 3514 nostris,
2519 3448 2778 3517 pietatem
2809 3455 2958 3501 tuam
2986 3445 3355 3516 exposcimus,
3395 3453 3458 3502 ut
3483 3444 3603 3519 pla.-

2005 3539 2168 3596 cabili
2189 3539 2407 3610 pietate
2446 3537 2801 3610 petitionibus
2822 3538 3025 3593 nostris
3058 3551 3249 3594 aurem
3289 3552 3602 3594 accommo-

2005 3632 2123 3696 des,
2148 3640 2337 3685 votum
2377 3639 2621 3686 nostrum
2649 3630 2738 3701 pia
2779 3628 3094 3701 dignatione
3119 3635 3396 3700 acceptes,
3421 3627 3599 3683 tribu-

2007 3724 2238 3780 lationes
2283 3724 2467 3779 cordis
2516 3723 2688 3777 nostri
2731 3720 3019 3792 multiplici
3064 3722 3417 3783 miseratione
3458 3720 3600 3777 laeti-

2010 3815 2160 3876 ﬁces,
2190 3821 2247 3868 et
2288 3814 2432 3883 quod
2476 3812 2529 3866 in
2572 3811 2821 3869 oratione
2868 3811 3052 3884 lingua
3101 3821 3289 3867 nostra
3338 3826 3605 3867 enarrare

2011 3920 2120 3961 non
2155 3903 2377 3970 sufficit,
2409 3913 2487 3971 tn,
2524 3903 2617 3974 qui
2644 3904 2826 3972 cordis
2852 3903 3212 3975 cogitationes
3240 3904 3509 3975 agnoscis,
3549 3911 3607 3959 et

2014 4014 2204 4055 renum
2254 4006 2531 4054 scrutator
2577 4011 2657 4063 es,
2702 4013 2824 4070 qua:
2856 3997 3134 4055 desiderat
3176 4012 3333 4053 mens
3382 3997 3601 4065 devota,

2012 4104 2114 4161 per
2154 4097 2306 4145 tuam
2357 4088 2789 4145 misericordiam
2833 4095 3221 4159 consequatur.
3272 4086 3376 4143 Per
3418 4085 3604 4153 Domi-

2014 4199 2164 4241 num.

2088 4274 2322 4331 Secreta.
2352 4275 2654 4346 Acceptare
2687 4276 2945 4347 digneris,
2979 4274 3237 4330 terribilis
3266 4282 3321 4330 et
3361 4274 3604 4347 piissime

2015 4365 2179 4431 Deus,
2212 4366 2315 4422 hoc
2341 4364 2687 4430 sacriﬁcium,
2704 4366 2848 4436 quod
2885 4366 2980 4420 tibi
3004 4381 3104 4435 pro
3133 4364 3453 4421 remissione
3480 4380 3607 4435 pec-

2015 4466 2263 4513 catorum
2310 4465 2643 4525 nostrorum,
2698 4458 2784 4513 vel
2836 4473 2934 4528 pro
2989 4458 3177 4527 requie
3226 4455 3603 4514 defunctorum

2018 4545 2247 4602 fratrum
2274 4545 2573 4616 offerimus,
2606 4548 2733 4619 quia
2762 4557 2887 4604 vota
2916 4559 3124 4615 nostra,
3160 4549 3299 4604 dona
3326 4558 3454 4605 sunt
3482 4560 3597 4606 tua.

2020 4637 2134 4693 Nec
2175 4638 2273 4693 tibi
2301 4638 2594 4708 quidquam
2624 4638 2839 4705 melius,
2878 4641 2981 4695 nisi
3017 4642 3162 4711 quod
3196 4641 3437 4707 dederis,
3468 4640 3603 4697 offe-

2021 4733 2230 4787 rimus:
2281 4733 2387 4787 hoc
2427 4742 2512 4787 est
2556 4733 2825 4804 imprimis
2869 4734 2923 4789 in
2968 4737 3505 4802 commemoratione,
3547 4744 3608 4792 ut

2014 4824 2222 4894 iustum
2249 4833 2351 4890 est,
2379 4823 2675 4880 Dominica:
2698 4825 3053 4881 institutionis
3073 4824 3288 4889 oﬁ'errc,
3322 4827 3377 4881 in
3400 4827 3610 4882 honore

2020 4924 2076 4971 et
2101 4916 2271 4986 gloria
2300 4915 2513 4971 Domini
2540 4916 2714 4972 nostri
2738 4914 2867 4972 Jesu
2910 4916 3114 4971 Christi
3162 4916 3285 4971 Filii
3319 4918 3418 4983 tui,
3463 4918 3608 4987 regis

2016 5007 2326 5078 judicisque
2366 5008 2600 5062 venturi.
2628 5006 2733 5064 Per
2759 5009 3011 5063 eumdem
3044 5009 3330 5065 Dominum
3360 5018 3605 5065 nostrum

2022 5096 2207 5154 Jesum
2237 5098 2532 5154 Christum.

2096 5188 2490 5245 Postcommun.
2540 5190 2892 5263 Omnipotens
2958 5194 3099 5251 Deus
3128 5205 3253 5251 vota
3298 5207 3482 5251 nostra
3525 5196 3608 5252 di-

2024 5292 2251 5354 gnanter
2299 5283 2580 5353 suscipiat,
2625 5291 2681 5339 et
2726 5301 2827 5339 nos
2869 5285 3099 5341 famulos
3132 5303 3260 5343 suos
3286 5288 3609 5358 propitiatus

2026 5375 2289 5441 intendat,
2342 5375 2610 5431 desideria
2658 5387 2844 5432 nostra
2881 5378 2932 5431 in
2962 5377 3119 5435 bonis
3158 5380 3415 5450 operibus
3453 5396 3605 5436 com-

2025 5468 2190 5539 pleat,
2221 5474 2277 5523 et
2312 5468 2380 5524 ab
2412 5466 2623 5524 insidiis
2656 5468 3000 5526 inimicorum
3048 5488 3148 5528 nos
3199 5472 3470 5529 defendat.
3503 5471 3609 5529 Per

2027 5558 2334 5615 Dominum.

2642 5651 2871 5709 CAPUT
2898 5654 2985 5709 Ν.

2281 5762 2439 5821 Feria
2465 5764 2496 5820 1
2507 5764 2573 5831 γ,
2601 5767 2762 5822 missa
2787 5766 2851 5822 de
2870 5776 3052 5823 sancta
3079 5766 3359 5838 sapientia.

2099 5880 2242 5936 Deus
2269 5884 2359 5952 qui
2381 5897 2480 5952 per
2498 5892 2824 5939 coaeternam
2847 5882 2941 5939 tibi
2965 5883 3283 5954 sapientiam
3308 5879 3605 5947 hominem,

2031 5989 2154 6030 cum
2204 5990 2309 6031 non
2338 5984 2503 6043 esset,
2534 5976 2841 6042 condidisti,
2873 5976 3250 6047 perditumque
3299 5973 3607 6031 misericor-
