4122 6588
584 331 684 389 151

1419 320 1477 376 Β.
1519 319 1580 374 F.
1621 309 1848 371 ALBINI
1886 306 2018 365 SEU
2057 301 2334 360 ALCUIN!
2371 299 2654 358 OPERUM
2693 296 2874 356 PARS
2905 297 2994 356 Π.

3753 283 3875 342 ιδε

588 443 730 500 diter
755 437 1064 498 reformasti
1090 455 1106 506 ;
1133 443 1352 509 prasta,
1379 447 1708 506 quaesumus,
1738 439 1799 486 ut
1824 429 2013 485 eadem
2038 440 2167 505 pec:
2191 419 2240 480 Δ
2267 431 2368 509 nos
2401 415 2582 509 lacere
2614 415 2950 470 voluntatem
2974 419 3140 509 tuam,
3164 411 3374 509 quiatu
3396 423 3455 464 es
3475 407 3622 463 Deus
3643 414 3870 462 noster.

581 544 709 593 ‘tora
747 543 956 602 nostra,
989 531 1286 602 inspirante
1327 537 1402 594 te,
1445 537 1558 583 tota
1596 536 1775 584 mente
1799 540 2064 590 amemus,
2111 531 2168 579 et

589 631 659 683 ad
688 637 741 682 te
761 633 876 682 toto
895 625 1059 680 corde
1085 637 1386 678 curramus.
1413 620 1520 676 Per
1540 619 1846 677 Dominum.

661 719 835 775 Lectio
853 716 1104 789 Epistolce
1123 716 1262 771 beati
1279 715 1440 770 Pauli
1461 715 1704 786 apostoli.
1735 713 1977 782 Fratres,
1997 716 2170 772 scien-

593 822 676 869 tes
701 813 844 883 quod
868 811 992 867 ﬁdei
1019 819 1211 866 vestrm
1247 809 1565 880 patientiam
1593 810 1846 880 probatio
1888 821 2165 882 operatur.

663 904 948 976 Sequentia
990 904 1158 957 sancti
1198 901 1472 974 Evangelii
1511 901 1798 955 secundum
1834 900 2166 956 Mattltmum.

591 997 650 1051 In
680 997 770 1051 illo
819 1006 1082 1067 tempore,
1131 994 1465 1063 respondens
1497 989 1655 1048 Jesus
1689 993 1825 1048 dixit
1851 1013 1864 1048 :
1894 993 2170 1050 Confiteor

594 1088 711 1153 tibi,
738 1089 923 1153 Pater,
953 1087 1179 1141 Domine
1206 1085 1330 1141 caeli
1367 1094 1423 1140 et
1451 1094 1632 1151 terra},
1656 1086 1783 1155 quia
1808 1084 2166 1142 abscondisti.

665 1178 896 1233 Secreta.
943 1176 1349 1242 Sanctiﬁeetur,
1394 1192 1724 1247 quaesumus,
1749 1177 1979 1234 Domine
2001 1176 2166 1242 Deus,

593 1270 754 1338 hujus
783 1277 980 1326 nostra:
1008 1269 1300 1323 oblationis
1338 1285 1556 1337 munus,
1583 1277 1670 1324 tua
1706 1278 2033 1340 cooperante
2083 1285 2173 1324 sa-

590 1363 814 1431 pientia,
853 1370 915 1416 ut
955 1361 1053 1415 tibi
1081 1360 1296 1430 placere
1336 1363 1512 1432 possit
1541 1363 1610 1418 ad
1640 1363 1874 1429 laudem,
1912 1371 1970 1418 et
2015 1361 2173 1418 nobis

589 1453 854 1523 proficere
883 1453 950 1508 ad
975 1454 1225 1508 salutem.
1249 1455 1353 1512 Per
1371 1456 1677 1512 Dominum.

663 1543 744 1599 Ad
789 1541 1185 1616 Complendum.
1228 1546 1477 1615 lnl‘unde,
1544 1563 1874 1619 quaasumus,
1924 1547 2170 1613 Domine,

592 1651 690 1708 per
731 1637 847 1692 haec
890 1647 1079 1694 sancta
1104 1655 1225 1710 qua:
1260 1641 1612 1711 sumpsimus,
1642 1647 1746 1694 tua:
1788 1641 2043 1695 cordibus
2084 1654 2178 1695 no-

593 1730 722 1784 stris
754 1729 933 1786 lumen
963 1732 1260 1804 sapientiae,
1297 1739 1360 1786 ut
1397 1741 1450 1786 te
1488 1732 1756 1787 veraciter
1790 1746 2170 1801 agnoscamus,

594 1831 652 1878 et
674 1823 905 1878 ﬁdeliter
927 1824 1230 1896 diligamus.
1254 1824 1360 1879 Per
1387 1824 1653 1880 eumdem.

669 1913 843 1984 Super
864 1914 1136 1986 populum.
1167 1914 1312 1971 Deus
1338 1916 1432 1987 qui
1467 1916 1664 1972 misisti
1703 1915 1896 1972 Filium
1926 1926 2102 1984 tuum,
2122 1926 2180 1974 et

593 2006 881 2060 ostendisti
907 2015 1170 2062 creatura:
1195 2007 1542 2074 Creatorem;
1566 2009 1776 2080 respice
1799 2010 2066 2079 propitius
2086 2024 2180 2064 su-

593 2114 691 2168 per
736 2115 836 2154 nos
885 2099 1113 2156 famulos
1176 2108 1320 2167 tuos,
1391 2108 1450 2155 et
1487 2116 1731 2170 praepara
1782 2101 1938 2172 agiag.
1975 2101 2179 2170 sophiae

593 2193 811 2263 dignam
854 2194 907 2248 in
935 2193 1189 2248 cordibus
1218 2193 1421 2248 nostris
1452 2193 1862 2248 habitationem.
1894 2191 2000 2247 Per
2028 2207 2179 2247 eum-

597 2285 740 2338 dein.

841 2417 1010 2472 Missa
1047 2418 1118 2472 ad
1144 2417 1517 2489 postulandum
1558 2420 1927 2475 humilitatem.

668 2553 811 2609 Deus
839 2555 931 2624 qui
963 2555 1211 2626 superbis
1234 2556 1448 2611 resistis
1474 2564 1530 2610 et
1551 2557 1781 2626 gratiam
1810 2564 2040 2627 praestas
2081 2557 2182 2612 hu—

595 2647 833 2714 milibus,
890 2664 1028 2720 auge
1067 2648 1122 2702 in
1150 2649 1304 2702 nobis
1336 2663 1478 2702 verte
1523 2649 1846 2704 humilitatis
1902 2651 2176 2717 virtutem,

596 2737 752 2808 cujus
777 2740 834 2795 in
863 2755 922 2795 se
953 2737 1182 2794 formam
1217 2738 1466 2795 fidelibus
1491 2741 1800 2810 unigenitus
1841 2739 2010 2797 Filius
2055 2749 2179 2798 tuus

596 2833 862 2899 exhibuit,
888 2841 948 2886 ut
975 2848 1253 2903 nunquam
1286 2833 1708 2904 indignationem
1744 2845 1889 2889 tuam
1919 2851 2182 2905 provoce-

599 2942 721 2980 mus
749 2926 897 2991 elati,
929 2927 1024 2982 sed
1066 2929 1247 2996 potius
1275 2943 1490 2997 semper
1517 2928 1734 2998 pietatis
1766 2937 1872 2984 tua:
1899 2933 2180 3002 capiamus

601 3020 742 3074 dona
772 3021 1020 3091 subjecti.
1053 3021 1158 3075 Per
1185 3022 1455 3077 eumdem.

677 3111 909 3167 Secreta.
932 3111 1054 3167 Haac
1065 3112 1284 3177 oblatio,
1304 3111 1548 3181 Domine,
1571 3131 1900 3186 qumsumus,
1932 3121 2089 3176 nobis
2102 3137 2183 3175 re-

605 3201 915 3257 missionem
956 3204 1193 3256 omnium
1214 3213 1559 3273 peccatorum
1592 3217 1648 3262 et
1673 3225 1815 3264 verte
1864 3211 2185 3267 humilitatis

603 3294 849 3349 obtineat
867 3296 1115 3366 gratiam,
1142 3297 1407 3369 simulque
1430 3315 1461 3353 a
1489 3303 1740 3357 cordibus
1766 3307 1965 3360 nostris
1986 3321 2189 3361 concu-

603 3386 929 3456 piscentiam
975 3389 1156 3443 carnis
1192 3397 1248 3442 et
1291 3392 1594 3457 oculorum,
1626 3402 1788 3464 atque
1837 3397 2190 3454 ambitionem

607 3481 790 3534 surculi
831 3480 1066 3544 auferas,
1095 3491 1362 3552 quatenus
1391 3502 1573 3541 coram
1598 3495 1652 3541 te
1693 3489 1892 3556 sobrie,
1913 3490 2060 3559 juste
2084 3493 2192 3562 pie-

609 3587 716 3643 que
741 3574 1002 3638 viventes,
1030 3577 1248 3645 prmmia
1276 3592 1677 3649 consequamur
1700 3590 1923 3637 acterna.
1954 3583 2058 3639 Per
2082 3585 2189 3640 Do-

616 3681 844 3719 mmum.

636 3755 638 3758 ’
683 3753 1074 3810 Poslcommun.
1114 3756 1305 3828 Hujus,
1339 3761 1580 3829 Domine,
1619 3767 1943 3820 sacramenti
1973 3784 2196 3839 percep—

614 3846 708 3909 tio,
752 3857 1096 3916 peccatorum
1139 3859 1454 3907 nostrorum
1484 3855 1726 3910 maculas
1767 3865 1960 3928 tergat,
2004 3868 2061 3914 et
2094 3877 2193 3915 nos

614 3939 681 3994 ad
701 3940 943 3995 caelestia
979 3958 1141 4012 regna
1163 3946 1438 4013 perducat.
1471 3945 1575 4002 Per
1604 3949 1911 4005 Dominum.

901 4077 999 4145 ιι
1033 4075 1168 4130 Item
1211 4080 1372 4134 missa
1399 4083 1566 4136 sancti
1592 4083 1891 4155 Augustini.

688 4207 934 4271 Domine,
959 4208 1100 4264 Deus
1131 4211 1705 4284 incomprehensibilis,
1752 4229 1974 4288 :eterne,
2006 4241 2196 4296 perpe-

623 4309 732 4366 tue,
768 4301 1064 4366 benedicle,
1093 4306 1184 4372 qui
1226 4306 1405 4360 dixisti
1436 4326 1449 4361 :
1483 4308 1599 4364 Non
1631 4313 1752 4367 veni
1783 4330 1978 4371 vocare
1995 4319 2196 4386 jnstos,

621 4392 717 4447 sed
753 4401 1066 4461 peceatores
1091 4394 1156 4447 ad
1209 4397 1616 4467 paenitentiam;
1677 4413 1730 4458 et
1777 4422 1900 4460 cum
1950 4408 2194 4478 profectu

2266 507 2372 564 Per
2392 508 2677 571 Dominum
2701 515 2943 561 nostrum
2970 504 3154 560 Iesum
3175 502 3474 560 Christum.

2340 597 2568 652 Secreta.
2594 597 2744 650 llanc
2772 609 2987 665 quoque
3011 593 3362 657 oblationem,
3389 590 3634 655 Domine,
3667 587 3875 661 digne—

2269 689 2362 752 ris,
2389 703 2713 758 quaesumus,
2739 685 3161 742 misericorditer
3181 683 3591 748 benedicere,et
3614 679 3874 735 clemen-

2269 788 2355 835 ter
2387 780 2748 844 sauetificare,
2783 794 2946 849 quam
2986 778 3085 833 tibi
3115 792 3215 848 pro
3246 775 3564 831 remissione
3613 778 3877 843 peccato-

2270 888 2390 927 rum
2409 881 2742 936 nostrorum,
2776 871 2860 926 vel
2884 885 2984 939 pro
3007 869 3194 939 requie
3220 865 3598 922 defunctorum
3625 861 3874 918 fratrum

2269 962 2566 1027 oll‘erimus,
2611 970 2672 1016 ut
2704 970 2795 1017 tua
2854 959 3212 1016 sanctificatio
3246 958 3392 1013 salus
3417 957 3491 1013 sit
3530 963 3589 1013 et
3615 953 3875 1013 defensio

2269 1052 2513 1108 omnium
2533 1051 2856 1106 animarum.
2889 1049 3016 1108 Per.

2344 1141 2623 1211 Praefatio.
2673 1141 2910 1211 Dignum
2938 1149 2995 1197 et
3033 1139 3241 1212 justum
3285 1147 3388 1204 est,
3427 1153 3611 1208 usque,
3658 1142 3878 1193 aternc

2273 1232 2432 1296 Deus,
2466 1248 2561 1288 rex
2601 1234 2885 1298 caelorum,
2918 1247 3014 1288 rex
3057 1247 3270 1302 regum,
3303 1231 3446 1284 Deus
3481 1230 3731 1290 deorum,
3758 1225 3877 1278 Do-

2274 1326 2453 1380 minus
2477 1327 2840 1390 dominorum,
2888 1324 2988 1379 tibi
3028 1325 3234 1394 gratias
3259 1335 3421 1394 agere
3459 1327 3516 1375 et
3558 1317 3732 1372 laudis
3761 1317 3877 1372 ho-

2275 1415 2406 1469 stias
2433 1414 2730 1469 immolare.
2762 1413 2970 1468 Exaudi
3012 1415 3317 1468 oralionem
3341 1421 3396 1466 et
3425 1408 3876 1480 deprecationem

2278 1506 2603 1562 falnulorum
2634 1505 3068 1575 famularumque
3121 1513 3361 1567 tuarum,
3407 1500 3650 1555 omnium
3672 1498 3882 1552 ortho—

2278 1602 2579 1662 doxorum;
2632 1598 2855 1652 auribus
2890 1596 3110 1666 percipe
3156 1594 3425 1665 lacrymas
3451 1605 3660 1644 eorum.
3711 1585 3880 1640 Abba

2279 1689 2459 1752 Pater,
2489 1686 2650 1758 imple
2700 1685 2932 1741 nominis
2977 1687 3054 1739 tui
3077 1683 3317 1739 ofﬁcium
3359 1697 3522 1750 super
3569 1680 3712 1734 hanc
3736 1692 3877 1731 con-

2204 1799 2253 1860 B
2281 1778 2646 1850 gregationem
2668 1785 2838 1843 tuam,
2862 1785 3025 1846 atque
3048 1791 3212 1845 super
3231 1775 3536 1828 universam
3566 1769 3878 1824 Ecclesiam

2281 1877 2428 1923 tuam
2475 1867 2820 1932 catholicam,
2847 1881 2969 1937 qua:
3011 1874 3099 1921 est
3142 1879 3304 1934 super
3327 1863 3638 1917 universum
3677 1861 3879 1914 orbem

2281 1971 2550 2015 terrarum
2601 1960 2654 2014 in
2679 1975 2812 2029 pace
2841 1957 3054 2012 dill'usa.
3103 1957 3185 2011 Tu
3219 1971 3312 2010 eos
3349 1969 3497 2025 rege,
3523 1953 3882 2020 omnipotens

2281 2055 2463 2120 Pater,
2493 2062 2550 2107 tu
2589 2061 2831 2123 protege,
2863 2061 2916 2105 tu
2946 2066 3230 2115 conserva,
3273 2059 3330 2103 tu
3357 2047 3658 2111 sanctifica,
3687 2055 3741 2100 tu
3775 2062 3885 2115 gu-

2278 2148 2467 2210 berna,
2501 2154 2556 2201 ιιι
2585 2145 2814 2216 castiga,
2847 2156 2902 2198 tu
2953 2143 3260 2198 consolare.
3300 2140 3456 2196 Sicut
3497 2155 3601 2194 non
3638 2154 3700 2192 es
3726 2137 3887 2192 dedi-

2281 2247 2477 2311 gnatus
2523 2251 2876 2307 congregare,
2906 2243 2964 2288 ct
3001 2249 3194 2288 vocare
3223 2247 3340 2297 eos,
3386 2233 3458 2285 ita
3513 2240 3606 2284 tuo
3659 2228 3885 2283 inuam-

2280 2335 2498 2380 mentur
2527 2340 2734 2389 amore,
2791 2331 2852 2376 ut
2876 2337 2906 2376 a
2933 2331 2984 2376 te
3011 2337 3117 2376 non
3159 2321 3526 2392 despiciantur
3563 2319 3888 2375 clementis»

2281 2420 2417 2474 sime
2436 2429 2491 2473 et
2512 2418 2756 2489 piissime
2780 2416 2961 2470 Pater.
2989 2414 3221 2470 Oramus
3263 2423 3336 2479 te,
3365 2413 3611 2473 Domine,
3641 2428 3750 2468 non
3781 2427 3887 2482 pe-

2281 2521 2400 2568 reat
2428 2529 2459 2567 a
2487 2513 2639 2566 nobis
2667 2509 2875 2566 factura
2930 2510 3316 2580 redemptionis
3341 2517 3396 2562 et
3424 2507 3721 2563 vocationis
3742 2514 3883 2570 tum,

2283 2602 2436 2659 Sicut
2462 2616 2656 2656 vocare
2703 2601 2955 2670 dignatus
2999 2614 3059 2653 es
3082 2607 3351 2663 errantes,
3378 2600 3451 2653 ita
3495 2598 3770 2653 custodire
3797 2596 3889 2649 di-

2239 2717 2244 2720 ·
2280 2695 2465 2764 gueris
2488 2695 2540 2747 in
2570 2695 2672 2749 hoc
2694 2692 2822 2746 ovili
2840 2691 3147 2745 habitantes
3167 2699 3328 2760 atque
3349 2691 3750 2744 convenientes.
3770 2685 3888 2742 Per

2282 2785 2562 2840 Christum
2592 2784 2897 2837 lluninum.

2352 2875 2434 2928 Ad
2465 2872 2860 2944 Complendum.
2911 2873 3059 2940 Quos
3085 2871 3314 2938 caelesti,
3345 2871 3591 2936 Domine,
3619 2871 3760 2924 dono
3790 2885 3887 2924 sa-

2282 2968 2449 3029 tiasti,
2477 2978 2696 3036 prresta,
2744 2981 3078 3035 quzesumus,
3109 2974 3173 3018 ut
3203 2966 3343 3020 sicut
3370 2964 3615 3035 piissima
3661 2963 3887 3017 miseri-

2281 3060 2462 3116 Cordia
2495 3071 2583 3113 tua
2611 3059 2806 3112 dedisti
2852 3058 3009 3112 nobis
3047 3057 3380 3111 voluntatem
3429 3055 3677 3110 veniendi
3707 3054 3778 3108 ad
3803 3061 3886 3117 te,

2208 3159 2258 3222 ο
2289 3151 2362 3205 ita
2394 3151 2548 3204 nobis
2601 3149 2773 3202 servis
2822 3150 2926 3202 tuis
2972 3149 3174 3202 donare
3207 3147 3447 3218 digneris
3480 3146 3768 3216 sapientia
3797 3147 3886 3200 inr-

2289 3240 2582 3302 telleeturu,
2615 3239 2895 3304 virtutem,
2933 3247 2986 3293 et
3037 3239 3468 3309 possibilitatem,
3528 3245 3590 3290 ut
3644 3235 3738 3290 tibi
3795 3251 3890 3290 se-

2288 3335 2521 3387 cundum
2562 3335 2892 3385 voluntatem
2943 3341 3093 3385 tuam
3149 3331 3356 3386 servire
3397 3343 3722 3384 mercamur.
3773 3327 3890 3382 Per

2288 3424 2597 3479 Dominum.

2915 3514 3142 3569 CAPUT
3192 3515 3256 3570 V.

2738 3604 2902 3659 Feria
2938 3603 3004 3669 γ,
3051 3605 3125 3658 De
3150 3605 3424 3658 charitate.

2362 3703 2716 3772 Omnipotens
2757 3701 3085 3770 sempiterne
3131 3697 3295 3763 Deus,
3347 3701 3438 3768 qui
3482 3697 3750 3767 justitiam
3775 3705 3890 3751 tua:

2293 3797 2425 3868 legis
2449 3796 2501 3849 in
2549 3796 2804 3849 cordibus
2850 3792 3184 3847 credentium
3236 3791 3404 3862 digito
3431 3800 3524 3846 tuo
3569 3791 3784 3856 scribis,
3812 3791 3889 3846 da

2294 3885 2450 3938 nobis
2473 3883 2620 3946 fidei,
2651 3883 2790 3952 spei,
2820 3892 2876 3936 et
2895 3882 3178 3936 charitatis
3223 3889 3593 3951 augmentum,
3611 3889 3667 3936 et
3691 3888 3750 3934 ut
3772 3896 3890 3934 me-

2296 3989 2513 4029 reamur
2533 3973 2747 4042 assequi
2787 3975 2932 4030 quod
2966 3973 3262 4044 promittis,
3291 3972 3379 4028 fac
3421 3987 3524 4027 nos
3549 3987 3733 4027 amare
3757 3987 3885 4044 quae

2295 4065 2561 4136 praecipis.
2600 4063 2724 4118 Per.

2306 4170 2342 4206 ο
2370 4155 2511 4209 Alia.
2548 4155 2690 4209 Deus
2715 4153 2805 4223 qui
2836 4153 3181 4225 diligentibus
3208 4161 3262 4208 te
3291 4154 3428 4211 facis
3453 4165 3647 4210 cuncta
3669 4156 3892 4225 prodes-

2299 4261 2378 4308 se,
2411 4245 2476 4298 da
2499 4244 2754 4298 cordibus
2791 4245 2992 4298 nostris
3038 4243 3402 4299 inviolabilem
3449 4245 3732 4300 charitatis
3757 4243 3893 4299 alre-

2298 4345 2470 4400 ctulu,
2499 4345 2557 4389 ut
2582 4336 2847 4390 desideria
2877 4337 2942 4390 de
2971 4345 3060 4390 tua
3087 4336 3440 4406 inspiratione
3468 4346 3752 4408 concepta,
3775 4339 3893 4394 nul-

2300 4430 2350 4482 la
2381 4428 2586 4498 possint
2613 4427 2912 4481 tentatione
2935 4427 3152 4481 mutari.
3181 4428 3286 4484 Per
3311 4428 3616 4484 Dominum.

619 4492 808 4541 nostro
836 4499 940 4537 non
963 4500 1140 4554 egeas,
1171 4490 1369 4556 gaudes
1393 4501 1571 4547 tamen
1599 4510 1761 4564 super
1781 4515 1887 4554 uno
1911 4514 2198 4571 peccatore

2375 4490 2551 4572 lectio
2577 4517 2696 4570 libri
2724 4518 2975 4588 Epistula:
2999 4519 3136 4572 beati
3162 4517 3323 4574 Pauli
3351 4521 3572 4593 apostoli
3601 4523 3671 4577 ad
3699 4520 3895 4579 Corin-

619 4574 991 4647 pcenitentiam
1033 4584 1239 4644 agente,
1291 4582 1461 4652 magis
1488 4599 1649 4653 quam
1702 4602 1864 4656 supra
1908 4596 2201 4665 nonaginta

620 4680 814 4722 novem
837 4666 996 4736 justis
1029 4670 1120 4737 qui
1169 4685 1275 4724 non
1332 4673 1572 4745 indigent
1600 4681 1955 4747 poenitentia:
1989 4691 2115 4757 quia
2145 4699 2202 4745 tu

621 4775 682 4814 es
717 4759 855 4814 Deus
891 4759 1058 4825 solus,
1087 4772 1141 4815 et
1170 4773 1368 4830 praeter
1396 4774 1448 4820 te
1493 4785 1602 4825 non
1641 4781 1726 4827 est
1757 4776 1895 4831 alius
1924 4796 1938 4843 ;
1969 4781 2062 4850 qui
2094 4798 2202 4838 non

624 4850 707 4904 vis
737 4859 961 4904 mortem
991 4855 1309 4921 peccatoris,
1345 4858 1438 4912 sed
1464 4869 1522 4913 ut
1568 4873 1916 4922 convertatur
1933 4879 1988 4924 et
2014 4873 2198 4930 vivat:

624 4942 877 4997 converte
907 4959 1021 5007 nos,
1059 4944 1299 5012 Domine,
1352 4949 1419 5002 ad
1449 4959 1524 5016 te,
1555 4961 1612 5008 et
1635 4966 2031 5014 convertemur.
2063 4962 2205 5018 Con-

625 5048 774 5091 verte
793 5052 915 5093 nos.
945 5038 1084 5092 Deus
1111 5040 1361 5096 salutaris
1382 5053 1580 5110 noster,
1612 5058 1665 5100 et
1690 5058 1872 5104 averte
1901 5053 2031 5108 iram
2057 5063 2205 5110 tuam

631 5126 850 5180 anubis.
893 5127 968 5181 Ne
996 5129 1188 5198 perdas
1211 5126 1308 5185 nos
1348 5149 1471 5187 cum
1501 5139 1735 5205 peccatis
1761 5143 1978 5209 nostris,
2009 5162 2076 5200 ne
2099 5155 2208 5202 tra-

631 5217 729 5274 das
764 5219 952 5273 bestiis
986 5222 1194 5275 animas
1239 5227 1559 5280 conﬁtcntes
1604 5229 1720 5292 tibi,
1749 5248 1818 5285 ne
1861 5235 2207 5307 derelinquas

635 5323 733 5363 nos
763 5310 813 5362 in
837 5310 1016 5365 finem.
1049 5312 1126 5365 Ne
1151 5315 1319 5369 intres
1339 5316 1390 5370 in
1433 5317 1694 5386 judicium
1721 5339 1842 5377 cum
1879 5329 2050 5382 servis
2076 5331 2204 5397 tuis,

635 5414 808 5468 neque
853 5401 1008 5454 inira
1054 5402 1256 5459 furoris
1300 5408 1374 5459 tui
1408 5411 1690 5478 corripias.
1739 5414 1993 5473 Miserere
2029 5421 2203 5486 nobis,

633 5489 877 5556 Domine,
902 5493 1163 5548 miserere
1184 5495 1353 5551 nobis.
1384 5497 1557 5568 Opera
1589 5519 1842 5560 manuum
1886 5517 2097 5566 tuarum
2120 5529 2210 5568 su-

635 5597 780 5646 mus,
839 5598 905 5637 ne
951 5600 1254 5654 pereamus.
1289 5591 1556 5646 Memento
1602 5604 2032 5670 congregationis
2081 5615 2208 5674 tute,

635 5685 798 5742 quam
827 5678 1018 5729 creasti
1047 5678 1113 5729 ab
1143 5679 1311 5734 initio.
1348 5681 1528 5755 Dirige.
1565 5703 1662 5741 nos
1693 5689 1746 5742 in
1786 5692 1869 5746 via
1892 5698 2210 5761 recta,doce

2304 4610 2460 4664 thios.
2490 4608 2733 4675 Fratres,
2782 4610 3020 4664 charitas
3057 4611 3273 4680 patiens
3321 4620 3428 4679 est,
3483 4613 3714 4687 benigna
3760 4627 3890 4685 est;

2301 4700 2548 4754 charitas
2570 4714 2677 4754 non
2710 4699 3014 4754 aemulatur.

2374 4787 2657 4860 Sequentia
2700 4792 2870 4844 sancti
2917 4789 3191 4862 Evangelii
3237 4794 3523 4850 secundum
3554 4795 3893 4855 Mattha'unt.

2302 4880 2360 4935 lu
2391 4879 2482 4933 illo
2511 4887 2774 4948 tempore,
2801 4879 2940 4933 dixit
2964 4878 3123 4936 Iesus
3178 4882 3456 4955 discipulis
3505 4888 3618 4943 suis
3644 4907 3658 4942 :
3687 4889 3894 4960 Filioli,

2311 4971 2487 5026 adhuc
2516 4973 2786 5025 modicum
2816 4972 3092 5027 vobiscum
3123 4989 3266 5040 sum,
3303 4979 3545 5046 quaeritis
3569 4996 3675 5036 me.

2383 5062 2617 5118 Secreta.
2650 5062 2822 5127 Mitte,
2854 5063 3100 5130 Domine,
3130 5081 3463 5136 quaesumus,
3485 5070 3745 5143 Spiritum
3771 5090 3898 5131 san-

2311 5161 2479 5217 ctum,
2508 5154 2602 5222 qui
2650 5161 2707 5208 et
2754 5153 2871 5209 bare
2920 5169 3144 5210 munera
3194 5161 3482 5226 praesentia
3526 5170 3712 5218 nostra
3742 5172 3899 5220 tuna.

2313 5242 2467 5297 nobis
2489 5241 2692 5297 efficiat
2715 5253 3140 5310 sacramentum,
3171 5255 3228 5301 et
3247 5249 3314 5302 ad
3343 5251 3445 5306 hoc
3464 5251 3897 5323 percipiendum.

2314 5341 2500 5388 nostra
2542 5334 2708 5390 corda
2754 5335 3020 5405 purificet.
3069 5337 3189 5394 Per.
3226 5379 3241 5393 .
3277 5381 3290 5395 .
3323 5343 3376 5396 in
3405 5345 3612 5399 unitate
3652 5345 3899 5418 ejusdem

2310 5424 2550 5496 Spiritus
2573 5427 2769 5480 sancti.

2381 5519 2523 5576 Deus
2553 5521 2641 5590 qui
2661 5536 2760 5575 nos
2780 5521 2847 5576 ad
2872 5522 3162 5595 imaginem
3186 5533 3334 5583 tuam
3357 5535 3714 5592 sacramentis
3739 5551 3902 5594 reuo-

2311 5625 2408 5665 vas
2442 5621 2498 5665 et
2524 5611 2828 5680 praeceptis,
2856 5613 3055 5682 perfice
3101 5631 3321 5688 gressus
3349 5631 3563 5678 nostros
3590 5624 3642 5678 in
3690 5627 3900 5683 semitis

2312 5703 2440 5768 tuis,
2483 5711 2536 5756 et
2565 5702 2849 5758 charitatis
2893 5704 3111 5773 donum,
3144 5710 3288 5779 quod
3329 5709 3505 5767 fecisti
3543 5729 3574 5769 a
3600 5716 3756 5772 nobis
3779 5733 3902 5790 spe-
