4122 6620
256 483 364 543 453

1192 485 1583 543 LITURGICA.
1625 516 1694 525 —
1733 484 1932 540 LIBER
1972 485 2606 545 SACRAMENTORUM.

3419 483 3520 540 ‘54

254 611 391 662 rari,
413 606 513 666 per
537 593 657 649 lucc
678 608 801 664 qua:
841 591 1138 659 oderimus,
1169 593 1336 650 facias
1361 595 1628 652 sacrificia
1653 610 1844 665 appre—
1873 601 1919 657 Α
2019 595 2298 667 Prwfatio.
2355 601 2584 672 Dignum
2609 609 2666 654 et
2701 601 2906 671 justum
2952 608 3058 668 est,
3082 617 3271 671 usque,
3321 609 3524 657 aeterne

253 686 439 744 bendi.
469 683 574 740 Per
595 684 883 740 Dominum
912 694 1176 740 nostrum.

329 775 610 847 Praefatio.
668 777 900 849 Dignum
934 785 992 834 et
1029 777 1238 847 justum
1273 787 1380 842 est,
1410 795 1592 849 usque,
1644 786 1847 832 aeterne

253 866 419 923 Deus.
469 866 572 934 Qui
600 866 789 923 ﬁdeles
807 874 930 923 tuos
950 879 1136 924 mutua
1161 867 1369 923 faciens
1391 868 1508 938 lege
1526 868 1846 933 concordes,

253 968 444 1022 pacem
487 962 639 1008 tuam
692 951 901 1025 ποντα,
944 969 1043 1023 per
1092 968 1284 1024 pacem
1314 954 1484 1026 tuam]
1517 954 1610 1009 tali
1644 953 1849 1009 {uadere

253 1043 516 1121 nexuisti,
547 1052 609 1098 ut
640 1057 743 1099 nec
771 1043 929 1099 alteri
977 1045 1080 1114 12
1122 1046 1406 1114 quisquam
1458 1044 1742 1100 moliretur
1765 1044 1848 1099 in-

254 1133 464 1208 fligere,
515 1137 646 1208 quid
694 1137 799 1192 sibi
853 1137 1020 1192 nollet
1066 1137 1274 1203 inferri,
1326 1147 1382 1194 et
1407 1142 1547 1194 bona
1584 1155 1708 1211 qua:
1735 1139 1851 1194 suis

254 1228 581 1284 utilitatibus
604 1236 826 1298 cuperet
850 1245 880 1283 a
913 1236 1164 1285 consorte
1186 1239 1404 1297 natura,
1425 1232 1542 1285 hare
1570 1229 1712 1285 idem
1735 1230 1850 1298 ipse

255 1333 476 1390 quoque
518 1327 850 1390 prmstaret;
891 1327 1162 1391 quatenus
1211 1321 1338 1375 dum
1383 1336 1482 1390 per
1532 1321 1848 1376 alterutram

254 1411 517 1482 pietatem
549 1425 608 1465 se
639 1410 916 1480 reperiunt
947 1407 1150 1482 [For-te,
1185 1411 1519 1485 deperiunt],
1547 1410 1851 1467 communis

258 1500 315 1554 in
340 1500 566 1572 singulis
591 1499 754 1554 fuerit
803 1499 991 1574 [foret]
1023 1502 1374 1570 semetipsam
1403 1502 1650 1571 diligens,
1680 1511 1852 1557 esset-

259 1608 366 1664 que
395 1609 550 1649 mens
569 1609 673 1648 una
695 1601 1038 1648 cunctorum.
1063 1591 1168 1648 Per
1195 1591 1492 1649 Christum.

327 1681 723 1740 Postcommun.
755 1680 1018 1754 Spiritum
1048 1685 1226 1752 nobis,
1256 1684 1508 1750 Domine,
1537 1691 1644 1738 tuae
1673 1683 1851 1738 chari-

256 1775 390 1831 tatis
417 1773 675 1839 infunde;
706 1782 768 1829 ut
793 1789 932 1844 quos
952 1789 1061 1830 uno
1095 1775 1305 1831 cmlesti
1326 1790 1464 1845 pane
1489 1774 1721 1838 satiasti,
1743 1789 1850 1828 una

261 1866 404 1939 [tua]
462 1864 632 1921 facias
675 1864 878 1936 pietate
934 1865 1255 1920 concordes.
1294 1865 1399 1920 Per
1431 1865 1740 1920 Dominum.
1779 1904 1794 1917 .
1832 1905 1846 1919 .

255 1959 523 2032 ejusdem.

331 2054 518 2110 Sancti
547 2051 784 2122 Spiritus
811 2053 1007 2124 gratia,
1049 2067 1380 2122 qumsumus,
1407 2049 1656 2118 Domine,
1687 2050 1852 2106 corda

259 2158 446 2202 nostra
490 2145 778 2211 illuminet,
827 2153 883 2200 et
930 2145 1186 2216 perfectae
1240 2145 1524 2199 charitatis
1572 2143 1856 2198 dulcedine

259 2239 601 2295 abundanter
653 2237 884 2294 reficiat.
939 2236 1046 2294 Per
1093 2237 1404 2293 Dominum.
1441 2277 1456 2292 .
1492 2277 1505 2289 .
1542 2236 1596 2292 in
1642 2237 1856 2292 unitate

260 2334 504 2405 ejusdem
533 2331 772 2403 Spiritus
798 2332 995 2387 sancti.

335 2425 498 2488 Deus,
529 2424 640 2478 vita
676 2421 938 2484 ﬁdelium,
994 2419 1166 2492 gloria
1211 2421 1520 2486 humilium,
1575 2419 1856 2476 beatitudo

258 2519 554 2590 iustorum,
583 2516 850 2589 propitius
870 2517 1055 2586 accipe
1079 2514 1379 2586 supplicum
1407 2529 1616 2586 preces,
1647 2522 1708 2569 ut
1740 2515 1858 2569 ani-

263 2628 387 2679 mze,
416 2627 538 2682 qua:
565 2609 956 2682 promissioues
1003 2615 1124 2664 tuas
1152 2609 1362 2672 sitiunt,
1412 2609 1480 2664 de
1509 2617 1858 2678 tumsemper

262 2702 549 2760 cbaritatis
577 2700 906 2756 abundantia
929 2701 1263 2771 repleantur.
1290 2698 1396 2754 Per
1415 2697 1722 2754 Dominum.

512 2815 645 2870 Item
677 2813 787 2869 alia
813 2822 995 2868 contra
1024 2815 1334 2868 tentationes
1361 2813 1564 2867 carnis.

338 2909 447 2966 Ure
471 2908 595 2978 igne
624 2905 795 2962 sancti
849 2903 1085 2976 Spiritus
1125 2920 1284 2961 renes
1329 2913 1545 2960 nostros
1566 2913 1620 2960 et
1646 2921 1742 2960 cor
1765 2921 1860 2960 uo-
1916 2927 1924 2935 ·

266 3018 463 3074 strum,
510 3005 761 3069 Domine,
788 3016 848 3057 ut
876 3002 970 3057 tibi
1001 3009 1152 3056 caste
1178 3009 1234 3056 et
1255 3016 1482 3071 corpore
1537 3001 1857 3065 serviamus,

264 3107 324 3156 et
349 3098 515 3153 corde
543 3092 782 3168 [Suppl.,
812 3100 870 3147 et
912 3092 1114 3147 mundo
1149 3089 1337 3163 corde]
1374 3091 1704 3162 placeamus.
1733 3090 1858 3146 Per.

339 3189 575 3244 Secreta.
614 3186 920 3254 Disrumpe,
969 3183 1220 3251 Domine,
1272 3182 1486 3238 vincula
1517 3193 1862 3254 peccatorum

1947 691 2109 746 Deus.
2140 691 2494 762 lmplorantes
2545 691 2884 747 clementiam
2938 701 3108 756 tuam,
3139 700 3198 746 ut
3225 693 3318 765 qui
3345 699 3400 747 te
3423 706 3524 746 au-

1944 794 2098 840 ctore
2145 783 2513 850 subsistimus,
2555 792 2607 839 te
2662 784 3006 853 dispensante
3055 783 3374 853 dirigamur.
3406 780 3529 841 Non

1947 876 2149 930 nostris
2193 875 2440 931 sensibus
2481 876 2872 946 rclinquamur,
2917 876 3012 930 sed
3057 876 3122 930 ad
3151 884 3256 931 tua:
3310 873 3527 931 adducti

1948 979 2163 1034 semper
2188 965 2459 1020 tramitem
2486 965 2751 1030 veritatis,
2776 965 2893 1019 haec
2917 966 3231 1020 Studeamus
3249 977 3526 1028 exercere,

1947 1070 2069 1124 qua:
2096 1056 2361 1126 przecipis,
2384 1065 2444 1110 ut
2471 1057 2741 1127 possimus
2762 1054 2901 1110 dona
2930 1057 3231 1128 percipere,
3257 1071 3380 1126 quae
3410 1072 3531 1126 pro-

1950 1149 2140 1202 mittis.
2172 1149 2276 1204 Per
2296 1148 2588 1204 Christum.

2021 1235 2413 1295 Postcommun.
2465 1239 2704 1307 Gratias,
2756 1241 2876 1307 tibi,
2933 1241 3180 1306 Domine,
3231 1239 3534 1296 referentes

1949 1347 2188 1394 oraruus,
2219 1339 2277 1386 ut
2299 1332 2524 1388 mundes
2551 1333 2817 1403 propitius
2846 1348 2940 1388 cor
2961 1342 3205 1387 nostrum
3225 1348 3256 1386 a
3286 1331 3456 1398 vitiis,
3479 1341 3537 1388 et

1952 1421 2162 1493 repleas
2185 1423 2389 1494 jugiter
2415 1424 2750 1494 spiritalibus
2785 1425 2960 1480 donis.
2983 1425 3089 1480 Per
3116 1424 3426 1480 Dominum.

2553 1537 2781 1594 CAPUT
2810 1538 2897 1594 Vl.

2206 1625 2371 1682 Feria
2407 1626 2499 1695 VI,
2528 1631 2691 1684 missa
2713 1629 2779 1684 de
2807 1640 2990 1686 sancta
3019 1629 3208 1686 Cruce.

2022 1735 2187 1804 Deus,
2215 1754 2306 1808 qui
2337 1739 2598 1809 unigeniti
2629 1739 2748 1794 Filii
2800 1742 2876 1795 tui
2903 1742 3139 1811 pretioso
3167 1741 3428 1812 sanguine
3459 1744 3537 1797 vi-

1954 1824 2128 1881 vitlca:
2152 1828 2334 1882 crucis
2360 1828 2612 1884 vexillum
2649 1831 2979 1886 sanctiﬁcari
3012 1831 3248 1895 voluisti,
3275 1833 3535 1896 concede,

1885 1958 1930 2017 Β
1956 1931 2284 1984 quaesumus,
2311 1935 2405 1974 eos
2432 1922 2525 1990 qui
2571 1919 2810 1989 ejusdem
2853 1931 3051 1978 sancta:
3078 1927 3260 1977 crucis
3302 1922 3538 1993 gaudent

1958 2009 2184 2076 honore,
2232 2020 2324 2066 tua
2377 2028 2595 2083 quoque
2641 2014 2840 2084 ubique
2892 2016 3229 2084 protectione
3281 2015 3536 2087 gaudere.

1960 2101 2082 2155 Per.

2031 2191 2205 2248 Lectio
2242 2195 2494 2266 Episton
2523 2197 2659 2253 beati
2682 2196 2842 2253 Pauli
2871 2199 3095 2270 apostoli
3138 2201 3207 2254 ad
3238 2198 3539 2271 Philippen-

1955 2298 2057 2338 sea.
2089 2285 2332 2352 Fratres,
2357 2286 2602 2344 Christus
2630 2289 2804 2347 factus
2842 2297 2926 2346 est
2972 2307 3075 2362 pro
3099 2293 3256 2347 nobis
3282 2293 3543 2348 obcdiens

1959 2375 2103 2430 Patri
2126 2392 2297 2446 usque
2330 2380 2398 2434 ad
2426 2389 2675 2436 mortem.

2031 2468 2311 2540 Sequentia
2356 2475 2525 2528 sancti
2563 2473 2838 2546 Evangelii
2892 2479 3176 2531 secundum
3208 2475 3541 2551 Matt/tcum».

1957 2558 2014 2612 ln
2069 2560 2158 2615 illo
2205 2571 2494 2634 tempore,
2545 2567 2846 2622 ascendens
2893 2566 3020 2623 .lcsu
3078 2569 3540 2640 Hierosolymam,

1960 2654 2272 2722 assumpsit.

2031 2743 2265 2802 Secreta.
2315 2746 2441 2804 Huic
2486 2750 2712 2817 oblatio,
2752 2751 3002 2819 Domine,
3057 2754 3124 2808 ab
3163 2755 3416 2809 omnibus
3446 2770 3546 2809 nos

1959 2846 2151 2908 purget
2174 2839 2417 2906 offensis,
2446 2858 2567 2912 quae
2593 2843 2644 2898 in
2667 2860 2762 2898 ara
2788 2846 2968 2902 crucis
2986 2846 3150 2900 etiam
3173 2846 3338 2901 totius
3359 2846 3548 2900 mundi

1963 2928 2084 2982 tulit
2109 2928 2362 2986 offensas.
2394 2932 2498 2986 Per
2525 2933 2812 2989 Dominum
2839 2945 3106 2991 nostrum.

2037 3022 2140 3092 13
2198 3020 2473 3094 Prtefatio.
2537 3025 2769 3096 Dignum
2826 3036 2884 3083 et
2941 3028 3148 3098 justum
3201 3037 3305 3099 est,
3362 3046 3545 3102 usque,

1961 3120 2164 3170 attente
2205 3113 2368 3171 Deus.
2403 3115 2506 3185 Qui
2535 3117 2764 3173 salutem
2806 3120 3028 3175 humani
3071 3121 3286 3191 generis
3318 3120 3374 3175 in
3404 3121 3550 3192 ligno

1962 3207 2141 3261 crucis
2167 3206 2516 3274 constituisti,
2544 3216 2604 3262 ut
2632 3211 2774 3265 unde
2797 3225 2942 3265 mors
2965 3211 3265 3276 oriebatur,
3293 3209 3415 3266 inde
3439 3213 3550 3266 vita

263 3285 599 3376 ξ’θδιξξξτυητν
628 3285 688 3332 ut
716 3275 1025 3376 sacriﬁcare
1066 3275 1172 3376 ﬁ":
1206 3275 1442 3330 hos‘iam
1492 3276 1669 3376 laumf
1699 3277 1859 3376 3P5?“
1886 3316 1932 3376 ρ
1966 3306 2295 3369 resurgeret,
2325 3307 2382 3353 et
2402 3299 2570 3369 quiin
2599 3299 2746 3371 ligno
2767 3301 3042 3368 vincebat,
3067 3303 3120 3357 in
3156 3303 3305 3374 ligno
3331 3317 3553 3373 quoque

265 3371 380 3426 luta
406 3369 656 3424 libertate
680 3368 990 3438 possimus;
1023 3367 1262 3421 retribuc
1285 3381 1406 3436 qua:
1428 3376 1554 3422 ante
1576 3367 1814 3422 tribuisti
1839 3385 1856 3433 ;

265 3468 324 3516 et
348 3459 494 3516 salva
521 3473 620 3515 nos
649 3473 746 3530 per
774 3456 1189 3528 indulgentiam,
1217 3473 1355 3528 quos
1383 3457 1635 3531 dignatus
1664 3472 1726 3512 es
1755 3457 1863 3511 sal-

265 3567 396 3608 vare
420 3567 517 3623 per
545 3551 794 3625 gratiam.
819 3549 924 3605 Per
947 3549 1256 3604 Dominum.
1711 3608 1715 3612 _

339 3646 421 3701 Ad
467 3642 868 3715 Comptendum.
919 3639 1170 3707 Domine,
1233 3645 1449 3718 adiutor
1485 3651 1542 3696 et
1588 3649 1866 3712 protector

267 3747 476 3801 noster,
495 3751 833 3808 quaesumus,
852 3732 1102 3789 reﬂoreat
1128 3752 1256 3792 caro
1282 3743 1466 3791 nostra
1496 3736 1682 3806 vigore
1708 3735 1867 3804 pudi-

267 3833 430 3897 οἰιίων
461 3839 517 3887 ει
539 3828 910 3886 sanctimonia!
935 3831 1199 3896 novitate,
1229 3837 1580 3900 ereptamque
1603 3829 1672 3882 de
1701 3844 1865 3882 manu

269 3925 482 3990 tartari,
514 3924 568 3978 in
600 3921 1021 3980 resurrectionis
1049 3925 1243 3998 gaudio
1290 3922 1483 3992 jubeas
1522 3921 1862 3994 pucseutari.

268 4017 376 4074 Per
415 4015 717 4074 Dominum,
835 4005 839 4008 ’

613 4126 758 4188 Item
785 4133 949 4186 missa
975 4131 1146 4186 sancti
1173 4129 1474 4199 Augustini.

341 4219 588 4283 Domine,
645 4224 789 4278 Deus
835 4222 1198 4292 omnipotens,
1251 4219 1343 4288 qui
1371 4218 1552 4275 salvos
1579 4217 1716 4274 facis
1743 4232 1868 4289 spe—

269 4319 453 4369 rantes
478 4311 540 4373 in
563 4325 654 4381 te;
705 4323 761 4370 tu
783 4313 1228 4377 clementissime,
1284 4312 1376 4380 qui
1407 4325 1630 4365 revocas
1678 4325 1870 4364 erran-

269 4413 394 4470 tes;
435 4419 494 4466 tu
526 4407 856 4473 misericors,
887 4405 982 4476 qui
1012 4421 1119 4462 non
1146 4405 1382 4475 despicis
1399 4404 1759 4470 conﬁtentes;
1789 4410 1868 4468 tu,

269 4495 507 4560 Domine
536 4499 712 4562 Pater,
746 4511 871 4552 cum
909 4495 1169 4554 ceciderit
1209 4493 1414 4563 justus,
1459 4511 1681 4548 manum
1702 4509 1871 4564 appo-

281 4594 406 4660 nis;
454 4587 854 4646 tu‘excelsusin
881 4586 1054 4651 caelis,
1085 4585 1446 4641 habitatorem
1492 4593 1545 4640 te
1574 4581 1872 4654 promisisti

1967 3393 2292 3445 vinceretur.
2325 3390 2432 3446 Per
2450 3392 2747 3448 Christum.

2039 3482 2121 3536 Ad
2150 3482 2427 3536 Commun.
2478 3483 2680 3540 Adesto
2719 3485 2895 3549 nobis,
2926 3485 3152 3541 Domine
3179 3486 3321 3540 Deus
3345 3493 3553 3551 noster,

1964 3585 2020 3630 ct
2041 3591 2178 3644 quos
2231 3585 2432 3630 sancta:
2484 3579 2664 3632 crucis
2692 3577 2863 3632 lmtari
2922 3577 3126 3632 honore
3178 3576 3376 3645 fecisti,
3434 3575 3557 3649 ejus

1965 3681 2180 3736 quoque
2203 3666 2481 3736 perpetuis
2504 3667 2732 3722 defende
2759 3668 3036 3725 subsidiis.
3071 3669 3194 3725 Per.

1969 3755 2103 3811 Item
2126 3759 2287 3812 missa
2313 3758 2378 3811 de
2406 3760 2744 3814 tribulatione
2784 3770 2833 3814 et
2863 3763 3190 3826 necessitate,
3235 3761 3414 3816 eodem
3446 3762 3552 3816 die.

2037 3848 2392 3920 Omnipotens
2439 3851 2766 3920 sempiterne
2814 3850 2976 3916 Deus,
3028 3852 3236 3920 respice
3289 3853 3561 3922 propitius

1969 3955 2159 4011 preces
2176 3949 2412 4005 nostras,
2437 3950 2491 3995 et
2509 3941 2575 3995 da
2595 3943 2760 4012 capiti
2783 3952 2972 3997 nostro
2993 3943 3382 3998 abundantiam
3401 3959 3560 4014 aqua:

1969 4041 2025 4086 et
2049 4032 2222 4085 oculis
2249 4033 2448 4086 nostris
2487 4031 2690 4086 fontem
2716 4032 3098 4102 lacrymarum,
3128 4043 3186 4086 ut
3207 4034 3413 4102 peccati
3437 4049 3553 4088 ma-

1969 4127 2088 4181 cula
2129 4127 2320 4191 abluti,
2353 4126 2577 4180 ultrices
2603 4141 2889 4195 prunarum
2932 4124 3179 4180 flammas
3206 4123 3366 4180 ﬂetus
3391 4128 3559 4181 uber-

1972 4227 2084 4273 tate
2113 4218 2414 4273 vincamus.
2443 4217 2547 4271 Per
2585 4216 2872 4270 Dominum
2902 4224 3167 4269 nostrum.

2044 4310 2273 4365 Secreta.
2321 4308 2426 4363 Per
2454 4310 2553 4363 has
2584 4307 2906 4372 oblationes,
2938 4310 3268 4377 quaxsun'rus,
3301 4306 3558 4374 Domine,

1972 4412 2033 4456 ut
2057 4419 2163 4456 non
2191 4408 2402 4456 tantum
2428 4399 2602 4454 oculis
2625 4397 2828 4452 nostris
2854 4399 3122 4469 lacrymas
3155 4396 3428 4463 infundas,
3453 4399 3550 4453 sed

1975 4501 2032 4547 et
2079 4492 2232 4545 mrdi
2286 4501 2474 4546 nostro
2536 4491 2762 4544 nimium
2810 4500 3155 4561 peccatorum
3211 4489 3414 4546 luctum
3467 4489 3568 4545 tri-

1933 4575 1935 4577 ’
1974 4583 2132 4638 buas.
2171 4583 2288 4637 Per.

281 4687 338 4742 in
365 4683 548 4746 terris,
577 4679 670 4735 ubi
719 4677 924 4732 fuerint
950 4677 1262 4748 congregati
1314 4677 1369 4730 in
1401 4686 1498 4731 tuo
1529 4677 1746 4730 nomine
1768 4675 1865 4730 duo

2049 4679 2322 4752 Prwlatio.
2374 4678 2602 4749 Dignum
2631 4687 2687 4733 et
2713 4677 2921 4745 justum
2969 4685 3076 4740 est,
3109 4693 3272 4747 usque
3301 4688 3321 4728 :
3360 4683 3565 4732 aterne

284 4775 368 4830 vel
406 4781 537 4834 tres,
567 4783 691 4825 esse
711 4768 767 4823 in
796 4766 976 4822 medio
999 4781 1209 4832 eorum,
1239 4775 1312 4832 te,
1343 4766 1586 4830 Domine,
1623 4774 1872 4820 tenemus

286 4861 692 4935 promissorem,
720 4865 782 4911 ut
809 4857 906 4911 des
949 4856 1167 4911 veniam
1201 4857 1610 4927 pamitentibus,
1641 4864 1692 4910 te
1723 4855 1872 4910 inve-

285 4953 441 5008 niant
466 4963 658 5006 omnes
697 4945 789 5018 qui
835 4953 1086 5017 quaarunt
1116 4953 1187 5000 te.
1229 4945 1306 5000 Te
1335 4946 1479 5000 enim
1504 4954 1871 5015 perscrutato-

285 5057 404 5098 rcm
432 5037 888 5096 conscientiarum
935 5043 1245 5090 nostrarqu
1269 5035 1494 5100 scimus,
1517 5035 1637 5089 ideo
1664 5036 1876 5088 veniam

288 5134 523 5208 petimus
568 5129 910 5188 delictorum.
959 5127 1040 5182 Tu
1071 5141 1296 5199 magnus
1319 5126 1581 5182 Dominus
1606 5136 1662 5182 et
1687 5127 1868 5182 lauda-

191 5275 205 5284 .
289 5225 414 5282 bilis
440 5223 617 5280 valde.
647 5221 724 5278 Te
751 5222 1132 5289 deprecamur,
1170 5226 1226 5274 et
1259 5219 1510 5289 petimus,
1543 5228 1601 5273 ut
1624 5220 1699 5274 sis
1723 5219 1879 5274 nobis

291 5314 576 5390 propitius.
599 5311 719 5368 Tibi
744 5308 1068 5366 conﬁtemur
1089 5308 1229 5364 mala
1251 5317 1464 5374 nostra,
1490 5316 1550 5363 ut
1571 5325 1878 5364 mereamur

293 5406 550 5477 consequi
571 5406 713 5461 bona
741 5412 853 5457 tua.
880 5401 1005 5457 Per.

363 5500 599 5558 Secreta.
657 5497 812 5555 Unde
863 5513 982 5563 nos,
1025 5497 1275 5561 Domine,
1317 5497 1384 5551 de
1410 5505 1499 5552 tua
1533 5496 1735 5568 pietate
1755 5512 1883 5552 ron-

295 5594 381 5652 fisi
409 5600 466 5650 et
491 5602 584 5648 tua
613 5591 772 5647 laude
798 5589 1002 5654 devoti,
1026 5589 1166 5644 hanc
1195 5589 1430 5644 hostiam
1481 5590 1883 5643 immaculatam

291 5685 586 5760 singularis
611 5682 863 5742 sacriﬁcii
894 5683 990 5738 tibi
1017 5679 1332 5745 deferimus,
1363 5689 1423 5736 ut
1449 5681 1623 5738 servis
1653 5683 1758 5737 tuis
1788 5699 1884 5737 no-

293 5781 382 5837 bis
404 5777 728 5844 viventibus,
751 5783 1099 5848 peccatorum
1155 5784 1464 5828 nostrorum
1522 5775 1732 5828 veniam
1758 5790 1887 5829 con-

297 5871 480 5938 cedas,
509 5879 565 5924 ct
591 5866 862 5941 defunctis
887 5866 1145 5922 fratribus
1183 5866 1386 5921 nostris
1421 5865 1661 5934 requiem
1686 5866 1885 5934 sempi-

300 5972 512 6016 ternam
536 5961 764 6016 tribuas.
794 5959 898 6014 Per
923 5957 1210 6014 Dominum
1232 5967 1499 6010 nostrum.

1977 4771 2139 4828 Deus.
2183 4770 2478 4826 Audientes
2523 4769 2691 4824 divini
2727 4768 2996 4845 sermonis
3052 4785 3244 4823 sonum
3285 4767 3564 4823 dicentis:

1976 4863 2124 4917 Beati
2159 4862 2251 4932 qui
2281 4861 2468 4933 lugent
2502 4877 2666 4927 nunc,
2697 4861 2950 4930 quoniam
2990 4858 3563 4930 ipsi-consolabuntur,

1979 4955 2206 5010 multum
2236 4964 2422 5009 nostra
2452 4952 2581 5008 [lere
2621 4962 2846 5022 peccata
2884 4952 3255 5008 desideramus
3282 4968 3295 5016 ;
3335 4951 3429 5006 sed
3457 4965 3564 5004 non

1977 5055 2204 5118 possunt
2228 5046 2370 5100 oculi
2420 5047 2593 5100 nostri
2623 5046 2838 5114 lapidei,
2868 5053 2924 5099 et
2949 5053 3171 5114 propter
3198 5045 3379 5098 cordis
3413 5043 3566 5096 duri~

1981 5143 2109 5195 tiam
2171 5140 2472 5210 lacrymarc
2498 5153 2602 5192 non
2631 5138 2892 5192 valemus.
2921 5137 3045 5190 ideo
3073 5150 3326 5205 rogamus
3358 5142 3431 5200 te,
3461 5132 3569 5189 Do-

1981 5231 2146 5295 mine,
2177 5238 2237 5283 ut
2271 5229 2477 5284 fontem
2521 5228 2735 5282 duritia:
2789 5227 2970 5282 cordis
2999 5227 3174 5280 nostri
3198 5224 3438 5296 primum
3473 5239 3572 5293 per

1981 5332 2221 5376 nostram
2270 5319 2646 5389 paenitentiam
2698 5318 2961 5382 emollias,
2994 5328 3050 5372 ct
3090 5317 3435 5388 postmodum
3473 5331 3574 5385 per

1981 5414 2181 5468 donum
2205 5411 2393 5480 gratia:
2413 5419 2518 5466 tuae
2543 5411 2744 5464 nostris
2765 5410 2992 5464 ﬂumina
3022 5410 3384 5478 lacrymarum
3403 5407 3574 5463 oculis

1985 5504 2206 5574 largiter
2232 5501 2504 5556 infundas.
2535 5501 2638 5555 Per
2656 5501 2930 5557 Christum
2959 5501 3266 5555 Dominum.

2061 5593 2451 5646 Postcommun.
2467 5591 2706 5660 Corpore
2733 5599 2789 5646 et
2815 5593 3077 5661 sanguine
3101 5601 3214 5656 tuo,
3241 5606 3571 5660 qumsumus,

1986 5683 2230 5748 Domine,
2255 5683 2457 5749 satiati,
2489 5690 2548 5736 ut
2585 5697 2683 5752 pro
2712 5682 2914 5737 nostris
2962 5698 3176 5751 semper
3202 5683 3444 5750 peccatis
3479 5697 3571 5736 no-

1987 5779 2070 5832 bis
2128 5777 2596 5849 eompunctionem
2659 5777 2840 5831 cordis
2897 5787 2951 5829 et
2991 5776 3194 5831 luctum
3248 5775 3576 5845 lluininaque

1992 5873 2354 5941 lacrymarum
2383 5869 2652 5940 largiaris,
2693 5879 2962 5939 quatenus
2991 5869 3266 5924 caelestem
3313 5870 3367 5922 in
3394 5869 3576 5924 futuro

1993 5959 2411 6017 consolationem
2441 5975 2768 6017 mercamur.
2811 5961 2929 6016 Per.
