4122 6592
1402 353 1463 408 Β.
1506 353 1568 408 F.
1602 350 1827 408 ALlllNl
1866 349 1999 407 SEU
2038 344 2317 404 ALCUINI
2353 341 2639 403 OPEBUM
2677 340 2859 397 PARS
2890 338 2967 394 IV.
3754 325 3877 385 456

2177 468 2230 524 Α
2326 458 2409 512 Ad
2431 455 2711 513 Commun.
2739 454 3084 522 Quaesumus,
3112 450 3345 505 Domine
3392 448 3536 504 Deus
3562 456 3777 513 noster,
3809 457 3877 503 ut

2776 544 2938 609 teria,
2971 557 3095 612 qua:
3132 555 3232 612 pro
3257 540 3620 611 reparatiouis
3650 545 3878 595 nostra:

3352 630 3511 686 nobis
3561 627 3878 685 remedium

556 358 665 415 ‘35

993 471 1161 531 Missa
1194 471 1363 527 sancti
1394 471 1695 542 Augustini.

628 593 984 665 Onmipoteus
1000 590 1329 660 sempiterne
1350 588 1519 654 Deus,
1551 588 1763 657 respice
1786 585 2057 658 prepitius
2083 585 2153 639 ad
2254 556 2609 649 δ³⁰¹τῖ⁸²ξ⁰⁰⁸³
2651 556 2938 646 ωῖδίξπξθυ
2971 557 3095 612 qum
3132 556 3232 612 pro
3257 556 3291 594 ¹’¹

628 680 1027 738 ecesEcclesia:
1048 688 1194 738 true;
1227 679 1295 735 da
1324 678 1483 733 nobis
1510 678 1673 733 ﬁdem
1716 686 1944 738 rectam,
1973 672 2154 730 cbari—
2256 651 2561 738 ¹¹¹¹¹¹¹¹ξ¹¹¹¹ξθ
2606 633 2906 738 “Enim”
2944 641 3003 687 ⁸⁸
3046 646 3291 704 pascas

557 698 752 755 preces
771 680 1027 738 Ecclesia:
1048 688 1194 746 ttae;
1227 679 1295 735 da
1324 678 1483 733 nobis
1510 678 1673 733 ﬁdem
1716 686 1944 738 rectam,
1973 674 2154 730 chari-

2287 674 2561 692 ιιυιιιιυιμυ
2606 674 2906 699 ννΙ-ιῡιι-ιυυι,

2287 744 2381 755 ,ΛΑΑ
2411 726 2579 755 ’Λιιζᾼῼ
2608 736 2662 755 Δ.
2692 725 2906 755 θιιθιιιιιιιε

559 725 752 833 5;;
756 773 1079 845 perfectam,
1108 725 1469 826 humilitatem
1516 784 1725 825 veram.
1752 765 2021 833 Concede,
2053 764 2157 821 Do—
2257 726 2583 845 esslelﬁcjff

558 869 726 934 mine,
758 815 824 921 ul
844 865 916 921 sit
951 864 1007 919 in
1029 862 1184 919 nobis
1218 862 1451 933 simplex
1480 859 1728 926 allectus,
1754 859 2020 930 patientia
2047 855 2158 913 for-

2332 820 2473 875 Item
2499 819 2570 873 ad
2607 817 2886 875 Commun.
2938 815 3155 872 Fideles
3210 825 3352 882 tuos,
3394 831 3727 887 quzesumus,
3760 816 3883 872 Do—

2287 912 2403 934 ..2..-
2458 911 2826 934 2...----ΔΑ-ιιι
2860 911 3016 934 ιΑ-.-
3051 908 3215 934 ιι-..ε-
3249 925 3466 934 ,ιι-..-ιι-
3487 911 3692 934 ..Σ-ΑΔ..-
3744 926 3853 934 Α---

560 908 2161 1025 2:1'“;b:..;:.i;".:;.;.:;.;;.;:“gressus...
2260 908 3220 1025 :‘1‘??:i‘1!fff°‘i€“fil’ff‘iﬁt???
3248 925 3466 1025 es:
3487 911 3875 1025 inesse:

562 1002 655 1023 --η
702 1002 1009 1013 ν-ννν·ν---·-
1103 1002 1446 1019 """"‘"'r
1508 1002 1615 1023 r-—
1662 1002 1948 1021 r"t"'"v
2008 1002 2013 1003 γ
2078 1002 2103 1003 η
2145 1002 2151 1003 ί
2528 1002 2540 1014 .
3096 1002 3107 1014 .
3508 1003 3523 1016 ,
3634 1004 3646 1015 ,
3740 1006 3754 1015 ,

558 1066 722 1122 pura.
761 1057 975 1105 rectum
1001 1002 1357 1104 et'mundum
1383 1061 1501 1112 cor.
1537 1044 1789 1100 voluntas
1837 1044 2003 1109 bona,
2032 1056 2161 1097 οοη-
2261 1010 2756 1122 ῗῗῗηξῗῗῖἱξθῖηῗςὶ
2763 1002 3884 1122 ῗξῗῖῗηέζῖἒῗῗῗῗζὲἱ,Ῥῖὲῗῗῗὶτῗῗῗῗξ

560 1091 2160 1209 :3:J:.';;I.Z'.;;;J;£Ia5's;..aamastisis.
2262 1091 3407 1209 ῗῗῗέὶωῗίξῗῖξὲῗἓῗῗῗὲἰξῗίἶῗηνίξῖἷθ
3434 1094 3885 1209 ἔὲῗῗῗίὶὲἷἪ*

560 1181 790 1199 ’νυνι-ἰιι
820 1181 1032 1205 ἰ’-ιον·-ν
1062 1181 1408 1209 ννισσν-ισνπν
1429 1181 1714 1207 ”ι’···’··“’·’ν
1758 1181 1821 1189 ---
1835 1181 1917 1190 --ν
1941 1181 2160 1199 --υ---ηι

560 1233 677 1288 vita
705 1229 1074 1293 immaculata.
1104 1228 1508 1285 consummatio
1559 1224 2073 1298 irreprehensibilis,
2102 1232 2164 1277 ut

2287 1196 2457 1237 :arum
2502 1196 2614 1237 non
2642 1182 2927 1252 capiamur
2970 1181 3261 1250 illecebris,
3293 1192 3387 1239 tua
3426 1183 3634 1257 jugiter
3677 1201 3885 1257 pasca-

2287 1288 2388 1298 .-η-
2415 1271 2696 1298 ,ΙηΙΑΑᾹζ--
2748 1271 2855 1298 In-..

569 1271 677 1288 π...
706 1271 1074 1293 .........,...-...,
1105 1271 1507 1285 νν,,,,,,,,,,,,,,,,ν
1560 1271 2073 1298 πηνήκην-’,Ἴ
2107 1271 2163 1277 __
2609 1272 2620 1283 .

562 1324 794 1381 viriliter
840 1330 1149 1385 currentes,
1176 1320 1233 1374 in
1262 1330 1417 1374 tuum
1442 1317 1681 1374 feliciter
1730 1330 2040 1372 mereamur
2073 1316 2154 1370 in-
2264 1288 2388 1328 mur
2412 1271 2717 1385 δωθθδξθθ·
2748 1271 2874 1328 Pe“

562 1417 735 1474 troire
766 1428 1016 1487 regnum.
1056 1413 1184 1469 Per.

643 1509 881 1571 Secreta.
914 1507 1127 1564 Oblatis
1152 1508 1275 1572 tibi,
1301 1503 1552 1570 Domine,
1582 1503 1934 1559 libaminibus
1959 1500 2165 1559 sacriﬁ-

2590 1382 2727 1438 Itent
2766 1385 2929 1442 missa
2975 1387 3146 1442 sancti
3180 1386 3485 1458 Augustini.

2336 1499 2566 1555 Domine
2616 1500 2761 1557 Deus
2805 1508 3015 1568 noster,
3062 1518 3259 1572 magne
3297 1513 3355 1558 et
3378 1505 3743 1575 omnipotens,
3774 1506 3883 1575 qui

564 1600 801 1665 ciorum,
830 1599 1041 1670 respice
1068 1597 1395 1654 humilitatis
1431 1604 1634 1651 nostra:
1658 1594 2079 1658 confessionem,
2104 1602 2167 1647 ut
2265 1607 2437 1648 sanas
2455 1594 2724 1649 contritas
2743 1593 3244 1666 corde,‘eorumque
3261 1595 3450 1667 alligas
3486 1597 3885 1663 contritiones,

564 1689 686 1746 haec
706 1689 893 1746 oblata
928 1687 1254 1753 sanctiﬁces,
1276 1702 1399 1757 quae
1430 1687 1527 1742 tibi
1554 1685 1833 1742 offerimus
1854 1700 1955 1755 pro
1982 1684 2167 1739 remis
2269 1692 2363 1740 tua
2394 1693 2448 1741 te
2470 1687 2647 1756 pietas
2674 1685 2832 1743 nobis
2850 1685 3059 1743 efﬁciat
3083 1688 3426 1760 placabilem,
3459 1704 3598 1760 quos
3629 1691 3887 1747 conditio

570 1781 726 1839 sione
755 1790 1102 1853 peccatorum
1129 1787 1466 1845 nostrorum,
1516 1778 1599 1833 vel
1625 1775 2005 1833 defunctorum
2053 1772 2165 1828 fra-
2197 1828 2241 1853 ῃ
2268 1773 2580 1846 fragilitatis
2633 1776 2886 1831 humanae
2939 1778 3224 1832 constituit
3249 1779 3303 1833 in
3347 1793 3603 1834 maerore.
3637 1777 3883 1844 Exaudi,

566 1884 718 1931 trum
750 1876 959 1947 requie,
986 1882 1045 1929 et
1070 1881 1131 1928 ut
1163 1872 1489 1928 sumentium
1538 1870 1844 1926 ariditatem
1877 1879 1983 1924 tua:
2000 1869 2169 1923 bene-
2197 1866 2244 1890 "
2273 1866 2522 1933 Domine,
2575 1882 2770 1938 preces
2818 1877 3059 1934 nostras,
3111 1878 3170 1924 ct
3195 1871 3414 1925 dimitte
3460 1871 3617 1926 nobis
3645 1880 3888 1926 cunctas

567 1965 825 2024 dictionis
851 1965 1075 2020 ubertas
1096 1971 1380 2017 sustentet.
1425 1960 1531 2016 Per
1558 1959 1866 2014 Dominum.

646 2051 1041 2111 Postcomnun.
1075 2053 1242 2117 Deus,
1293 2052 1436 2122 apud
1487 2066 1647 2121 quem
1692 2058 1777 2105 est
1800 2048 2171 2105 misericordia

567 2148 811 2218 copiosa,
840 2144 1045 2201 efﬁciat
1070 2159 1171 2200 nos
1196 2144 1300 2199 sibi
1324 2158 1453 2198 vasa
1508 2142 1887 2207 mundissima,
1914 2152 1971 2197 et
1999 2141 2165 2212 spiri-

570 2242 774 2298 talibus
829 2240 1042 2297 deliciis
1097 2239 1309 2294 reﬁciat
1369 2236 1743 2292 inﬁrmitatem
1795 2243 2062 2300 nostram,
2112 2244 2174 2289 ut

572 2333 740 2390 corda
765 2340 951 2389 nostra
975 2346 1101 2386 eum
1153 2344 1372 2400 semper
1393 2329 1641 2383 esuriant
1690 2336 1856 2397 atque
1880 2326 2092 2393 sitiant,
2117 2336 2175 2381 et

570 2434 699 2482 vota
727 2431 929 2481 nostra:
977 2421 1301 2478 humilitatis
1336 2420 1591 2476 clament.
1623 2418 1730 2474 Per
1756 2417 2049 2473 Dominum
2075 2432 2175 2475 no-

572 2524 751 2571 strum
776 2512 965 2571 Iesum
988 2510 1286 2570 Christum.

1160 2650 1393 2709 CAPUT
1421 2651 1531 2708 Vli.

897 2761 1127 2819 Sabbato
1154 2764 1317 2818 missa
1346 2762 1412 2816 de
1438 2770 1620 2816 sancta
1650 2761 1848 2815 lam.

658 2874 906 2930 Concede
931 2874 1087 2931 nobis
1128 2872 1344 2928 famulis
1396 2872 1526 2937 tuis,
1583 2887 1908 2941 quaesumus,
1950 2870 2181 2928 Domine

576 2966 743 3032 Deus,
772 2975 1037 3038 perpetua
1063 2965 1261 3020 mentis
1288 2973 1348 3020 et
1398 2963 1643 3035 corporis
1669 2965 2034 3033 prosperitate
2056 2978 2183 3037 gau-

578 3062 729 3127 dere,
761 3070 818 3116 et
856 3060 1094 3132 gloriosa
1145 3060 1319 3114 beatae
1362 3056 1545 3111 Maria:
1600 3070 1818 3125 seraper
1856 3056 2083 3126 virginis
2106 3055 2184 3109 in-

2271 1958 2619 2016 oﬁ‘ensiones.
2674 1959 2868 2016 Manus
2894 1969 3003 2015 tua:
3055 1960 3373 2018 fortitudine
3401 1979 3431 2017 a
3454 1965 3669 2019 cunctis
3699 1978 3885 2036 angu-

2268 2054 2396 2131 stiis
2423 2052 2739 2117 liberemur,
2767 2059 2830 2107 ut
2855 2068 2980 2108 cum
3012 2055 3119 2108 tuis
3172 2057 3380 2111 sanctis
3401 2056 3491 2111 hic
3529 2064 3587 2110 et
3634 2056 3689 2110 in
3716 2064 3891 2111 ualer-

2273 2160 2404 2201 num
2424 2144 2687 2201 laetemur.
2718 2144 2823 2200 Per
2853 2144 3141 2201 Dominum
3166 2155 3433 2202 nostrum.

2345 2236 2577 2292 Secreta.
2629 2237 2783 2293 Hanc
2839 2252 3056 2309 quoque
3104 2239 3454 2306 oblationem,
3512 2239 3761 2307 Domine,
3796 2242 3891 2299 di-

2273 2344 2465 2401 gnare,
2491 2344 2826 2401 quaesumus,
2862 2330 3291 2387 misericorditer
3336 2333 3661 2389 benedicere
3676 2316 3741 2389 et
3764 2335 3892 2390 cle-

2276 2428 2489 2476 menter
2525 2419 2893 2482 sanctiﬁcare.
2941 2435 3108 2490 quam
3137 2422 3235 2476 tibi
3282 2422 3579 2478 obtulimus
3597 2438 3697 2495 pro
3722 2425 3891 2480 vivo-

2280 2530 2400 2570 rum
2422 2514 2599 2570 salute
2640 2523 2699 2569 et
2726 2522 3069 2570 mortuorum
3114 2515 3338 2587 requie;
3364 2522 3423 2569 ut
3453 2524 3542 2570 tua
3566 2514 3892 2572 sanctiﬁca-

2281 2606 2357 2661 tio
2383 2606 2457 2662 sit
2483 2606 2631 2661 salus
2659 2614 2718 2661 et
2734 2604 2982 2661 defensio
3006 2607 3333 2661 animarum.
3361 2606 3465 2662 Per
3486 2606 3801 2663 Dominum.

2355 2696 2629 2766 Prcfatio.
2685 2695 2917 2767 Dignum
2941 2704 3000 2751 et
3017 2697 3227 2767 justum
3254 2705 3360 2762 est,
3392 2713 3578 2768 usque,
3606 2713 3703 2768 per
3721 2696 3891 2755 Chri-

2283 2796 2428 2842 stum
2455 2785 2745 2840 Dominum
2771 2794 3041 2842 nostrum.
3073 2786 3177 2842 Per
3206 2787 3382 2857 ipsum
3426 2795 3499 2852 te,
3530 2788 3890 2859 omnipotens

2285 2878 2428 2931 Deus
2455 2874 2637 2943 Pater,
2669 2876 2941 2947 supplices
2979 2892 3293 2942 exoramus,
3327 2887 3386 2932 ut
3405 2878 3509 2933 hoc
3545 2879 3891 2935 sacriﬁcium

2286 2978 2535 3039 acceptes
2560 2969 2704 3038 quod
2758 2968 2854 3024 tibi
2884 2968 3183 3035 oderimus,
3228 2978 3285 3024 et
3314 2971 3473 3025 nobis
3524 2970 3743 3028 famulis
3773 2973 3893 3029 tuis

2285 3062 2506 3132 pietatis
2532 3072 2636 3116 tua:
2655 3063 2906 3117 solatium
2934 3064 3204 3118 concedas
3251 3064 3539 3135 propitius.
3570 3062 3745 3119 Tuum
3774 3074 3891 3130 est,

578 3152 915 3208 tercessione
943 3166 974 3204 a
1018 3149 1277 3219 presenti
1326 3147 1549 3203 liberari
1595 3146 1842 3212 tristitia,
1891 3155 1949 3201 et
1998 3145 2181 3201 futura
2208 3187 2259 3255 ϐ
2290 3149 2540 3216 Domine,
2582 3167 2781 3207 sanare
2807 3153 3075 3208 contritos
3097 3153 3285 3219 corde,
3317 3162 3468 3209 tuum
3496 3162 3585 3208 est
3608 3154 3891 3212 consolari

576 3242 784 3316 perfrui
804 3241 1010 3297 laetitia.
1038 3240 1145 3296 Per
1176 3238 1470 3294 Dominum
1491 3246 1760 3293 nostrum.

656 3332 831 3386 Lectio
879 3331 998 3386 libri
1031 3330 1338 3401 Sapientia.
1388 3329 1473 3385 Ab
1519 3329 1675 3385 initio
1712 3337 1770 3383 et
1794 3336 1923 3387 ante
1970 3329 2172 3385 szccula

578 3431 770 3478 creata
793 3437 939 3485 sum,
965 3430 1021 3475 et
1048 3436 1220 3491 usque
1241 3422 1313 3475 in.

652 3511 936 3586 Sequentia
971 3513 1143 3567 sancti
1192 3510 1470 3581 Evangelii
1525 3512 1815 3568 secundum
1863 3510 2083 3565 Lucam.
2114 3508 2175 3565 In

583 3606 679 3664 illo
702 3614 968 3674 tempore,
997 3604 1225 3658 intravit
1248 3600 1409 3659 Jesus
1441 3603 1496 3659 in
1542 3603 1818 3674 quoddam
1866 3603 2172 3658 castellum.

584 3704 642 3752 et
666 3693 881 3751 mulier.

656 3783 891 3841 Secreta.
920 3782 1058 3849 Tua,
1086 3782 1335 3847 Domine,
1363 3782 1769 3853 propitiatione,
1791 3792 1849 3837 et
1879 3782 2047 3837 beata:
2074 3780 2180 3834 Ma-

586 3878 681 3934 ria:
706 3890 925 3947 semper
950 3875 1174 3946 virginis
1203 3872 1612 3938 intercessione,
1643 3874 1709 3927 ad
1752 3882 2070 3944 perpetuam
2096 3880 2179 3925 at-

583 3985 691 4042 que
716 3978 1043 4040 przesentem
1084 3967 1199 4023 lucc
1241 3966 1445 4021 oblatio
1486 3967 1645 4022 nobis
1684 3966 1935 4039 proﬁciat
1962 3980 2181 4038 prospe-

587 4062 825 4116 ritatem.
856 4059 964 4114 Per
986 4058 1278 4114 Dominum
1306 4066 1576 4113 nostrum.

665 4151 1060 4208 Postcontmun.
1122 4150 1388 4221 Sumptis,
1453 4150 1701 4216 Domine,
1760 4151 1952 4205 salutis
1983 4162 2182 4206 nostri:

586 4242 865 4308 subsidiis,
909 4242 1001 4309 da,
1056 4257 1389 4314 quaesumus,
1434 4240 1549 4311 ejus
1573 4243 1892 4313 patrociniis
1938 4258 2037 4298 nos
2066 4243 2185 4296 ubi—

588 4351 695 4406 que
717 4338 945 4406 protegi,
977 4335 1032 4389 in
1059 4332 1217 4403 cujus
1244 4336 1596 4391 veneratione
1625 4337 1739 4391 haec
1759 4344 1862 4390 tua:
1890 4335 2184 4390 obtulimus

592 4423 890 4493 maiestati.
922 4423 1045 4479 Per.

665 4516 771 4590 ιι
806 4515 981 4587 δίιμεν
1004 4518 1274 4589 populum.
1328 4517 1684 4589 Omnipotens
1732 4519 1896 4584 Deus,
1957 4518 2188 4573 famulos
2222 4545 2272 4604 ο

593 4622 715 4668 tinos
739 4613 965 4675 dextera
995 4614 1254 4683 potentias
1282 4621 1388 4669 tuae
1412 4630 1445 4668 a
1471 4615 1684 4670 cunctis
1713 4626 1937 4685 pretege
1980 4615 2193 4685 pericu—

592 4703 680 4770 lis,
704 4713 762 4760 et
784 4704 943 4759 beata
970 4704 1140 4759 Maria
1170 4719 1387 4775 semper
1428 4705 1637 4775 virgine
1682 4706 2076 4771 intercedente,
2108 4705 2194 4760 fac

594 4809 695 4850 nos
719 4795 973 4865 praesenti
1005 4794 1241 4866 gaudere
1266 4796 1633 4866 prosperitate
1663 4804 1719 4849 et
1739 4803 1965 4850 azterna.
1997 4794 2120 4850 Per.

693 4906 832 4961 Item
856 4908 1018 4962 missa
1049 4908 1107 4962 in
1139 4909 1634 4962 commemoratione
1657 4918 1855 4963 sancta:
1883 4908 2092 4963 Mariis.

668 5016 1017 5073 Famulorum
1047 5025 1289 5085 tuorum,
1336 5033 1668 5089 qumsumus,
1706 5017 1924 5073 delictis
1952 5019 2191 5089 ignosce,

598 5120 654 5165 et
672 5110 769 5178 qui
795 5109 1013 5180 placere
1038 5110 1105 5164 de
1134 5111 1349 5165 actibus
1377 5111 1580 5165 nostris
1612 5126 1720 5164 non
1751 5109 2015 5175 valemus,
2046 5108 2197 5179 geni-

601 5202 756 5257 tricis
785 5200 903 5255 Filii
933 5202 1012 5256 tui
1058 5200 1271 5255 Domini
1312 5202 1484 5256 nostri
1530 5199 1658 5255 Jesu
1700 5199 1904 5255 Christi
1940 5200 2199 5254 interces-

602 5293 780 5357 sione,
807 5307 928 5361 qute
972 5291 1072 5346 tibi
1137 5300 1267 5346 sunt
1314 5292 1514 5361 placita
1570 5306 1787 5361 semper
1848 5290 2194 5356 meditantes,

606 5383 811 5439 mundo
831 5382 998 5436 corde
1036 5381 1238 5450 iugiter
1265 5388 1321 5434 et
1340 5379 1503 5434 dictis
1540 5394 1904 5449 exsequamur
1924 5388 1982 5433 et
2020 5378 2195 5432 factis.

679 5473 911 5529 Secreta.
936 5472 1313 5528 Oblationibus
1338 5474 1562 5538 nostris,
1586 5488 1915 5542 quaesumus,
1948 5471 2198 5536 Domine,

2286 3253 2603 3300 mterentes.
2635 3243 2854 3300 Placeat
2894 3244 3010 3314 jam
3045 3254 3149 3300 tua:
3178 3247 3387 3317 pietati,
3418 3248 3634 3319 eripere
3661 3260 3899 3320 oppres-

2285 3350 2395 3400 sos,
2428 3351 2689 3391 revocare
2733 3338 2996 3406 captivos,
3028 3337 3305 3394 lzetiﬁcare
3356 3340 3412 3395 in
3459 3340 3727 3409 angustiis
3755 3355 3896 3395 con—

2284 3430 2521 3485 stitutos.
2554 3429 2660 3483 Per
2687 3430 2863 3500 ipsum
2905 3438 2959 3485 te
2985 3445 3227 3497 oramus,
3274 3447 3487 3486 summe
3516 3432 3696 3495 Pater,
3717 3446 3894 3503 quem

2286 3534 2465 3578 tecum
2489 3532 2545 3578 et
2565 3539 2687 3579 cum
2712 3532 2906 3580 sancto
2931 3522 3133 3595 Spiritu
3164 3525 3471 3581 collaudaut
3524 3525 3765 3582 ctelcstia
3788 3542 3903 3597 pa—

2286 3616 2420 3670 riter
2443 3630 2510 3670 ac
2544 3624 2784 3682 terrena,
2814 3626 2871 3672 et
2904 3618 3048 3673 hunc
3077 3619 3337 3689 hymnum
3375 3617 3521 3673 dulci
3548 3619 3880 3675 modulatio-

2288 3723 2357 3762 ne
2404 3707 2759 3779 proclamant,
2813 3709 3099 3764 dicentes:
3144 3707 3402 3774 Sanctus,
3445 3707 3699 3775 Sanctus,
3744 3707 3895 3764 San-

2287 3808 2429 3865 ctus,
2459 3798 2686 3854 Domine
2700 3799 2842 3856 Deus
2864 3799 3123 3855 Sabaoth.

2362 3890 2755 3947 Postcommun.
2806 3893 3166 3963 Omnipotens
3193 3892 3360 3956 Deus,
3408 3894 3678 3965 propitius
3704 3892 3895 3951 cordis

2289 3985 2460 4039 nostri
2488 3984 2754 4053 adspiciat
2801 3986 3053 4057 gemitus,
3091 3995 3147 4039 et
3173 3984 3525 4056 petitionibus
3553 3985 3756 4040 nostris
3776 4000 3897 4041 sua

2290 4076 2506 4147 pietatis
2532 4092 2721 4132 aurem
2741 4076 2984 4141 inclinet,
3015 4084 3180 4149 atque
3204 4077 3274 4131 ab
3297 4078 3448 4131 omni
3477 4075 3733 4132 defensos
3753 4089 3895 4131 mte-

2293 4183 2416 4223 rore
2465 4184 2564 4224 nos
2616 4167 2854 4224 laetiﬁcet
2881 4187 2895 4233 ;
2927 4177 3167 4225 mentem
3223 4178 3468 4223 nostram
3516 4167 3896 4226 miserationis

2292 4273 2405 4314 suae
2433 4259 2676 4314 subsidio
2721 4260 2954 4324 muniat,
2979 4268 3038 4315 et
3078 4247 3317 4316 remedia
3340 4260 3522 4330 gaudii
3546 4258 3891 4329 sempiterna

2296 4351 2451 4406 nobis
2480 4352 2780 4407 clementer
2818 4352 3093 4407 attribuat.
3152 4349 3258 4405 Per
3296 4351 3588 4407 Dominum
3642 4360 3895 4407 nostrum

2299 4440 2489 4497 Jesum
2510 4442 2812 4497 Christum.

2870 4532 3101 4591 CAPUT
3131 4534 3262 4589 VIII.

2575 4623 2743 4679 Missa
2765 4626 2821 4678 in
2852 4627 3117 4680 ueratione
3146 4627 3302 4681 unius
3338 4626 3597 4697 Apostoli.

2358 4735 2524 4801 Deus,
2542 4736 2635 4807 qui
2650 4735 2887 4792 ﬁdelium
2901 4746 3113 4792 mentes
3124 4739 3285 4793 unius
3296 4736 3470 4793 efﬁcis
3484 4737 3799 4805 voluntatis,
3813 4739 3901 4795 in-

2298 4830 2633 4885 tercessione
2686 4826 2832 4882 beati
2880 4830 3111 4899 apostoli
3170 4830 3268 4895 tui,
3322 4832 3388 4884 da
3418 4830 3578 4885 nobis
3606 4831 3659 4886 id
3706 4846 3898 4888 amare

2295 4920 2441 4989 quod
2464 4919 2737 4989 praecipis,
2770 4919 2824 4974 id
2864 4919 3177 4975 desiderare
3205 4921 3349 4991 quod
3401 4924 3695 4992 promittis,
3722 4931 3786 4979 ut
3812 4925 3899 4979 in-

2299 5023 2382 5067 ter
2410 5014 2716 5068 mundanas
2761 5013 3056 5069 varietates
3086 5014 3160 5069 ibi
3190 5026 3379 5071 nostra
3409 5018 3523 5072 sint
3552 5016 3659 5071 ﬁxa
3700 5018 3893 5082 corda,

2298 5108 2389 5162 ubi
2415 5122 2545 5163 vera
2578 5116 2709 5161 sunt
2730 5108 2943 5178 gaudia.
2977 5107 3082 5163 Per
3100 5105 3410 5163 Dominum.
3502 5122 3505 5127 ·
3614 5180 3621 5185 _

2369 5198 2548 5253 Lectio
2586 5196 2839 5268 Epistolis
2880 5197 3017 5252 beati
3053 5196 3215 5254 Pauli
3238 5200 3483 5271 apostoli,
3515 5199 3585 5255 ad
3611 5188 3894 5272 Ephesios.

2301 5288 2540 5357 Fratres,
2566 5289 2681 5358 jam
2712 5305 2819 5345 non
2847 5292 2982 5347 estis
3004 5292 3244 5363 hospites
3266 5302 3322 5347 et
3344 5293 3588 5358 advenat,
3621 5294 3718 5348 sed
3762 5295 3899 5351 estis

2299 5383 2447 5437 cives
2475 5393 2815 5448 sanctorum,
2839 5391 2897 5437 et
2914 5381 3199 5439 domestici
3223 5382 3339 5439 Dei.

2371 5471 2655 5543 Sequentia
2684 5462 2855 5525 sancti
2899 5471 3177 5545 Evangelii
3215 5475 3501 5530 secundum
3524 5473 3805 5530 Joannem.
3836 5476 3898 5531 In

608 5566 971 5639 precibusque
1034 5562 1322 5633 susceptis,
1383 5564 1754 5617 intercedente
1810 5565 1972 5618 beata
2032 5562 2201 5616 Maria
2302 5563 2394 5617 illo
2424 5572 2691 5632 tempore,
2745 5562 2884 5618 dixit
2912 5562 3101 5619 Simon
3151 5563 3352 5621 Petrus
3379 5569 3447 5621 ad
3475 5562 3663 5621 Jesum
3699 5585 3711 5620 :
3753 5565 3896 5621 Ecce

606 5669 823 5723 semper
851 5653 1080 5722 virgine,
1102 5662 1328 5723 peccata
1370 5664 1558 5708 nostra
1588 5654 1939 5718 mundentur,
1968 5660 2026 5707 et
2049 5652 2117 5707 ad
2150 5661 2201 5706 te
2304 5668 2405 5708 nos
2424 5652 2742 5722 reliquimus
2765 5654 2969 5719 omnia,
2995 5664 3052 5710 et
3077 5657 3250 5711 secuti
3272 5671 3459 5711 sumus
3488 5666 3560 5711 te.

612 5756 828 5803 nostras
848 5748 1019 5801 etiam
1046 5747 1275 5802 rebelles
1295 5747 1560 5818 compelle
1580 5748 1847 5817 propitius
1869 5745 2199 5812 voluntates,

616 5839 888 5910 vitamque
908 5839 1063 5897 nobis
1091 5838 1289 5911 largire
1317 5847 1595 5894 aeternam.
1628 5838 1747 5892 Per.

2380 5741 2483 5811 15
2514 5741 2750 5797 Secreta.
2782 5742 2881 5799 His
2908 5745 3084 5811 nobis,
3115 5745 3361 5811 Domine,
3381 5747 3655 5817 mysteriis
3682 5748 3893 5819 suppli-

2306 5835 2523 5890 catione
2569 5834 2715 5890 beati
2758 5838 2989 5909 apostoli
3030 5840 3109 5894 tui
3154 5838 3505 5904 conferatur,
3535 5854 3643 5901 quo
3676 5849 3895 5895 terrena
