  <div class='ocr_page' id='page_1' title='image "/cluster/home/n/w/nwhite01/storage/ocr_20150623/101/umn.31951002477394h/243.png"; bbox 0 0 4122 6560; ppageno 0'>
   <div class='ocr_carea' id='block_1_1' title="bbox 547 327 649 382">
    <p class='ocr_par' dir='ltr' id='par_1_1' title="bbox 547 327 649 382">
     <span class='ocr_line' id='line_1_1' title="bbox 547 327 649 382; baseline -0.02 0"><span class='ocrx_word' id='word_1_1' title='bbox 547 327 649 382; x_wconf 70' lang='grc'><strong>459</strong></span> 
     </span>
    </p>
   </div>
   <div class='ocr_carea' id='block_1_2' title="bbox 1398 321 2977 386">
    <p class='ocr_par' dir='ltr' id='par_1_2' title="bbox 1398 321 2977 386">
     <span class='ocr_line' id='line_1_2' title="bbox 1398 321 2977 386; baseline -0.004 -2"><span class='ocrx_word' id='word_1_2' title='bbox 1398 330 1458 384; x_wconf 83' lang='grc' dir='ltr'><strong>Β.</strong></span> <span class='ocrx_word' id='word_1_3' title='bbox 1497 330 1560 385; x_wconf 77' lang='lat' dir='ltr'><strong>F.</strong></span> <span class='ocrx_word' id='word_1_4' title='bbox 1601 326 1827 386; x_wconf 75' lang='lat' dir='ltr'><strong>ALBlNl</strong></span> <span class='ocrx_word' id='word_1_5' title='bbox 1867 327 1998 385; x_wconf 80' lang='lat' dir='ltr'><strong>SEU</strong></span> <span class='ocrx_word' id='word_1_6' title='bbox 2037 326 2314 383; x_wconf 70' lang='lat' dir='ltr'><strong>ALCUINI</strong></span> <span class='ocrx_word' id='word_1_7' title='bbox 2351 322 2636 381; x_wconf 69' lang='lat' dir='ltr'><strong>OPl-LBUM</strong></span> <span class='ocrx_word' id='word_1_8' title='bbox 2675 322 2853 378; x_wconf 80' lang='lat' dir='ltr'><strong>PARS</strong></span> <span class='ocrx_word' id='word_1_9' title='bbox 2887 321 2977 378; x_wconf 78' lang='lat' dir='ltr'><strong>IV.</strong></span> 
     </span>
    </p>
   </div>
   <div class='ocr_carea' id='block_1_3' title="bbox 3713 320 3833 374">
    <p class='ocr_par' dir='ltr' id='par_1_3' title="bbox 3713 320 3833 374">
     <span class='ocr_line' id='line_1_3' title="bbox 3713 320 3833 374; baseline 0 0"><span class='ocrx_word' id='word_1_10' title='bbox 3713 320 3833 374; x_wconf 60' lang='lat'><strong>£60</strong></span> 
     </span>
    </p>
   </div>
   <div class='ocr_carea' id='block_1_4' title="bbox 547 431 3824 516">
    <p class='ocr_par' dir='ltr' id='par_1_4' title="bbox 547 431 3824 516">
     <span class='ocr_line' id='line_1_4' title="bbox 547 431 3824 516; baseline -0.003 -18"><span class='ocrx_word' id='word_1_11' title='bbox 547 446 602 499; x_wconf 92' lang='lat' dir='ltr'><strong>in</strong></span> <span class='ocrx_word' id='word_1_12' title='bbox 633 444 839 500; x_wconf 82' lang='lat' dir='ltr'><strong>honore</strong></span> <span class='ocrx_word' id='word_1_13' title='bbox 871 452 1186 501; x_wconf 88' lang='lat' dir='ltr'><strong>sanctorum</strong></span> <span class='ocrx_word' id='word_1_14' title='bbox 1220 451 1524 516; x_wconf 72' lang='lat' dir='ltr'><strong>martyrum</strong></span> <span class='ocrx_word' id='word_1_15' title='bbox 1570 452 1788 500; x_wconf 89' lang='lat' dir='ltr'><strong>tuorum</strong></span> <span class='ocrx_word' id='word_1_16' title='bbox 1813 443 1880 498; x_wconf 89' lang='lat' dir='ltr'><strong>de</strong></span> <span class='ocrx_word' id='word_1_17' title='bbox 1903 450 1995 495; x_wconf 86' lang='lat' dir='ltr'><strong>tua</strong></span> <span class='ocrx_word' id='word_1_18' title='bbox 2018 440 2128 496; x_wconf 83' lang='lat' dir='ltr'><strong>lar—</strong></span> <span class='ocrx_word' id='word_1_19' title='bbox 2154 444 2202 502; x_wconf 80' lang='grc' dir='ltr'><strong>Α</strong></span> <span class='ocrx_word' id='word_1_20' title='bbox 2230 441 2334 496; x_wconf 84' lang='lat' dir='ltr'><strong>hac</strong></span> <span class='ocrx_word' id='word_1_21' title='bbox 2355 437 2581 494; x_wconf 80' lang='lat' dir='ltr'><strong>basilica</strong></span> <span class='ocrx_word' id='word_1_22' title='bbox 2606 435 2848 507; x_wconf 66' lang='lat' dir='ltr'><strong>reliquiae</strong></span> <span class='ocrx_word' id='word_1_23' title='bbox 2872 443 3002 490; x_wconf 89' lang='lat' dir='ltr'><strong>sunt</strong></span> <span class='ocrx_word' id='word_1_24' title='bbox 3032 433 3344 491; x_wconf 61' lang='lat' dir='ltr'><strong>recondita.</strong></span> <span class='ocrx_word' id='word_1_25' title='bbox 3369 432 3473 487; x_wconf 86' lang='lat' dir='ltr'><strong>Per</strong></span> <span class='ocrx_word' id='word_1_26' title='bbox 3498 431 3824 489; x_wconf 87' lang='lat' dir='ltr'><strong>Dominum.</strong></span> 
     </span>
    </p>
   </div>
   <div class='ocr_carea' id='block_1_5' title="bbox 544 533 2133 608">
    <p class='ocr_par' dir='ltr' id='par_1_5' title="bbox 544 533 2133 608">
     <span class='ocr_line' id='line_1_5' title="bbox 544 533 2133 608; baseline -0.001 -17"><span class='ocrx_word' id='word_1_27' title='bbox 544 537 714 608; x_wconf 72' lang='lat' dir='ltr'><strong>gitate</strong></span> <span class='ocrx_word' id='word_1_28' title='bbox 755 535 1087 606; x_wconf 78' lang='lat' dir='ltr'><strong>deferimus,</strong></span> <span class='ocrx_word' id='word_1_29' title='bbox 1134 543 1199 593; x_wconf 89' lang='lat' dir='ltr'><strong>ut</strong></span> <span class='ocrx_word' id='word_1_30' title='bbox 1248 550 1438 592; x_wconf 89' lang='lat' dir='ltr'><strong>eorum</strong></span> <span class='ocrx_word' id='word_1_31' title='bbox 1488 535 1971 592; x_wconf 75' lang='lat' dir='ltr'><strong>intercessionibus</strong></span> <span class='ocrx_word' id='word_1_32' title='bbox 2015 533 2133 589; x_wconf 70' lang='lat' dir='ltr'><strong>haec</strong></span> 
     </span>
    </p>
   </div>
   <div class='ocr_carea' id='block_1_6' title="bbox 547 620 2129 700">
    <p class='ocr_par' dir='ltr' id='par_1_6' title="bbox 547 620 2129 700">
     <span class='ocr_line' id='line_1_6' title="bbox 547 620 2129 700; baseline -0.002 -17"><span class='ocrx_word' id='word_1_33' title='bbox 547 620 894 683; x_wconf 85' lang='lat' dir='ltr'><strong>sacrosancta</strong></span> <span class='ocrx_word' id='word_1_34' title='bbox 919 628 1198 700; x_wconf 88' lang='lat' dir='ltr'><strong>mysteria,</strong></span> <span class='ocrx_word' id='word_1_35' title='bbox 1241 627 1435 698; x_wconf 74' lang='lat' dir='ltr'><strong>gratia:</strong></span> <span class='ocrx_word' id='word_1_36' title='bbox 1462 637 1571 683; x_wconf 78' lang='lat' dir='ltr'><strong>tuze</strong></span> <span class='ocrx_word' id='word_1_37' title='bbox 1604 634 1868 698; x_wconf 83' lang='lat' dir='ltr'><strong>operante</strong></span> <span class='ocrx_word' id='word_1_38' title='bbox 1890 626 2092 680; x_wconf 86' lang='lat' dir='ltr'><strong>virtute</strong></span> <span class='ocrx_word' id='word_1_39' title='bbox 2112 664 2129 689; x_wconf 92' lang='lat'><strong>,</strong></span> 
     </span>
    </p>
   </div>
   <div class='ocr_carea' id='block_1_7' title="bbox 543 714 2132 786">
    <p class='ocr_par' dir='ltr' id='par_1_7' title="bbox 543 714 2132 786">
     <span class='ocr_line' id='line_1_7' title="bbox 543 714 2132 786; baseline 0 -15"><span class='ocrx_word' id='word_1_40' title='bbox 543 719 829 786; x_wconf 59' lang='lat' dir='ltr'><strong>praesentis</strong></span> <span class='ocrx_word' id='word_1_41' title='bbox 865 718 989 773; x_wconf 66' lang='lat' dir='ltr'><strong>vitae</strong></span> <span class='ocrx_word' id='word_1_42' title='bbox 1009 733 1111 773; x_wconf 90' lang='lat' dir='ltr'><strong>nos</strong></span> <span class='ocrx_word' id='word_1_43' title='bbox 1131 719 1547 773; x_wconf 74' lang='lat' dir='ltr'><strong>conversatione</strong></span> <span class='ocrx_word' id='word_1_44' title='bbox 1565 714 1911 773; x_wconf 79' lang='lat' dir='ltr'><strong>sanctiﬁcent</strong></span> <span class='ocrx_word' id='word_1_45' title='bbox 1938 754 1954 782; x_wconf 93' lang='lat'><strong>,</strong></span> <span class='ocrx_word' id='word_1_46' title='bbox 1979 723 2037 771; x_wconf 88' lang='lat' dir='ltr'><strong>et</strong></span> <span class='ocrx_word' id='word_1_47' title='bbox 2061 716 2132 771; x_wconf 87' lang='lat' dir='ltr'><strong>ad</strong></span> 
     </span>
    </p>
   </div>
   <div class='ocr_carea' id='block_1_8' title="bbox 544 805 1671 880">
    <p class='ocr_par' dir='ltr' id='par_1_8' title="bbox 544 805 1671 880">
     <span class='ocr_line' id='line_1_8' title="bbox 544 805 1671 880; baseline 0.002 -20"><span class='ocrx_word' id='word_1_48' title='bbox 544 805 740 876; x_wconf 88' lang='lat' dir='ltr'><strong>gaudia</strong></span> <span class='ocrx_word' id='word_1_49' title='bbox 772 808 1103 879; x_wconf 88' lang='lat' dir='ltr'><strong>sempiterna</strong></span> <span class='ocrx_word' id='word_1_50' title='bbox 1130 806 1455 880; x_wconf 86' lang='lat' dir='ltr'><strong>perducant.</strong></span> <span class='ocrx_word' id='word_1_51' title='bbox 1481 806 1607 863; x_wconf 90' lang='lat' dir='ltr'><strong>Per.</strong></span> <span class='ocrx_word' id='word_1_52' title='bbox 1662 813 1671 817; x_wconf 81' lang='grc'><strong>’</strong></span> 
     </span>
    </p>
   </div>
   <div class='ocr_carea' id='block_1_9' title="bbox 617 897 2134 972">
    <p class='ocr_par' dir='ltr' id='par_1_9' title="bbox 617 897 2134 972">
     <span class='ocr_line' id='line_1_9' title="bbox 617 897 2134 972; baseline 0 -18"><span class='ocrx_word' id='word_1_53' title='bbox 617 899 1018 955; x_wconf 80' lang='lat' dir='ltr'><strong>Postcommun.</strong></span> <span class='ocrx_word' id='word_1_54' title='bbox 1045 899 1130 955; x_wconf 89' lang='lat' dir='ltr'><strong>Sit</strong></span> <span class='ocrx_word' id='word_1_55' title='bbox 1156 901 1333 967; x_wconf 89' lang='lat' dir='ltr'><strong>nobis,</strong></span> <span class='ocrx_word' id='word_1_56' title='bbox 1360 900 1606 968; x_wconf 83' lang='lat' dir='ltr'><strong>Domine,</strong></span> <span class='ocrx_word' id='word_1_57' title='bbox 1638 898 1913 972; x_wconf 72' lang='lat' dir='ltr'><strong>reparatio</strong></span> <span class='ocrx_word' id='word_1_58' title='bbox 1934 897 2134 954; x_wconf 85' lang='lat' dir='ltr'><strong>mentis</strong></span> 
     </span>
    </p>
   </div>
   <div class='ocr_carea' id='block_1_10' title="bbox 543 992 2135 1066">
    <p class='ocr_par' dir='ltr' id='par_1_10' title="bbox 543 992 2135 1066">
     <span class='ocr_line' id='line_1_10' title="bbox 543 992 2135 1066; baseline 0.001 -19"><span class='ocrx_word' id='word_1_59' title='bbox 543 1000 600 1047; x_wconf 89' lang='lat' dir='ltr'><strong>et</strong></span> <span class='ocrx_word' id='word_1_60' title='bbox 647 994 892 1065; x_wconf 90' lang='lat' dir='ltr'><strong>corporis</strong></span> <span class='ocrx_word' id='word_1_61' title='bbox 934 994 1157 1049; x_wconf 58' lang='lat' dir='ltr'><strong>caeleste</strong></span> <span class='ocrx_word' id='word_1_62' title='bbox 1201 996 1521 1066; x_wconf 78' lang='lat' dir='ltr'><strong>mysterium</strong></span> <span class='ocrx_word' id='word_1_63' title='bbox 1548 1032 1567 1060; x_wconf 93' lang='lat'><strong>,</strong></span> <span class='ocrx_word' id='word_1_64' title='bbox 1613 992 1773 1065; x_wconf 82' lang='lat' dir='ltr'><strong>cuius</strong></span> <span class='ocrx_word' id='word_1_65' title='bbox 1815 992 2135 1064; x_wconf 83' lang='lat' dir='ltr'><strong>operatione</strong></span> 
     </span>
    </p>
   </div>
   <div class='ocr_carea' id='block_1_11' title="bbox 542 1081 2134 1157">
    <p class='ocr_par' dir='ltr' id='par_1_11' title="bbox 542 1081 2134 1157">
     <span class='ocr_line' id='line_1_11' title="bbox 542 1081 2134 1157; baseline -0.002 -17"><span class='ocrx_word' id='word_1_66' title='bbox 542 1100 850 1156; x_wconf 81' lang='lat' dir='ltr'><strong>precamur,</strong></span> <span class='ocrx_word' id='word_1_67' title='bbox 875 1094 936 1139; x_wconf 90' lang='lat' dir='ltr'><strong>ut</strong></span> <span class='ocrx_word' id='word_1_68' title='bbox 964 1087 1096 1141; x_wconf 88' lang='lat' dir='ltr'><strong>vitia</strong></span> <span class='ocrx_word' id='word_1_69' title='bbox 1122 1094 1308 1141; x_wconf 88' lang='lat' dir='ltr'><strong>nostra</strong></span> <span class='ocrx_word' id='word_1_70' title='bbox 1339 1092 1640 1157; x_wconf 77' lang='lat' dir='ltr'><strong>purgentur</strong></span> <span class='ocrx_word' id='word_1_71' title='bbox 1659 1124 1676 1152; x_wconf 90' lang='lat'><strong>,</strong></span> <span class='ocrx_word' id='word_1_72' title='bbox 1707 1092 1764 1141; x_wconf 90' lang='lat' dir='ltr'><strong>et</strong></span> <span class='ocrx_word' id='word_1_73' title='bbox 1789 1081 2134 1140; x_wconf 89' lang='lat' dir='ltr'><strong>interceden-</strong></span> 
     </span>
    </p>
   </div>
   <div class='ocr_carea' id='block_1_12' title="bbox 544 1171 2132 1249">
    <p class='ocr_par' dir='ltr' id='par_1_12' title="bbox 544 1171 2132 1249">
     <span class='ocr_line' id='line_1_12' title="bbox 544 1171 2132 1249; baseline 0 -20"><span class='ocrx_word' id='word_1_74' title='bbox 544 1177 688 1232; x_wconf 91' lang='lat' dir='ltr'><strong>tibus</strong></span> <span class='ocrx_word' id='word_1_75' title='bbox 713 1176 917 1233; x_wconf 78' lang='lat' dir='ltr'><strong>sanctis</strong></span> <span class='ocrx_word' id='word_1_76' title='bbox 942 1176 1274 1249; x_wconf 86' lang='lat' dir='ltr'><strong>martyribus</strong></span> <span class='ocrx_word' id='word_1_77' title='bbox 1308 1176 1439 1241; x_wconf 88' lang='lat' dir='ltr'><strong>tuis,</strong></span> <span class='ocrx_word' id='word_1_78' title='bbox 1476 1171 1627 1245; x_wconf 82' lang='lat' dir='ltr'><strong>iusta</strong></span> <span class='ocrx_word' id='word_1_79' title='bbox 1672 1174 1943 1232; x_wconf 86' lang='lat' dir='ltr'><strong>desideria</strong></span> <span class='ocrx_word' id='word_1_80' title='bbox 1985 1189 2132 1231; x_wconf 87' lang='lat' dir='ltr'><strong>com-</strong></span> 
     </span>
    </p>
   </div>
   <div class='ocr_carea' id='block_1_13' title="bbox 541 1267 971 1339">
    <p class='ocr_par' dir='ltr' id='par_1_13' title="bbox 541 1267 971 1339">
     <span class='ocr_line' id='line_1_13' title="bbox 541 1267 971 1339; baseline 0.005 -19"><span class='ocrx_word' id='word_1_81' title='bbox 541 1267 814 1339; x_wconf 79' lang='lat' dir='ltr'><strong>pleantur.</strong></span> <span class='ocrx_word' id='word_1_82' title='bbox 849 1267 971 1324; x_wconf 84' lang='lat' dir='ltr'><strong>Per.</strong></span> 
     </span>
    </p>
   </div>
   <div class='ocr_carea' id='block_1_14' title="bbox 615 1356 2129 1429">
    <p class='ocr_par' dir='ltr' id='par_1_14' title="bbox 615 1356 2129 1429">
     <span class='ocr_line' id='line_1_14' title="bbox 615 1356 2129 1429; baseline -0.001 -16"><span class='ocrx_word' id='word_1_83' title='bbox 615 1358 756 1413; x_wconf 81' lang='lat' dir='ltr'><strong>Alia.</strong></span> <span class='ocrx_word' id='word_1_84' title='bbox 789 1358 1144 1429; x_wconf 83' lang='lat' dir='ltr'><strong>Omnipotens</strong></span> <span class='ocrx_word' id='word_1_85' title='bbox 1170 1360 1502 1429; x_wconf 87' lang='lat' dir='ltr'><strong>sempiterne</strong></span> <span class='ocrx_word' id='word_1_86' title='bbox 1530 1357 1696 1423; x_wconf 86' lang='lat' dir='ltr'><strong>Deus,</strong></span> <span class='ocrx_word' id='word_1_87' title='bbox 1732 1358 1825 1428; x_wconf 86' lang='lat' dir='ltr'><strong>qui</strong></span> <span class='ocrx_word' id='word_1_88' title='bbox 1855 1356 2129 1413; x_wconf 87' lang='lat' dir='ltr'><strong>abundan-</strong></span> 
     </span>
    </p>
   </div>
   <div class='ocr_carea' id='block_1_15' title="bbox 542 1447 2128 1520">
    <p class='ocr_par' dir='ltr' id='par_1_15' title="bbox 542 1447 2128 1520">
     <span class='ocr_line' id='line_1_15' title="bbox 542 1447 2128 1520; baseline -0.001 -17"><span class='ocrx_word' id='word_1_89' title='bbox 542 1450 617 1503; x_wconf 87' lang='lat' dir='ltr'><strong>tia</strong></span> <span class='ocrx_word' id='word_1_90' title='bbox 647 1449 867 1520; x_wconf 83' lang='lat' dir='ltr'><strong>pietatis</strong></span> <span class='ocrx_word' id='word_1_91' title='bbox 894 1457 998 1504; x_wconf 69' lang='lat' dir='ltr'><strong>tua:</strong></span> <span class='ocrx_word' id='word_1_92' title='bbox 1029 1458 1085 1504; x_wconf 87' lang='lat' dir='ltr'><strong>et</strong></span> <span class='ocrx_word' id='word_1_93' title='bbox 1112 1449 1307 1505; x_wconf 88' lang='lat' dir='ltr'><strong>merita</strong></span> <span class='ocrx_word' id='word_1_94' title='bbox 1330 1449 1631 1520; x_wconf 86' lang='lat' dir='ltr'><strong>supplicum</strong></span> <span class='ocrx_word' id='word_1_95' title='bbox 1656 1447 1876 1504; x_wconf 89' lang='lat' dir='ltr'><strong>excedls</strong></span> <span class='ocrx_word' id='word_1_96' title='bbox 1898 1456 1955 1503; x_wconf 90' lang='lat' dir='ltr'><strong>et</strong></span> <span class='ocrx_word' id='word_1_97' title='bbox 1982 1456 2128 1514; x_wconf 87' lang='lat' dir='ltr'><strong>vola,</strong></span> 
     </span>
    </p>
   </div>
   <div class='ocr_carea' id='block_1_16' title="bbox 542 1537 2132 1613">
    <p class='ocr_par' dir='ltr' id='par_1_16' title="bbox 542 1537 2132 1613">
     <span class='ocr_line' id='line_1_16' title="bbox 542 1537 2132 1613; baseline -0.003 -17"><span class='ocrx_word' id='word_1_98' title='bbox 542 1537 757 1597; x_wconf 66' lang='lat' dir='ltr'><strong>etfunde</strong></span> <span class='ocrx_word' id='word_1_99' title='bbox 807 1558 970 1613; x_wconf 85' lang='lat' dir='ltr'><strong>super</strong></span> <span class='ocrx_word' id='word_1_100' title='bbox 1014 1557 1115 1597; x_wconf 91' lang='lat' dir='ltr'><strong>nos</strong></span> <span class='ocrx_word' id='word_1_101' title='bbox 1155 1541 1585 1597; x_wconf 87' lang='lat' dir='ltr'><strong>misericordiam</strong></span> <span class='ocrx_word' id='word_1_102' title='bbox 1613 1547 1788 1605; x_wconf 88' lang='lat' dir='ltr'><strong>tuam,</strong></span> <span class='ocrx_word' id='word_1_103' title='bbox 1818 1547 1881 1594; x_wconf 92' lang='lat' dir='ltr'><strong>ut</strong></span> <span class='ocrx_word' id='word_1_104' title='bbox 1920 1538 2132 1595; x_wconf 88' lang='lat' dir='ltr'><strong>meritis</strong></span> 
     </span>
    </p>
   </div>
   <div class='ocr_carea' id='block_1_17' title="bbox 544 1633 2131 1707">
    <p class='ocr_par' dir='ltr' id='par_1_17' title="bbox 544 1633 2131 1707">
     <span class='ocr_line' id='line_1_17' title="bbox 544 1633 2131 1707; baseline -0.003 -19"><span class='ocrx_word' id='word_1_105' title='bbox 544 1642 845 1707; x_wconf 87' lang='lat' dir='ltr'><strong>martyrum</strong></span> <span class='ocrx_word' id='word_1_106' title='bbox 900 1643 1116 1689; x_wconf 91' lang='lat' dir='ltr'><strong>tuorum</strong></span> <span class='ocrx_word' id='word_1_107' title='bbox 1146 1633 1390 1689; x_wconf 86' lang='lat' dir='ltr'><strong>dimittas</strong></span> <span class='ocrx_word' id='word_1_108' title='bbox 1425 1633 1581 1690; x_wconf 91' lang='lat' dir='ltr'><strong>nobis</strong></span> <span class='ocrx_word' id='word_1_109' title='bbox 1610 1634 1793 1690; x_wconf 88' lang='lat' dir='ltr'><strong>omnia</strong></span> <span class='ocrx_word' id='word_1_110' title='bbox 1836 1647 1958 1702; x_wconf 73' lang='lat' dir='ltr'><strong>qua:</strong></span> <span class='ocrx_word' id='word_1_111' title='bbox 2002 1647 2131 1687; x_wconf 87' lang='lat' dir='ltr'><strong>con-</strong></span> 
     </span>
    </p>
   </div>
   <div class='ocr_carea' id='block_1_18' title="bbox 540 1726 2131 1797">
    <p class='ocr_par' dir='ltr' id='par_1_18' title="bbox 540 1726 2131 1797">
     <span class='ocr_line' id='line_1_18' title="bbox 540 1726 2131 1797; baseline -0.003 -14"><span class='ocrx_word' id='word_1_112' title='bbox 540 1729 771 1783; x_wconf 82' lang='lat' dir='ltr'><strong>scientia</strong></span> <span class='ocrx_word' id='word_1_113' title='bbox 811 1728 1004 1783; x_wconf 85' lang='lat' dir='ltr'><strong>metuit</strong></span> <span class='ocrx_word' id='word_1_114' title='bbox 1098 1735 1153 1783; x_wconf 90' lang='lat' dir='ltr'><strong>et</strong></span> <span class='ocrx_word' id='word_1_115' title='bbox 1194 1726 1418 1795; x_wconf 89' lang='lat' dir='ltr'><strong>adiicias</strong></span> <span class='ocrx_word' id='word_1_116' title='bbox 1445 1740 1565 1797; x_wconf 68' lang='lat' dir='ltr'><strong>quae</strong></span> <span class='ocrx_word' id='word_1_117' title='bbox 1590 1726 1767 1781; x_wconf 87' lang='lat' dir='ltr'><strong>oratio</strong></span> <span class='ocrx_word' id='word_1_118' title='bbox 1792 1739 1898 1779; x_wconf 90' lang='lat' dir='ltr'><strong>non</strong></span> <span class='ocrx_word' id='word_1_119' title='bbox 1924 1739 2131 1795; x_wconf 57' lang='lat' dir='ltr'><strong>praesu—</strong></span> 
     </span>
    </p>
   </div>
   <div class='ocr_carea' id='block_1_19' title="bbox 542 1820 813 1877">
    <p class='ocr_par' dir='ltr' id='par_1_19' title="bbox 542 1820 813 1877">
     <span class='ocr_line' id='line_1_19' title="bbox 542 1820 813 1877; baseline 0.004 -1"><span class='ocrx_word' id='word_1_120' title='bbox 542 1822 661 1876; x_wconf 89' lang='lat' dir='ltr'><strong>mit.</strong></span> <span class='ocrx_word' id='word_1_121' title='bbox 691 1820 813 1877; x_wconf 90' lang='lat' dir='ltr'><strong>Per.</strong></span> 
     </span>
    </p>
   </div>
   <div class='ocr_carea' id='block_1_20' title="bbox 1136 1886 1545 1947">
    <p class='ocr_par' dir='ltr' id='par_1_20' title="bbox 1136 1886 1545 1947">
     <span class='ocr_line' id='line_1_20' title="bbox 1136 1886 1545 1947; baseline -0.01 -1"><span class='ocrx_word' id='word_1_122' title='bbox 1136 1889 1369 1947; x_wconf 67' lang='lat' dir='ltr'><strong>CAPUT</strong></span> <span class='ocrx_word' id='word_1_123' title='bbox 1406 1886 1545 1944; x_wconf 75' lang='lat' dir='ltr'><strong>XIII.</strong></span> 
     </span>
    </p>
   </div>
   <div class='ocr_carea' id='block_1_21' title="bbox 754 1981 1899 2050">
    <p class='ocr_par' dir='ltr' id='par_1_21' title="bbox 754 1981 1899 2050">
     <span class='ocr_line' id='line_1_21' title="bbox 754 1981 1899 2050; baseline -0.003 -13"><span class='ocrx_word' id='word_1_124' title='bbox 754 1981 922 2038; x_wconf 73' lang='lat' dir='ltr'><strong>Missa</strong></span> <span class='ocrx_word' id='word_1_125' title='bbox 950 1982 1005 2037; x_wconf 81' lang='lat' dir='ltr'><strong>in</strong></span> <span class='ocrx_word' id='word_1_126' title='bbox 1031 1982 1252 2037; x_wconf 75' lang='lat' dir='ltr'><strong>ecclesia</strong></span> <span class='ocrx_word' id='word_1_127' title='bbox 1280 1992 1584 2038; x_wconf 83' lang='lat' dir='ltr'><strong>sanctorum</strong></span> <span class='ocrx_word' id='word_1_128' title='bbox 1606 1989 1899 2050; x_wconf 75' lang='lat' dir='ltr'><strong>martyrum</strong></span> 
     </span>
    </p>
   </div>
   <div class='ocr_carea' id='block_1_22' title="bbox 610 2072 2130 2145">
    <p class='ocr_par' dir='ltr' id='par_1_22' title="bbox 610 2072 2130 2145">
     <span class='ocr_line' id='line_1_22' title="bbox 610 2072 2130 2145; baseline -0.003 -14"><span class='ocrx_word' id='word_1_129' title='bbox 610 2074 931 2145; x_wconf 86' lang='lat' dir='ltr'><strong>Propitiare,</strong></span> <span class='ocrx_word' id='word_1_130' title='bbox 960 2074 1208 2139; x_wconf 91' lang='lat' dir='ltr'><strong>Domine,</strong></span> <span class='ocrx_word' id='word_1_131' title='bbox 1246 2073 1404 2130; x_wconf 89' lang='lat' dir='ltr'><strong>nobis</strong></span> <span class='ocrx_word' id='word_1_132' title='bbox 1430 2072 1648 2128; x_wconf 80' lang='lat' dir='ltr'><strong>famulis</strong></span> <span class='ocrx_word' id='word_1_133' title='bbox 1677 2072 1787 2126; x_wconf 90' lang='lat' dir='ltr'><strong>tuis</strong></span> <span class='ocrx_word' id='word_1_134' title='bbox 1812 2087 1910 2143; x_wconf 90' lang='lat' dir='ltr'><strong>per</strong></span> <span class='ocrx_word' id='word_1_135' title='bbox 1933 2072 2130 2127; x_wconf 85' lang='lat' dir='ltr'><strong>horum</strong></span> 
     </span>
    </p>
   </div>
   <div class='ocr_carea' id='block_1_23' title="bbox 2301 525 3828 597">
    <p class='ocr_par' dir='ltr' id='par_1_23' title="bbox 2301 525 3828 597">
     <span class='ocr_line' id='line_1_23' title="bbox 2301 525 3828 597; baseline -0.003 -12"><span class='ocrx_word' id='word_1_136' title='bbox 2301 529 2696 587; x_wconf 74' lang='lat' dir='ltr'><strong>Posteommun.</strong></span> <span class='ocrx_word' id='word_1_137' title='bbox 2744 528 2935 584; x_wconf 80' lang='lat' dir='ltr'><strong>Divina</strong></span> <span class='ocrx_word' id='word_1_138' title='bbox 2985 527 3219 582; x_wconf 81' lang='lat' dir='ltr'><strong>libantes</strong></span> <span class='ocrx_word' id='word_1_139' title='bbox 3254 525 3510 597; x_wconf 87' lang='lat' dir='ltr'><strong>mysteria</strong></span> <span class='ocrx_word' id='word_1_140' title='bbox 3536 565 3552 591; x_wconf 98' lang='lat'><strong>,</strong></span> <span class='ocrx_word' id='word_1_141' title='bbox 3597 540 3828 596; x_wconf 67' lang='lat' dir='ltr'><strong>quaesu-</strong></span> 
     </span>
    </p>
   </div>
   <div class='ocr_carea' id='block_1_24' title="bbox 2231 616 3829 688">
    <p class='ocr_par' dir='ltr' id='par_1_24' title="bbox 2231 616 3829 688">
     <span class='ocr_line' id='line_1_24' title="bbox 2231 616 3829 688; baseline -0.006 -8"><span class='ocrx_word' id='word_1_142' title='bbox 2231 639 2373 687; x_wconf 86' lang='lat' dir='ltr'><strong>mus,</strong></span> <span class='ocrx_word' id='word_1_143' title='bbox 2403 622 2652 688; x_wconf 85' lang='lat' dir='ltr'><strong>Domine,</strong></span> <span class='ocrx_word' id='word_1_144' title='bbox 2688 629 2750 677; x_wconf 91' lang='lat' dir='ltr'><strong>ut</strong></span> <span class='ocrx_word' id='word_1_145' title='bbox 2776 636 2967 676; x_wconf 84' lang='lat' dir='ltr'><strong>eorum</strong></span> <span class='ocrx_word' id='word_1_146' title='bbox 2988 635 3091 674; x_wconf 90' lang='lat' dir='ltr'><strong>nos</strong></span> <span class='ocrx_word' id='word_1_147' title='bbox 3123 618 3323 686; x_wconf 91' lang='lat' dir='ltr'><strong>ubique</strong></span> <span class='ocrx_word' id='word_1_148' title='bbox 3342 616 3661 672; x_wconf 82' lang='lat' dir='ltr'><strong>intercessio</strong></span> <span class='ocrx_word' id='word_1_149' title='bbox 3687 633 3829 687; x_wconf 81' lang='lat' dir='ltr'><strong>pro-</strong></span> 
     </span>
    </p>
   </div>
   <div class='ocr_carea' id='block_1_25' title="bbox 2231 707 3826 786">
    <p class='ocr_par' dir='ltr' id='par_1_25' title="bbox 2231 707 3826 786">
     <span class='ocr_line' id='line_1_25' title="bbox 2231 707 3826 786; baseline -0.005 -17"><span class='ocrx_word' id='word_1_150' title='bbox 2231 721 2407 786; x_wconf 87' lang='lat' dir='ltr'><strong>tegat,</strong></span> <span class='ocrx_word' id='word_1_151' title='bbox 2438 726 2667 783; x_wconf 89' lang='lat' dir='ltr'><strong>quorum</strong></span> <span class='ocrx_word' id='word_1_152' title='bbox 2718 710 2809 767; x_wconf 87' lang='lat' dir='ltr'><strong>hic</strong></span> <span class='ocrx_word' id='word_1_153' title='bbox 2843 724 3000 765; x_wconf 88' lang='lat' dir='ltr'><strong>sacra</strong></span> <span class='ocrx_word' id='word_1_154' title='bbox 3031 707 3331 780; x_wconf 79' lang='lat' dir='ltr'><strong>gaudemus</strong></span> <span class='ocrx_word' id='word_1_155' title='bbox 3358 707 3667 778; x_wconf 71' lang='lat' dir='ltr'><strong>praesentia.</strong></span> <span class='ocrx_word' id='word_1_156' title='bbox 3707 707 3826 761; x_wconf 86' lang='lat' dir='ltr'><strong>Per</strong></span> 
     </span>
    </p>
   </div>
   <div class='ocr_carea' id='block_1_26' title="bbox 2229 801 2538 860">
    <p class='ocr_par' dir='ltr' id='par_1_26' title="bbox 2229 801 2538 860">
     <span class='ocr_line' id='line_1_26' title="bbox 2229 801 2538 860; baseline -0.013 0"><span class='ocrx_word' id='word_1_157' title='bbox 2229 801 2538 860; x_wconf 87' lang='lat' dir='ltr'><strong>Dominum.</strong></span> 
     </span>
    </p>
   </div>
   <div class='ocr_carea' id='block_1_27' title="bbox 2303 889 3830 968">
    <p class='ocr_par' dir='ltr' id='par_1_27' title="bbox 2303 889 3830 968">
     <span class='ocr_line' id='line_1_27' title="bbox 2303 889 3830 968; baseline -0.005 -16"><span class='ocrx_word' id='word_1_158' title='bbox 2303 894 2478 967; x_wconf 77' lang='lat' dir='ltr'><strong>Super</strong></span> <span class='ocrx_word' id='word_1_159' title='bbox 2498 895 2773 968; x_wconf 73' lang='lat' dir='ltr'><strong>populum.</strong></span> <span class='ocrx_word' id='word_1_160' title='bbox 2796 893 3024 959; x_wconf 81' lang='lat' dir='ltr'><strong>Exaudi,</strong></span> <span class='ocrx_word' id='word_1_161' title='bbox 3060 890 3289 948; x_wconf 86' lang='lat' dir='ltr'><strong>Domine</strong></span> <span class='ocrx_word' id='word_1_162' title='bbox 3325 889 3489 959; x_wconf 83' lang='lat' dir='ltr'><strong>Deus,</strong></span> <span class='ocrx_word' id='word_1_163' title='bbox 3520 890 3830 946; x_wconf 85' lang='lat' dir='ltr'><strong>clementer</strong></span> 
     </span>
    </p>
   </div>
   <div class='ocr_carea' id='block_1_28' title="bbox 2232 987 3827 1055">
    <p class='ocr_par' dir='ltr' id='par_1_28' title="bbox 2232 987 3827 1055">
     <span class='ocr_line' id='line_1_28' title="bbox 2232 987 3827 1055; baseline -0.004 -12"><span class='ocrx_word' id='word_1_164' title='bbox 2232 988 2286 1043; x_wconf 91' lang='lat' dir='ltr'><strong>in</strong></span> <span class='ocrx_word' id='word_1_165' title='bbox 2312 988 2417 1043; x_wconf 87' lang='lat' dir='ltr'><strong>hac</strong></span> <span class='ocrx_word' id='word_1_166' title='bbox 2437 987 2597 1042; x_wconf 91' lang='lat' dir='ltr'><strong>domo</strong></span> <span class='ocrx_word' id='word_1_167' title='bbox 2624 995 2716 1041; x_wconf 91' lang='lat' dir='ltr'><strong>tua</strong></span> <span class='ocrx_word' id='word_1_168' title='bbox 2741 1000 2936 1055; x_wconf 88' lang='lat' dir='ltr'><strong>preces</strong></span> <span class='ocrx_word' id='word_1_169' title='bbox 2964 998 3246 1040; x_wconf 90' lang='lat' dir='ltr'><strong>servorum</strong></span> <span class='ocrx_word' id='word_1_170' title='bbox 3270 990 3507 1049; x_wconf 88' lang='lat' dir='ltr'><strong>tuorum,</strong></span> <span class='ocrx_word' id='word_1_171' title='bbox 3545 990 3827 1054; x_wconf 81' lang='lat' dir='ltr'><strong>quatenus</strong></span> 
     </span>
    </p>
   </div>
   <div class='ocr_carea' id='block_1_29' title="bbox 2232 1074 3823 1144">
    <p class='ocr_par' dir='ltr' id='par_1_29' title="bbox 2232 1074 3823 1144">
     <span class='ocr_line' id='line_1_29' title="bbox 2232 1074 3823 1144; baseline -0.004 -13"><span class='ocrx_word' id='word_1_172' title='bbox 2232 1077 2445 1133; x_wconf 87' lang='lat' dir='ltr'><strong>illorum</strong></span> <span class='ocrx_word' id='word_1_173' title='bbox 2485 1076 2697 1132; x_wconf 88' lang='lat' dir='ltr'><strong>meritis</strong></span> <span class='ocrx_word' id='word_1_174' title='bbox 2718 1086 2864 1130; x_wconf 89' lang='lat' dir='ltr'><strong>tuam</strong></span> <span class='ocrx_word' id='word_1_175' title='bbox 2888 1089 3290 1144; x_wconf 85' lang='lat' dir='ltr'><strong>consequamur</strong></span> <span class='ocrx_word' id='word_1_176' title='bbox 3307 1074 3564 1144; x_wconf 83' lang='lat' dir='ltr'><strong>gratiam,</strong></span> <span class='ocrx_word' id='word_1_177' title='bbox 3580 1087 3823 1144; x_wconf 87' lang='lat' dir='ltr'><strong>quorum</strong></span> 
     </span>
    </p>
   </div>
   <div class='ocr_carea' id='block_1_30' title="bbox 2231 1164 3153 1238">
    <p class='ocr_par' dir='ltr' id='par_1_30' title="bbox 2231 1164 3153 1238">
     <span class='ocr_line' id='line_1_30' title="bbox 2231 1164 3153 1238; baseline -0.004 -15"><span class='ocrx_word' id='word_1_178' title='bbox 2231 1166 2320 1223; x_wconf 79' lang='lat' dir='ltr'><strong>hic</strong></span> <span class='ocrx_word' id='word_1_179' title='bbox 2344 1167 2645 1238; x_wconf 87' lang='lat' dir='ltr'><strong>patrocinia</strong></span> <span class='ocrx_word' id='word_1_180' title='bbox 2666 1181 3011 1222; x_wconf 81' lang='lat' dir='ltr'><strong>veneramur.</strong></span> <span class='ocrx_word' id='word_1_181' title='bbox 3027 1164 3153 1221; x_wconf 88' lang='lat' dir='ltr'><strong>Per.</strong></span> 
     </span>
    </p>
   </div>
   <div class='ocr_carea' id='block_1_31' title="bbox 2826 1273 3214 1332">
    <p class='ocr_par' dir='ltr' id='par_1_31' title="bbox 2826 1273 3214 1332">
     <span class='ocr_line' id='line_1_31' title="bbox 2826 1273 3214 1332; baseline -0.01 0"><span class='ocrx_word' id='word_1_182' title='bbox 2826 1273 3056 1332; x_wconf 83' lang='lat' dir='ltr'><strong>CAPUT</strong></span> <span class='ocrx_word' id='word_1_183' title='bbox 3094 1275 3214 1330; x_wconf 82' lang='lat' dir='ltr'><strong>XV.</strong></span> 
     </span>
    </p>
   </div>
   <div class='ocr_carea' id='block_1_32' title="bbox 2598 1388 3447 1460">
    <p class='ocr_par' dir='ltr' id='par_1_32' title="bbox 2598 1388 3447 1460">
     <span class='ocr_line' id='line_1_32' title="bbox 2598 1388 3447 1460; baseline -0.001 -16"><span class='ocrx_word' id='word_1_184' title='bbox 2598 1388 2766 1444; x_wconf 66' lang='lat' dir='ltr'><strong>Iissa</strong></span> <span class='ocrx_word' id='word_1_185' title='bbox 2791 1388 3098 1460; x_wconf 69' lang='lat' dir='ltr'><strong>quotidiana</strong></span> <span class='ocrx_word' id='word_1_186' title='bbox 3119 1397 3447 1444; x_wconf 68' lang='lat' dir='ltr'><strong>sanctorum.</strong></span> 
     </span>
    </p>
   </div>
   <div class='ocr_carea' id='block_1_33' title="bbox 2300 1497 3826 1571">
    <p class='ocr_par' dir='ltr' id='par_1_33' title="bbox 2300 1497 3826 1571">
     <span class='ocr_line' id='line_1_33' title="bbox 2300 1497 3826 1571; baseline -0.002 -16"><span class='ocrx_word' id='word_1_187' title='bbox 2300 1499 2461 1567; x_wconf 83' lang='lat' dir='ltr'><strong>Deus,</strong></span> <span class='ocrx_word' id='word_1_188' title='bbox 2496 1500 2592 1571; x_wconf 88' lang='lat' dir='ltr'><strong>qui</strong></span> <span class='ocrx_word' id='word_1_189' title='bbox 2632 1514 2734 1555; x_wconf 91' lang='lat' dir='ltr'><strong>nos</strong></span> <span class='ocrx_word' id='word_1_190' title='bbox 2760 1500 2934 1555; x_wconf 65' lang='lat' dir='ltr'><strong>beatae</strong></span> <span class='ocrx_word' id='word_1_191' title='bbox 2976 1497 3162 1555; x_wconf 71' lang='lat' dir='ltr'><strong>Maria:</strong></span> <span class='ocrx_word' id='word_1_192' title='bbox 3201 1512 3421 1570; x_wconf 85' lang='lat' dir='ltr'><strong>semper</strong></span> <span class='ocrx_word' id='word_1_193' title='bbox 3450 1498 3677 1569; x_wconf 89' lang='lat' dir='ltr'><strong>virginis</strong></span> <span class='ocrx_word' id='word_1_194' title='bbox 3700 1538 3715 1563; x_wconf 93' lang='lat'><strong>,</strong></span> <span class='ocrx_word' id='word_1_195' title='bbox 3759 1505 3826 1553; x_wconf 82' lang='lat' dir='ltr'><strong>et</strong></span> 
     </span>
    </p>
   </div>
   <div class='ocr_carea' id='block_1_34' title="bbox 2229 1589 3822 1665">
    <p class='ocr_par' dir='ltr' id='par_1_34' title="bbox 2229 1589 3822 1665">
     <span class='ocr_line' id='line_1_34' title="bbox 2229 1589 3822 1665; baseline -0.002 -16"><span class='ocrx_word' id='word_1_196' title='bbox 2229 1593 2515 1649; x_wconf 85' lang='lat' dir='ltr'><strong>beatorum</strong></span> <span class='ocrx_word' id='word_1_197' title='bbox 2545 1592 2911 1665; x_wconf 85' lang='lat' dir='ltr'><strong>apostolorum</strong></span> <span class='ocrx_word' id='word_1_198' title='bbox 2934 1632 2951 1659; x_wconf 97' lang='lat'><strong>,</strong></span> <span class='ocrx_word' id='word_1_199' title='bbox 2998 1599 3301 1665; x_wconf 82' lang='lat' dir='ltr'><strong>martyrum</strong></span> <span class='ocrx_word' id='word_1_200' title='bbox 3329 1631 3346 1658; x_wconf 94' lang='lat'><strong>,</strong></span> <span class='ocrx_word' id='word_1_201' title='bbox 3393 1589 3771 1647; x_wconf 89' lang='lat' dir='ltr'><strong>confessorum</strong></span> <span class='ocrx_word' id='word_1_202' title='bbox 3802 1632 3822 1657; x_wconf 90' lang='lat'><strong>,</strong></span> 
     </span>
    </p>
   </div>
   <div class='ocr_carea' id='block_1_35' title="bbox 2230 1682 3825 1756">
    <p class='ocr_par' dir='ltr' id='par_1_35' title="bbox 2230 1682 3825 1756">
     <span class='ocr_line' id='line_1_35' title="bbox 2230 1682 3825 1756; baseline -0.003 -15"><span class='ocrx_word' id='word_1_203' title='bbox 2230 1684 2501 1756; x_wconf 80' lang='lat' dir='ltr'><strong>virginum</strong></span> <span class='ocrx_word' id='word_1_204' title='bbox 2525 1693 2689 1755; x_wconf 85' lang='lat' dir='ltr'><strong>atque</strong></span> <span class='ocrx_word' id='word_1_205' title='bbox 2713 1683 2957 1739; x_wconf 88' lang='lat' dir='ltr'><strong>omnium</strong></span> <span class='ocrx_word' id='word_1_206' title='bbox 3003 1684 3165 1738; x_wconf 87' lang='lat' dir='ltr'><strong>simul</strong></span> <span class='ocrx_word' id='word_1_207' title='bbox 3211 1691 3524 1739; x_wconf 88' lang='lat' dir='ltr'><strong>sanctorum</strong></span> <span class='ocrx_word' id='word_1_208' title='bbox 3561 1682 3825 1738; x_wconf 85' lang='lat' dir='ltr'><strong>continua</strong></span> 
     </span>
    </p>
   </div>
   <div class='ocr_carea' id='block_1_36' title="bbox 2158 1773 3829 1859">
    <p class='ocr_par' dir='ltr' id='par_1_36' title="bbox 2158 1773 3829 1859">
     <span class='ocr_line' id='line_1_36' title="bbox 2158 1773 3829 1859; baseline -0.001 -30"><span class='ocrx_word' id='word_1_209' title='bbox 2158 1798 2208 1859; x_wconf 68' lang='grc' dir='ltr'><strong>Β</strong></span> <span class='ocrx_word' id='word_1_210' title='bbox 2231 1773 2475 1831; x_wconf 57' lang='lat' dir='ltr'><strong>laetificas</strong></span> <span class='ocrx_word' id='word_1_211' title='bbox 2517 1774 2898 1839; x_wconf 85' lang='lat' dir='ltr'><strong>solemnitate;</strong></span> <span class='ocrx_word' id='word_1_212' title='bbox 2946 1782 3146 1845; x_wconf 86' lang='lat' dir='ltr'><strong>praesta</strong></span> <span class='ocrx_word' id='word_1_213' title='bbox 3170 1814 3188 1841; x_wconf 95' lang='lat'><strong>,</strong></span> <span class='ocrx_word' id='word_1_214' title='bbox 3236 1787 3568 1843; x_wconf 65' lang='lat' dir='ltr'><strong>quaesumus,</strong></span> <span class='ocrx_word' id='word_1_215' title='bbox 3596 1782 3658 1827; x_wconf 90' lang='lat' dir='ltr'><strong>ut</strong></span> <span class='ocrx_word' id='word_1_216' title='bbox 3681 1787 3829 1843; x_wconf 85' lang='lat' dir='ltr'><strong>quos</strong></span> 
     </span>
    </p>
   </div>
   <div class='ocr_carea' id='block_1_37' title="bbox 2232 1865 3830 1937">
    <p class='ocr_par' dir='ltr' id='par_1_37' title="bbox 2232 1865 3830 1937">
     <span class='ocr_line' id='line_1_37' title="bbox 2232 1865 3830 1937; baseline -0.001 -15"><span class='ocrx_word' id='word_1_217' title='bbox 2232 1865 2548 1937; x_wconf 89' lang='lat' dir='ltr'><strong>quotidiano</strong></span> <span class='ocrx_word' id='word_1_218' title='bbox 2584 1879 2911 1921; x_wconf 81' lang='lat' dir='ltr'><strong>veneramur</strong></span> <span class='ocrx_word' id='word_1_219' title='bbox 2936 1865 3113 1921; x_wconf 84' lang='lat' dir='ltr'><strong>oﬂicio</strong></span> <span class='ocrx_word' id='word_1_220' title='bbox 3136 1906 3151 1932; x_wconf 95' lang='lat'><strong>,</strong></span> <span class='ocrx_word' id='word_1_221' title='bbox 3176 1866 3344 1921; x_wconf 88' lang='lat' dir='ltr'><strong>etiam</strong></span> <span class='ocrx_word' id='word_1_222' title='bbox 3386 1868 3494 1937; x_wconf 75' lang='lat' dir='ltr'><strong>pize</strong></span> <span class='ocrx_word' id='word_1_223' title='bbox 3529 1880 3830 1922; x_wconf 84' lang='lat' dir='ltr'><strong>conversa-</strong></span> 
     </span>
    </p>
   </div>
   <div class='ocr_carea' id='block_1_38' title="bbox 2232 1956 3160 2027">
    <p class='ocr_par' dir='ltr' id='par_1_38' title="bbox 2232 1956 3160 2027">
     <span class='ocr_line' id='line_1_38' title="bbox 2232 1956 3160 2027; baseline 0 -17"><span class='ocrx_word' id='word_1_224' title='bbox 2232 1956 2394 2013; x_wconf 88' lang='lat' dir='ltr'><strong>tionis</strong></span> <span class='ocrx_word' id='word_1_225' title='bbox 2418 1971 2709 2027; x_wconf 87' lang='lat' dir='ltr'><strong>sequamur</strong></span> <span class='ocrx_word' id='word_1_226' title='bbox 2738 1957 3007 2027; x_wconf 88' lang='lat' dir='ltr'><strong>exemplo.</strong></span> <span class='ocrx_word' id='word_1_227' title='bbox 3033 1958 3160 2013; x_wconf 88' lang='lat' dir='ltr'><strong>Per.</strong></span> 
     </span>
    </p>
   </div>
   <div class='ocr_carea' id='block_1_39' title="bbox 2301 2047 3831 2114">
    <p class='ocr_par' dir='ltr' id='par_1_39' title="bbox 2301 2047 3831 2114">
     <span class='ocr_line' id='line_1_39' title="bbox 2301 2047 3831 2114; baseline 0.001 -10"><span class='ocrx_word' id='word_1_228' title='bbox 2301 2047 2537 2104; x_wconf 80' lang='lat' dir='ltr'><strong>Secreta.</strong></span> <span class='ocrx_word' id='word_1_229' title='bbox 2568 2047 2789 2103; x_wconf 77' lang='lat' dir='ltr'><strong>Munera</strong></span> <span class='ocrx_word' id='word_1_230' title='bbox 2815 2048 2933 2114; x_wconf 83' lang='lat' dir='ltr'><strong>tibi,</strong></span> <span class='ocrx_word' id='word_1_231' title='bbox 2977 2048 3226 2113; x_wconf 88' lang='lat' dir='ltr'><strong>Domine,</strong></span> <span class='ocrx_word' id='word_1_232' title='bbox 3268 2057 3472 2104; x_wconf 60' lang='lat' dir='ltr'><strong>nostra</strong></span> <span class='ocrx_word' id='word_1_233' title='bbox 3513 2048 3831 2105; x_wconf 75' lang='lat' dir='ltr'><strong>devotionis</strong></span> 
     </span>
    </p>
   </div>
   <div class='ocr_carea' id='block_1_40' title="bbox 541 2137 3832 2237">
    <p class='ocr_par' dir='ltr' id='par_1_40' title="bbox 541 2137 3832 2237">
     <span class='ocr_line' id='line_1_40' title="bbox 541 2137 3832 2237; baseline 0 -17"><span class='ocrx_word' id='word_1_234' title='bbox 541 2137 843 2237; x_wconf 68' lang='lat' dir='ltr'><strong>martyrum</strong></span> <span class='ocrx_word' id='word_1_235' title='bbox 875 2137 1111 2230; x_wconf 83' lang='lat' dir='ltr'><strong>tuorum,</strong></span> <span class='ocrx_word' id='word_1_236' title='bbox 1140 2137 1232 2235; x_wconf 85' lang='lat' dir='ltr'><strong>qui</strong></span> <span class='ocrx_word' id='word_1_237' title='bbox 1271 2165 1325 2220; x_wconf 92' lang='lat' dir='ltr'><strong>in</strong></span> <span class='ocrx_word' id='word_1_238' title='bbox 1363 2164 1617 2236; x_wconf 69' lang='lat' dir='ltr'><strong>prmsenti</strong></span> <span class='ocrx_word' id='word_1_239' title='bbox 1661 2137 2006 2233; x_wconf 75' lang='lat' dir='ltr'><strong>requiescunt</strong></span> <span class='ocrx_word' id='word_1_240' title='bbox 2042 2177 2133 2219; x_wconf 86' lang='lat' dir='ltr'><strong>ec-</strong></span> <span class='ocrx_word' id='word_1_241' title='bbox 2226 2137 2531 2204; x_wconf 62' lang='lat' dir='ltr'><strong>oﬂeﬁmus&#39;</strong></span> <span class='ocrx_word' id='word_1_242' title='bbox 2565 2153 2687 2237; x_wconf 47' lang='grc'><strong>(1³³⁵9</strong></span> <span class='ocrx_word' id='word_1_243' title='bbox 2714 2145 2892 2237; x_wconf 48' lang='lat' dir='ltr'><strong>“Rm</strong></span> <span class='ocrx_word' id='word_1_244' title='bbox 2920 2147 3137 2237; x_wconf 49' lang='lat' dir='ltr'><strong>“form?</strong></span> <span class='ocrx_word' id='word_1_245' title='bbox 3158 2139 3259 2196; x_wconf 58' lang='lat' dir='ltr'><strong>“bi</strong></span> <span class='ocrx_word' id='word_1_246' title='bbox 3288 2147 3445 2237; x_wconf 42' lang='lat'><strong>3&#39;3?“</strong></span> <span class='ocrx_word' id='word_1_247' title='bbox 3473 2140 3585 2196; x_wconf 63' lang='lat' dir='ltr'><strong>Si“</strong></span> <span class='ocrx_word' id='word_1_248' title='bbox 3613 2139 3832 2237; x_wconf 59' lang='grc' dir='ltr'><strong>¹¹⁰¹¹⁰¹ξθ</strong></span> 
     </span>
    </p>
   </div>
   <div class='ocr_carea' id='block_1_41' title="bbox 540 2255 2131 2329">
    <p class='ocr_par' dir='ltr' id='par_1_41' title="bbox 540 2255 2131 2329">
     <span class='ocr_line' id='line_1_41' title="bbox 540 2255 2131 2329; baseline 0 -18"><span class='ocrx_word' id='word_1_249' title='bbox 540 2255 724 2321; x_wconf 87' lang='lat' dir='ltr'><strong>clesia,</strong></span> <span class='ocrx_word' id='word_1_250' title='bbox 769 2257 967 2313; x_wconf 84' lang='lat' dir='ltr'><strong>merita</strong></span> <span class='ocrx_word' id='word_1_251' title='bbox 1006 2258 1261 2329; x_wconf 86' lang='lat' dir='ltr'><strong>gloriosa,</strong></span> <span class='ocrx_word' id='word_1_252' title='bbox 1285 2266 1348 2313; x_wconf 89' lang='lat' dir='ltr'><strong>ut</strong></span> <span class='ocrx_word' id='word_1_253' title='bbox 1369 2272 1560 2313; x_wconf 91' lang='lat' dir='ltr'><strong>eorum</strong></span> <span class='ocrx_word' id='word_1_254' title='bbox 1602 2256 1692 2327; x_wconf 90' lang='lat' dir='ltr'><strong>pia</strong></span> <span class='ocrx_word' id='word_1_255' title='bbox 1739 2257 2131 2312; x_wconf 81' lang='lat' dir='ltr'><strong>intercessione</strong></span> 
     </span>
    </p>
   </div>
   <div class='ocr_carea' id='block_1_42' title="bbox 541 2346 2055 2421">
    <p class='ocr_par' dir='ltr' id='par_1_42' title="bbox 541 2346 2055 2421">
     <span class='ocr_line' id='line_1_42' title="bbox 541 2346 2055 2421; baseline -0.001 -17"><span class='ocrx_word' id='word_1_256' title='bbox 541 2350 611 2406; x_wconf 84' lang='lat' dir='ltr'><strong>ab</strong></span> <span class='ocrx_word' id='word_1_257' title='bbox 634 2349 887 2405; x_wconf 90' lang='lat' dir='ltr'><strong>omnibus</strong></span> <span class='ocrx_word' id='word_1_258' title='bbox 924 2357 1276 2421; x_wconf 82' lang='lat' dir='ltr'><strong>protegamur</strong></span> <span class='ocrx_word' id='word_1_259' title='bbox 1318 2348 1583 2404; x_wconf 84' lang='lat' dir='ltr'><strong>adversis.</strong></span> <span class='ocrx_word' id='word_1_260' title='bbox 1611 2346 1716 2402; x_wconf 86' lang='lat' dir='ltr'><strong>Per</strong></span> <span class='ocrx_word' id='word_1_261' title='bbox 1744 2346 2055 2402; x_wconf 88' lang='lat' dir='ltr'><strong>Dominum.</strong></span> 
     </span>
    </p>
   </div>
   <div class='ocr_carea' id='block_1_43' title="bbox 610 2438 2133 2511">
    <p class='ocr_par' dir='ltr' id='par_1_43' title="bbox 610 2438 2133 2511">
     <span class='ocr_line' id='line_1_43' title="bbox 610 2438 2133 2511; baseline -0.002 -16"><span class='ocrx_word' id='word_1_262' title='bbox 610 2440 786 2495; x_wconf 78' lang='lat' dir='ltr'><strong>Lectio</strong></span> <span class='ocrx_word' id='word_1_263' title='bbox 839 2439 962 2495; x_wconf 85' lang='lat' dir='ltr'><strong>libri</strong></span> <span class='ocrx_word' id='word_1_264' title='bbox 1015 2439 1325 2511; x_wconf 64' lang='lat' dir='ltr'><strong>Sapientiae.</strong></span> <span class='ocrx_word' id='word_1_265' title='bbox 1354 2438 1565 2510; x_wconf 84' lang='lat' dir='ltr'><strong>Lingua</strong></span> <span class='ocrx_word' id='word_1_266' title='bbox 1593 2439 1919 2509; x_wconf 87' lang='lat' dir='ltr'><strong>sapientium</strong></span> <span class='ocrx_word' id='word_1_267' title='bbox 1967 2443 2133 2493; x_wconf 88' lang='lat' dir='ltr'><strong>ornat</strong></span> 
     </span>
    </p>
   </div>
   <div class='ocr_carea' id='block_1_44' title="bbox 537 2531 1791 2598">
    <p class='ocr_par' dir='ltr' id='par_1_44' title="bbox 537 2531 1791 2598">
     <span class='ocr_line' id='line_1_44' title="bbox 537 2531 1791 2598; baseline -0.005 -7"><span class='ocrx_word' id='word_1_268' title='bbox 537 2534 824 2591; x_wconf 82' lang='lat' dir='ltr'><strong>scientiam</strong></span> <span class='ocrx_word' id='word_1_269' title='bbox 849 2575 864 2598; x_wconf 93' lang='lat'><strong>,</strong></span> <span class='ocrx_word' id='word_1_270' title='bbox 905 2547 968 2589; x_wconf 90' lang='lat' dir='ltr'><strong>os</strong></span> <span class='ocrx_word' id='word_1_271' title='bbox 996 2531 1270 2587; x_wconf 86' lang='lat' dir='ltr'><strong>fatuorum</strong></span> <span class='ocrx_word' id='word_1_272' title='bbox 1304 2531 1500 2588; x_wconf 86' lang='lat' dir='ltr'><strong>ebullit</strong></span> <span class='ocrx_word' id='word_1_273' title='bbox 1523 2531 1791 2586; x_wconf 83' lang='lat' dir='ltr'><strong>stultiam.</strong></span> 
     </span>
    </p>
   </div>
   <div class='ocr_carea' id='block_1_45' title="bbox 613 2618 2129 2697">
    <p class='ocr_par' dir='ltr' id='par_1_45' title="bbox 613 2618 2129 2697">
     <span class='ocr_line' id='line_1_45' title="bbox 613 2618 2129 2697; baseline -0.006 -14"><span class='ocrx_word' id='word_1_274' title='bbox 613 2626 899 2697; x_wconf 81' lang='lat' dir='ltr'><strong>Sequentia</strong></span> <span class='ocrx_word' id='word_1_275' title='bbox 946 2625 1114 2678; x_wconf 76' lang='lat' dir='ltr'><strong>sancti</strong></span> <span class='ocrx_word' id='word_1_276' title='bbox 1166 2622 1441 2693; x_wconf 78' lang='lat' dir='ltr'><strong>Evangelii</strong></span> <span class='ocrx_word' id='word_1_277' title='bbox 1487 2624 1777 2677; x_wconf 74' lang='lat' dir='ltr'><strong>secundum</strong></span> <span class='ocrx_word' id='word_1_278' title='bbox 1810 2621 2027 2676; x_wconf 86' lang='lat' dir='ltr'><strong>Lucam.</strong></span> <span class='ocrx_word' id='word_1_279' title='bbox 2063 2618 2129 2674; x_wconf 81' lang='lat' dir='ltr'><strong>In</strong></span> 
     </span>
    </p>
   </div>
   <div class='ocr_carea' id='block_1_46' title="bbox 540 2711 2128 2787">
    <p class='ocr_par' dir='ltr' id='par_1_46' title="bbox 540 2711 2128 2787">
     <span class='ocr_line' id='line_1_46' title="bbox 540 2711 2128 2787; baseline -0.005 -14"><span class='ocrx_word' id='word_1_280' title='bbox 540 2718 633 2773; x_wconf 89' lang='lat' dir='ltr'><strong>illo</strong></span> <span class='ocrx_word' id='word_1_281' title='bbox 656 2726 917 2787; x_wconf 86' lang='lat' dir='ltr'><strong>tempore,</strong></span> <span class='ocrx_word' id='word_1_282' title='bbox 964 2716 1100 2771; x_wconf 81' lang='lat' dir='ltr'><strong>dixit</strong></span> <span class='ocrx_word' id='word_1_283' title='bbox 1128 2714 1288 2771; x_wconf 68' lang='lat' dir='ltr'><strong>Iesus</strong></span> <span class='ocrx_word' id='word_1_284' title='bbox 1325 2715 1605 2786; x_wconf 88' lang='lat' dir='ltr'><strong>discipulis</strong></span> <span class='ocrx_word' id='word_1_285' title='bbox 1633 2714 1784 2769; x_wconf 89' lang='lat' dir='ltr'><strong>suis:</strong></span> <span class='ocrx_word' id='word_1_286' title='bbox 1817 2712 1937 2769; x_wconf 87' lang='lat' dir='ltr'><strong>Sint</strong></span> <span class='ocrx_word' id='word_1_287' title='bbox 1960 2711 2128 2769; x_wconf 89' lang='lat' dir='ltr'><strong>lumbi</strong></span> 
     </span>
    </p>
   </div>
   <div class='ocr_carea' id='block_1_47' title="bbox 543 2807 1685 2879">
    <p class='ocr_par' dir='ltr' id='par_1_47' title="bbox 543 2807 1685 2879">
     <span class='ocr_line' id='line_1_47' title="bbox 543 2807 1685 2879; baseline -0.005 -13"><span class='ocrx_word' id='word_1_288' title='bbox 543 2809 711 2866; x_wconf 82' lang='lat' dir='ltr'><strong>vestri</strong></span> <span class='ocrx_word' id='word_1_289' title='bbox 739 2808 1040 2879; x_wconf 61' lang='lat' dir='ltr'><strong>praecincti,</strong></span> <span class='ocrx_word' id='word_1_290' title='bbox 1068 2816 1125 2865; x_wconf 90' lang='lat' dir='ltr'><strong>et</strong></span> <span class='ocrx_word' id='word_1_291' title='bbox 1149 2807 1387 2863; x_wconf 66' lang='lat' dir='ltr'><strong>lucerna:</strong></span> <span class='ocrx_word' id='word_1_292' title='bbox 1412 2808 1685 2863; x_wconf 83' lang='lat' dir='ltr'><strong>ardentes.</strong></span> 
     </span>
    </p>
   </div>
   <div class='ocr_carea' id='block_1_48' title="bbox 612 2896 2126 2971">
    <p class='ocr_par' dir='ltr' id='par_1_48' title="bbox 612 2896 2126 2971">
     <span class='ocr_line' id='line_1_48' title="bbox 612 2896 2126 2971; baseline -0.003 -16"><span class='ocrx_word' id='word_1_293' title='bbox 612 2898 849 2955; x_wconf 82' lang='lat' dir='ltr'><strong>Secreta.</strong></span> <span class='ocrx_word' id='word_1_294' title='bbox 906 2896 1178 2969; x_wconf 88' lang='lat' dir='ltr'><strong>Suscipiat</strong></span> <span class='ocrx_word' id='word_1_295' title='bbox 1216 2897 1462 2954; x_wconf 87' lang='lat' dir='ltr'><strong>Ecclesia</strong></span> <span class='ocrx_word' id='word_1_296' title='bbox 1493 2896 1827 2971; x_wconf 80' lang='lat' dir='ltr'><strong>[clementia]</strong></span> <span class='ocrx_word' id='word_1_297' title='bbox 1850 2906 1939 2951; x_wconf 86' lang='lat' dir='ltr'><strong>tua</strong></span> <span class='ocrx_word' id='word_1_298' title='bbox 1958 2937 1973 2962; x_wconf 94' lang='lat'><strong>,</strong></span> <span class='ocrx_word' id='word_1_299' title='bbox 2018 2896 2126 2951; x_wconf 79' lang='lat' dir='ltr'><strong>Do-</strong></span> 
     </span>
    </p>
   </div>
   <div class='ocr_carea' id='block_1_49' title="bbox 541 2989 2130 3062">
    <p class='ocr_par' dir='ltr' id='par_1_49' title="bbox 541 2989 2130 3062">
     <span class='ocr_line' id='line_1_49' title="bbox 541 2989 2130 3062; baseline -0.001 -15"><span class='ocrx_word' id='word_1_300' title='bbox 541 2992 707 3057; x_wconf 85' lang='lat' dir='ltr'><strong>mine,</strong></span> <span class='ocrx_word' id='word_1_301' title='bbox 736 3005 1060 3061; x_wconf 63' lang='lat' dir='ltr'><strong>quresumus,</strong></span> <span class='ocrx_word' id='word_1_302' title='bbox 1085 2990 1153 3045; x_wconf 93' lang='lat' dir='ltr'><strong>de</strong></span> <span class='ocrx_word' id='word_1_303' title='bbox 1174 2990 1425 3046; x_wconf 88' lang='lat' dir='ltr'><strong>manibus</strong></span> <span class='ocrx_word' id='word_1_304' title='bbox 1444 2991 1641 3051; x_wconf 83' lang='lat' dir='ltr'><strong>vestris</strong></span> <span class='ocrx_word' id='word_1_305' title='bbox 1662 2989 1912 3062; x_wconf 88' lang='lat' dir='ltr'><strong>[nostris]</strong></span> <span class='ocrx_word' id='word_1_306' title='bbox 1934 3000 2130 3046; x_wconf 85' lang='lat' dir='ltr'><strong>munus</strong></span> 
     </span>
    </p>
   </div>
   <div class='ocr_carea' id='block_1_50' title="bbox 539 3081 2125 3152">
    <p class='ocr_par' dir='ltr' id='par_1_50' title="bbox 539 3081 2125 3152">
     <span class='ocr_line' id='line_1_50' title="bbox 539 3081 2125 3152; baseline 0 -16"><span class='ocrx_word' id='word_1_307' title='bbox 539 3081 801 3148; x_wconf 87' lang='lat' dir='ltr'><strong>oblatum,</strong></span> <span class='ocrx_word' id='word_1_308' title='bbox 831 3093 887 3136; x_wconf 88' lang='lat' dir='ltr'><strong>et</strong></span> <span class='ocrx_word' id='word_1_309' title='bbox 913 3096 1011 3151; x_wconf 90' lang='lat' dir='ltr'><strong>per</strong></span> <span class='ocrx_word' id='word_1_310' title='bbox 1036 3082 1232 3137; x_wconf 85' lang='lat' dir='ltr'><strong>horum</strong></span> <span class='ocrx_word' id='word_1_311' title='bbox 1255 3082 1541 3136; x_wconf 88' lang='lat' dir='ltr'><strong>beatorum</strong></span> <span class='ocrx_word' id='word_1_312' title='bbox 1571 3093 1876 3152; x_wconf 85' lang='lat' dir='ltr'><strong>martyrum</strong></span> <span class='ocrx_word' id='word_1_313' title='bbox 1908 3089 2125 3136; x_wconf 87' lang='lat' dir='ltr'><strong>tuorum</strong></span> 
     </span>
    </p>
   </div>
   <div class='ocr_carea' id='block_1_51' title="bbox 2230 2228 3834 2298">
    <p class='ocr_par' dir='ltr' id='par_1_51' title="bbox 2230 2228 3834 2298">
     <span class='ocr_line' id='line_1_51' title="bbox 2230 2228 3834 2298; baseline 0.001 -13"><span class='ocrx_word' id='word_1_314' title='bbox 2230 2238 2545 2286; x_wconf 87' lang='lat' dir='ltr'><strong>sanctorum</strong></span> <span class='ocrx_word' id='word_1_315' title='bbox 2568 2268 2586 2296; x_wconf 96' lang='lat'><strong>,</strong></span> <span class='ocrx_word' id='word_1_316' title='bbox 2616 2236 2671 2283; x_wconf 90' lang='lat' dir='ltr'><strong>et</strong></span> <span class='ocrx_word' id='word_1_317' title='bbox 2702 2228 2859 2285; x_wconf 85' lang='lat' dir='ltr'><strong>nobis</strong></span> <span class='ocrx_word' id='word_1_318' title='bbox 2888 2229 3147 2286; x_wconf 84' lang='lat' dir='ltr'><strong>salutaria</strong></span> <span class='ocrx_word' id='word_1_319' title='bbox 3177 2271 3193 2297; x_wconf 91' lang='lat'><strong>,</strong></span> <span class='ocrx_word' id='word_1_320' title='bbox 3235 2240 3289 2287; x_wconf 89' lang='lat' dir='ltr'><strong>te</strong></span> <span class='ocrx_word' id='word_1_321' title='bbox 3334 2231 3628 2287; x_wconf 72' lang='lat' dir='ltr'><strong>miserante</strong></span> <span class='ocrx_word' id='word_1_322' title='bbox 3651 2272 3668 2298; x_wconf 95' lang='lat'><strong>,</strong></span> <span class='ocrx_word' id='word_1_323' title='bbox 3700 2232 3834 2286; x_wconf 78' lang='lat' dir='ltr'><strong>red-</strong></span> 
     </span>
    </p>
   </div>
   <div class='ocr_carea' id='block_1_52' title="bbox 2233 2323 2433 2377">
    <p class='ocr_par' dir='ltr' id='par_1_52' title="bbox 2233 2323 2433 2377">
     <span class='ocr_line' id='line_1_52' title="bbox 2233 2323 2433 2377; baseline 0 0"><span class='ocrx_word' id='word_1_324' title='bbox 2233 2323 2433 2377; x_wconf 84' lang='lat' dir='ltr'><strong>dantur</strong></span> 
     </span>
    </p>
   </div>
   <div class='ocr_carea' id='block_1_53' title="bbox 2300 2410 3829 2486">
    <p class='ocr_par' dir='ltr' id='par_1_53' title="bbox 2300 2410 3829 2486">
     <span class='ocr_line' id='line_1_53' title="bbox 2300 2410 3829 2486; baseline 0.005 -20"><span class='ocrx_word' id='word_1_325' title='bbox 2300 2410 2697 2469; x_wconf 80' lang='lat' dir='ltr'><strong>Postcommun.</strong></span> <span class='ocrx_word' id='word_1_326' title='bbox 2731 2415 2959 2480; x_wconf 72' lang='lat' dir='ltr'><strong>Praesta,</strong></span> <span class='ocrx_word' id='word_1_327' title='bbox 3008 2430 3341 2486; x_wconf 68' lang='lat' dir='ltr'><strong>quaesumus,</strong></span> <span class='ocrx_word' id='word_1_328' title='bbox 3371 2415 3620 2483; x_wconf 85' lang='lat' dir='ltr'><strong>Domine,</strong></span> <span class='ocrx_word' id='word_1_329' title='bbox 3643 2416 3829 2484; x_wconf 81' lang='lat' dir='ltr'><strong>nobis,</strong></span> 
     </span>
    </p>
   </div>
   <div class='ocr_carea' id='block_1_54' title="bbox 2229 2504 3829 2576">
    <p class='ocr_par' dir='ltr' id='par_1_54' title="bbox 2229 2504 3829 2576">
     <span class='ocr_line' id='line_1_54' title="bbox 2229 2504 3829 2576; baseline 0.003 -16"><span class='ocrx_word' id='word_1_330' title='bbox 2229 2504 2693 2562; x_wconf 87' lang='lat' dir='ltr'><strong>intercedentibus</strong></span> <span class='ocrx_word' id='word_1_331' title='bbox 2719 2506 2964 2561; x_wconf 90' lang='lat' dir='ltr'><strong>omnium</strong></span> <span class='ocrx_word' id='word_1_332' title='bbox 2989 2516 3302 2562; x_wconf 88' lang='lat' dir='ltr'><strong>sanctorum</strong></span> <span class='ocrx_word' id='word_1_333' title='bbox 3343 2516 3561 2564; x_wconf 87' lang='lat' dir='ltr'><strong>tuorum</strong></span> <span class='ocrx_word' id='word_1_334' title='bbox 3586 2508 3829 2576; x_wconf 84' lang='lat' dir='ltr'><strong>meritis,</strong></span> 
     </span>
    </p>
   </div>
   <div class='ocr_carea' id='block_1_55' title="bbox 2229 2600 3832 2674">
    <p class='ocr_par' dir='ltr' id='par_1_55' title="bbox 2229 2600 3832 2674">
     <span class='ocr_line' id='line_1_55' title="bbox 2229 2600 3832 2674; baseline 0.005 -21"><span class='ocrx_word' id='word_1_335' title='bbox 2229 2608 2289 2654; x_wconf 92' lang='lat' dir='ltr'><strong>ut</strong></span> <span class='ocrx_word' id='word_1_336' title='bbox 2314 2614 2436 2669; x_wconf 69' lang='lat' dir='ltr'><strong>quae</strong></span> <span class='ocrx_word' id='word_1_337' title='bbox 2462 2614 2560 2655; x_wconf 86' lang='lat' dir='ltr'><strong>ore</strong></span> <span class='ocrx_word' id='word_1_338' title='bbox 2588 2601 2974 2673; x_wconf 82' lang='lat' dir='ltr'><strong>contingimus,</strong></span> <span class='ocrx_word' id='word_1_339' title='bbox 3010 2616 3149 2672; x_wconf 91' lang='lat' dir='ltr'><strong>puro</strong></span> <span class='ocrx_word' id='word_1_340' title='bbox 3190 2604 3361 2659; x_wconf 87' lang='lat' dir='ltr'><strong>corde</strong></span> <span class='ocrx_word' id='word_1_341' title='bbox 3388 2603 3685 2674; x_wconf 88' lang='lat' dir='ltr'><strong>capiamus.</strong></span> <span class='ocrx_word' id='word_1_342' title='bbox 3717 2600 3832 2660; x_wconf 84' lang='lat' dir='ltr'><strong>Per</strong></span> 
     </span>
    </p>
   </div>
   <div class='ocr_carea' id='block_1_56' title="bbox 2230 2688 2812 2745">
    <p class='ocr_par' dir='ltr' id='par_1_56' title="bbox 2230 2688 2812 2745">
     <span class='ocr_line' id='line_1_56' title="bbox 2230 2688 2812 2745; baseline 0 0"><span class='ocrx_word' id='word_1_343' title='bbox 2230 2688 2519 2745; x_wconf 88' lang='lat' dir='ltr'><strong>Dominum</strong></span> <span class='ocrx_word' id='word_1_344' title='bbox 2545 2700 2812 2745; x_wconf 87' lang='lat' dir='ltr'><strong>nostrum.</strong></span> 
     </span>
    </p>
   </div>
   <div class='ocr_carea' id='block_1_57' title="bbox 2301 2779 3824 2855">
    <p class='ocr_par' dir='ltr' id='par_1_57' title="bbox 2301 2779 3824 2855">
     <span class='ocr_line' id='line_1_57' title="bbox 2301 2779 3824 2855; baseline 0.009 -22"><span class='ocrx_word' id='word_1_345' title='bbox 2301 2779 2471 2853; x_wconf 83' lang='lat' dir='ltr'><strong>Super</strong></span> <span class='ocrx_word' id='word_1_346' title='bbox 2497 2782 2767 2853; x_wconf 85' lang='lat' dir='ltr'><strong>populum.</strong></span> <span class='ocrx_word' id='word_1_347' title='bbox 2798 2782 2907 2840; x_wconf 83' lang='lat' dir='ltr'><strong>Fac</strong></span> <span class='ocrx_word' id='word_1_348' title='bbox 2951 2801 3081 2853; x_wconf 91' lang='lat' dir='ltr'><strong>nos,</strong></span> <span class='ocrx_word' id='word_1_349' title='bbox 3132 2786 3362 2843; x_wconf 89' lang='lat' dir='ltr'><strong>Domine</strong></span> <span class='ocrx_word' id='word_1_350' title='bbox 3397 2787 3565 2855; x_wconf 88' lang='lat' dir='ltr'><strong>Deus,</strong></span> <span class='ocrx_word' id='word_1_351' title='bbox 3611 2800 3824 2847; x_wconf 77' lang='lat' dir='ltr'><strong>sancta:</strong></span> 
     </span>
    </p>
   </div>
   <div class='ocr_carea' id='block_1_58' title="bbox 2232 2872 3830 2957">
    <p class='ocr_par' dir='ltr' id='par_1_58' title="bbox 2232 2872 3830 2957">
     <span class='ocr_line' id='line_1_58' title="bbox 2232 2872 3830 2957; baseline 0.011 -30"><span class='ocrx_word' id='word_1_352' title='bbox 2232 2872 2413 2930; x_wconf 76' lang='lat' dir='ltr'><strong>Maria:</strong></span> <span class='ocrx_word' id='word_1_353' title='bbox 2457 2890 2676 2946; x_wconf 86' lang='lat' dir='ltr'><strong>semper</strong></span> <span class='ocrx_word' id='word_1_354' title='bbox 2725 2878 2953 2950; x_wconf 78' lang='lat' dir='ltr'><strong>virginis</strong></span> <span class='ocrx_word' id='word_1_355' title='bbox 2991 2881 3250 2938; x_wconf 89' lang='lat' dir='ltr'><strong>subsidiis</strong></span> <span class='ocrx_word' id='word_1_356' title='bbox 3277 2883 3478 2950; x_wconf 88' lang='lat' dir='ltr'><strong>attolli,</strong></span> <span class='ocrx_word' id='word_1_357' title='bbox 3499 2893 3557 2939; x_wconf 91' lang='lat' dir='ltr'><strong>et</strong></span> <span class='ocrx_word' id='word_1_358' title='bbox 3585 2884 3830 2957; x_wconf 75' lang='lat' dir='ltr'><strong>gloriosa</strong></span> 
     </span>
    </p>
   </div>
   <div class='ocr_carea' id='block_1_59' title="bbox 2229 2966 3830 3046">
    <p class='ocr_par' dir='ltr' id='par_1_59' title="bbox 2229 2966 3830 3046">
     <span class='ocr_line' id='line_1_59' title="bbox 2229 2966 3830 3046; baseline 0.008 -24"><span class='ocrx_word' id='word_1_359' title='bbox 2229 2966 2514 3023; x_wconf 84' lang='lat' dir='ltr'><strong>beatorum</strong></span> <span class='ocrx_word' id='word_1_360' title='bbox 2574 2971 2972 3041; x_wconf 87' lang='lat' dir='ltr'><strong>apostolorum,</strong></span> <span class='ocrx_word' id='word_1_361' title='bbox 3005 2981 3308 3045; x_wconf 85' lang='lat' dir='ltr'><strong>martyrum</strong></span> <span class='ocrx_word' id='word_1_362' title='bbox 3340 3016 3356 3042; x_wconf 91' lang='lat'><strong>,</strong></span> <span class='ocrx_word' id='word_1_363' title='bbox 3403 2975 3780 3034; x_wconf 87' lang='lat' dir='ltr'><strong>confessornm</strong></span> <span class='ocrx_word' id='word_1_364' title='bbox 3811 3020 3830 3046; x_wconf 87' lang='lat'><strong>,</strong></span> 
     </span>
    </p>
   </div>
   <div class='ocr_carea' id='block_1_60' title="bbox 2231 3057 3835 3142">
    <p class='ocr_par' dir='ltr' id='par_1_60' title="bbox 2231 3057 3835 3142">
     <span class='ocr_line' id='line_1_60' title="bbox 2231 3057 3835 3142; baseline 0.009 -30"><span class='ocrx_word' id='word_1_365' title='bbox 2231 3057 2526 3131; x_wconf 86' lang='lat' dir='ltr'><strong>virginum,</strong></span> <span class='ocrx_word' id='word_1_366' title='bbox 2557 3064 2912 3135; x_wconf 88' lang='lat' dir='ltr'><strong>omniumque</strong></span> <span class='ocrx_word' id='word_1_367' title='bbox 2956 3066 3117 3121; x_wconf 89' lang='lat' dir='ltr'><strong>simul</strong></span> <span class='ocrx_word' id='word_1_368' title='bbox 3143 3079 3458 3124; x_wconf 87' lang='lat' dir='ltr'><strong>sanctorum</strong></span> <span class='ocrx_word' id='word_1_369' title='bbox 3488 3072 3835 3142; x_wconf 85' lang='lat' dir='ltr'><strong>protectione</strong></span> 
     </span>
    </p>
   </div>
   <div class='ocr_carea' id='block_1_61' title="bbox 541 3149 2158 3243">
    <p class='ocr_par' dir='ltr' id='par_1_61' title="bbox 541 3149 2158 3243">
     <span class='ocr_line' id='line_1_61' title="bbox 541 3149 2158 3243; baseline -0.001 -14"><span class='ocrx_word' id='word_1_370' title='bbox 541 3173 867 3238; x_wconf 82' lang='lat' dir='ltr'><strong>orationem,</strong></span> <span class='ocrx_word' id='word_1_371' title='bbox 900 3149 969 3228; x_wconf 80' lang='lat' dir='ltr'><strong>ab</strong></span> <span class='ocrx_word' id='word_1_372' title='bbox 994 3173 1251 3228; x_wconf 88' lang='lat' dir='ltr'><strong>omnibus</strong></span> <span class='ocrx_word' id='word_1_373' title='bbox 1274 3188 1374 3229; x_wconf 84' lang='lat' dir='ltr'><strong>nos</strong></span> <span class='ocrx_word' id='word_1_374' title='bbox 1396 3173 1655 3228; x_wconf 78' lang='lat' dir='ltr'><strong>emendet</strong></span> <span class='ocrx_word' id='word_1_375' title='bbox 1672 3149 1933 3243; x_wconf 77' lang='lat' dir='ltr'><strong>peccatis.</strong></span> <span class='ocrx_word' id='word_1_376' title='bbox 1965 3171 2087 3227; x_wconf 81' lang='lat' dir='ltr'><strong>Per.</strong></span> <span class='ocrx_word' id='word_1_377' title='bbox 2155 3177 2158 3207; x_wconf 85' lang='lat'>&#39;</span> 
     </span>
    </p>
   </div>
   <div class='ocr_carea' id='block_1_62' title="bbox 2229 3149 3835 3243">
    <p class='ocr_par' dir='ltr' id='par_1_62' title="bbox 2230 3149 3835 3243">
     <span class='ocr_line' id='line_1_62' title="bbox 2230 3149 3835 3243; baseline 0.009 -38"><span class='ocrx_word' id='word_1_378' title='bbox 2230 3149 2467 3243; x_wconf 89' lang='lat' dir='ltr'><strong>defendi,</strong></span> <span class='ocrx_word' id='word_1_379' title='bbox 2499 3161 2562 3208; x_wconf 88' lang='lat' dir='ltr'><strong>ut</strong></span> <span class='ocrx_word' id='word_1_380' title='bbox 2589 3154 2718 3209; x_wconf 88' lang='lat' dir='ltr'><strong>dum</strong></span> <span class='ocrx_word' id='word_1_381' title='bbox 2763 3172 2954 3213; x_wconf 87' lang='lat' dir='ltr'><strong>eorum</strong></span> <span class='ocrx_word' id='word_1_382' title='bbox 2992 3160 3200 3229; x_wconf 88' lang='lat' dir='ltr'><strong>pariter</strong></span> <span class='ocrx_word' id='word_1_383' title='bbox 3240 3162 3485 3231; x_wconf 86' lang='lat' dir='ltr'><strong>quotidie</strong></span> <span class='ocrx_word' id='word_1_384' title='bbox 3525 3162 3662 3219; x_wconf 83' lang='lat' dir='ltr'><strong>festa</strong></span> <span class='ocrx_word' id='word_1_385' title='bbox 3685 3161 3835 3220; x_wconf 78' lang='lat' dir='ltr'><strong>cele-</strong></span> 
     </span>
    </p>
   </div>
   <div class='ocr_carea' id='block_1_63' title="bbox 618 3264 2127 3337">
    <p class='ocr_par' dir='ltr' id='par_1_63' title="bbox 618 3264 2127 3337">
     <span class='ocr_line' id='line_1_63' title="bbox 618 3264 2127 3337; baseline -0.002 -17"><span class='ocrx_word' id='word_1_386' title='bbox 618 3267 722 3337; x_wconf 71' lang='lat'><strong>17</strong></span> <span class='ocrx_word' id='word_1_387' title='bbox 750 3266 833 3320; x_wconf 83' lang='lat' dir='ltr'><strong>Ad</strong></span> <span class='ocrx_word' id='word_1_388' title='bbox 864 3264 1261 3336; x_wconf 82' lang='lat' dir='ltr'><strong>Complendum.</strong></span> <span class='ocrx_word' id='word_1_389' title='bbox 1312 3265 1505 3320; x_wconf 84' lang='lat' dir='ltr'><strong>Divina</strong></span> <span class='ocrx_word' id='word_1_390' title='bbox 1559 3264 1794 3319; x_wconf 82' lang='lat' dir='ltr'><strong>libantes</strong></span> <span class='ocrx_word' id='word_1_391' title='bbox 1827 3264 2084 3336; x_wconf 85' lang='lat' dir='ltr'><strong>mysteria</strong></span> <span class='ocrx_word' id='word_1_392' title='bbox 2110 3305 2127 3329; x_wconf 92' lang='lat'><strong>,</strong></span> 
     </span>
    </p>
   </div>
   <div class='ocr_carea' id='block_1_64' title="bbox 541 3359 2131 3430">
    <p class='ocr_par' dir='ltr' id='par_1_64' title="bbox 541 3359 2131 3430">
     <span class='ocr_line' id='line_1_64' title="bbox 541 3359 2131 3430; baseline 0.001 -17"><span class='ocrx_word' id='word_1_393' title='bbox 541 3375 662 3430; x_wconf 72' lang='lat' dir='ltr'><strong>quae</strong></span> <span class='ocrx_word' id='word_1_394' title='bbox 689 3374 789 3428; x_wconf 90' lang='lat' dir='ltr'><strong>pro</strong></span> <span class='ocrx_word' id='word_1_395' title='bbox 820 3366 1135 3413; x_wconf 85' lang='lat' dir='ltr'><strong>sanctorum</strong></span> <span class='ocrx_word' id='word_1_396' title='bbox 1171 3367 1477 3429; x_wconf 84' lang='lat' dir='ltr'><strong>martyrum</strong></span> <span class='ocrx_word' id='word_1_397' title='bbox 1520 3365 1738 3414; x_wconf 88' lang='lat' dir='ltr'><strong>tuorum</strong></span> <span class='ocrx_word' id='word_1_398' title='bbox 1779 3359 2131 3415; x_wconf 82' lang='lat' dir='ltr'><strong>veneratione</strong></span> 
     </span>
    </p>
   </div>
   <div class='ocr_carea' id='block_1_65' title="bbox 542 3448 2126 3521">
    <p class='ocr_par' dir='ltr' id='par_1_65' title="bbox 542 3448 2126 3521">
     <span class='ocr_line' id='line_1_65' title="bbox 542 3448 2126 3521; baseline -0.001 -14"><span class='ocrx_word' id='word_1_399' title='bbox 542 3462 649 3507; x_wconf 79' lang='lat' dir='ltr'><strong>tua:</strong></span> <span class='ocrx_word' id='word_1_400' title='bbox 672 3448 970 3505; x_wconf 84' lang='lat' dir='ltr'><strong>obtulimus</strong></span> <span class='ocrx_word' id='word_1_401' title='bbox 993 3450 1287 3521; x_wconf 88' lang='lat' dir='ltr'><strong>maiestati,</strong></span> <span class='ocrx_word' id='word_1_402' title='bbox 1312 3458 1532 3519; x_wconf 70' lang='lat' dir='ltr'><strong>pmsta,</strong></span> <span class='ocrx_word' id='word_1_403' title='bbox 1576 3465 1909 3519; x_wconf 57' lang='lat' dir='ltr'><strong>quaesumus,</strong></span> <span class='ocrx_word' id='word_1_404' title='bbox 1943 3451 2126 3507; x_wconf 89' lang='lat' dir='ltr'><strong>Domi-</strong></span> 
     </span>
    </p>
   </div>
   <div class='ocr_carea' id='block_1_66' title="bbox 542 3538 2130 3613">
    <p class='ocr_par' dir='ltr' id='par_1_66' title="bbox 542 3538 2130 3613">
     <span class='ocr_line' id='line_1_66' title="bbox 542 3538 2130 3613; baseline -0.001 -16"><span class='ocrx_word' id='word_1_405' title='bbox 542 3556 612 3597; x_wconf 84' lang='lat' dir='ltr'><strong>ne</strong></span> <span class='ocrx_word' id='word_1_406' title='bbox 636 3583 650 3607; x_wconf 92' lang='lat'><strong>,</strong></span> <span class='ocrx_word' id='word_1_407' title='bbox 682 3548 742 3593; x_wconf 91' lang='lat' dir='ltr'><strong>ut</strong></span> <span class='ocrx_word' id='word_1_408' title='bbox 786 3555 885 3609; x_wconf 90' lang='lat' dir='ltr'><strong>per</strong></span> <span class='ocrx_word' id='word_1_409' title='bbox 932 3555 997 3593; x_wconf 81' lang='lat' dir='ltr'><strong>ea</strong></span> <span class='ocrx_word' id='word_1_410' title='bbox 1040 3538 1253 3593; x_wconf 86' lang='lat' dir='ltr'><strong>veniam</strong></span> <span class='ocrx_word' id='word_1_411' title='bbox 1293 3541 1603 3594; x_wconf 85' lang='lat' dir='ltr'><strong>mereamur</strong></span> <span class='ocrx_word' id='word_1_412' title='bbox 1644 3548 1993 3610; x_wconf 88' lang='lat' dir='ltr'><strong>peccatorum</strong></span> <span class='ocrx_word' id='word_1_413' title='bbox 2023 3587 2039 3613; x_wconf 80' lang='grc'><strong><em>,</em></strong></span> <span class='ocrx_word' id='word_1_414' title='bbox 2076 3551 2130 3595; x_wconf 92' lang='lat' dir='ltr'><strong>et</strong></span> 
     </span>
    </p>
   </div>
   <div class='ocr_carea' id='block_1_67' title="bbox 542 3628 1996 3702">
    <p class='ocr_par' dir='ltr' id='par_1_67' title="bbox 542 3628 1996 3702">
     <span class='ocr_line' id='line_1_67' title="bbox 542 3628 1996 3702; baseline -0.001 -15"><span class='ocrx_word' id='word_1_415' title='bbox 542 3631 785 3689; x_wconf 68' lang='lat' dir='ltr'><strong>ccelestis</strong></span> <span class='ocrx_word' id='word_1_416' title='bbox 811 3631 1000 3702; x_wconf 72' lang='lat' dir='ltr'><strong>gratia:</strong></span> <span class='ocrx_word' id='word_1_417' title='bbox 1012 3630 1169 3686; x_wconf 86' lang='lat' dir='ltr'><strong>donis</strong></span> <span class='ocrx_word' id='word_1_418' title='bbox 1190 3628 1519 3686; x_wconf 77' lang='lat' dir='ltr'><strong>reﬁciamur.</strong></span> <span class='ocrx_word' id='word_1_419' title='bbox 1555 3631 1660 3688; x_wconf 84' lang='lat' dir='ltr'><strong>Per</strong></span> <span class='ocrx_word' id='word_1_420' title='bbox 1688 3631 1996 3686; x_wconf 89' lang='lat' dir='ltr'><strong>Dominum.</strong></span> 
     </span>
    </p>
   </div>
   <div class='ocr_carea' id='block_1_68' title="bbox 613 3722 2131 3793">
    <p class='ocr_par' dir='ltr' id='par_1_68' title="bbox 613 3722 2131 3793">
     <span class='ocr_line' id='line_1_68' title="bbox 613 3722 2131 3793; baseline -0.001 -14"><span class='ocrx_word' id='word_1_421' title='bbox 613 3722 753 3779; x_wconf 78' lang='lat' dir='ltr'><strong>Alia.</strong></span> <span class='ocrx_word' id='word_1_422' title='bbox 787 3722 884 3787; x_wconf 86' lang='lat' dir='ltr'><strong>Da,</strong></span> <span class='ocrx_word' id='word_1_423' title='bbox 910 3733 1128 3777; x_wconf 72' lang='lat' dir='ltr'><strong>aeternae</strong></span> <span class='ocrx_word' id='word_1_424' title='bbox 1167 3722 1556 3779; x_wconf 88' lang='lat' dir='ltr'><strong>consolationis</strong></span> <span class='ocrx_word' id='word_1_425' title='bbox 1585 3723 1747 3777; x_wconf 82' lang='lat' dir='ltr'><strong>Pater</strong></span> <span class='ocrx_word' id='word_1_426' title='bbox 1777 3765 1793 3789; x_wconf 92' lang='lat'><strong>,</strong></span> <span class='ocrx_word' id='word_1_427' title='bbox 1819 3738 1918 3793; x_wconf 86' lang='lat' dir='ltr'><strong>per</strong></span> <span class='ocrx_word' id='word_1_428' title='bbox 1946 3725 2131 3778; x_wconf 84' lang='lat' dir='ltr'><strong>beato-</strong></span> 
     </span>
    </p>
   </div>
   <div class='ocr_carea' id='block_1_69' title="bbox 544 3814 2133 3885">
    <p class='ocr_par' dir='ltr' id='par_1_69' title="bbox 544 3814 2133 3885">
     <span class='ocr_line' id='line_1_69' title="bbox 544 3814 2133 3885; baseline 0.001 -17"><span class='ocrx_word' id='word_1_429' title='bbox 544 3829 663 3869; x_wconf 89' lang='lat' dir='ltr'><strong>rom</strong></span> <span class='ocrx_word' id='word_1_430' title='bbox 706 3823 1009 3885; x_wconf 81' lang='lat' dir='ltr'><strong>martyrum</strong></span> <span class='ocrx_word' id='word_1_431' title='bbox 1046 3820 1263 3868; x_wconf 90' lang='lat' dir='ltr'><strong>tuorum</strong></span> <span class='ocrx_word' id='word_1_432' title='bbox 1295 3828 1491 3883; x_wconf 90' lang='lat' dir='ltr'><strong>preces</strong></span> <span class='ocrx_word' id='word_1_433' title='bbox 1514 3814 1712 3885; x_wconf 81' lang='lat' dir='ltr'><strong>pepulo</strong></span> <span class='ocrx_word' id='word_1_434' title='bbox 1738 3822 1829 3870; x_wconf 90' lang='lat' dir='ltr'><strong>tuo</strong></span> <span class='ocrx_word' id='word_1_435' title='bbox 1859 3830 2048 3884; x_wconf 91' lang='lat' dir='ltr'><strong>pacem</strong></span> <span class='ocrx_word' id='word_1_436' title='bbox 2076 3824 2133 3869; x_wconf 86' lang='lat' dir='ltr'><strong>et</strong></span> 
     </span>
    </p>
   </div>
   <div class='ocr_carea' id='block_1_70' title="bbox 544 3904 2132 3976">
    <p class='ocr_par' dir='ltr' id='par_1_70' title="bbox 544 3904 2132 3976">
     <span class='ocr_line' id='line_1_70' title="bbox 544 3904 2132 3976; baseline 0 -17"><span class='ocrx_word' id='word_1_437' title='bbox 544 3905 795 3971; x_wconf 84' lang='lat' dir='ltr'><strong>salutem,</strong></span> <span class='ocrx_word' id='word_1_438' title='bbox 820 3916 881 3959; x_wconf 91' lang='lat' dir='ltr'><strong>ut</strong></span> <span class='ocrx_word' id='word_1_439' title='bbox 903 3906 1010 3960; x_wconf 88' lang='lat' dir='ltr'><strong>tuis</strong></span> <span class='ocrx_word' id='word_1_440' title='bbox 1030 3912 1139 3960; x_wconf 86' lang='lat' dir='ltr'><strong>tota</strong></span> <span class='ocrx_word' id='word_1_441' title='bbox 1173 3904 1462 3960; x_wconf 85' lang='lat' dir='ltr'><strong>dilectione</strong></span> <span class='ocrx_word' id='word_1_442' title='bbox 1501 3906 1801 3960; x_wconf 60' lang='lat' dir='ltr'><strong>inhaereant</strong></span> <span class='ocrx_word' id='word_1_443' title='bbox 1843 3906 2132 3976; x_wconf 62' lang='lat' dir='ltr'><strong>praeceptis</strong></span> 
     </span>
    </p>
   </div>
   <div class='ocr_carea' id='block_1_71' title="bbox 541 3996 2133 4069">
    <p class='ocr_par' dir='ltr' id='par_1_71' title="bbox 541 3996 2133 4069">
     <span class='ocr_line' id='line_1_71' title="bbox 541 3996 2133 4069; baseline -0.001 -16"><span class='ocrx_word' id='word_1_444' title='bbox 541 4007 729 4067; x_wconf 78' lang='lat' dir='ltr'><strong>etquae</strong></span> <span class='ocrx_word' id='word_1_445' title='bbox 760 3998 855 4051; x_wconf 88' lang='lat' dir='ltr'><strong>tibi</strong></span> <span class='ocrx_word' id='word_1_446' title='bbox 884 3997 1083 4068; x_wconf 89' lang='lat' dir='ltr'><strong>placita</strong></span> <span class='ocrx_word' id='word_1_447' title='bbox 1110 3997 1239 4061; x_wconf 90' lang='lat' dir='ltr'><strong>sint,</strong></span> <span class='ocrx_word' id='word_1_448' title='bbox 1270 4005 1381 4051; x_wconf 89' lang='lat' dir='ltr'><strong>tota</strong></span> <span class='ocrx_word' id='word_1_449' title='bbox 1399 3997 1686 4069; x_wconf 82' lang='lat' dir='ltr'><strong>perﬁciant</strong></span> <span class='ocrx_word' id='word_1_450' title='bbox 1704 3999 2000 4052; x_wconf 85' lang='lat' dir='ltr'><strong>voluntate.</strong></span> <span class='ocrx_word' id='word_1_451' title='bbox 2028 3996 2133 4052; x_wconf 88' lang='lat' dir='ltr'><strong>Per</strong></span> 
     </span>
    </p>
   </div>
   <div class='ocr_carea' id='block_1_72' title="bbox 544 4088 1126 4144">
    <p class='ocr_par' dir='ltr' id='par_1_72' title="bbox 544 4088 1126 4144">
     <span class='ocr_line' id='line_1_72' title="bbox 544 4088 1126 4144; baseline -0.003 0"><span class='ocrx_word' id='word_1_452' title='bbox 544 4088 829 4144; x_wconf 85' lang='lat' dir='ltr'><strong>Dominum</strong></span> <span class='ocrx_word' id='word_1_453' title='bbox 859 4099 1126 4144; x_wconf 87' lang='lat' dir='ltr'><strong>nostrum.</strong></span> 
     </span>
    </p>
   </div>
   <div class='ocr_carea' id='block_1_73' title="bbox 1121 4179 1530 4236">
    <p class='ocr_par' dir='ltr' id='par_1_73' title="bbox 1121 4179 1530 4236">
     <span class='ocr_line' id='line_1_73' title="bbox 1121 4179 1530 4236; baseline -0.007 0"><span class='ocrx_word' id='word_1_454' title='bbox 1121 4179 1353 4236; x_wconf 76' lang='lat' dir='ltr'><strong>CAPUT</strong></span> <span class='ocrx_word' id='word_1_455' title='bbox 1392 4180 1530 4236; x_wconf 80' lang='lat' dir='ltr'><strong>XIV.</strong></span> 
     </span>
    </p>
   </div>
   <div class='ocr_carea' id='block_1_74' title="bbox 543 4269 2129 4345">
    <p class='ocr_par' dir='ltr' id='par_1_74' title="bbox 543 4269 2129 4345">
     <span class='ocr_line' id='line_1_74' title="bbox 543 4269 2129 4345; baseline 0.003 -22"><span class='ocrx_word' id='word_1_456' title='bbox 543 4269 611 4323; x_wconf 77' lang='lat' dir='ltr'><strong>In</strong></span> <span class='ocrx_word' id='word_1_457' title='bbox 644 4270 812 4323; x_wconf 84' lang='lat' dir='ltr'><strong>natal.</strong></span> <span class='ocrx_word' id='word_1_458' title='bbox 839 4282 1139 4326; x_wconf 77' lang='lat' dir='ltr'><strong>sanctorum</strong></span> <span class='ocrx_word' id='word_1_459' title='bbox 1164 4313 1178 4335; x_wconf 92' lang='lat'><strong>,</strong></span> <span class='ocrx_word' id='word_1_460' title='bbox 1208 4288 1432 4342; x_wconf 86' lang='lat' dir='ltr'><strong>quorum</strong></span> <span class='ocrx_word' id='word_1_461' title='bbox 1462 4273 1696 4345; x_wconf 73' lang='lat' dir='ltr'><strong>reliquiw</strong></span> <span class='ocrx_word' id='word_1_462' title='bbox 1740 4275 1793 4327; x_wconf 79' lang='lat' dir='ltr'><strong>in</strong></span> <span class='ocrx_word' id='word_1_463' title='bbox 1822 4291 1929 4327; x_wconf 81' lang='lat' dir='ltr'><strong>una</strong></span> <span class='ocrx_word' id='word_1_464' title='bbox 1973 4275 2129 4327; x_wconf 88' lang='lat' dir='ltr'><strong>domo</strong></span> 
     </span>
    </p>
   </div>
   <div class='ocr_carea' id='block_1_75' title="bbox 1240 4354 1383 4396">
    <p class='ocr_par' dir='ltr' id='par_1_75' title="bbox 1240 4354 1383 4396">
     <span class='ocr_line' id='line_1_75' title="bbox 1240 4354 1383 4396; baseline 0.007 -1"><span class='ocrx_word' id='word_1_465' title='bbox 1240 4354 1383 4396; x_wconf 81' lang='lat' dir='ltr'><strong>sunt.</strong></span> 
     </span>
    </p>
   </div>
   <div class='ocr_carea' id='block_1_76' title="bbox 611 4454 2126 4527">
    <p class='ocr_par' dir='ltr' id='par_1_76' title="bbox 611 4454 2126 4527">
     <span class='ocr_line' id='line_1_76' title="bbox 611 4454 2126 4527; baseline 0 -15"><span class='ocrx_word' id='word_1_466' title='bbox 611 4454 879 4522; x_wconf 86' lang='lat' dir='ltr'><strong>Concede,</strong></span> <span class='ocrx_word' id='word_1_467' title='bbox 909 4472 1242 4526; x_wconf 70' lang='lat' dir='ltr'><strong>quaesumus,</strong></span> <span class='ocrx_word' id='word_1_468' title='bbox 1263 4456 1605 4527; x_wconf 85' lang='lat' dir='ltr'><strong>omnipotens</strong></span> <span class='ocrx_word' id='word_1_469' title='bbox 1631 4458 1793 4523; x_wconf 90' lang='lat' dir='ltr'><strong>Deus,</strong></span> <span class='ocrx_word' id='word_1_470' title='bbox 1837 4468 1897 4512; x_wconf 90' lang='lat' dir='ltr'><strong>ut</strong></span> <span class='ocrx_word' id='word_1_471' title='bbox 1937 4467 2126 4514; x_wconf 86' lang='lat' dir='ltr'><strong>sancta</strong></span> 
     </span>
    </p>
   </div>
   <div class='ocr_carea' id='block_1_77' title="bbox 541 4536 2203 4621">
    <p class='ocr_par' dir='ltr' id='par_1_77' title="bbox 541 4536 2203 4621">
     <span class='ocr_line' id='line_1_77' title="bbox 541 4536 2203 4621; baseline 0.002 -18"><span class='ocrx_word' id='word_1_472' title='bbox 541 4548 639 4603; x_wconf 87' lang='lat' dir='ltr'><strong>Dei</strong></span> <span class='ocrx_word' id='word_1_473' title='bbox 667 4547 913 4604; x_wconf 77' lang='lat' dir='ltr'><strong>Genitrix</strong></span> <span class='ocrx_word' id='word_1_474' title='bbox 935 4590 949 4613; x_wconf 92' lang='lat'><strong>,</strong></span> <span class='ocrx_word' id='word_1_475' title='bbox 976 4549 1256 4619; x_wconf 89' lang='lat' dir='ltr'><strong>sanctique</strong></span> <span class='ocrx_word' id='word_1_476' title='bbox 1286 4549 1363 4603; x_wconf 91' lang='lat' dir='ltr'><strong>tui</strong></span> <span class='ocrx_word' id='word_1_477' title='bbox 1390 4550 1648 4620; x_wconf 88' lang='lat' dir='ltr'><strong>apostoli,</strong></span> <span class='ocrx_word' id='word_1_478' title='bbox 1674 4560 1965 4621; x_wconf 82' lang='lat' dir='ltr'><strong>martyres,</strong></span> <span class='ocrx_word' id='word_1_479' title='bbox 1996 4567 2125 4605; x_wconf 90' lang='lat' dir='ltr'><strong>con-</strong></span> <span class='ocrx_word' id='word_1_480' title='bbox 2152 4536 2203 4592; x_wconf 76' lang='grc' dir='ltr'>υ</span> 
     </span>
    </p>
   </div>
   <div class='ocr_carea' id='block_1_78' title="bbox 540 4641 2127 4714">
    <p class='ocr_par' dir='ltr' id='par_1_78' title="bbox 540 4641 2127 4714">
     <span class='ocr_line' id='line_1_78' title="bbox 540 4641 2127 4714; baseline 0.001 -18"><span class='ocrx_word' id='word_1_481' title='bbox 540 4641 797 4707; x_wconf 82' lang='lat' dir='ltr'><strong>fessores,</strong></span> <span class='ocrx_word' id='word_1_482' title='bbox 823 4641 1062 4713; x_wconf 84' lang='lat' dir='ltr'><strong>virgines</strong></span> <span class='ocrx_word' id='word_1_483' title='bbox 1095 4649 1257 4712; x_wconf 88' lang='lat' dir='ltr'><strong>atque</strong></span> <span class='ocrx_word' id='word_1_484' title='bbox 1283 4657 1471 4698; x_wconf 91' lang='lat' dir='ltr'><strong>omnes</strong></span> <span class='ocrx_word' id='word_1_485' title='bbox 1511 4644 1719 4707; x_wconf 90' lang='lat' dir='ltr'><strong>sancti,</strong></span> <span class='ocrx_word' id='word_1_486' title='bbox 1769 4658 1999 4714; x_wconf 88' lang='lat' dir='ltr'><strong>quorum</strong></span> <span class='ocrx_word' id='word_1_487' title='bbox 2042 4658 2127 4698; x_wconf 89' lang='lat' dir='ltr'><strong>re-</strong></span> 
     </span>
    </p>
   </div>
   <div class='ocr_carea' id='block_1_79' title="bbox 542 4733 2126 4808">
    <p class='ocr_par' dir='ltr' id='par_1_79' title="bbox 542 4733 2126 4808">
     <span class='ocr_line' id='line_1_79' title="bbox 542 4733 2126 4808; baseline 0.001 -21"><span class='ocrx_word' id='word_1_488' title='bbox 542 4734 723 4804; x_wconf 65' lang='lat' dir='ltr'><strong>liquiae</strong></span> <span class='ocrx_word' id='word_1_489' title='bbox 746 4734 802 4789; x_wconf 90' lang='lat' dir='ltr'><strong>in</strong></span> <span class='ocrx_word' id='word_1_490' title='bbox 821 4734 924 4789; x_wconf 86' lang='lat' dir='ltr'><strong>ista</strong></span> <span class='ocrx_word' id='word_1_491' title='bbox 945 4734 1295 4793; x_wconf 82' lang='lat' dir='ltr'><strong>continentur</strong></span> <span class='ocrx_word' id='word_1_492' title='bbox 1316 4735 1564 4798; x_wconf 84' lang='lat' dir='ltr'><strong>ecclesia,</strong></span> <span class='ocrx_word' id='word_1_493' title='bbox 1591 4736 1892 4805; x_wconf 84' lang='lat' dir='ltr'><strong>patrocinia</strong></span> <span class='ocrx_word' id='word_1_494' title='bbox 1916 4733 2126 4808; x_wconf 78' lang='lat' dir='ltr'><strong>[Forte,</strong></span> 
     </span>
    </p>
   </div>
   <div class='ocr_carea' id='block_1_80' title="bbox 540 4824 2128 4899">
    <p class='ocr_par' dir='ltr' id='par_1_80' title="bbox 540 4824 2128 4899">
     <span class='ocr_line' id='line_1_80' title="bbox 540 4824 2128 4899; baseline 0.001 -18"><span class='ocrx_word' id='word_1_495' title='bbox 540 4824 878 4899; x_wconf 82' lang='lat' dir='ltr'><strong>patrociniis]</strong></span> <span class='ocrx_word' id='word_1_496' title='bbox 907 4842 1007 4882; x_wconf 91' lang='lat' dir='ltr'><strong>nos</strong></span> <span class='ocrx_word' id='word_1_497' title='bbox 1029 4827 1228 4897; x_wconf 86' lang='lat' dir='ltr'><strong>ubique</strong></span> <span class='ocrx_word' id='word_1_498' title='bbox 1256 4825 1531 4894; x_wconf 80' lang='lat' dir='ltr'><strong>adiuvent,</strong></span> <span class='ocrx_word' id='word_1_499' title='bbox 1566 4836 1836 4896; x_wconf 85' lang='lat' dir='ltr'><strong>quatenus</strong></span> <span class='ocrx_word' id='word_1_500' title='bbox 1875 4828 1964 4882; x_wconf 83' lang='lat' dir='ltr'><strong>hic</strong></span> <span class='ocrx_word' id='word_1_501' title='bbox 2010 4828 2128 4882; x_wconf 85' lang='lat' dir='ltr'><strong>illo-</strong></span> 
     </span>
    </p>
   </div>
   <div class='ocr_carea' id='block_1_81' title="bbox 541 4915 2127 4989">
    <p class='ocr_par' dir='ltr' id='par_1_81' title="bbox 541 4915 2127 4989">
     <span class='ocr_line' id='line_1_81' title="bbox 541 4915 2127 4989; baseline 0 -16"><span class='ocrx_word' id='word_1_502' title='bbox 541 4934 661 4973; x_wconf 87' lang='lat' dir='ltr'><strong>rum</strong></span> <span class='ocrx_word' id='word_1_503' title='bbox 688 4918 939 4989; x_wconf 66' lang='lat' dir='ltr'><strong>praesenti</strong></span> <span class='ocrx_word' id='word_1_504' title='bbox 978 4915 1235 4987; x_wconf 71' lang='lat' dir='ltr'><strong>suﬂragio</strong></span> <span class='ocrx_word' id='word_1_505' title='bbox 1265 4918 1559 4989; x_wconf 83' lang='lat' dir='ltr'><strong>tranquilla</strong></span> <span class='ocrx_word' id='word_1_506' title='bbox 1586 4933 1721 4987; x_wconf 87' lang='lat' dir='ltr'><strong>pace</strong></span> <span class='ocrx_word' id='word_1_507' title='bbox 1761 4920 1814 4973; x_wconf 91' lang='lat' dir='ltr'><strong>in</strong></span> <span class='ocrx_word' id='word_1_508' title='bbox 1854 4930 1945 4973; x_wconf 85' lang='lat' dir='ltr'><strong>tua</strong></span> <span class='ocrx_word' id='word_1_509' title='bbox 1968 4918 2127 4974; x_wconf 88' lang='lat' dir='ltr'><strong>laude</strong></span> 
     </span>
    </p>
   </div>
   <div class='ocr_carea' id='block_1_82' title="bbox 538 5008 959 5067">
    <p class='ocr_par' dir='ltr' id='par_1_82' title="bbox 538 5008 959 5067">
     <span class='ocr_line' id='line_1_82' title="bbox 538 5008 959 5067; baseline -0.01 0"><span class='ocrx_word' id='word_1_510' title='bbox 538 5010 807 5067; x_wconf 70' lang='lat' dir='ltr'><strong>laetemur.</strong></span> <span class='ocrx_word' id='word_1_511' title='bbox 838 5008 959 5064; x_wconf 88' lang='lat' dir='ltr'><strong>Per.</strong></span> 
     </span>
    </p>
   </div>
   <div class='ocr_carea' id='block_1_83' title="bbox 613 5099 2129 5171">
    <p class='ocr_par' dir='ltr' id='par_1_83' title="bbox 613 5099 2129 5171">
     <span class='ocr_line' id='line_1_83' title="bbox 613 5099 2129 5171; baseline 0.001 -17"><span class='ocrx_word' id='word_1_512' title='bbox 613 5100 749 5154; x_wconf 83' lang='lat' dir='ltr'><strong>Item</strong></span> <span class='ocrx_word' id='word_1_513' title='bbox 790 5099 917 5153; x_wconf 82' lang='lat' dir='ltr'><strong>alia.</strong></span> <span class='ocrx_word' id='word_1_514' title='bbox 955 5100 1229 5155; x_wconf 77' lang='lat' dir='ltr'><strong>Auxilium</strong></span> <span class='ocrx_word' id='word_1_515' title='bbox 1258 5110 1409 5154; x_wconf 91' lang='lat' dir='ltr'><strong>tuum</strong></span> <span class='ocrx_word' id='word_1_516' title='bbox 1440 5101 1619 5167; x_wconf 89' lang='lat' dir='ltr'><strong>nobis,</strong></span> <span class='ocrx_word' id='word_1_517' title='bbox 1646 5101 1892 5168; x_wconf 88' lang='lat' dir='ltr'><strong>Domine,</strong></span> <span class='ocrx_word' id='word_1_518' title='bbox 1915 5117 2129 5171; x_wconf 72' lang='lat' dir='ltr'><strong>qu1esu-</strong></span> 
     </span>
    </p>
   </div>
   <div class='ocr_carea' id='block_1_84' title="bbox 540 5192 2131 5265">
    <p class='ocr_par' dir='ltr' id='par_1_84' title="bbox 540 5192 2131 5265">
     <span class='ocr_line' id='line_1_84' title="bbox 540 5192 2131 5265; baseline 0.001 -16"><span class='ocrx_word' id='word_1_519' title='bbox 540 5208 684 5259; x_wconf 87' lang='lat' dir='ltr'><strong>mus,</strong></span> <span class='ocrx_word' id='word_1_520' title='bbox 726 5194 971 5265; x_wconf 85' lang='lat' dir='ltr'><strong>placatus</strong></span> <span class='ocrx_word' id='word_1_521' title='bbox 1014 5192 1265 5263; x_wconf 85' lang='lat' dir='ltr'><strong>impende</strong></span> <span class='ocrx_word' id='word_1_522' title='bbox 1289 5235 1304 5258; x_wconf 89' lang='lat'><strong>,</strong></span> <span class='ocrx_word' id='word_1_523' title='bbox 1344 5203 1399 5247; x_wconf 89' lang='lat' dir='ltr'><strong>et</strong></span> <span class='ocrx_word' id='word_1_524' title='bbox 1437 5194 1896 5250; x_wconf 87' lang='lat' dir='ltr'><strong>intercedentibus</strong></span> <span class='ocrx_word' id='word_1_525' title='bbox 1926 5194 2131 5250; x_wconf 87' lang='lat' dir='ltr'><strong>sanctis</strong></span> 
     </span>
    </p>
   </div>
   <div class='ocr_carea' id='block_1_85' title="bbox 543 5285 2126 5358">
    <p class='ocr_par' dir='ltr' id='par_1_85' title="bbox 543 5285 2126 5358">
     <span class='ocr_line' id='line_1_85' title="bbox 543 5285 2126 5358; baseline 0.001 -19"><span class='ocrx_word' id='word_1_526' title='bbox 543 5287 651 5340; x_wconf 88' lang='lat' dir='ltr'><strong>tuis</strong></span> <span class='ocrx_word' id='word_1_527' title='bbox 677 5325 692 5351; x_wconf 94' lang='lat'><strong>,</strong></span> <span class='ocrx_word' id='word_1_528' title='bbox 740 5300 973 5355; x_wconf 88' lang='lat' dir='ltr'><strong>quorum</strong></span> <span class='ocrx_word' id='word_1_529' title='bbox 1015 5285 1068 5339; x_wconf 90' lang='lat' dir='ltr'><strong>in</strong></span> <span class='ocrx_word' id='word_1_530' title='bbox 1101 5286 1206 5340; x_wconf 87' lang='lat' dir='ltr'><strong>bac</strong></span> <span class='ocrx_word' id='word_1_531' title='bbox 1232 5287 1487 5356; x_wconf 69' lang='lat' dir='ltr'><strong>praesenti</strong></span> <span class='ocrx_word' id='word_1_532' title='bbox 1532 5286 1775 5341; x_wconf 79' lang='lat' dir='ltr'><strong>Ecclesia</strong></span> <span class='ocrx_word' id='word_1_533' title='bbox 1824 5287 2126 5358; x_wconf 87' lang='lat' dir='ltr'><strong>patrocinia</strong></span> 
     </span>
    </p>
   </div>
   <div class='ocr_carea' id='block_1_86' title="bbox 541 5376 2129 5451">
    <p class='ocr_par' dir='ltr' id='par_1_86' title="bbox 541 5376 2129 5451">
     <span class='ocr_line' id='line_1_86' title="bbox 541 5376 2129 5451; baseline 0.004 -18"><span class='ocrx_word' id='word_1_534' title='bbox 541 5376 794 5451; x_wconf 86' lang='lat' dir='ltr'><strong>colligere</strong></span> <span class='ocrx_word' id='word_1_535' title='bbox 846 5378 1153 5433; x_wconf 85' lang='lat' dir='ltr'><strong>curavimus</strong></span> <span class='ocrx_word' id='word_1_536' title='bbox 1180 5419 1195 5443; x_wconf 86' lang='lat'><strong>,</strong></span> <span class='ocrx_word' id='word_1_537' title='bbox 1243 5378 1329 5433; x_wconf 82' lang='lat' dir='ltr'><strong>fac</strong></span> <span class='ocrx_word' id='word_1_538' title='bbox 1368 5394 1468 5435; x_wconf 89' lang='lat' dir='ltr'><strong>nos</strong></span> <span class='ocrx_word' id='word_1_539' title='bbox 1506 5382 1575 5435; x_wconf 88' lang='lat' dir='ltr'><strong>ab</strong></span> <span class='ocrx_word' id='word_1_540' title='bbox 1607 5383 1757 5437; x_wconf 89' lang='lat' dir='ltr'><strong>omni</strong></span> <span class='ocrx_word' id='word_1_541' title='bbox 1800 5382 2129 5439; x_wconf 88' lang='lat' dir='ltr'><strong>adversitate</strong></span> 
     </span>
    </p>
   </div>
   <div class='ocr_carea' id='block_1_87' title="bbox 540 5470 2128 5542">
    <p class='ocr_par' dir='ltr' id='par_1_87' title="bbox 540 5470 2128 5542">
     <span class='ocr_line' id='line_1_87' title="bbox 540 5470 2128 5542; baseline 0.003 -17"><span class='ocrx_word' id='word_1_542' title='bbox 540 5470 762 5526; x_wconf 88' lang='lat' dir='ltr'><strong>liberari</strong></span> <span class='ocrx_word' id='word_1_543' title='bbox 788 5510 802 5535; x_wconf 84' lang='grc'><em>,</em></span> <span class='ocrx_word' id='word_1_544' title='bbox 829 5478 884 5524; x_wconf 91' lang='lat' dir='ltr'><strong>et</strong></span> <span class='ocrx_word' id='word_1_545' title='bbox 913 5470 969 5523; x_wconf 92' lang='lat' dir='ltr'><strong>in</strong></span> <span class='ocrx_word' id='word_1_546' title='bbox 996 5479 1201 5525; x_wconf 65' lang='lat' dir='ltr'><strong>azterna</strong></span> <span class='ocrx_word' id='word_1_547' title='bbox 1232 5470 1415 5525; x_wconf 76' lang='lat' dir='ltr'><strong>lzetitia</strong></span> <span class='ocrx_word' id='word_1_548' title='bbox 1443 5473 1676 5542; x_wconf 87' lang='lat' dir='ltr'><strong>gaudere</strong></span> <span class='ocrx_word' id='word_1_549' title='bbox 1704 5489 1825 5529; x_wconf 89' lang='lat' dir='ltr'><strong>cum</strong></span> <span class='ocrx_word' id='word_1_550' title='bbox 1850 5474 1976 5530; x_wconf 85' lang='lat' dir='ltr'><strong>illis.</strong></span> <span class='ocrx_word' id='word_1_551' title='bbox 2002 5474 2128 5530; x_wconf 84' lang='lat' dir='ltr'><strong>Per.</strong></span> 
     </span>
    </p>
   </div>
   <div class='ocr_carea' id='block_1_88' title="bbox 613 5560 2131 5636">
    <p class='ocr_par' dir='ltr' id='par_1_88' title="bbox 613 5560 2131 5636">
     <span class='ocr_line' id='line_1_88' title="bbox 613 5560 2131 5636; baseline 0.003 -18"><span class='ocrx_word' id='word_1_552' title='bbox 613 5563 839 5618; x_wconf 82' lang='lat' dir='ltr'><strong>Munera</strong></span> <span class='ocrx_word' id='word_1_553' title='bbox 888 5577 1024 5629; x_wconf 67' lang='lat' dir='ltr'><strong>tuae,</strong></span> <span class='ocrx_word' id='word_1_554' title='bbox 1072 5563 1385 5620; x_wconf 81' lang='lat' dir='ltr'><strong>misericors</strong></span> <span class='ocrx_word' id='word_1_555' title='bbox 1413 5560 1559 5621; x_wconf 89' lang='lat' dir='ltr'><strong>Deus</strong></span> <span class='ocrx_word' id='word_1_556' title='bbox 1583 5607 1599 5631; x_wconf 90' lang='lat'><strong>,</strong></span> <span class='ocrx_word' id='word_1_557' title='bbox 1642 5566 1915 5636; x_wconf 89' lang='lat' dir='ltr'><strong>maiestati</strong></span> <span class='ocrx_word' id='word_1_558' title='bbox 1948 5568 2131 5625; x_wconf 85' lang='lat' dir='ltr'><strong>oblata</strong></span> 
     </span>
    </p>
   </div>
   <div class='ocr_carea' id='block_1_89' title="bbox 542 5658 2135 5729">
    <p class='ocr_par' dir='ltr' id='par_1_89' title="bbox 542 5658 2135 5729">
     <span class='ocr_line' id='line_1_89' title="bbox 542 5658 2135 5729; baseline 0.001 -13"><span class='ocrx_word' id='word_1_559' title='bbox 542 5658 797 5729; x_wconf 81' lang='lat' dir='ltr'><strong>benigno,</strong></span> <span class='ocrx_word' id='word_1_560' title='bbox 821 5672 1152 5727; x_wconf 61' lang='lat' dir='ltr'><strong>quaesumus,</strong></span> <span class='ocrx_word' id='word_1_561' title='bbox 1184 5659 1396 5729; x_wconf 84' lang='lat' dir='ltr'><strong>suscipe</strong></span> <span class='ocrx_word' id='word_1_562' title='bbox 1422 5659 1637 5726; x_wconf 89' lang='lat' dir='ltr'><strong>intuitu,</strong></span> <span class='ocrx_word' id='word_1_563' title='bbox 1679 5670 1742 5715; x_wconf 91' lang='lat' dir='ltr'><strong>ut</strong></span> <span class='ocrx_word' id='word_1_564' title='bbox 1766 5676 1955 5717; x_wconf 90' lang='lat' dir='ltr'><strong>eorum</strong></span> <span class='ocrx_word' id='word_1_565' title='bbox 1977 5661 2135 5717; x_wconf 88' lang='lat' dir='ltr'><strong>nobis</strong></span> 
     </span>
    </p>
   </div>
   <div class='ocr_carea' id='block_1_90' title="bbox 544 5748 2133 5823">
    <p class='ocr_par' dir='ltr' id='par_1_90' title="bbox 544 5748 2133 5823">
     <span class='ocr_line' id='line_1_90' title="bbox 544 5748 2133 5823; baseline 0.004 -18"><span class='ocrx_word' id='word_1_566' title='bbox 544 5750 794 5815; x_wconf 74' lang='lat' dir='ltr'><strong>precibus</strong></span> <span class='ocrx_word' id='word_1_567' title='bbox 833 5748 962 5804; x_wconf 88' lang='lat' dir='ltr'><strong>llant</strong></span> <span class='ocrx_word' id='word_1_568' title='bbox 1011 5750 1269 5813; x_wconf 82' lang='lat' dir='ltr'><strong>salutaria</strong></span> <span class='ocrx_word' id='word_1_569' title='bbox 1295 5793 1312 5818; x_wconf 90' lang='lat'><strong>,</strong></span> <span class='ocrx_word' id='word_1_570' title='bbox 1364 5757 1611 5823; x_wconf 54' lang='lat' dir='ltr'><strong>quorum.</strong></span> <span class='ocrx_word' id='word_1_571' title='bbox 1645 5755 2033 5812; x_wconf 65' lang='lat' dir='ltr'><strong>sacratissime</strong></span> <span class='ocrx_word' id='word_1_572' title='bbox 2072 5754 2133 5811; x_wconf 90' lang='lat' dir='ltr'><strong>iu</strong></span> 
     </span>
    </p>
   </div>
   <div class='ocr_carea' id='block_1_91' title="bbox 2235 3242 3830 3319">
    <p class='ocr_par' dir='ltr' id='par_1_91' title="bbox 2235 3242 3830 3319">
     <span class='ocr_line' id='line_1_91' title="bbox 2235 3242 3830 3319; baseline 0.008 -21"><span class='ocrx_word' id='word_1_573' title='bbox 2235 3242 2480 3309; x_wconf 85' lang='lat' dir='ltr'><strong>bramus;</strong></span> <span class='ocrx_word' id='word_1_574' title='bbox 2498 3259 2689 3300; x_wconf 90' lang='lat' dir='ltr'><strong>eorum</strong></span> <span class='ocrx_word' id='word_1_575' title='bbox 2716 3248 2924 3316; x_wconf 89' lang='lat' dir='ltr'><strong>pariter</strong></span> <span class='ocrx_word' id='word_1_576' title='bbox 2952 3250 3195 3319; x_wconf 84' lang='lat' dir='ltr'><strong>quotidie</strong></span> <span class='ocrx_word' id='word_1_577' title='bbox 3216 3248 3288 3306; x_wconf 89' lang='lat' dir='ltr'><strong>ab</strong></span> <span class='ocrx_word' id='word_1_578' title='bbox 3305 3252 3558 3309; x_wconf 86' lang='lat' dir='ltr'><strong>omnibus</strong></span> <span class='ocrx_word' id='word_1_579' title='bbox 3584 3255 3830 3312; x_wconf 83' lang='lat' dir='ltr'><strong>adversis</strong></span> 
     </span>
    </p>
   </div>
   <div class='ocr_carea' id='block_1_92' title="bbox 2233 3339 2993 3406">
    <p class='ocr_par' dir='ltr' id='par_1_92' title="bbox 2233 3339 2993 3406">
     <span class='ocr_line' id='line_1_92' title="bbox 2233 3339 2993 3406; baseline 0.009 -17"><span class='ocrx_word' id='word_1_580' title='bbox 2233 3343 2585 3406; x_wconf 83' lang='lat' dir='ltr'><strong>protegamur</strong></span> <span class='ocrx_word' id='word_1_581' title='bbox 2613 3339 2837 3396; x_wconf 78' lang='lat' dir='ltr'><strong>auxilio.</strong></span> <span class='ocrx_word' id='word_1_582' title='bbox 2870 3340 2993 3397; x_wconf 83' lang='lat' dir='ltr'><strong>Per.</strong></span> 
     </span>
    </p>
   </div>
   <div class='ocr_carea' id='block_1_93' title="bbox 2828 3457 3234 3518">
    <p class='ocr_par' dir='ltr' id='par_1_93' title="bbox 2828 3457 3234 3518">
     <span class='ocr_line' id='line_1_93' title="bbox 2828 3457 3234 3518; baseline 0.002 -3"><span class='ocrx_word' id='word_1_583' title='bbox 2828 3457 3059 3516; x_wconf 81' lang='lat' dir='ltr'><strong>CAPUT</strong></span> <span class='ocrx_word' id='word_1_584' title='bbox 3096 3462 3234 3518; x_wconf 78' lang='lat' dir='ltr'><strong>XVI.</strong></span> 
     </span>
    </p>
   </div>
   <div class='ocr_carea' id='block_1_94' title="bbox 2736 3550 3297 3623">
    <p class='ocr_par' dir='ltr' id='par_1_94' title="bbox 2736 3550 3297 3623">
     <span class='ocr_line' id='line_1_94' title="bbox 2736 3550 3297 3623; baseline 0.007 -19"><span class='ocrx_word' id='word_1_585' title='bbox 2736 3550 2902 3606; x_wconf 75' lang='lat' dir='ltr'><strong>Missa</strong></span> <span class='ocrx_word' id='word_1_586' title='bbox 2925 3570 3020 3623; x_wconf 86' lang='lat' dir='ltr'><strong>pro</strong></span> <span class='ocrx_word' id='word_1_587' title='bbox 3047 3555 3297 3609; x_wconf 68' lang='lat' dir='ltr'><strong>inimicis.</strong></span> 
     </span>
    </p>
   </div>
   <div class='ocr_carea' id='block_1_95' title="bbox 2303 3667 3824 3742">
    <p class='ocr_par' dir='ltr' id='par_1_95' title="bbox 2303 3667 3824 3742">
     <span class='ocr_line' id='line_1_95' title="bbox 2303 3667 3824 3742; baseline 0.008 -20"><span class='ocrx_word' id='word_1_588' title='bbox 2303 3667 2445 3723; x_wconf 78' lang='lat' dir='ltr'><strong>Deus</strong></span> <span class='ocrx_word' id='word_1_589' title='bbox 2495 3669 2644 3737; x_wconf 84' lang='lat' dir='ltr'><strong>pacis</strong></span> <span class='ocrx_word' id='word_1_590' title='bbox 2698 3668 3090 3740; x_wconf 86' lang='lat' dir='ltr'><strong>cbaritatisque</strong></span> <span class='ocrx_word' id='word_1_591' title='bbox 3140 3682 3355 3730; x_wconf 87' lang='lat' dir='ltr'><strong>amator</strong></span> <span class='ocrx_word' id='word_1_592' title='bbox 3399 3684 3457 3730; x_wconf 89' lang='lat' dir='ltr'><strong>et</strong></span> <span class='ocrx_word' id='word_1_593' title='bbox 3497 3684 3702 3742; x_wconf 85' lang='lat' dir='ltr'><strong>custos,</strong></span> <span class='ocrx_word' id='word_1_594' title='bbox 3749 3676 3824 3734; x_wconf 83' lang='lat' dir='ltr'><strong>da</strong></span> 
     </span>
    </p>
   </div>
   <div class='ocr_carea' id='block_1_96' title="bbox 2230 3758 3829 3836">
    <p class='ocr_par' dir='ltr' id='par_1_96' title="bbox 2230 3758 3829 3836">
     <span class='ocr_line' id='line_1_96' title="bbox 2230 3758 3829 3836; baseline 0.006 -23"><span class='ocrx_word' id='word_1_595' title='bbox 2230 3758 2485 3814; x_wconf 88' lang='lat' dir='ltr'><strong>omnibus</strong></span> <span class='ocrx_word' id='word_1_596' title='bbox 2524 3758 2761 3815; x_wconf 88' lang='lat' dir='ltr'><strong>inimicis</strong></span> <span class='ocrx_word' id='word_1_597' title='bbox 2800 3762 3007 3816; x_wconf 86' lang='lat' dir='ltr'><strong>nostris</strong></span> <span class='ocrx_word' id='word_1_598' title='bbox 3053 3776 3247 3832; x_wconf 88' lang='lat' dir='ltr'><strong>pacem</strong></span> <span class='ocrx_word' id='word_1_599' title='bbox 3273 3765 3709 3836; x_wconf 85' lang='lat' dir='ltr'><strong>cbaritatemque</strong></span> <span class='ocrx_word' id='word_1_600' title='bbox 3733 3782 3829 3823; x_wconf 81' lang='lat' dir='ltr'><strong>ve-</strong></span> 
     </span>
    </p>
   </div>
   <div class='ocr_carea' id='block_1_97' title="bbox 2233 3850 3830 3928">
    <p class='ocr_par' dir='ltr' id='par_1_97' title="bbox 2233 3850 3830 3928">
     <span class='ocr_line' id='line_1_97' title="bbox 2233 3850 3830 3928; baseline 0.01 -29"><span class='ocrx_word' id='word_1_601' title='bbox 2233 3861 2370 3910; x_wconf 89' lang='lat' dir='ltr'><strong>ram,</strong></span> <span class='ocrx_word' id='word_1_602' title='bbox 2401 3856 2828 3918; x_wconf 90' lang='lat' dir='ltr'><strong>cunctorumque</strong></span> <span class='ocrx_word' id='word_1_603' title='bbox 2855 3850 2937 3905; x_wconf 90' lang='lat' dir='ltr'><strong>eis</strong></span> <span class='ocrx_word' id='word_1_604' title='bbox 2963 3853 3337 3908; x_wconf 84' lang='lat' dir='ltr'><strong>remissionem</strong></span> <span class='ocrx_word' id='word_1_605' title='bbox 3375 3856 3553 3912; x_wconf 87' lang='lat' dir='ltr'><strong>tribue</strong></span> <span class='ocrx_word' id='word_1_606' title='bbox 3577 3864 3830 3928; x_wconf 78' lang='lat' dir='ltr'><strong>peccato-</strong></span> 
     </span>
    </p>
   </div>
   <div class='ocr_carea' id='block_1_98' title="bbox 2232 3941 3791 4021">
    <p class='ocr_par' dir='ltr' id='par_1_98' title="bbox 2232 3941 3791 4021">
     <span class='ocr_line' id='line_1_98' title="bbox 2232 3941 3791 4021; baseline 0.007 -28"><span class='ocrx_word' id='word_1_607' title='bbox 2232 3954 2378 4005; x_wconf 90' lang='lat' dir='ltr'><strong>rum,</strong></span> <span class='ocrx_word' id='word_1_608' title='bbox 2407 3955 2613 4010; x_wconf 91' lang='lat' dir='ltr'><strong>uosque</strong></span> <span class='ocrx_word' id='word_1_609' title='bbox 2638 3941 2707 3996; x_wconf 90' lang='lat' dir='ltr'><strong>ab</strong></span> <span class='ocrx_word' id='word_1_610' title='bbox 2736 3954 2929 3998; x_wconf 88' lang='lat' dir='ltr'><strong>corum</strong></span> <span class='ocrx_word' id='word_1_611' title='bbox 2956 3943 3169 4001; x_wconf 87' lang='lat' dir='ltr'><strong>insidiis</strong></span> <span class='ocrx_word' id='word_1_612' title='bbox 3188 3954 3440 4015; x_wconf 88' lang='lat' dir='ltr'><strong>potenter</strong></span> <span class='ocrx_word' id='word_1_613' title='bbox 3466 3949 3637 4021; x_wconf 84' lang='lat' dir='ltr'><strong>eripe.</strong></span> <span class='ocrx_word' id='word_1_614' title='bbox 3666 3949 3791 4006; x_wconf 86' lang='lat' dir='ltr'><strong>Per.</strong></span> 
     </span>
    </p>
   </div>
   <div class='ocr_carea' id='block_1_99' title="bbox 2304 4033 3828 4114">
    <p class='ocr_par' dir='ltr' id='par_1_99' title="bbox 2304 4033 3828 4114">
     <span class='ocr_line' id='line_1_99' title="bbox 2304 4033 3828 4114; baseline 0.01 -27"><span class='ocrx_word' id='word_1_615' title='bbox 2304 4033 2537 4089; x_wconf 84' lang='lat' dir='ltr'><strong>Secreta.</strong></span> <span class='ocrx_word' id='word_1_616' title='bbox 2572 4035 2799 4101; x_wconf 86' lang='lat' dir='ltr'><strong>Oblatis,</strong></span> <span class='ocrx_word' id='word_1_617' title='bbox 2826 4037 3075 4106; x_wconf 88' lang='lat' dir='ltr'><strong>Domine,</strong></span> <span class='ocrx_word' id='word_1_618' title='bbox 3104 4056 3435 4111; x_wconf 75' lang='lat' dir='ltr'><strong>quaesumus,</strong></span> <span class='ocrx_word' id='word_1_619' title='bbox 3462 4044 3682 4114; x_wconf 87' lang='lat' dir='ltr'><strong>placare</strong></span> <span class='ocrx_word' id='word_1_620' title='bbox 3707 4063 3828 4102; x_wconf 90' lang='lat' dir='ltr'><strong>mu-</strong></span> 
     </span>
    </p>
   </div>
   <div class='ocr_carea' id='block_1_100' title="bbox 2232 4129 3822 4215">
    <p class='ocr_par' dir='ltr' id='par_1_100' title="bbox 2232 4129 3822 4215">
     <span class='ocr_line' id='line_1_100' title="bbox 2232 4129 3822 4215; baseline 0.009 -33"><span class='ocrx_word' id='word_1_621' title='bbox 2232 4129 2456 4184; x_wconf 82' lang='lat' dir='ltr'><strong>neribus</strong></span> <span class='ocrx_word' id='word_1_622' title='bbox 2485 4148 2498 4183; x_wconf 88' lang='lat'>:</span> <span class='ocrx_word' id='word_1_623' title='bbox 2532 4137 2590 4185; x_wconf 91' lang='lat' dir='ltr'><strong>et</strong></span> <span class='ocrx_word' id='word_1_624' title='bbox 2615 4144 2715 4185; x_wconf 91' lang='lat' dir='ltr'><strong>nos</strong></span> <span class='ocrx_word' id='word_1_625' title='bbox 2735 4131 2804 4186; x_wconf 90' lang='lat' dir='ltr'><strong>ab</strong></span> <span class='ocrx_word' id='word_1_626' title='bbox 2834 4131 3072 4215; x_wconf 66' lang='lat' dir='ltr'><strong>inimigis</strong></span> <span class='ocrx_word' id='word_1_627' title='bbox 3101 4136 3305 4191; x_wconf 89' lang='lat' dir='ltr'><strong>nostris</strong></span> <span class='ocrx_word' id='word_1_628' title='bbox 3330 4136 3628 4193; x_wconf 86' lang='lat' dir='ltr'><strong>clementer</strong></span> <span class='ocrx_word' id='word_1_629' title='bbox 3649 4141 3822 4210; x_wconf 84' lang='lat' dir='ltr'><strong>eripe,</strong></span> 
     </span>
    </p>
   </div>
   <div class='ocr_carea' id='block_1_101' title="bbox 2230 4219 3826 4294">
    <p class='ocr_par' dir='ltr' id='par_1_101' title="bbox 2230 4219 3826 4294">
     <span class='ocr_line' id='line_1_101' title="bbox 2230 4219 3826 4294; baseline 0.009 -21"><span class='ocrx_word' id='word_1_630' title='bbox 2230 4219 2418 4289; x_wconf 76' lang='lat' dir='ltr'><strong>eisque</strong></span> <span class='ocrx_word' id='word_1_631' title='bbox 2440 4221 2827 4294; x_wconf 86' lang='lat' dir='ltr'><strong>indulgentiam</strong></span> <span class='ocrx_word' id='word_1_632' title='bbox 2851 4224 3029 4281; x_wconf 90' lang='lat' dir='ltr'><strong>tribue</strong></span> <span class='ocrx_word' id='word_1_633' title='bbox 3055 4226 3396 4283; x_wconf 87' lang='lat' dir='ltr'><strong>delictorum.</strong></span> <span class='ocrx_word' id='word_1_634' title='bbox 3414 4228 3519 4285; x_wconf 87' lang='lat' dir='ltr'><strong>Per</strong></span> <span class='ocrx_word' id='word_1_635' title='bbox 3536 4227 3826 4288; x_wconf 88' lang='lat' dir='ltr'><strong>Dominum</strong></span> 
     </span>
    </p>
   </div>
   <div class='ocr_carea' id='block_1_102' title="bbox 2233 4320 2498 4367">
    <p class='ocr_par' dir='ltr' id='par_1_102' title="bbox 2233 4320 2498 4367">
     <span class='ocr_line' id='line_1_102' title="bbox 2233 4320 2498 4367; baseline 0.004 -2"><span class='ocrx_word' id='word_1_636' title='bbox 2233 4320 2498 4367; x_wconf 89' lang='lat' dir='ltr'><strong>nostrum.</strong></span> 
     </span>
    </p>
   </div>
   <div class='ocr_carea' id='block_1_103' title="bbox 2300 4404 3826 4486">
    <p class='ocr_par' dir='ltr' id='par_1_103' title="bbox 2300 4404 3826 4486">
     <span class='ocr_line' id='line_1_103' title="bbox 2300 4404 3826 4486; baseline 0.009 -28"><span class='ocrx_word' id='word_1_637' title='bbox 2300 4404 2382 4458; x_wconf 82' lang='lat' dir='ltr'><strong>Ad</strong></span> <span class='ocrx_word' id='word_1_638' title='bbox 2412 4404 2811 4475; x_wconf 79' lang='lat' dir='ltr'><strong>Complemlum.</strong></span> <span class='ocrx_word' id='word_1_639' title='bbox 2844 4407 2987 4463; x_wconf 87' lang='lat' dir='ltr'><strong>Deus</strong></span> <span class='ocrx_word' id='word_1_640' title='bbox 3014 4411 3107 4479; x_wconf 87' lang='lat' dir='ltr'><strong>qui</strong></span> <span class='ocrx_word' id='word_1_641' title='bbox 3146 4409 3379 4468; x_wconf 87' lang='lat' dir='ltr'><strong>famulos</strong></span> <span class='ocrx_word' id='word_1_642' title='bbox 3406 4420 3551 4478; x_wconf 86' lang='lat' dir='ltr'><strong>tuos,</strong></span> <span class='ocrx_word' id='word_1_643' title='bbox 3581 4412 3826 4486; x_wconf 81' lang='lat' dir='ltr'><strong>Moysen,</strong></span> 
     </span>
    </p>
   </div>
   <div class='ocr_carea' id='block_1_104' title="bbox 2232 4493 3825 4576">
    <p class='ocr_par' dir='ltr' id='par_1_104' title="bbox 2232 4493 3825 4576">
     <span class='ocr_line' id='line_1_104' title="bbox 2232 4493 3825 4576; baseline 0.008 -26"><span class='ocrx_word' id='word_1_644' title='bbox 2232 4493 2472 4562; x_wconf 86' lang='lat' dir='ltr'><strong>Samuel,</strong></span> <span class='ocrx_word' id='word_1_645' title='bbox 2512 4504 2567 4552; x_wconf 89' lang='lat' dir='ltr'><strong>et</strong></span> <span class='ocrx_word' id='word_1_646' title='bbox 2621 4496 2959 4568; x_wconf 84' lang='lat' dir='ltr'><strong>Stephanum</strong></span> <span class='ocrx_word' id='word_1_647' title='bbox 2996 4510 3454 4573; x_wconf 75' lang='lat' dir='ltr'><strong>protomartyrem</strong></span> <span class='ocrx_word' id='word_1_648' title='bbox 3492 4506 3691 4561; x_wconf 85' lang='lat' dir='ltr'><strong>virtute</strong></span> <span class='ocrx_word' id='word_1_649' title='bbox 3726 4521 3825 4576; x_wconf 76' lang='lat' dir='ltr'><strong>pa-</strong></span> 
     </span>
    </p>
   </div>
   <div class='ocr_carea' id='block_1_105' title="bbox 2231 4588 3825 4662">
    <p class='ocr_par' dir='ltr' id='par_1_105' title="bbox 2231 4588 3825 4662">
     <span class='ocr_line' id='line_1_105' title="bbox 2231 4588 3825 4662; baseline 0.011 -22"><span class='ocrx_word' id='word_1_650' title='bbox 2231 4588 2435 4644; x_wconf 77' lang='lat' dir='ltr'><strong>tientiae</strong></span> <span class='ocrx_word' id='word_1_651' title='bbox 2459 4589 2693 4654; x_wconf 80' lang='lat' dir='ltr'><strong>dOItaSIi,</strong></span> <span class='ocrx_word' id='word_1_652' title='bbox 2738 4603 2796 4646; x_wconf 87' lang='lat' dir='ltr'><strong>ut</strong></span> <span class='ocrx_word' id='word_1_653' title='bbox 2840 4608 2943 4662; x_wconf 92' lang='lat' dir='ltr'><strong>pro</strong></span> <span class='ocrx_word' id='word_1_654' title='bbox 2984 4609 3205 4649; x_wconf 90' lang='lat' dir='ltr'><strong>suorum</strong></span> <span class='ocrx_word' id='word_1_655' title='bbox 3235 4596 3449 4654; x_wconf 86' lang='lat' dir='ltr'><strong>delictis</strong></span> <span class='ocrx_word' id='word_1_656' title='bbox 3476 4598 3825 4657; x_wconf 84' lang='lat' dir='ltr'><strong>inimicorum</strong></span> 
     </span>
    </p>
   </div>
   <div class='ocr_carea' id='block_1_106' title="bbox 2231 4682 3825 4761">
    <p class='ocr_par' dir='ltr' id='par_1_106' title="bbox 2231 4682 3825 4761">
     <span class='ocr_line' id='line_1_106' title="bbox 2231 4682 3825 4761; baseline 0.009 -26"><span class='ocrx_word' id='word_1_657' title='bbox 2231 4682 2609 4752; x_wconf 70' lang='lat' dir='ltr'><strong>aequanimiter</strong></span> <span class='ocrx_word' id='word_1_658' title='bbox 2646 4696 2966 4753; x_wconf 79' lang='lat' dir='ltr'><strong>exorarent;</strong></span> <span class='ocrx_word' id='word_1_659' title='bbox 3000 4687 3066 4741; x_wconf 90' lang='lat' dir='ltr'><strong>da</strong></span> <span class='ocrx_word' id='word_1_660' title='bbox 3095 4690 3272 4756; x_wconf 90' lang='lat' dir='ltr'><strong>nobis,</strong></span> <span class='ocrx_word' id='word_1_661' title='bbox 3308 4706 3618 4761; x_wconf 73' lang='lat' dir='ltr'><strong>quaesumus</strong></span> <span class='ocrx_word' id='word_1_662' title='bbox 3640 4734 3656 4759; x_wconf 94' lang='lat'><strong>,</strong></span> <span class='ocrx_word' id='word_1_663' title='bbox 3700 4709 3825 4750; x_wconf 87' lang='lat' dir='ltr'><strong>om-</strong></span> 
     </span>
    </p>
   </div>
   <div class='ocr_carea' id='block_1_107' title="bbox 2231 4772 3827 4845">
    <p class='ocr_par' dir='ltr' id='par_1_107' title="bbox 2231 4772 3827 4845">
     <span class='ocr_line' id='line_1_107' title="bbox 2231 4772 3827 4845; baseline 0.01 -20"><span class='ocrx_word' id='word_1_664' title='bbox 2231 4772 2383 4827; x_wconf 85' lang='lat' dir='ltr'><strong>nium</strong></span> <span class='ocrx_word' id='word_1_665' title='bbox 2430 4774 2641 4829; x_wconf 84' lang='lat' dir='ltr'><strong>meritis</strong></span> <span class='ocrx_word' id='word_1_666' title='bbox 2688 4784 3029 4845; x_wconf 81' lang='lat' dir='ltr'><strong>sanctorum,</strong></span> <span class='ocrx_word' id='word_1_667' title='bbox 3066 4788 3125 4833; x_wconf 92' lang='lat' dir='ltr'><strong>ut</strong></span> <span class='ocrx_word' id='word_1_668' title='bbox 3156 4779 3405 4836; x_wconf 86' lang='lat' dir='ltr'><strong>inimicos</strong></span> <span class='ocrx_word' id='word_1_669' title='bbox 3433 4792 3650 4839; x_wconf 86' lang='lat' dir='ltr'><strong>nostros</strong></span> <span class='ocrx_word' id='word_1_670' title='bbox 3680 4800 3827 4841; x_wconf 67' lang='lat' dir='ltr'><strong>verae</strong></span> 
     </span>
    </p>
   </div>
   <div class='ocr_carea' id='block_1_108' title="bbox 2233 4862 3827 4943">
    <p class='ocr_par' dir='ltr' id='par_1_108' title="bbox 2233 4862 3827 4943">
     <span class='ocr_line' id='line_1_108' title="bbox 2233 4862 3827 4943; baseline 0.009 -26"><span class='ocrx_word' id='word_1_671' title='bbox 2233 4862 2536 4918; x_wconf 88' lang='lat' dir='ltr'><strong>dilectionis</strong></span> <span class='ocrx_word' id='word_1_672' title='bbox 2574 4879 2758 4919; x_wconf 89' lang='lat' dir='ltr'><strong>amore</strong></span> <span class='ocrx_word' id='word_1_673' title='bbox 2786 4866 3069 4937; x_wconf 85' lang='lat' dir='ltr'><strong>diligamus</strong></span> <span class='ocrx_word' id='word_1_674' title='bbox 3087 4910 3103 4933; x_wconf 94' lang='lat'><strong>,</strong></span> <span class='ocrx_word' id='word_1_675' title='bbox 3130 4885 3427 4941; x_wconf 86' lang='lat' dir='ltr'><strong>eorumque</strong></span> <span class='ocrx_word' id='word_1_676' title='bbox 3452 4888 3551 4943; x_wconf 89' lang='lat' dir='ltr'><strong>pro</strong></span> <span class='ocrx_word' id='word_1_677' title='bbox 3586 4876 3827 4931; x_wconf 77' lang='lat' dir='ltr'><strong>excessi-</strong></span> 
     </span>
    </p>
   </div>
   <div class='ocr_carea' id='block_1_109' title="bbox 2233 4955 3825 5032">
    <p class='ocr_par' dir='ltr' id='par_1_109' title="bbox 2233 4955 3825 5032">
     <span class='ocr_line' id='line_1_109' title="bbox 2233 4955 3825 5032; baseline 0.011 -23"><span class='ocrx_word' id='word_1_678' title='bbox 2233 4955 2336 5011; x_wconf 89' lang='lat' dir='ltr'><strong>bus</strong></span> <span class='ocrx_word' id='word_1_679' title='bbox 2366 4964 2478 5011; x_wconf 89' lang='lat' dir='ltr'><strong>tota</strong></span> <span class='ocrx_word' id='word_1_680' title='bbox 2508 4958 2706 5012; x_wconf 88' lang='lat' dir='ltr'><strong>mentis</strong></span> <span class='ocrx_word' id='word_1_681' title='bbox 2744 4958 3042 5014; x_wconf 77' lang='lat' dir='ltr'><strong>intentione</strong></span> <span class='ocrx_word' id='word_1_682' title='bbox 3088 4977 3281 5032; x_wconf 87' lang='lat' dir='ltr'><strong>preces</strong></span> <span class='ocrx_word' id='word_1_683' title='bbox 3321 4967 3566 5022; x_wconf 88' lang='lat' dir='ltr'><strong>assiduas</strong></span> <span class='ocrx_word' id='word_1_684' title='bbox 3599 4969 3655 5023; x_wconf 86' lang='lat' dir='ltr'><strong>in</strong></span> <span class='ocrx_word' id='word_1_685' title='bbox 3693 4983 3825 5026; x_wconf 84' lang='lat' dir='ltr'><strong>coa-</strong></span> 
     </span>
    </p>
   </div>
   <div class='ocr_carea' id='block_1_110' title="bbox 2233 5046 3374 5118">
    <p class='ocr_par' dir='ltr' id='par_1_110' title="bbox 2233 5046 3374 5118">
     <span class='ocr_line' id='line_1_110' title="bbox 2233 5046 3374 5118; baseline 0.01 -20"><span class='ocrx_word' id='word_1_686' title='bbox 2233 5054 2422 5115; x_wconf 90' lang='lat' dir='ltr'><strong>spectu</strong></span> <span class='ocrx_word' id='word_1_687' title='bbox 2456 5046 2755 5118; x_wconf 82' lang='lat' dir='ltr'><strong>maiestatis</strong></span> <span class='ocrx_word' id='word_1_688' title='bbox 2778 5057 2883 5104; x_wconf 71' lang='lat' dir='ltr'><strong>tua:</strong></span> <span class='ocrx_word' id='word_1_689' title='bbox 2911 5050 3213 5108; x_wconf 79' lang='lat' dir='ltr'><strong>fundamus.</strong></span> <span class='ocrx_word' id='word_1_690' title='bbox 3251 5054 3374 5110; x_wconf 84' lang='lat' dir='ltr'><strong>Per.</strong></span> 
     </span>
    </p>
   </div>
   <div class='ocr_carea' id='block_1_111' title="bbox 2748 5160 3313 5232">
    <p class='ocr_par' dir='ltr' id='par_1_111' title="bbox 2748 5160 3313 5232">
     <span class='ocr_line' id='line_1_111' title="bbox 2748 5160 3313 5232; baseline 0.016 -17"><span class='ocrx_word' id='word_1_691' title='bbox 2748 5160 2857 5232; x_wconf 74' lang='grc' dir='ltr'><strong>ιε</strong></span> <span class='ocrx_word' id='word_1_692' title='bbox 2887 5161 3119 5219; x_wconf 69' lang='lat' dir='ltr'><strong>CAPUT</strong></span> <span class='ocrx_word' id='word_1_693' title='bbox 3152 5167 3313 5223; x_wconf 78' lang='lat' dir='ltr'><strong>xvu.</strong></span> 
     </span>
    </p>
   </div>
   <div class='ocr_carea' id='block_1_112' title="bbox 2541 5268 3517 5349">
    <p class='ocr_par' dir='ltr' id='par_1_112' title="bbox 2541 5268 3517 5349">
     <span class='ocr_line' id='line_1_112' title="bbox 2541 5268 3517 5349; baseline 0.012 -24"><span class='ocrx_word' id='word_1_694' title='bbox 2541 5268 2708 5327; x_wconf 71' lang='lat' dir='ltr'><strong>Hissa</strong></span> <span class='ocrx_word' id='word_1_695' title='bbox 2734 5290 2831 5344; x_wconf 83' lang='lat' dir='ltr'><strong>pro</strong></span> <span class='ocrx_word' id='word_1_696' title='bbox 2852 5277 3131 5346; x_wconf 69' lang='lat' dir='ltr'><strong>conﬁtente</strong></span> <span class='ocrx_word' id='word_1_697' title='bbox 3155 5291 3371 5349; x_wconf 76' lang='lat' dir='ltr'><strong>peccata</strong></span> <span class='ocrx_word' id='word_1_698' title='bbox 3395 5300 3517 5339; x_wconf 74' lang='lat' dir='ltr'><strong>sua.</strong></span> 
     </span>
    </p>
   </div>
   <div class='ocr_carea' id='block_1_113' title="bbox 2305 5382 3825 5464">
    <p class='ocr_par' dir='ltr' id='par_1_113' title="bbox 2305 5382 3825 5464">
     <span class='ocr_line' id='line_1_113' title="bbox 2305 5382 3825 5464; baseline 0.012 -25"><span class='ocrx_word' id='word_1_699' title='bbox 2305 5382 2662 5454; x_wconf 83' lang='lat' dir='ltr'><strong>Omnipotens</strong></span> <span class='ocrx_word' id='word_1_700' title='bbox 2687 5389 3013 5456; x_wconf 87' lang='lat' dir='ltr'><strong>sempiteme</strong></span> <span class='ocrx_word' id='word_1_701' title='bbox 3040 5390 3206 5457; x_wconf 87' lang='lat' dir='ltr'><strong>Deus,</strong></span> <span class='ocrx_word' id='word_1_702' title='bbox 3249 5397 3343 5462; x_wconf 85' lang='lat' dir='ltr'><strong>qui</strong></span> <span class='ocrx_word' id='word_1_703' title='bbox 3384 5414 3445 5453; x_wconf 89' lang='lat' dir='ltr'><strong>es</strong></span> <span class='ocrx_word' id='word_1_704' title='bbox 3487 5412 3670 5464; x_wconf 84' lang='lat' dir='ltr'><strong>verus,</strong></span> <span class='ocrx_word' id='word_1_705' title='bbox 3697 5415 3825 5456; x_wconf 85' lang='lat' dir='ltr'><strong>san-</strong></span> 
     </span>
    </p>
   </div>
   <div class='ocr_carea' id='block_1_114' title="bbox 2234 5486 3821 5561">
    <p class='ocr_par' dir='ltr' id='par_1_114' title="bbox 2234 5486 3821 5561">
     <span class='ocr_line' id='line_1_114' title="bbox 2234 5486 3821 5561; baseline 0.009 -26"><span class='ocrx_word' id='word_1_706' title='bbox 2234 5488 2361 5535; x_wconf 89' lang='lat' dir='ltr'><strong>ctus</strong></span> <span class='ocrx_word' id='word_1_707' title='bbox 2390 5522 2405 5546; x_wconf 94' lang='lat'><strong>,</strong></span> <span class='ocrx_word' id='word_1_708' title='bbox 2448 5490 2511 5536; x_wconf 88' lang='lat' dir='ltr'><strong>et</strong></span> <span class='ocrx_word' id='word_1_709' title='bbox 2529 5491 2843 5539; x_wconf 85' lang='lat' dir='ltr'><strong>sanctorum</strong></span> <span class='ocrx_word' id='word_1_710' title='bbox 2869 5486 3112 5540; x_wconf 87' lang='lat' dir='ltr'><strong>omnium</strong></span> <span class='ocrx_word' id='word_1_711' title='bbox 3139 5499 3438 5557; x_wconf 85' lang='lat' dir='ltr'><strong>protector,</strong></span> <span class='ocrx_word' id='word_1_712' title='bbox 3467 5490 3562 5546; x_wconf 86' lang='lat' dir='ltr'><strong>tibi</strong></span> <span class='ocrx_word' id='word_1_713' title='bbox 3595 5495 3687 5561; x_wconf 85' lang='lat' dir='ltr'><strong>pio</strong></span> <span class='ocrx_word' id='word_1_714' title='bbox 3710 5493 3821 5548; x_wconf 83' lang='lat' dir='ltr'><strong>Do—</strong></span> 
     </span>
    </p>
   </div>
   <div class='ocr_carea' id='block_1_115' title="bbox 2236 5573 3823 5653">
    <p class='ocr_par' dir='ltr' id='par_1_115' title="bbox 2236 5573 3823 5653">
     <span class='ocr_line' id='line_1_115' title="bbox 2236 5573 3823 5653; baseline 0.008 -27"><span class='ocrx_word' id='word_1_715' title='bbox 2236 5573 2385 5629; x_wconf 86' lang='lat' dir='ltr'><strong>mino</strong></span> <span class='ocrx_word' id='word_1_716' title='bbox 2411 5574 2621 5630; x_wconf 83' lang='lat' dir='ltr'><strong>devotis</strong></span> <span class='ocrx_word' id='word_1_717' title='bbox 2645 5574 2918 5630; x_wconf 88' lang='lat' dir='ltr'><strong>mentibus</strong></span> <span class='ocrx_word' id='word_1_718' title='bbox 2944 5577 3149 5633; x_wconf 85' lang='lat' dir='ltr'><strong>hostias</strong></span> <span class='ocrx_word' id='word_1_719' title='bbox 3172 5579 3350 5635; x_wconf 88' lang='lat' dir='ltr'><strong>laudis</strong></span> <span class='ocrx_word' id='word_1_720' title='bbox 3369 5581 3667 5649; x_wconf 82' lang='lat' dir='ltr'><strong>otl&#39;erimus,</strong></span> <span class='ocrx_word' id='word_1_721' title='bbox 3694 5600 3823 5653; x_wconf 86' lang='lat' dir='ltr'><strong>sup-</strong></span> 
     </span>
    </p>
   </div>
   <div class='ocr_carea' id='block_1_116' title="bbox 2235 5665 3820 5742">
    <p class='ocr_par' dir='ltr' id='par_1_116' title="bbox 2235 5665 3820 5742">
     <span class='ocr_line' id='line_1_116' title="bbox 2235 5665 3820 5742; baseline 0.008 -24"><span class='ocrx_word' id='word_1_722' title='bbox 2235 5665 2554 5737; x_wconf 85' lang='lat' dir='ltr'><strong>pliciterque</strong></span> <span class='ocrx_word' id='word_1_723' title='bbox 2579 5683 2679 5737; x_wconf 88' lang='lat' dir='ltr'><strong>pro</strong></span> <span class='ocrx_word' id='word_1_724' title='bbox 2714 5666 2917 5723; x_wconf 86' lang='lat' dir='ltr'><strong>famulo</strong></span> <span class='ocrx_word' id='word_1_725' title='bbox 2942 5678 3035 5726; x_wconf 86' lang='lat' dir='ltr'><strong>tuo</strong></span> <span class='ocrx_word' id='word_1_726' title='bbox 3062 5670 3528 5742; x_wconf 74' lang='lat' dir='ltr'><strong>N.-depmcamur,</strong></span> <span class='ocrx_word' id='word_1_727' title='bbox 3566 5684 3626 5730; x_wconf 89' lang='lat' dir='ltr'><strong>ut</strong></span> <span class='ocrx_word' id='word_1_728' title='bbox 3660 5677 3709 5730; x_wconf 86' lang='lat' dir='ltr'><strong>ei</strong></span> <span class='ocrx_word' id='word_1_729' title='bbox 3732 5678 3820 5731; x_wconf 88' lang='lat' dir='ltr'><strong>in-</strong></span> 
     </span>
    </p>
   </div>
   <div class='ocr_carea' id='block_1_117' title="bbox 2237 5757 3822 5833">
    <p class='ocr_par' dir='ltr' id='par_1_117' title="bbox 2237 5757 3822 5833">
     <span class='ocr_line' id='line_1_117' title="bbox 2237 5757 3822 5833; baseline 0.011 -26"><span class='ocrx_word' id='word_1_730' title='bbox 2237 5757 2566 5829; x_wconf 85' lang='lat' dir='ltr'><strong>dulgentiam</strong></span> <span class='ocrx_word' id='word_1_731' title='bbox 2595 5760 2822 5820; x_wconf 73' lang='lat' dir='ltr'><strong>tribuas</strong></span> <span class='ocrx_word' id='word_1_732' title='bbox 2862 5762 3107 5816; x_wconf 71' lang='lat' dir='ltr'><strong>ninnium</strong></span> <span class='ocrx_word' id='word_1_733' title='bbox 3135 5763 3458 5820; x_wconf 80' lang='lat' dir='ltr'><strong>delictorum</strong></span> <span class='ocrx_word' id='word_1_734' title='bbox 3484 5782 3703 5822; x_wconf 67' lang='lat' dir='ltr'><strong>sitorum</strong></span> <span class='ocrx_word' id='word_1_735' title='bbox 3721 5811 3734 5833; x_wconf 96' lang='lat'><strong>,</strong></span> <span class='ocrx_word' id='word_1_736' title='bbox 3766 5778 3822 5826; x_wconf 88' lang='lat' dir='ltr'><strong>et</strong></span> 
     </span>
    </p>
   </div>
  </div>
