4122 6626
222 539 316 597 461

1144 530 1532 604 menalca.
1557 579 1626 587 —
1659 548 1864 605 LIBER
1898 532 2533 608 s‘scmnsnronuu.

3387 543 3494 598 462

225 670 292 709 ne
334 657 534 712 iterum
580 656 648 711 ad
678 656 1006 711 voluntatem
1036 661 1244 725 peccati
1279 660 1463 713 redeat
1486 702 1501 720 ,
1543 660 1812 730 propitius
1845 668 1885 720 Α
1910 661 2149 716 illustret
2171 702 2186 727 ,
2232 663 2450 717 roboret
2478 677 2541 716 ac
2570 659 2854 714 conﬁrmet
2889 699 2903 721 ,
2954 656 3226 728 prmterita
3273 664 3491 727 peccata

222 760 343 801 eum
372 748 645 803 custodire
670 748 926 818 digneris.
960 749 1063 803 Per
1090 749 1377 805 Dominum
1400 761 1665 806 nostrum.

289 836 526 893 Secreta.
560 839 822 910 Suscipe,
869 840 1292 895 clementissime
1336 850 1490 910 pater
1517 882 1532 907 ,
1580 842 1815 896 hostiam

221 929 542 1002 placationis
570 942 625 988 et
648 932 843 999 laudis,
874 951 1011 1005 quas
1044 950 1142 1004 ego
1174 935 1423 1005 indignus
1458 944 1513 990 et
1558 944 1843 1005 peccator

222 1023 456 1082 famulus
476 1035 599 1081 tuus
620 1027 716 1093 tibi
741 1028 937 1083 offerre
958 1044 1226 1098 prmsumo
1247 1029 1314 1082 ad
1341 1030 1601 1083 honorem
1631 1031 1816 1099 gloria:

221 1120 457 1174 nominis
506 1120 624 1183 tui,
662 1128 717 1173 et
758 1137 859 1191 pro
903 1121 1273 1176 incolumitate
1309 1120 1495 1176 famuli
1547 1123 1625 1175 tui
1654 1121 1718 1176 N.
1755 1131 1817 1177 ut

220 1212 462 1266 omnium
492 1213 812 1267 delictorum
834 1227 1056 1267 suorum
1080 1213 1295 1268 veniam
1316 1212 1575 1281 consequi
1605 1228 1817 1268 merea-

223 1310 332 1355 tur.
368 1300 471 1356 Per
501 1301 788 1356 Dominum
816 1312 1085 1361 nostrum.

298 1390 691 1450 Postcommun.
722 1392 1032 1460 Precamur,
1062 1394 1312 1459 Domine,
1361 1404 1423 1450 ut
1471 1396 1814 1452 interceden-

223 1481 369 1537 tibus
397 1484 600 1551 sanctis
630 1486 735 1541 tuis
772 1502 872 1556 pro
900 1484 1099 1540 famulo
1126 1496 1219 1543 tuo
1242 1486 1308 1542 Ν.
1345 1488 1735 1559 indulgentiam
1762 1490 1813 1544 ei

222 1571 447 1631 tribuas
472 1574 716 1629 omnium
759 1584 1140 1645 peccatorum,
1188 1591 1324 1647 opus
1368 1566 1488 1648 ejus
1525 1578 1581 1631 in
1613 1579 1813 1633 bonum

222 1662 506 1731 perficias;
540 1680 667 1719 nam
710 1677 763 1719 et
790 1667 1019 1735 gratiam
1054 1679 1199 1720 tuam
1244 1668 1295 1721 ei
1340 1671 1645 1733 concedas,
1677 1668 1806 1735 fide,

224 1771 321 1828 spe
350 1766 406 1811 et
430 1758 698 1814 charitate
734 1774 859 1813 eum
907 1759 1144 1828 replcas,
1175 1767 1413 1814 mentem
1458 1759 1577 1830 ejus
1604 1762 1673 1814 ad
1704 1776 1813 1817 cm-

224 1851 381 1906 lestia
431 1852 703 1907 desideria
736 1853 947 1924 erigas,
985 1861 1042 1908 et
1070 1853 1138 1907 ab
1167 1855 1314 1910 omni
1345 1856 1661 1912 diversitate
1688 1872 1812 1917 eum

224 1940 517 2007 defendas,
549 1950 609 2010 et
646 1943 728 2011 ad
771 1944 967 1999 bonam
1005 1946 1464 2015 persevenntiam
1522 1949 1810 2017 perducas.

224 2032 331 2087 Per
358 2032 670 2088 Dominum.
1206 2069 1223 2081 -ι
1267 2068 1272 2073 -
1842 2022 1889 2081 Β

796 2144 1026 2203 CAPUT
1068 2146 1254 2203 XVIII.

304 2259 464 2314 Missa
491 2273 587 2329 pro
626 2255 798 2312 salute
824 2257 1057 2312 rivorum
1098 2268 1149 2313 et
1185 2259 1362 2330 requie
1390 2270 1738 2316 mortuorum.

297 2370 650 2440 Omnipotens
683 2368 1010 2439 sempiterne
1055 2368 1234 2436 Deus,
1282 2370 1374 2441 qni
1421 2368 1670 2427 vivorum
1715 2375 1814 2428 do-

226 2462 454 2518 minaris
480 2460 640 2516 simul
668 2467 725 2515 et
764 2468 1099 2515 mortuorum
1128 2501 1144 2525 ,
1201 2461 1573 2541 omniumque
1597 2461 1770 2535 [Adde
1796 2506 1811 2527 ,

225 2550 530 2626 misereris]
593 2567 731 2623 quos
796 2563 918 2607 tuos
950 2551 1055 2606 fide
1115 2559 1171 2605 et
1214 2565 1379 2620 opere
1448 2551 1657 2609 futuros
1692 2568 1815 2609 esse

223 2646 541 2717 praenoscis,
575 2653 628 2700 te
677 2631 993 2715 suppliciter
1025 2659 1213 2710 exoro,
1251 2651 1311 2698 ut
1363 2660 1462 2715 pro
1505 2644 1702 2715 quibus
1736 2644 1815 2699 ef-

223 2736 451 2794 fundere
487 2751 680 2807 preces
706 2735 952 2800 decrevi;
984 2736 1227 2805 quosque
1250 2734 1334 2791 vel
1362 2750 1604 2804 praesens
1648 2751 1815 2790 szecu-

223 2832 339 2887 lum
364 2831 543 2886 adhuc
569 2831 624 2885 in
668 2845 831 2885 carne
857 2830 1074 2895 retinet,
1102 2829 1187 2883 vel
1216 2828 1453 2883 futurum
1479 2827 1593 2896 jam
1622 2838 1817 2883 exutos

226 2937 457 2993 corpore
482 2923 739 2993 suscepit,
766 2923 985 2994 pietatis
1016 2932 1118 2977 tua:
1139 2922 1425 2977 clementia
1447 2964 1461 2985 ,
1494 2922 1815 2978 delictorum

222 3030 446 3070 suorum
505 3015 716 3070 veniam
770 3022 1198 3083 consequantur.
1241 3011 1347 3069 Per
1388 3014 1677 3069 Dominum
1719 3029 1815 3069 no-

224 3113 399 3161 strum
426 3103 609 3161 Jesum
635 3105 933 3161 Christum.

300 3196 531 3252 Secreta.
565 3197 738 3260 Deus,
770 3198 857 3252 cui
887 3198 987 3251 soli
1015 3197 1261 3268 cognitus
1295 3207 1380 3254 est
1405 3214 1663 3253 numerus
1709 3198 1818 3253 ele-

226 3300 441 3344 ctorum
480 3288 533 3342 in
570 3303 801 3357 superna
850 3287 1108 3342 felicitate
1151 3279 1500 3345 locandorum
1528 3330 1543 3353 ,
1595 3291 1811 3354 tribue,

1917 751 2211 821 indulgeat,
2232 753 2518 821 praesentia
2543 766 2608 805 ac
2633 750 2813 804 futura
2834 755 3082 819 protegat
3109 764 3172 803 ac
3201 747 3457 803 defendat
3477 766 3496 802 :

1916 844 1990 898 sit
2015 858 2208 897 manus
2234 844 2447 898 Domini
2477 844 2785 897 auxiliatrix
2819 843 2915 905 tui,
2949 850 3005 896 et
3050 842 3331 897 brachium
3369 855 3499 897 san-

1916 942 2065 988 ctum
2112 932 2235 1001 ejus
2284 935 2381 989 tibi
2420 936 2677 989 auxilium
2707 935 2966 988 concedat
3014 935 3263 989 omnibus
3309 934 3499 992 diebus

1914 1026 2038 1078 vita:
2069 1034 2191 1080 tuae.
2223 1025 2416 1081 Amen.

1986 1114 2278 1170 Denedicat
2296 1116 2555 1170 Dominus
2577 1116 2738 1170 corda
2766 1126 2822 1170 et
2843 1132 3069 1186 corpora
3092 1128 3297 1179 nostra,
3328 1128 3384 1172 et
3411 1119 3498 1175 det

1916 1220 2080 1276 super
2112 1222 2211 1261 nos
2244 1207 2703 1272 benedictionem,
2747 1207 2887 1261 sicut
2924 1207 3075 1261 Isaac
3103 1209 3380 1264 benedixit
3410 1208 3501 1264 1a-

1914 1296 2038 1350 cob.
2073 1295 2265 1351 Manus
2292 1296 2505 1350 Domini
2534 1310 2695 1365 super
2716 1313 2833 1363 nos,
2861 1299 3042 1352 mittat
3068 1300 3317 1368 angelum
3341 1316 3501 1357 suum

1915 1390 2214 1454 custodem,
2242 1390 2333 1459 qui
2362 1390 2630 1443 custodiat
2666 1405 2764 1443 nos
2794 1392 2847 1442 in
2872 1389 3123 1445 omnibus
3152 1392 3252 1445 viis
3276 1393 3500 1457 nostris,

1915 1478 2268 1549 perﬁciatque
2292 1494 2517 1550 gressus
2554 1488 2770 1534 nostros
2794 1521 2809 1544 ,
2841 1489 2901 1534 ut
2928 1497 3034 1534 non
3067 1491 3383 1536 moveantur
3409 1497 3502 1537 ve-

1916 1570 2076 1641 stigia
2119 1581 2340 1636 nostra,
2384 1568 2517 1626 foris
2558 1586 2656 1626 nos
2704 1582 2955 1642 protegat
2999 1581 3161 1642 atque
3206 1574 3499 1636 defendat,

1918 1661 2064 1716 intus
2092 1663 2407 1716 corroboret
2441 1670 2497 1716 et
2529 1660 2815 1717 confirmet
2850 1663 2904 1717 in
2946 1665 3094 1717 omni
3124 1662 3266 1721 bono
3293 1675 3348 1721 et
3385 1664 3503 1722 feli-

1916 1751 2100 1806 citate.
2133 1750 2328 1807 Amen.

2217 1862 2448 1919 Collecta
2478 1882 2637 1937 super
2656 1866 2923 1937 judicium
2953 1866 3198 1922 dicenda.

1988 1974 2345 2046 Omnipotens
2369 1978 2697 2047 sempiterne
2736 1979 2911 2047 Deus,
2944 1982 3038 2052 qui
3066 1991 3157 2037 tua
3180 1982 3385 2050 judicia
3422 1985 3504 2042 in-

1916 2067 2286 2122 commutabili
2317 2067 2669 2137 dispositione
2692 2068 2874 2137 justus
2899 2070 3097 2141 ubique
3114 2072 3281 2143 judex
3310 2075 3501 2131 decer—

1916 2158 2023 2223 nis,
2055 2167 2114 2214 tu
2137 2159 2376 2215 clemens
2408 2161 2464 2214 in
2490 2162 2594 2217 hoc
2637 2170 2727 2217 tuo
2748 2163 2975 2234 judicio,
3011 2165 3078 2218 ad
3104 2164 3502 2223 invocationem

1919 2253 2026 2322 19
2055 2254 2228 2309 sancti
2277 2253 2355 2309 tui
2400 2256 2653 2321 nominis,
2677 2258 2819 2327 quod
2846 2273 2876 2311 a
2911 2267 2962 2313 te
2997 2258 3235 2315 fidelium
3272 2260 3503 2317 intentio

1916 2342 2193 2412 implorat,
2234 2354 2325 2399 tua
2348 2344 2650 2414 justissima
2688 2348 3086 2405 examinatione
3110 2351 3344 2406 declara.
3376 2351 3499 2408 Per.

1988 2434 2015 2474 δ
2054 2434 2189 2489 Item
2213 2436 2340 2489 alia.
2389 2437 2529 2491 Deus
2566 2435 2729 2505 judex
2762 2439 2962 2507 justus,
2988 2440 3144 2496 fortis
3176 2454 3233 2497 et
3266 2443 3499 2513 patiens,

1916 2524 2007 2595 qui
2034 2534 2225 2580 auctor
2243 2528 2393 2595 pacis
2413 2542 2494 2591 es,
2516 2538 2569 2582 et
2590 2528 2802 2598 judicas
2825 2532 3154 2599 equitatem.
3194 2534 3273 2589 Tu
3292 2532 3497 2604 judica,

1916 2617 2061 2686 quod
2082 2616 2286 2684 justum
2315 2627 2422 2683 est,
2465 2618 2782 2686 Domine,et
2806 2632 3013 2677 rectum
3033 2622 3295 2691 judicium
3318 2635 3501 2683 tuum:

1915 2709 2009 2777 qui
2039 2709 2262 2777 respicis
2284 2724 2443 2779 super
2466 2718 2689 2775 terram,
2721 2720 2775 2767 et
2792 2712 2924 2769 facis
2949 2730 3069 2770 eam
3093 2724 3342 2773 tremere.
3398 2717 3502 2782 Tu,

1916 2798 2060 2854 Deus
2084 2801 2446 2871 omnipotens,
2477 2802 2569 2871 qui
2598 2817 2694 2871 per
2722 2804 3007 2861 adventum
3032 2806 3153 2862 Filii
3174 2810 3253 2863 tui
3285 2809 3498 2865 Domini

1917 2895 2089 2949 nostri
2112 2894 2240 2949 Jesu
2263 2895 2465 2950 Christi
2494 2897 2755 2952 mundum
2802 2899 3043 2966 salvasti,
3083 2910 3138 2956 et
3159 2916 3255 2972 per
3277 2903 3509 2958 sanctis-

1918 2986 2112 3040 simam
2155 2988 2274 3057 ejus
2318 2990 2624 3057 passionem
2673 3006 2843 3060 genus
2869 2993 3162 3048 humantun
3208 2994 3504 3053 redemisti.

1918 3078 1996 3133 Tu
2015 3079 2154 3134 hanc
2184 3094 2380 3149 aquam
2406 3081 2527 3150 igne
2557 3078 2872 3145 ferventem,
2904 3083 3018 3138 sive
3039 3082 3240 3140 ferrum
3263 3085 3500 3141 calidum

1916 3167 2217 3235 sanctifica,
2254 3168 2345 3241 qui
2371 3178 2482 3224 tres
2513 3184 2732 3239 pueros,
2769 3172 2823 3226 id
2845 3181 2952 3238 est,
3001 3172 3212 3241 Sidrac,
3246 3175 3411 3231 Nisae
3453 3186 3511 3233 et

1916 3260 2228 3334 Abdenego,
2268 3264 2493 3334 jubente
2515 3278 2642 3341 rege
2663 3264 3181 3335 Nabuchodonosor,
3210 3271 3264 3325 in
3294 3273 3509 3329 camino

225 3397 433 3452 quaeso,
470 3389 530 3436 ut
572 3384 949 3437 universorum
981 3422 997 3445 ,
1024 3395 1161 3453 quos
1192 3384 1247 3437 in
1274 3383 1523 3438 oratione
1548 3396 1817 3440 commeti-

1922 3351 2077 3423 iguis,
2128 3368 2355 3410 accensa
2380 3353 2620 3423 fornace,
2645 3354 2864 3423 salvasti
2899 3357 3118 3429 illtcsos,
3146 3369 3201 3413 et
3232 3374 3329 3436 per
3350 3376 3508 3440 ense

225 3475 388 3531 datos
412 3474 621 3545 suscepi
641 3514 655 3539 ,
683 3474 766 3529 vel
796 3475 1037 3528 omnium
1073 3473 1310 3531 fidelium
1346 3474 1567 3531 nomina
1595 3516 1611 3539 ,
1654 3475 1823 3528 beatas

226 3567 719 3639 pmdcstinationis
763 3567 903 3621 liher
944 3568 1180 3638 ascripta
1214 3566 1464 3623 retineat.
1507 3566 1613 3622 Per
1637 3566 1824 3621 Domi-

233 3677 386 3716 num.

306 3752 698 3809 Postcommun.
740 3754 944 3808 Divina!
973 3753 1200 3825 largitor
1237 3753 1448 3829 Vorte,
1480 3756 1623 3814 Deus
1651 3759 1823 3813 venite

232 3846 481 3920 largitor]
511 3854 567 3900 et
594 3846 844 3902 humana:
873 3845 1064 3901 salutis
1091 3857 1323 3915 amator,
1373 3864 1684 3920 quaesumus
1712 3852 1822 3908 cle-

236 3941 493 3995 mentiam
522 3949 692 4003 tuam,
711 3945 769 3993 ut
794 3937 1012 3992 nomina
1040 3938 1365 3995 famulorum
1389 3939 1822 4011 famularumque

239 4042 454 4086 tuarum
476 4070 491 4095 ,
515 4045 634 4101 qua:
663 4029 753 4084 hic
780 4030 872 4099 pio
904 4029 1206 4085 dilectionis
1249 4029 1427 4086 officio
1456 4032 1663 4102 pariter
1695 4048 1824 4087 con-

235 4124 582 4195 scripsimus,
611 4122 663 4176 in
699 4122 839 4177 libro
863 4121 1013 4185 vitas,
1048 4122 1409 4177 miserationis
1449 4132 1554 4177 tua:
1602 4125 1771 4193 gratia
1806 4164 1821 4187 ,

234 4216 427 4287 iubeas
475 4212 767 4269 conscribi.
828 4210 934 4264 Per
990 4209 1281 4268 Dominum
1337 4220 1582 4268 nostrum
1637 4212 1823 4269 Jesum

237 4306 458 4364 Christo
466 4321 539 4359 υς.
614 4347 619 4352 .

539 4433 564 4462 ι
603 4417 1147 4475 BENEDICTIONES
1185 4418 1529 4474 DIVERSE.

314 4557 603 4613 Benedicut
635 4564 689 4610 te
715 4555 975 4612 Dominus
1003 4570 1068 4610 ex
1097 4552 1249 4618 Sion,
1276 4555 1369 4623 qui
1392 4551 1521 4610 fecit
1550 4555 1744 4610 caelum
1770 4563 1825 4609 et

242 4659 479 4715 terram,
503 4647 558 4702 in
593 4646 856 4718 sapientia
894 4661 990 4701 sua
1028 4645 1402 4701 benedictione
1441 4654 1643 4700 aeterna
1670 4686 1683 4708 ,
1734 4647 1824 4715 qui

1924 3441 2036 3497 lum
2068 3452 2222 3499 tuum
2248 3446 2505 3501 eduxisti.
2554 3447 2656 3515 Tu,
2694 3448 2933 3507 clemens
2956 3455 3305 3511 sanctissime
3333 3458 3509 3513 domi-

1921 3542 2102 3603 nator,
2138 3543 2355 3607 praesta,
2409 3547 2468 3592 ut
2496 3538 2542 3592 si
2589 3539 2848 3598 innocens
2906 3544 2974 3599 de
3021 3545 3124 3602 hoc
3147 3546 3292 3605 furto
3320 3550 3403 3604 vel
3446 3550 3513 3607 de

1920 3634 2128 3695 stupro,
2160 3627 2214 3682 in
2240 3644 2436 3697 aquam
2459 3630 2599 3686 hanc
2629 3632 2753 3701 igne
2790 3633 3109 3704 ferventem,
3158 3638 3273 3695 sive
3308 3638 3511 3699 ferrum

1921 3718 2154 3774 calidum
2180 3735 2397 3775 manum
2429 3739 2582 3777 suam
2606 3724 2835 3791 miserit,
2874 3727 3015 3783 sicut
3043 3738 3158 3785 tres
3201 3747 3397 3803 pueros
3422 3749 3514 3791 su-

1921 3821 2020 3877 pra
2048 3808 2220 3864 dictos
2249 3810 2302 3863 in
2333 3812 2545 3867 camino
2594 3814 2733 3886 ignis
2754 3815 2984 3886 solvisti,
3029 3828 3084 3875 et
3108 3817 3413 3879 Susannam
3443 3826 3511 3881 de

1921 3899 2058 3957 falso
2084 3902 2309 3957 crimine
2330 3904 2594 3971 liberasti,
2648 3908 2723 3961 ita
2775 3909 2843 3964 de
2882 3910 2985 3968 hac
3040 3928 3197 3985 aqua,
3249 3916 3371 3989 igne
3403 3914 3513 3975 fer—

1924 3999 2101 4058 vente,
2140 3993 2253 4048 sive
2277 3992 2423 4049 ferro
2454 3995 2651 4064 calido,
2695 4013 2917 4056 manum
2969 4003 3173 4061 salvam
3209 4016 3264 4062 et
3291 4008 3511 4065 illmsam

1922 4083 2139 4141 educat.
2219 4083 2275 4140 Si
2332 4102 2461 4142 vero
2491 4087 2703 4159 culpam
2745 4091 3057 4162 ingravante
3114 4096 3325 4155 diabolo
3354 4140 3371 4165 ,
3418 4115 3516 4156 cor

1923 4174 2230 4230 induratum
2258 4182 2664 4250 przesumpserit
2714 4182 2765 4235 in
2813 4182 2952 4240 hanc
2998 4201 3192 4256 aquam
3252 4189 3374 4261 igne
3409 4190 3515 4247 fer-

1922 4276 2160 4335 ventem,
2210 4270 2324 4325 sive
2366 4269 2571 4327 ferrum
2621 4273 2872 4343 calidum,
2929 4293 3148 4334 manum
3192 4296 3345 4337 suam
3383 4285 3509 4341 mit-

1924 4367 2062 4426 tere,
2110 4369 2199 4416 tua
2220 4362 2523 4433 justissima
2579 4366 2778 4422 veritas
2833 4370 2934 4425 hoc
2955 4371 3211 4441 declaret,
3255 4364 3386 4433 etin
3416 4377 3515 4437 Int-

1918 4454 2011 4523 jus
2036 4469 2259 4524 corpore
2282 4464 2428 4511 tuam
2449 4458 2733 4514 veritatem
2765 4461 3069 4530 manifesta,
3113 4476 3174 4523 ut
3210 4468 3389 4526 anima
3416 4486 3517 4542 per

1924 4545 2297 4612 paenitentiam
2346 4548 2601 4605 salvetur.
2666 4550 2731 4606 Et
2777 4554 2823 4607 si
2871 4556 3152 4627 culpabilis
3197 4573 3296 4629 per
3337 4561 3515 4634 aliqua

1928 4635 2220 4705 maleﬁcia,
2263 4650 2359 4695 aut
2399 4656 2497 4711 per
2542 4642 2739 4699 herbas
2770 4685 2786 4708 ,
2834 4656 3056 4718 peccata
3112 4665 3210 4706 sua
3268 4656 3514 4711 contueri

246 4740 526 4795 benedixi"
549 4753 740 4795 omnes
765 4747 982 4793 sanch
1025 4742 1208 4807 Imm
1258 4744 1474 4792 ηοεποε
1516 4744 1570 4792 ει
1598 4736 1827 4807 patriar-
1857 4722 2184 4793 Dvoluerit,
2242 4739 2330 4786 tua
2379 4732 2605 4789 dextera
2656 4733 2761 4790 hoc
2788 4752 3055 4794 evacuare
3095 4741 3365 4813 dignetur.
3413 4742 3518 4801 Per

247 4831 382 4885 chas
431 4838 669 4891 nostros,
717 4829 1012 4891 Abraham,
1062 4827 1214 4883 Isaac
1244 4836 1301 4881 et
1325 4824 1494 4884 Jacob
1520 4869 1535 4891 ,
1563 4836 1619 4882 et
1652 4828 1829 4883 multi—

248 4920 415 4995 plicet
439 4920 493 4974 in
525 4933 576 4974 te
607 4917 833 4991 gratiam
868 4935 1021 4975 suam
1049 4918 1344 4987 spiritalem
1364 4959 1379 4985 ,
1403 4921 1545 4975 sicut
1573 4919 1830 4990 multipli-

249 5012 399 5067 cavit
443 5026 626 5067 semen
653 5026 841 5065 eorum
869 5019 1125 5081 tanquam
1168 5011 1354 5067 stellas
1397 5012 1554 5074 cceli,
1588 5020 1646 5066 et
1688 5012 1836 5066 velut

251 5118 477 5158 arenam
508 5116 631 5174 qua
654 5110 738 5157 est
762 5102 816 5157 in
846 5102 1028 5157 littore
1053 5103 1239 5166 maris,
1269 5103 1381 5171 ipse
1404 5109 1651 5173 protegat
1674 5110 1838 5171 atque

252 5194 509 5253 defendat
535 5198 785 5251 omnibus
814 5196 1003 5251 diebus
1034 5197 1156 5251 vitae
1186 5205 1309 5261 tuae,
1338 5205 1393 5251 et
1419 5198 1679 5266 perducat
1702 5206 1753 5252 te
1781 5197 1837 5250 in

257 5300 483 5357 regnum
510 5286 694 5355 gloriae
714 5300 845 5340 sum.
877 5285 1071 5339 Amen.

327 5377 575 5448 Aspiciat
600 5377 653 5431 in
698 5385 753 5432 te
789 5377 1021 5433 Creator
1064 5388 1320 5443 aeternus,
1350 5389 1639 5435 conservet
1683 5380 1735 5434 in
1788 5389 1840 5434 te

259 5471 489 5543 gratiam
515 5484 691 5533 suam,
712 5484 875 5539 quam
907 5486 1068 5541 super
1102 5481 1154 5526 te
1190 5471 1403 5537 infudit,
1434 5480 1666 5527 mentem
1695 5482 1840 5527 tuam

258 5569 440 5633 regat,
462 5563 582 5616 vias
610 5570 732 5617 tuas
763 5562 993 5635 dirigat,
1024 5566 1380 5635 cogitationes
1430 5574 1551 5621 tuas
1595 5566 1651 5620 in
1700 5567 1844 5623 bono

336 5732 364 5761 ιι
394 5719 525 5804 Quae
554 5728 872 5804 sequuntur,
900 5722 1164 5804 incedice
1185 5740 1292 5792 quo
1315 5722 1688 5790 Quercetanus
1718 5740 1848 5779 usus

262 5800 372 5855 est,
407 5791 736 5861 Appendicis
758 5792 876 5847 loco
898 5794 1142 5863 subjecta
1170 5791 1315 5848 sunt.

338 5862 367 5904 ιι
405 5860 709 5935 Concordat
736 5864 790 5917 in
816 5863 1087 5935 aliquibus
1106 5878 1228 5918 cum
1251 5864 1627 5919 benedictione
1674 5880 1847 5935 aquae,

1934 4819 2268 4888 unigenitum
2302 4821 2583 4879 Dominum
2616 4835 2861 4883 nostrum
2901 4827 3083 4885 Jesum
3109 4830 3382 4889 Christum
3422 4834 3515 4890 Fi-

1934 4910 2065 4965 lium
2091 4920 2261 4978 tuum,
2281 4916 2372 4982 qui
2398 4924 2573 4970 tecum
2593 4916 2726 4972 vivit
2746 4927 2801 4973 et
2828 4931 3018 4991 regnat
3046 4922 3207 4991 Deus,
3238 4925 3290 4979 in
3312 4926 3518 4981 unitate

1938 5000 2171 5085 Spiritus
2191 5007 2383 5071 sancti,
2408 5021 2507 5075 per
2528 5008 2709 5063 omnia
2736 5011 2931 5065 saecula
2954 5014 3297 5071 saeculorum.
3320 5015 3509 5072 Amen.

2247 5130 2268 5157 ε
2314 5118 2593 5175 Orationes
2624 5123 2693 5175 ad
2718 5123 2875 5177 horas
2904 5127 3205 5183 canonicos.

2009 5206 2195 5262 Oratio
2242 5209 2311 5262 ad
2362 5208 2625 5264 Primam.
2717 5212 2859 5271 Deus
2888 5256 2903 5278 ,
2956 5216 3048 5284 qui
3094 5218 3160 5271 ad
3194 5219 3514 5290 principium

1941 5299 2099 5353 istius
2142 5301 2247 5355 diei
2278 5318 2374 5371 per
2416 5312 2563 5357 tuam
2606 5306 2837 5376 gratiam
2869 5323 2968 5363 nos
2998 5312 3279 5380 pervenire
3324 5312 3515 5375 fecisti,

1941 5401 2033 5446 tua
2084 5408 2182 5447 nos
2222 5393 2367 5447 salva
2411 5394 2640 5462 virtute;
2686 5406 2748 5450 ut
2799 5399 2853 5452 in
2909 5401 3011 5454 hac
3066 5402 3151 5455 die.
3198 5403 3262 5456 ad
3314 5406 3520 5459 nullum

1943 5485 2273 5540 declinemus
2303 5494 2602 5554 peccatum,
2650 5491 2745 5545 sed
2764 5505 2980 5562 semper
3002 5493 3068 5548 ad
3091 5501 3236 5551 tuam
3254 5495 3521 5563 justitiam

1945 5574 2249 5632 faciendam
2276 5586 2459 5634 nostra
2483 5583 2782 5651 procedant
2799 5585 3034 5656 eloquia.
3074 5586 3179 5642 Per
3214 5589 3519 5643 Dominum.

1947 5730 2070 5795 467,
2087 5708 2157 5812 ἐί
2179 5748 2302 5789 cum
2326 5735 2492 5812 altera
2518 5738 2725 5812 ρηιξιι,
2752 5747 2809 5795 et
2829 5754 2953 5812 pag.
2977 5740 3101 5802 482.

2022 5812 2045 5840 θ
2087 5802 2206 5859 ista:
2232 5807 2505 5883 orationes
2518 5802 2599 5883 'a_d
2634 5802 2801 5883 horas
2816 5802 3127 5883 cationicas
3154 5814 3369 5868 inserte
3395 5828 3523 5883 quo-

1950 5885 2228 5955 quemsunt
2269 5874 2482 5934 Libello
2528 5877 2842 5937 Precatorio
2884 5880 3063 5939 Caroli
3100 5882 3274 5949 Calvi,
3304 5874 3429 5955 pag:
3458 5883 3526 5936 et

266 5947 431 6002 quam
450 5947 518 5988 ex
544 5933 712 5989 veteri
755 5933 941 5989 codice
972 5933 1242 5989 Uticensis
1267 5936 1580 5990 monasterii
1633 5933 1855 5991 exhibet
1953 5933 2007 5997 ἐι
2040 5942 2130 5999 25.

268 6002 508 6060 Martene
532 6003 608 6061 Dc
629 6002 866 6078 antiquis
901 6002 1157 6062 Ecclesiae
1185 6004 1400 6062 Bitibus
1425 6013 1555 6061 tom.
1588 6003 1673 6071 lll,
1726 6020 1849 6079 pag.
