4122 6574
578 342 686 398 4&3

1439 332 1502 391 Π.
1542 332 1606 391 F.
1647 330 1873 390 ALBINI
1908 329 2045 390 εει]
2082 329 2359 391 ΑωυιΝι
2397 329 2683 389 OPERUM
2718 327 2898 387 PARS
2934 331 3023 389 IV.

3769 326 3883 387 ιω

654 456 839 511 Oratio
862 452 933 509 ad
959 450 1207 508 Tertiam.
1239 449 1465 507 Domine
1485 446 1631 505 Deus
1656 447 1784 505 Iesu
1806 446 2047 515 Christe,
2076 446 2170 518 qui
2198 449 2249 508 Α
2348 446 2463 503 Tua
2487 462 2607 513 nos,
2638 462 2969 519 quaesumus,
2996 447 3238 510 Domine,
3267 447 3601 519 protectione
3628 447 3870 511 custodi,

582 545 833 603 horadiei
855 543 1017 599 tertia
1034 543 1103 599 ad
1131 554 1350 596 crucem
1372 539 1643 611 passionis
1663 553 1761 610 pro
1787 538 1973 593 mundi
1998 536 2175 593 salute

580 641 774 693 ductus
800 650 896 700 es;
928 642 983 689 te
1009 633 1279 704 supplices
1300 631 1661 701 deprecamur
1684 638 1744 683 ut
1773 637 1959 685 nostra
1990 628 2174 685 deleas

580 740 822 803 peccata,
855 736 911 784 et
943 735 1004 783 ut
1025 728 1091 782 de
1116 727 1410 798 praeteritis
1436 724 1591 779 malis
1620 724 1824 779 nostris
1850 737 2067 793 semper
2088 722 2174 775 in-

579 824 859 879 veniamus
876 820 1116 884 veniam,
1140 827 1197 873 et
1220 819 1287 874 de
1312 816 1509 872 futuris
1529 815 1730 895 jugiter
1754 814 2051 870 habeamus
2071 828 2171 869 cu—

580 914 837 970 stodiam.
890 910 995 978 Qui
1018 910 1177 966 vivis.

648 1005 839 1062 Oratio
862 1004 933 1058 ad
959 1002 1196 1059 Sextum.
1234 1001 1462 1056 Domine
1484 1001 1627 1056 Deus
1650 998 1778 1056 Iesu
1807 998 2044 1062 Christe,
2074 997 2171 1068 qui

579 1100 712 1154 hora
765 1104 919 1150 sexta
968 1108 1069 1164 pro
1116 1091 1487 1162 redemptione
1532 1089 1719 1145 mundi
1749 1088 1930 1144 crucis
1963 1087 2170 1158 lignum

579 1187 894 1251 ascendisti,
913 1194 972 1238 ut
995 1185 1278 1239 universus
1306 1182 1561 1246 mundus,
1586 1182 1677 1250 qui
1701 1182 1753 1235 in
1768 1179 2011 1236 tenebris
2026 1186 2167 1243 erat,

578 1281 1010 1342 illutniuarctur;
1050 1286 1102 1331 te
1124 1276 1396 1347 supplices
1418 1275 1795 1345 deprecamur,
1826 1280 1887 1326 ut
1914 1272 2059 1327 illam
2088 1270 2170 1325 lu-

574 1388 695 1429 cem
726 1372 948 1427 nobisin
976 1370 1158 1423 animo
1177 1378 1231 1423 et
1256 1382 1485 1438 corpore
1506 1374 1693 1421 nostro
1712 1379 1925 1435 semper
1941 1364 2169 1429 tribuas,

577 1482 676 1538 per
719 1481 882 1536 quant
912 1464 978 1518 ad
1017 1463 1186 1518 vitam
1233 1469 1492 1516 aeternam
1522 1459 1810 1531 pervenire
1839 1472 2165 1513 mereamur.

576 1558 679 1627 Qui
713 1557 872 1611 vivis.

646 1649 834 1706 Oratio
859 1648 928 1702 ad
956 1646 1185 1702 Nonum.
1238 1644 1465 1702 Domine
1482 1644 1627 1699 Deus
1651 1642 1869 1698 Christe
1893 1639 2044 1706 Iesu,
2074 1639 2169 1710 qui

575 1744 710 1798 hora
735 1755 877 1795 nona
922 1738 989 1792 de
1026 1738 1206 1792 erucis
1239 1735 1481 1807 patibulo
1508 1733 1857 1788 confitentem
1902 1732 2166 1785 latronem

576 1835 643 1890 ad
696 1831 924 1903 gloriam
971 1829 1209 1900 paradisi
1264 1829 1497 1883 transire
1546 1826 1740 1887 fet-isti,
1796 1833 1850 1880 te
1897 1824 2168 1895 supplices

573 1927 949 1998 deprecamur,
982 1931 1044 1978 ut
1066 1921 1406 1993 postobitum
1432 1929 1679 1975 nostrum
1701 1917 1754 1971 in
1780 1918 2018 1988 paradisi
2041 1932 2168 1987 por—

575 2030 662 2073 tas
713 2032 813 2073 nos
870 2014 1038 2069 facias
1087 2014 1314 2068 introire
1374 2013 1691 2083 gaudentes.
1765 2007 1870 2075 Qui
1925 2008 2065 2064 vivis
2112 2013 2168 2061 et

577 2119 794 2174 regnas.

978 2190 1258 2245 Orationes
1285 2191 1350 2243 de
1375 2198 1558 2244 sancta
1584 2205 1755 2242 cruce.

646 2286 847 2341 Adesto
882 2285 1097 2340 familiae
1125 2292 1229 2339 ture
1250 2283 1488 2339 clemens
1508 2292 1564 2337 et
1586 2282 1896 2337 misericors
1918 2281 2078 2346 Deus,
2108 2288 2168 2332 ut

575 2377 630 2430 in
653 2377 897 2430 adversis
924 2384 981 2429 et
1002 2374 1277 2444 prosperis
1297 2388 1488 2443 preces
1515 2372 1792 2435 exsudias,
1826 2380 1881 2426 et
1904 2386 2003 2441 per
2015 2371 2170 2425 auxi-

574 2469 703 2524 lium
726 2468 1122 2525 sanctarcrucis
1145 2465 1297 2521 nefas
1323 2464 1759 2521 adversariorum
1778 2463 2016 2534 digneris
2038 2478 2171 2517 con-

577 2572 775 2626 terere,
808 2569 868 2615 ut
893 2567 1109 2630 portum
1130 2558 1323 2612 salutis
1359 2564 1464 2611 tum
1492 2556 1707 2610 valeant
1735 2556 2146 2625 apprehendere

574 2650 681 2707 Per
703 2654 995 2709 Dominum
1026 2660 1269 2707 nostrum
1294 2649 1499 2705 Iesum.

649 2746 791 2800 Dens
814 2745 902 2800 cui
923 2754 1135 2801 cunctm
1161 2744 1714 2805 obediuntcrcaturaa,
1732 2751 1787 2797 et
1806 2742 1989 2797 omnia
2019 2742 2168 2797 verbi

573 2837 654 2892 tul
710 2836 884 2891 fecisti
940 2836 1228 2906 sapientia,
1275 2834 1545 2905 supplices
1575 2849 1882 2904 quarsumus
1928 2831 2172 2888 ineﬂ‘abi-

574 2930 682 2985 lem
716 2929 1055 2984 clementiam
1084 2937 1267 2990 tuam,
1314 2937 1373 2982 ut
1410 2944 1549 2998 quos
1577 2942 1674 2999 per
1719 2928 1923 2999 lignum
1970 2936 2173 2982 sancta:

574 3020 757 3075 crucis
784 3019 905 3073 Filii
958 3020 1034 3074 tui
1085 3020 1176 3090 pio
1200 3034 1394 3075 cruore
1425 3020 1678 3092 dignatus
1702 3035 1762 3073 es
1798 3020 2086 3084 redimere,
2113 3030 2170 3072 tu

572 3114 665 3181 qui
700 3128 760 3167 es
807 3112 1009 3185 lignum
1040 3112 1165 3166 vita:
1200 3111 1551 3183 paradisique
1578 3120 1885 3184 reparator,
1917 3111 2171 3166 omnibus

2276 546 2335 595 et
2371 538 2600 594 viviticaa
2631 540 2811 596 crucis
2847 540 3045 594 vexillo
3099 539 3168 594 ab
3195 539 3449 594 omnibus
3491 539 3733 610 peccatis
3778 539 3882 593 ab-

2277 630 2444 695 solve,
2492 645 2591 701 per
2618 638 2695 696 te,
2721 629 2849 687 Iesu
2876 630 3109 697 Christe,
3139 631 3231 701 qui
3258 645 3358 702 per
3383 640 3645 702 tropaeum
3668 638 3882 686 sancta:

2274 725 2457 780 erucis
2483 727 2745 780 mundum
2774 725 3043 780 redimere
3064 726 3316 796 dignatus
3342 738 3422 779 es.
3470 723 3721 780 Concede
3737 736 3882 793 proo

2274 819 2460 889 pitius,
2491 826 2552 871 ut
2577 818 2671 888 qui
2694 817 3065 887 redemptione
3091 818 3362 884 laetamur,
3392 816 3610 873 aeternis
3633 814 3878 889 gaudiis,

2276 921 2332 967 te
2356 912 2610 978 donante,
2632 910 2837 982 perfrui
2859 926 3188 967 mereamur.
3255 909 3360 980 Qui
3389 912 3547 967 vivis.

2668 1022 2955 1079 Orationes
2981 1024 3046 1079 de
3065 1034 3250 1079 sancta
3274 1023 3473 1080 Maria.

2344 1117 2593 1176 Concede
2607 1132 2707 1174 nos
2719 1117 2949 1173 famulos
2963 1126 3107 1181 tuos,
3119 1131 3443 1187 qumsumus,
3462 1116 3690 1175 Domine
3701 1119 3878 1184 Deus,

2274 1219 2532 1283 perpetua
2553 1211 2754 1267 mentis
2774 1216 2829 1265 et
2847 1208 3096 1280 corporis
3113 1208 3346 1264 sanitate
3366 1209 3621 1279 gaudere,
3666 1219 3721 1265 et
3755 1208 3883 1283 glo-

2273 1304 2421 1359 riosa
2448 1302 2623 1358 beata:
2658 1301 2840 1357 Mariae
2882 1313 3095 1371 semper
3140 1300 3366 1373 virginis
3392 1300 3803 1367 intercessione,
3842 1314 3881 1355 a

2273 1396 2525 1468 praesenti
2548 1394 2767 1451 liberari
2783 1393 3024 1461 tristitia,
3041 1402 3098 1448 et
3118 1392 3298 1449 futura
3312 1393 3522 1464 perfrui
3535 1395 3737 1451 laetitia.
3763 1394 3885 1453 Per

2276 1487 2584 1543 Dominum.

2344 1578 2699 1647 Omnipotens
2738 1575 2902 1643 Deus,
2941 1577 3175 1633 famulos
3203 1586 3326 1633 tuos
3346 1576 3571 1634 dextera
3612 1578 3884 1650 potentia:

2274 1678 2382 1725 tua:
2414 1684 2446 1723 a
2468 1668 2684 1724 cunctis
2710 1678 2959 1741 protegat
2983 1670 3260 1739 periculis,
3290 1672 3517 1728 etbeata
3533 1670 3700 1728 Maria
3727 1687 3882 1728 sem-

2274 1762 2594 1833 pervirgine
2632 1762 3023 1827 intercedente,
3062 1760 3149 1817 fac
3198 1777 3295 1817 eos
3322 1763 3580 1833 praesenti
3631 1762 3881 1834 gaudere

2271 1854 2634 1924 prosperitate
2659 1859 2714 1907 et
2741 1850 2945 1907 futura.
2998 1850 3122 1907 Per.

2340 1943 2564 2014 Porrige
2584 1943 2738 1999 nobis
2749 1944 3033 1999 dexteram
3055 1953 3228 2011 tuam,
3243 1952 3299 1999 et
3313 1959 3410 2015 per
3423 1945 3881 2001 intercessionem

2270 2039 2443 2094 beatae
2470 2047 2526 2093 et
2540 2037 2790 2109 gloriosa:
2818 2052 3140 2108 semperque
3191 2039 3418 2110 virginis
3449 2038 3548 2094 Dei
3586 2038 3883 2110 genitricis

2272 2130 2473 2196 Mariae,
2524 2131 2785 2186 auxilium
2829 2133 2987 2187 nobis
3042 2147 3293 2202 supernae
3326 2132 3547 2187 virtutis
3593 2131 3877 2203 impende.

2271 2222 2375 2278 Per
2402 2223 2691 2277 Dominum
2718 2231 2964 2280 nostrum
2999 2222 3184 2280 Iesum
3207 2224 3512 2280 Christum.

2342 2312 2595 2385 Protege,
2628 2314 2880 2377 Domine,
2909 2312 3139 2369 famulos
3161 2322 3286 2370 tuos
3323 2314 3585 2371 subsidiis
3612 2315 3764 2385 pacis
3816 2322 3884 2369 et

2268 2405 2444 2461 beatae
2470 2404 2649 2459 Maria:
2678 2404 2998 2475 patrociniis
3022 2404 3347 2461 conﬁtentes
3374 2420 3405 2460 a
3454 2407 3665 2463 cunctis
3694 2407 3881 2461 hosti-

2269 2499 2373 2553 bus
2399 2498 2567 2553 redde
2604 2513 2848 2554 seeuros.
2902 2497 3009 2553 Per
3034 2499 3348 2555 Dominum.

2345 2592 2522 2647 Beata:
2546 2600 2604 2645 et
2639 2591 2887 2661 gloriosa:
2937 2606 3261 2663 semperque
3313 2589 3545 2662 virginis
3584 2590 3678 2646 Dei
3722 2592 3888 2663 geni-

2272 2684 2427 2739 tricis
2472 2683 2653 2738 Marie
2698 2699 2818 2749 nos,
2844 2683 3095 2749 Domine,
3118 2699 3464 2758 quaesumus,
3499 2686 3689 2738 merita
3738 2700 3885 2754 pro-

2273 2785 2592 2848 sequantur,
2636 2786 2691 2831 et
2722 2786 2871 2831 tuam
2901 2776 3057 2832 nobis
3094 2776 3481 2847 indulgentiam
3511 2788 3728 2846 semper
3762 2776 3883 2832 im-

2272 2867 2503 2939 plorent.
2584 2865 2690 2921 Per
2725 2866 3015 2923 Dominum
3057 2875 3305 2924 nostrum
3355 2865 3539 2922 Iesum
3589 2867 3883 2923 Christum

2274 2953 2469 3015 Filium
2486 2969 2658 3024 tuum,
2685 2960 2799 3030 qui.

2704 3073 3007 3129 Benedictio
3042 3088 3439 3130 cauomrorum.

576 3207 628 3259 in
657 3215 707 3259 te
735 3164 1081 3259 crcd’cntibus
1103 3204 1221 3257 dira
1238 3202 1507 3273 serpentis
1549 3164 1754 3259 venrena
1786 3204 2087 3275 exstingue,
2111 3212 2165 3258 et
2198 3182 2243 3245 δ
3282 3166 3499 3275 φ’ξξηξδ
3524 3177 3651 3275 Em?"

573 3317 669 3370 per
698 3302 928 3371 gratiam
956 3300 1129 3355 sancti
1169 3298 1405 3371 Spiritus
1428 3299 1685 3370 poculum
1732 3299 1924 3355 salutis
1950 3313 2168 3371 semper

576 3394 816 3449 infunde.
864 3394 988 3449 Per.

924 3485 1203 3541 Orationes
1228 3485 1298 3538 ad
1320 3501 1524 3539 crucem
1552 3484 1807 3539 dicendte.

650 3578 688 3631 A
729 3577 941 3634 cunctis
987 3590 1119 3641 nos,
1174 3590 1517 3645 quaesumus,
1572 3575 1797 3629 Domine
1836 3574 2075 3630 rentibus
2114 3584 2169 3629 et

578 3669 833 3739 periculis
858 3668 1154 3722 clementer
1191 3667 1431 3730 absolve,
1485 3681 1621 3736 quos
1668 3681 1766 3735 per
1800 3665 2001 3736 lignum
2036 3681 2166 3719 sau-

572 3770 675 3813 cur
698 3761 875 3813 crucis
898 3758 1161 3812 redimere
1184 3758 1438 3827 dignatus
1457 3771 1539 3812 es.
1569 3756 1671 3824 Qui
1702 3757 1840 3812 vivis
1862 3766 1921 3810 et
1945 3771 2163 3827 regnas.

646 3850 903 3913 Tueatur,
952 3862 1279 3918 qumsmnus,
1339 3848 1583 3913 Domine,
1635 3849 1856 3903 dextera
1882 3856 1973 3901 tua
1999 3862 2169 3917 popu-

574 3941 686 3998 lum
725 3942 1136 4012 supplicantem,
1169 3948 1221 3994 ct
1268 3939 1502 4010 gloriosa
1556 3938 1675 3993 Filii
1721 3940 1797 3994 tui
1827 3939 2078 4009 passione
2100 3938 2170 3992 ab

572 4035 825 4093 omnibus
851 4033 1088 4105 peccatis
1110 4032 1372 4086 absolvat.
1419 4030 1527 4085 Per
1559 4030 1847 4086 Dominum
1895 4038 2163 4085 nostrum.

645 4125 755 4195 20
767 4124 809 4179 Τ
814 4140 879 4178 ua
904 4138 1001 4178 nos
1033 4123 1424 4186 misericordia,
1449 4121 1610 4186 Deus,
1632 4135 1730 4191 per
1757 4122 2014 4175 virtutem
2043 4136 2160 4176 san-

576 4225 678 4272 ctte
708 4214 905 4277 crucis,
961 4214 1030 4268 ab
1064 4213 1316 4267 omnibus
1345 4221 1560 4265 tueatur
1600 4212 1865 4277 adversis,
1893 4222 1950 4266 et
1985 4225 2162 4267 reme-

576 4307 680 4361 diis
702 4304 1046 4375 sempiternis
1070 4304 1355 4358 instauret.
1409 4302 1512 4359 Per
1539 4304 1850 4358 Dominum.

646 4397 847 4452 Adesto
876 4395 1356 4466 supplicationibus
1382 4396 1603 4461 nostris,
1633 4396 1974 4465 omnipotens
1999 4396 2163 4462 Deus,

573 4499 626 4543 ct
656 4505 793 4559 quos
817 4489 1089 4558 triumpho
1116 4489 1299 4543 crucis
1332 4486 1632 4554 redemisti,
1680 4490 1749 4545 ab
1794 4490 2048 4545 omnibus
2070 4489 2166 4544 ad-

580 4580 924 4637 versitatibus
947 4588 1002 4635 et
1019 4580 1255 4650 peccatis
1274 4580 1473 4649 ubique
1502 4578 1748 4635 defende.
1796 4581 1920 4647 Qui.

643 4672 889 4737 Prmsta,
948 4686 1286 4742 qutesumus,
1341 4669 1686 4739 omnipotens
1747 4677 1806 4724 et
1853 4669 2167 4725 misericors

578 4764 738 4829 Deus,
797 4772 851 4818 ut
888 4762 1087 4817 virtute
1130 4770 1334 4816 sancta:
1366 4762 1564 4827 crucis,
1615 4761 1684 4817 ab
1729 4761 1877 4816 omni
1922 4760 2165 4815 adversi-

577 4861 686 4907 tatc
742 4852 939 4907 mentis
985 4860 1039 4907 ct
1086 4851 1330 4921 corporis
1358 4850 1675 4907 liberemur.
1730 4848 1838 4905 Per
1870 4848 2163 4904 Dominum

578 4951 822 4997 nostrum
862 4940 1070 4997 Iesum.

644 5031 985 5098 Quaesumus,
1013 5032 1356 5102 omnipotens
1383 5031 1550 5097 Deus,
1585 5038 1646 5086 ut
1677 5032 1745 5086 ab
1764 5031 1910 5085 omni
1932 5030 2160 5085 tribula-

574 5120 724 5174 tione
751 5120 1061 5189 liberemur,
1110 5136 1248 5193 quos
1280 5120 1402 5176 Filii
1454 5122 1532 5178 tui
1569 5122 1820 5192 passione
1860 5121 2159 5177 redemisti.

576 5214 681 5284 Qui
708 5222 909 5269 tecum.

643 5303 910 5369 Absolve,
943 5318 1272 5374 quaesumus,
1304 5303 1531 5360 Domine
1554 5345 1569 5370 ,
1606 5314 1914 5361 nostrorum
1946 5303 2159 5359 vincula

575 5406 944 5466 peccatorum,
994 5402 1051 5449 et
1087 5396 1289 5450 virtute
1335 5406 1538 5452 sanctre
1582 5398 1760 5452 erucis
1814 5413 1913 5452 nos
1958 5398 2160 5468 ubique

575 5484 807 5542 custodi.
854 5483 979 5537 Per.

646 5576 874 5633 Peccata
923 5584 1127 5642 nostra,
1185 5577 1452 5644 Domine,
1497 5579 1693 5649 quibus
1754 5580 2156 5653 impugnamur,

576 5666 773 5721 virtute
794 5673 994 5723 saneta:
1017 5668 1195 5722 crucis
1218 5669 1441 5739 expelle,
1479 5678 1533 5726 et
1561 5680 1653 5727 tua
1688 5673 2033 5729 miseratione
2061 5689 2158 5729 nos

576 5758 641 5817 ab
666 5758 813 5816 omni
840 5759 1166 5820 adversrtate
1203 5763 1448 5819 defende.
1480 5762 1585 5818 Per
1605 5765 1908 5820 Dominum.

2274 3255 2534 3312 tiantibus
2570 3256 2922 3313 saecularibus
2966 3258 3181 3327 pompis
3206 3298 3220 3324 ,
3275 3259 3464 3327 gratia:
3524 3266 3628 3312 tua:
3668 3257 3882 3329 januas

2270 3349 2490 3419 aperiri,
2540 3349 2634 3419 qui
2664 3349 2919 3418 despecto
2957 3349 3171 3403 diabolo
3219 3345 3537 3420 confugiunt
3581 3349 3681 3402 sub
3713 3348 3878 3402 titulo

2270 3440 2492 3497 Christi.
2540 3439 2677 3496 Iube
2714 3441 2996 3495 venientes
3042 3442 3108 3494 ad
3152 3449 3205 3493 te
3233 3452 3431 3495 sereno
3454 3439 3602 3494 vultu
3642 3440 3873 3508 suscipi.

2271 3547 2338 3590 ne
2385 3535 2453 3589 de
2494 3532 2574 3588 eis
2626 3533 2879 3590 inimicus
2912 3533 3087 3587 valeat
3131 3532 3486 3601 triumphare.
3555 3531 3756 3586 Tribue
3790 3532 3877 3587 eis

2269 3628 2555 3683 brachium
2615 3625 2946 3697 infatigabile
3010 3624 3194 3679 auxilii
3235 3625 3356 3688 tui,
3412 3630 3623 3678 mentes
3677 3638 3875 3677 eorum

2272 3719 2394 3775 ﬁdei
2441 3718 2611 3774 lorica
2661 3717 2939 3773 circumda
2969 3757 2982 3781 ,
3035 3726 3091 3769 et
3139 3713 3357 3788 [Ροῆῆ
3402 3712 3493 3787 ut]
3536 3714 3679 3769 felici
3711 3729 3875 3768 muro

2271 3811 2475 3877 vallati,
2522 3812 2784 3866 mundum
2822 3825 2883 3865 sc
2910 3808 3183 3881 gaudeant
3230 3807 3488 3864 evasisse.
3543 3805 3648 3862 Per
3676 3805 3867 3862 Domi-

2271 3919 2399 3959 num
2421 3913 2689 3960 nostrum.

2629 3993 2817 4049 Oratio
2841 4010 2999 4065 super
3027 3991 3501 4052 Hebdomadarios.

2342 4087 2507 4153 Deus,
2529 4089 2614 4144 cui
2640 4102 2856 4158 semper
2878 4086 3165 4142 humilium
3188 4070 3411 4160 accepta
3441 4094 3567 4141 sunt
3596 4094 3721 4140 vota
3749 4088 3871 4141 ani-

2269 4196 2504 4247 marum,
2557 4180 2771 4250 respice
2815 4180 3085 4252 propitius
3129 4195 3295 4250 super
3341 4181 3535 4235 horum
3577 4194 3867 4239 servorum

2270 4284 2487 4332 tuorum
2514 4275 2746 4331 fratrum
2773 4283 3082 4330 nostrorum
3110 4276 3396 4346 obsequia,
3424 4285 3482 4330 et
3508 4277 3577 4331 ad
3603 4285 3749 4331 tuam
3777 4275 3867 4333 fac

2266 4380 2363 4421 eos
2390 4366 2701 4437 pertingere
2735 4365 2965 4437 gratiam
2996 4383 3009 4419 :
3043 4374 3103 4419 ut
3137 4366 3263 4436 quia
3304 4381 3449 4421 nunc
3468 4366 3629 4437 hujus
3660 4365 3866 4423 hebdo-

2268 4458 2443 4513 madze
2468 4458 2688 4513 servitia
2710 4458 2903 4513 devota
2934 4467 3117 4513 mente
3146 4457 3576 4529 compleverunt,
3612 4458 3854 4529 plenissi-

2190 4550 2241 4610 ι)
2268 4564 2413 4604 mam
2442 4557 2606 4620 atque
2636 4549 2997 4619 largissimam
3021 4550 3236 4605 veniam
3258 4558 3680 4621 consequatur.
3759 4549 3867 4606 Per

2268 4641 2559 4697 Dominum
2592 4651 2838 4697 nostrum
2864 4640 3071 4697 Iesum.

2342 4735 2650 4791 Misericors
2679 4752 2745 4791 ac
2772 4736 3014 4805 piissime
3058 4734 3220 4802 Deus,
3264 4737 3358 4807 qui
3383 4736 3585 4807 ubique
3629 4734 3865 4793 famulos

2267 4836 2388 4883 tuos
2411 4827 2580 4883 tueris
2607 4825 2863 4896 acjuvas,
2880 4828 3074 4883 horum
3088 4842 3369 4884 servorum
3397 4836 3610 4884 tuorum
3629 4826 3863 4884 fratrum

2266 4927 2575 4974 nostrorum
2592 4920 2874 4974 accumula
2896 4928 3102 4985 votum,
3117 4934 3255 4991 auge
3273 4920 3623 4986 desiderium,
3638 4930 3699 4975 ut
3714 4933 3865 4977 recte

2268 5009 2529 5065 fratribus
2550 5012 2662 5066 suis
2682 5010 2997 5081 impendant
3019 5012 3262 5068 servitia.
3318 5011 3423 5069 Per
3454 5014 3740 5068 Dominum
3764 5030 3864 5070 no-

2270 5109 2443 5156 strum
2463 5098 2647 5156 Iesum
2682 5101 2980 5157 Christum.

2690 5215 2970 5271 Orationes
3006 5217 3075 5270 ad
3099 5218 3427 5272 mandatum.

2336 5306 2559 5371 Adesto,
2586 5307 2835 5372 Domine,
2871 5308 3049 5363 cilicio
3079 5318 3281 5364 nostra:
3308 5309 3604 5373 servitutis,
3647 5310 3777 5380 quia
3799 5323 3861 5365 tu

2264 5398 2430 5469 pedes
2461 5400 2643 5454 lavare
2673 5400 2925 5470 dignatus
2940 5415 3000 5455 es
3032 5401 3139 5456 tuis
3166 5401 3464 5471 discipulis,
3494 5415 3564 5456 ne
3588 5402 3863 5473 despicias

2266 5506 2431 5562 opera
2470 5506 2726 5546 manuum
2756 5500 2995 5554 tuarum,
3044 5506 3164 5560 quae
3192 5491 3350 5547 nobis
3379 5491 3658 5548 retinenda
3705 5508 3858 5547 man-

2266 5584 2425 5648 dasti,
2454 5592 2514 5638 ut
2535 5582 2674 5638 sicut
2696 5582 2784 5637 hic
2807 5583 3077 5637 exteriora
3106 5582 3398 5637 abluuntur
3422 5582 3857 5652 inquinamenta,

2266 5677 2345 5733 sic
2364 5692 2393 5731 a
2423 5686 2474 5733 te
2505 5675 2747 5731 omnium
2797 5684 3107 5730 nostrorum
3158 5675 3414 5731 interiora
3445 5674 3693 5730 laventur
3727 5689 3862 5746 pec-

2267 5780 2407 5825 cata.
2452 5767 2605 5837 Quod
2630 5768 2745 5839 ipse
2774 5778 3051 5839 praestare.
