4122 6546
289 387 394 444 465

1165 387 1556 448 ιιτυιὶςιωι.
1593 420 1665 431 -
1699 390 1790 446 DE
1828 389 2077 446 PSALM.
2115 390 2272 450 USU.
2315 422 2384 435 —-—
2415 391 2599 451 PARS
2629 395 2670 451 l.

3459 394 3564 450 466

361 497 504 554 Deus
537 496 628 569 qui
654 497 1042 568 discipulorum
1069 505 1284 555 tuorum
1321 501 1484 571 pedes.
1505 500 1746 564 abluens,
1783 502 1876 570 pio
1900 506 1952 562 Δ
1977 512 2154 559 torum
2175 510 2413 571 tuorum,
2441 520 2630 561 eorum
2654 506 2879 561 obtentu
2907 503 2976 560 de
2997 512 3090 560 tuo
3135 505 3253 561 sine
3275 505 3381 560 ﬁne.
3420 505 3566 563 latte-

287 587 486 644 alfcctu
527 589 608 644 eis
643 589 950 659 exemplum
996 591 1300 660 praebuisti,
1337 593 1759 661 mandatumque
1789 593 1876 647 de-

284 676 416 734 disti
446 693 460 732 :
487 679 723 735 concede
748 679 1034 751 propitius,
1067 688 1126 736 ut
1171 695 1272 752 per
1307 681 1630 752 obsequium
1654 681 1875 737 manda-

1981 611 2104 650 mur
2125 607 2365 668 aspectu.
2412 597 2519 666 Qui
2538 597 2677 654 vivis
2700 603 2758 652 et
2785 609 3007 668 regnas.

303 810 3559 841 ,ΨΜ-,ΜΜῆ

976 950 1079 1021 21
1140 924 1992 1046 OPUSCULUM
2075 919 2886 1089 SECUNDUM.

765 1164 966 1271 DE
1090 1157 1366 1266 PSA
1387 1152 2048 1264 LMORUM

2185 1148 2483 1255 USU
2611 1147 3070 1254 LIBER

826 1381 970 1440 CUM
1008 1377 1235 1435 VAPdlS
1271 1372 1623 1434 FORMULIS
1661 1371 1755 1426 AD
1789 1368 1923 1425 RES
1959 1365 2427 1438 QUOTIDIANAS
2457 1364 3015 1424 ACCOMMODATIS.

1734 1509 2136 1526 ψ-

1595 1604 1844 1683 PABS
1920 1600 2262 1678 PRIMA.

1763 1722 2110 1738 ﬂ

928 1813 1049 1856 IIOC
1096 1809 1276 1859 OPL'S,
1320 1806 1443 1851 HOC
1487 1805 1746 1848 CARMEN
1781 1830 1799 1859 ,
1842 1801 2014 1856 QUOD
2056 1797 2283 1843 CEHNIS
2326 1797 2608 1841 TRAMITE
2654 1796 2920 1851 LECTOB,

1294 1907 1600 1951 ALCL’INUS
1647 1902 1877 1947 DOMINI
1924 1900 2110 1943 FECIT
2151 1896 2410 1942 ΠΟΝΟΒΕ
2456 1895 2576 1940 θυι.

1621 2026 2211 2052 Μ

863 2138 888 2165 ⁸
923 2119 1308 2178 ΡΒίΕΡΑἰΊΟ.

357 2244 661 2317 Prophetia:
691 2239 913 2312 spiritus
936 2251 1040 2290 non
1063 2247 1278 2302 semper
1308 2229 1692 2300 prophetarum
1720 2240 1873 2280 men-

287 2339 434 2396 tibus
456 2341 653 2408 praesto
675 2340 781 2395 est,
811 2336 1076 2402 quatenus
1100 2339 1221 2380 cum
1246 2335 1458 2389 semper
1482 2319 1625 2373 hunc
1646 2332 1754 2372 non
1782 2317 1875 2370 ha—

288 2430 434 2492 bent,
461 2443 520 2484 se
537 2427 682 2482 hunc
701 2427 998 2494 agnoscant
1019 2435 1086 2474 ex
1104 2416 1248 2472 dono
1263 2415 1483 2476 habere,
1505 2426 1628 2468 cum
1649 2410 1868 2464 habent.

289 2520 444 2578 Unde
463 2518 724 2590 propheta
752 2515 994 2575 Eliszeus,
1027 2524 1150 2566 cum
1173 2509 1240 2563 de
1269 2504 1465 2560 futuris
1486 2512 1634 2559 esset
1646 2502 1868 2571 requisi-

287 2621 398 2675 tus,
420 2621 480 2669 ut
506 2609 803 2682 prophetiae
829 2605 1076 2677 Spiritum
1109 2600 1214 2657 sibi
1258 2600 1447 2654 deesse
1467 2597 1706 2668 agnovit,
1734 2594 1874 2665 psal-

289 2713 400 2759 tem
429 2701 557 2758 fecit
593 2698 872 2772 applicari,
922 2703 984 2750 ut
1026 2692 1321 2765 prophetiae
1361 2685 1608 2746 adhunc
1651 2689 1874 2759 spiritus

288 2807 386 2863 per
435 2794 646 2848 laudem
697 2787 1009 2862 psalmodiaa
1046 2784 1061 2856 [
1094 2783 1243 2854 Apud
1303 2781 1513 2848 Quere.,
1565 2779 1873 2851 spalmodiae

288 2884 545 2955 spalmis;
569 2883 642 2936 ita
668 2877 889 2950 semper]
913 2875 1280 2934 descenderet,
1311 2871 1604 2942 atqueejus
1634 2869 1872 2926 animum

288 2977 358 3032 de
381 2975 575 3031 futuris
596 2972 828 3042 repleret
858 2965 964 3042 (IV
994 2965 1118 3037 Reg.
1147 2981 1226 3028 tu,
1247 2964 1357 3034 l5).
1416 2965 1532 3019 Vox
1556 2963 1702 3017 enim
1734 2960 1874 3030 psal-

289 3065 484 3120 modize
516 3078 641 3118 eum
671 3077 765 3132 per
787 3057 1140 3115 intentionem
1167 3055 1346 3112 cordis
1373 3053 1574 3123 agitur,
1605 3067 1702 3122 per
1733 3052 1874 3106 hanc

289 3156 642 3227 omnipotenti
667 3154 778 3210 Deo
799 3153 864 3208 ad
882 3167 976 3207 cor
997 3151 1100 3206 iter
1116 3157 1357 3221 paratur,
1382 3157 1442 3202 ut
1465 3148 1683 3202 intenta:
1706 3145 1873 3199 menti

288 3251 375 3303 vel
407 3249 700 3322 prophetiae
734 3245 1011 3318 mysteria,
1060 3242 1144 3299 vel
1182 3240 1611 3311 compunctionis
1640 3237 1872 3308 gratiam

286 3341 554 3399 infundat.
591 3339 743 3396 Unde
763 3338 1026 3407 scriptum
1058 3344 1148 3390 est
1174 3350 1188 3388 :
1220 3332 1557 3401 Sacriﬁcium
1587 3328 1760 3382 laudis
1781 3329 1874 3382 lio-

289 3433 582 3505 noriﬁcabit
607 3448 711 3497 me,
749 3439 798 3486 et
835 3429 961 3484 illuc
992 3430 1093 3483 iter
1134 3426 1278 3498 quod}
1323 3423 1596 3478 ostendam
1626 3421 1706 3475 illi
1728 3419 1872 3474 salu—

287 3537 401 3582 tare
425 3524 522 3579 Dei
550 3520 722 3595 (Ptol.
767 3535 916 3587 xtlx,
943 3517 1059 3591 23).
1094 3517 1155 3574 In
1183 3513 1451 3572 sacrificio
1481 3513 1645 3584 igitur
1674 3511 1872 3565 divina:

287 3619 463 3673 laudis
511 3617 570 3672 lit
607 3602 691 3672 ad.
718 3611 902 3670 desum
947 3611 1053 3666 iter
1082 3607 1432 3668 ostensionis,
1472 3605 1597 3673 quia
1623 3603 1751 3657 dum
1774 3617 1870 3672 per

288 3710 641 3782 psalmodiam
663 3705 1004 3777 compunctio
1020 3701 1333 3766 eilunditur,
1350 3699 1435 3752 via
1457 3697 1612 3753 nobis
1637 3696 1689 3750 in
1708 3695 1871 3749 corde

289 3803 370 3867 lit,
396 3817 501 3874 per
540 3815 702 3872 quam
729 3799 797 3854 ad
825 3797 1010 3854 Iesum
1056 3794 1356 3849 veniamus.
1394 3790 1627 3860 Dignum
1673 3785 1871 3858 quippe

289 3902 394 3959 est,
423 3901 484 3948 ut
535 3906 687 3947 mens
733 3905 764 3944 a
790 3887 1145 3960 praesentibus
1184 3882 1472 3945 universis,
1522 3880 1576 3934 in
1607 3884 1869 3948 quantum

288 3984 450 4051 valet,
481 3999 540 4039 se
561 3983 802 4045 mundet,
828 3992 886 4034 et
905 3978 1102 4034 divinis
1136 3976 1382 4031 laudibus
1419 3981 1584 4042 atque
1610 3970 1869 4040 spiritua-

285 4075 431 4132 libus
479 4073 762 4136 inhaereat,
795 4080 856 4124 ut
881 4069 1124 4125 ccelestia
1169 4068 1218 4122 ei
1253 4064 1579 4120 revelantur.
1608 4061 1753 4115 Nihil
1787 4070 1870 4115 est

288 4167 344 4225 in
369 4168 470 4224 hac
497 4164 711 4222 mortali
737 4164 868 4228 vita,
906 4163 962 4217 in
984 4176 1094 4231 quo
1121 4158 1391 4229 possimus
1410 4157 1520 4210 Deo
1553 4152 1872 4207 familiarius

287 4261 577 4323 inhaerere,
606 4271 768 4326 quam
813 4253 982 4324 ipsius
1030 4252 1086 4306 in
1124 4248 1391 4305 laudibus.
1452 4243 1640 4300 Nullus
1688 4244 1872 4313 itaque

287 4347 596 4406 mortalium
617 4352 795 4416 potest
824 4357 927 4398 nec
978 4339 1169 4405 verbo,
1222 4352 1324 4392 nec
1367 4344 1569 4398 mente,
1613 4334 1872 4388 virtutem

286 4443 639 4515 psalmorum,
669 4436 716 4494 si
744 4449 852 4491 non
875 4432 1010 4506 [Al.,
1027 4432 1117 4502 qui
1148 4427 1282 4501 non]
1297 4425 1580 4498 superﬁcie
1606 4424 1871 4480 labiorum

288 4542 518 4596 tantum,
545 4529 639 4586 sed
665 4528 870 4582 intenta
917 4531 1099 4579 mente
1131 4522 1185 4577 in
1215 4517 1599 4588 omnipotentis
1623 4515 1716 4572 Dei
1757 4515 1868 4571 lau-

285 4627 411 4682 dem
439 4631 732 4684 canuntur,
765 4617 1055 4687 explicare.

356 4718 415 4771 In
440 4713 663 4784 psalmis
686 4712 866 4779 itaque
897 4707 1194 4768 inveniens,
1227 4705 1272 4759 si
1307 4705 1515 4758 intenta
1540 4708 1723 4755 mente
1748 4713 1870 4770 per-

1897 3461 1948 3526 C

1904 2111 1948 2169 B
1973 2103 2322 2160 scricordiam
2352 2102 2445 2158 Dei
2473 2102 2540 2156 ad
2570 2111 2622 2156 te
2647 2085 2926 2170 provocas.
2979 2101 3182 2156 Omnes
3209 2105 3355 2159 enim
3392 2109 3564 2163 virtu-

1979 2207 2059 2253 tes
2084 2199 2137 2251 iu
2187 2196 2407 2266 psalmis
2447 2193 2704 2258 invenies,
2748 2194 2793 2248 si
2822 2207 2852 2248 a
2883 2192 2994 2250 Deo
3028 2195 3295 2251 merueris
3319 2237 3334 2263 ,
3363 2206 3422 2253 ut
3462 2197 3560 2256 tibi

1975 2287 2176 2344 revelet
2211 2293 2421 2343 secreta
2443 2283 2772 2356 psalmorum

2391 2397 2606 2456 Primus
2648 2414 2776 2452 usus
2806 2395 3151 2468 psalmorum.

2047 2493 2104 2548 Si
2137 2492 2218 2548 vis
2241 2507 2339 2562 pro
2367 2474 2601 2560 peccatis
2623 2489 2732 2544 tuis
2745 2486 3120 2559 pmnitentiam
3149 2504 3335 2561 agere,
3356 2505 3409 2547 et
3431 2510 3563 2549 con-

1976 2583 2207 2640 fessione
2233 2591 2582 2654 peccatorum
2611 2579 3081 2636 tuorum'veniam
3109 2595 3302 2651 rogare
3323 2582 3559 2644 delictis.

1974 2683 2235 2744 quantum
2272 2671 2420 2728 vales
2465 2671 2688 2734 intente,
2741 2685 2849 2724 non
2885 2669 3202 2727 celebritate
3249 2674 3560 2738 verborum.

1975 2767 2070 2822 sed
2092 2771 2273 2819 mente
2291 2762 2582 2835 cogitando
2612 2775 2678 2817 ac
2699 2762 3014 2826 scrutando,
3058 2762 3286 2819 decanta
3310 2775 3565 2834 septenos

1976 2857 2208 2927 psalmos
2253 2853 2557 2918 Davidicos,
2610 2867 2842 2924 quormn
2874 2852 3090 2908 initium
3132 2854 3239 2910 duo
3270 2870 3285 2908 :
3319 2856 3563 2924 Domine,

1976 2966 2039 3006 ne
2085 2949 2141 3002 in
2166 2948 2378 3018 furore;
2429 2954 2488 3000 et
2521 2944 2649 3008 duo,
2706 2943 2948 3008 Domine,
2997 2945 3226 3010 exaudi;
3255 2946 3406 3002 Beati
3432 2966 3564 3019 quo-

1977 3057 2092 3094 rum
2116 3037 2343 3092 remissa:
2362 3046 2516 3100 sunt;
2556 3044 2612 3090 et
2641 3031 2888 3088 Miserere
2915 3036 3050 3098 mei;
3083 3033 3246 3101 Deus,
3272 3039 3560 3092 secundum

1976 3144 2251 3202 ntngnam;
2276 3135 2333 3184 et
2350 3126 2428 3181 De
2449 3125 2748 3199 profundis.
2787 3125 2854 3181 Et
2881 3125 3160 3184 celerrime
3188 3126 3430 3185 invenies
3454 3129 3564 3185 cle-

1976 3226 2233 3278 mentiam
2261 3217 2375 3275 Dei.

2543 3311 2818 3370 Secundus
2847 3327 2995 3367 usus.

2048 3409 2105 3465 Si
2127 3409 2209 3464 vis
2241 3417 2479 3463 mentem
2533 3416 2680 3462 tuam
2733 3405 2999 3475 spirituali
3033 3406 3229 3476 gaudio
3279 3413 3336 3458 et
3379 3405 3562 3460 laetitia

1977 3501 2300 3564 illuminare,
2331 3509 2387 3555 et
2418 3515 2670 3569 magnam
2706 3513 2858 3567 spem
2888 3498 2956 3552 de
2983 3496 3076 3552 Dei
3109 3496 3439 3566 indulgentia
3468 3496 3562 3550 tibi

1969 3592 2322 3662 promittere;
2365 3599 2420 3645 et
2449 3591 2494 3645 si
2516 3590 2597 3643 vis
2618 3604 2794 3650 orare,
2839 3589 2992 3644 mitte
3044 3597 3276 3644 mentem
3312 3597 3459 3641 tuam
3498 3589 3566 3642 ad

1972 3683 2228 3738 virtutem
2276 3681 2610 3752 psalmorum
2643 3697 2871 3750 quorum
2901 3681 3112 3734 initium
3155 3689 3268 3734 est:
3324 3679 3560 3746 Exaudi,

1972 3775 2216 3841 Domine,
2235 3775 2502 3844 justitiam
2527 3790 2694 3828 meum
2713 3788 2732 3837 ,°
2751 3773 2831 3826 Ad
2850 3783 2919 3838 te,
2937 3773 3180 3838 Domine,
3206 3773 3401 3838 lectiei;
3423 3773 3563 3828 Deus

1970 3866 2026 3921 in
2049 3866 2257 3919 nomine
2279 3874 2401 3926 tuo;
2435 3864 2577 3918 Deus
2600 3865 2911 3919 misereatur
2938 3864 3136 3927 nostri,
3165 3864 3304 3919 Deus
3327 3865 3382 3918 in
3406 3864 3565 3934 adju-

1971 3956 2195 4021 torium;
2214 3953 2282 4009 In
2293 3965 2360 4020 te,
2381 3954 2618 4020 Domine,
2637 3955 2836 4024 speravi
2851 3954 3016 4025 [EdiL
3033 3953 3146 4008 Col.
3165 3953 3331 4008 addit.
3348 3951 3523 4023 ιλἈί
3546 3971 3560 4016 ;

1974 4046 2204 4113 lnclina,
2233 4047 2476 4102 Domine.
2529 4047 2595 4100 Et
2618 4047 2925 4101 nullatenus
2969 4048 3173 4116 poteris
3207 4057 3298 4100 tua
3345 4049 3564 4118 propria

1972 4140 2171 4212 lingua,
2186 4156 2288 4197 nec
2309 4141 2543 4196 humano
2568 4157 2730 4196 sensu
2743 4148 2852 4195 tam
2867 4139 3102 4209 perfecte
3127 4141 3400 4196 miseriam
3415 4150 3563 4196 tuam

1974 4251 2046 4290 ae
2060 4235 2485 4301 tribulationem,
2513 4235 2927 4308 augustiamque
2947 4235 3054 4305 22
3081 4235 3417 4289 diversarum
3445 4243 3561 4288 ten-

1975 4325 2238 4381 tationum
2269 4327 2575 4397 explicare;
2623 4334 2680 4381 et
2721 4325 2866 4382 illius
2915 4325 3564 4396 miscricordiamimplo-

1975 4431 2117 4484 rare,
2146 4433 2310 4490 quam
2332 4420 2386 4474 in
2421 4418 2508 4475 his
2529 4418 2772 4490 psalmis,
2804 4427 2858 4474 et
2873 4417 3085 4475 ueteris
3113 4418 3200 4476 bis
3229 4417 3516 4475 similibus.

2571 4509 2777 4565 Tertius
2813 4525 2958 4564 usus.

2045 4603 2104 4658 Si
2127 4603 2210 4658 vis
2232 4603 2658 4673 omnipotentem
2697 4603 2869 4658 Deum
2899 4602 3139 4669 laudare,
3167 4613 3222 4660 et
3248 4604 3415 4674 ipsius
3444 4621 3564 4663 ma-

1967 4695 2244 4765 jestatem,
2275 4695 2626 4764 omniumque
2654 4692 3042 4748 beneﬁciorum
3089 4708 3334 4760 suorum,
3367 4695 3564 4764 quibus

287 4782 565 4866 scruteris,
596 4811 654 4859 et
672 4800 738 4856 ad
777 4797 1112 4871 spiritualem
1155 4795 1486 4852 intellectum
1532 4791 1865 4862 perveneris,
1897 4822 1945 4882 ι)
1975 4787 2210 4841 humano
2241 4785 2422 4856 generi
2447 4786 2514 4839 ab
2550 4784 2706 4839 initio
2733 4782 2918 4838 mundi
2951 4783 3006 4836 in
3035 4784 3206 4838 veleri
3238 4791 3562 4840 testamento

291 4897 502 4954 Domini
528 4892 694 4951 Verbi
721 4891 1171 4950 incarnationem,
1213 4886 1648 4956 passionemque,
1698 4890 1756 4938 et
1785 4897 1870 4938 re—
1899 4874 1934 4882 ”
1972 4878 2310 4947 patriarchas
2333 4891 2396 4930 ac
2417 4876 2740 4946 prophetas;
2769 4874 2822 4928 in
2851 4890 2990 4929 novo
3025 4888 3242 4945 quoque
3265 4889 3362 4942 per
3385 4875 3561 4930 incar-

288 4989 700 5049 surrectionem,
731 4991 896 5053 atque
925 4980 1317 5036 ascensionem.
1377 4977 1436 5032 ln
1465 4975 1691 5045 psalmis
1717 4975 1868 5030 inve-

290 5084 410 5138 nies
431 5091 542 5135 tam
573 5078 818 5132 intimam
851 5073 1177 5136 orationem,
1210 5071 1256 5127 si
1293 5071 1504 5124 intenta
1536 5075 1720 5122 mente
1752 5081 1874 5135 per-

289 5174 572 5238 scrutcris,
603 5177 862 5240 quantum
892 5181 1001 5219 non
1043 5171 1198 5234 potes
1225 5176 1323 5232 per
1351 5163 1580 5230 teipsum
1608 5156 1874 5212 ullatenus

289 5267 614 5338 excogitare.
669 5262 725 5316 ιη
771 5258 991 5330 psalmis
1020 5255 1262 5312 invenies
1289 5253 1535 5308 intimam
1577 5248 1874 5306 confessio-

292 5376 415 5416 nem
437 5365 782 5431 peccatorum
814 5362 1048 5414 tuorum,
1077 5357 1135 5403 et
1154 5348 1415 5416 integrann
1440 5341 1870 5412 deprecationem

290 5451 489 5505 divinae
503 5457 664 5517 atque
677 5443 965 5501 Dominiea'c
992 5437 1395 5494 misericordia.
1425 5434 1481 5487 in
1499 5432 1718 5502 psalmis
1740 5447 1872 5501 quo-

293 5559 398 5615 que
421 5540 665 5596 invenies
690 5535 932 5593 omnium
957 5546 1155 5594 rerum,
1186 5544 1306 5600 qua:
1327 5526 1423 5581 tibi
1449 5523 1719 5589 accidudt,
1747 5522 1871 5577 ἱιιιίο

295 5614 438 5689 mam
464 5630 762 5703 gratiarum
787 5627 1073 5682 actionem.
1151 5621 1210 5676 ln
1242 5617 1460 5690 psalmis
1483 5615 1758 5671 conﬁteris
1784 5614 1870 5668 in-

295 5724 604 5781 linuitatem
631 5730 780 5774 tuam
811 5723 974 5786 atque
1000 5713 1296 5777 miseriam,
1323 5717 1375 5764 et
1387 5723 1482 5778 per
1509 5707 1560 5761 id
1579 5707 1752 5776 ipsum
1772 5704 1873 5758 mi-

1970 4970 2248 5024 nationem
2301 4966 2621 5036 sempiterni
2668 4964 2795 5019 Filii
2826 4964 2909 5019 sui
2951 4965 3208 5019 misertus
3237 4973 3323 5018 est
3357 4967 3561 5034 gratias

1971 5077 2159 5134 agere:
2199 5060 2566 5117 decantaillos
2593 5057 2851 5130 psalmos,
2879 5072 3110 5128 quorum
3133 5057 3323 5111 titulus
3349 5065 3434 5111 est
3471 5057 3558 5111 Αι-

1972 5155 2173 5219 leluia,
2233 5161 2288 5207 et
2349 5166 2581 5222 quorum
2650 5149 2864 5202 initium
2919 5156 3045 5213 est,
3113 5145 3222 5201 Vel.
3284 5147 3352 5201 Et
3398 5163 3562 5217 super

1975 5262 2139 5303 omne
2171 5244 2277 5302 mel
2309 5253 2365 5299 et
2389 5243 2572 5298 favum
2601 5240 2959 5310 omnipotenti
3009 5238 3122 5293 Deo
3166 5237 3322 5293 dulce
3363 5253 3561 5293 munus

1977 5339 2192 5404 oll‘eres,
2221 5338 2267 5394 si
2313 5338 2370 5392 in
2412 5336 2498 5390 his
2519 5333 2741 5406 psalmis
2789 5332 3048 5386 corttinuo
3094 5329 3245 5384 illum
3269 5329 3454 5384 laudes
3496 5346 3561 5384 ac

1979 5430 2310 5503 magniﬁcos.
2343 5427 2442 5484 Vel
2481 5426 2726 5483 Psalmus
2772 5441 2920 5490 uri,
2966 5439 3136 5488 nun,
3168 5438 3366 5485 LXXIII;
3414 5421 3559 5477 Dixit

1979 5523 2256 5585 Dominus,
2288 5529 2420 5585 etc.,
2449 5533 2655 5589 usque:
2686 5517 2768 5571 Ad
2802 5516 3078 5572 Dominum
3102 5531 3221 5570 cum
3241 5515 3556 5582 tribulam-,-

1979 5609 2311 5680 Conﬁtemini
2335 5609 2594 5676 Domino;
2625 5606 2839 5672 Lauda,
2866 5606 3047 5661 anima
3071 5622 3209 5669 mea,
3236 5603 3555 5668 Dominum;

1977 5701 2216 5756 Laudate
2239 5700 2524 5756 Dominum
2543 5699 2792 5770 quoniam
2816 5696 2980 5750 bonus
3002 5703 3103 5750 est.
3126 5693 3314 5750 Lauda
3340 5691 3556 5750 Jerusa-

365 5853 391 5883 ε
432 5837 560 5895 limo
577 5829 818 5909 praelatio
845 5843 952 5886 non
973 5826 1204 5883 eohzeret
1231 5837 1351 5879 tum
1369 5819 1571 5878 Libello
1602 5815 1870 5890 sequenti,
1910 5815 2006 5875 sed
2031 5829 2154 5874 cum
2179 5813 2380 5873 altero:
2421 5810 2604 5884 Ofﬁcia
2628 5827 2720 5884 per
2752 5806 2961 5868 Feriasv
