  <div class='ocr_page' id='page_1' title='image "/cluster/home/n/w/nwhite01/storage/ocr_20150623/101/umn.31951002477394h/247.png"; bbox 0 0 4122 6588; ppageno 0'>
   <div class='ocr_carea' id='block_1_1' title="bbox 564 383 669 440">
    <p class='ocr_par' dir='ltr' id='par_1_1' title="bbox 564 383 669 440">
     <span class='ocr_line' id='line_1_1' title="bbox 564 383 669 440; baseline -0.029 0"><span class='ocrx_word' id='word_1_1' title='bbox 564 383 669 440; x_wconf 71' lang='grc'><strong>46⁸7</strong></span> 
     </span>
    </p>
   </div>
   <div class='ocr_carea' id='block_1_2' title="bbox 1406 369 2985 435">
    <p class='ocr_par' dir='ltr' id='par_1_2' title="bbox 1406 369 2985 435">
     <span class='ocr_line' id='line_1_2' title="bbox 1406 369 2985 435; baseline -0.006 -1"><span class='ocrx_word' id='word_1_2' title='bbox 1406 382 1464 434; x_wconf 85' lang='grc' dir='ltr'><strong>Β.</strong></span> <span class='ocrx_word' id='word_1_3' title='bbox 1502 377 1566 434; x_wconf 76' lang='lat' dir='ltr'><strong>F.</strong></span> <span class='ocrx_word' id='word_1_4' title='bbox 1608 377 1833 435; x_wconf 70' lang='lat' dir='ltr'><strong>ALBlNl</strong></span> <span class='ocrx_word' id='word_1_5' title='bbox 1873 376 2009 433; x_wconf 63' lang='grc' dir='ltr'><strong>δερ</strong></span> <span class='ocrx_word' id='word_1_6' title='bbox 2045 372 2325 433; x_wconf 65' lang='grc' dir='ltr'><strong>Αιευιδι</strong></span> <span class='ocrx_word' id='word_1_7' title='bbox 2362 373 2644 431; x_wconf 78' lang='lat' dir='ltr'><strong>OPERUM</strong></span> <span class='ocrx_word' id='word_1_8' title='bbox 2681 372 2863 429; x_wconf 80' lang='lat' dir='ltr'><strong>PARS</strong></span> <span class='ocrx_word' id='word_1_9' title='bbox 2894 369 2985 427; x_wconf 72' lang='grc' dir='ltr'><strong>ιγ.</strong></span> 
     </span>
    </p>
   </div>
   <div class='ocr_carea' id='block_1_3' title="bbox 3738 370 3848 424">
    <p class='ocr_par' dir='ltr' id='par_1_3' title="bbox 3738 370 3848 424">
     <span class='ocr_line' id='line_1_3' title="bbox 3738 370 3848 424; baseline 0.027 -3"><span class='ocrx_word' id='word_1_10' title='bbox 3738 370 3848 424; x_wconf 66' lang='grc'><strong>168</strong></span> 
     </span>
    </p>
   </div>
   <div class='ocr_carea' id='block_1_4' title="bbox 570 485 3853 568">
    <p class='ocr_par' dir='ltr' id='par_1_4' title="bbox 570 485 3853 568">
     <span class='ocr_line' id='line_1_4' title="bbox 570 485 3853 568; baseline -0.006 -9"><span class='ocrx_word' id='word_1_11' title='bbox 570 504 706 568; x_wconf 80' lang='lat' dir='ltr'><strong>lem,-</strong></span> <span class='ocrx_word' id='word_1_12' title='bbox 754 501 990 557; x_wconf 82' lang='lat' dir='ltr'><strong>Laudate</strong></span> <span class='ocrx_word' id='word_1_13' title='bbox 1015 501 1291 554; x_wconf 87' lang='lat' dir='ltr'><strong>Dominum</strong></span> <span class='ocrx_word' id='word_1_14' title='bbox 1322 500 1384 552; x_wconf 86' lang='lat' dir='ltr'><strong>de</strong></span> <span class='ocrx_word' id='word_1_15' title='bbox 1411 499 1573 562; x_wconf 74' lang='lat' dir='ltr'><strong>caelis,</strong></span> <span class='ocrx_word' id='word_1_16' title='bbox 1617 509 1787 568; x_wconf 84' lang='lat' dir='ltr'><strong>usque</strong></span> <span class='ocrx_word' id='word_1_17' title='bbox 1826 495 1892 552; x_wconf 80' lang='lat' dir='ltr'><strong>ad</strong></span> <span class='ocrx_word' id='word_1_18' title='bbox 1920 513 1935 549; x_wconf 92' lang='lat'><strong>:</strong></span> <span class='ocrx_word' id='word_1_19' title='bbox 1969 493 2157 550; x_wconf 76' lang='lat' dir='ltr'><strong>Omnis</strong></span> <span class='ocrx_word' id='word_1_20' title='bbox 2182 495 2230 551; x_wconf 77' lang='grc' dir='ltr'><strong>Δ</strong></span> <span class='ocrx_word' id='word_1_21' title='bbox 2259 490 2641 562; x_wconf 81' lang='lat' dir='ltr'><strong>perscmteris,</strong></span> <span class='ocrx_word' id='word_1_22' title='bbox 2686 497 2741 544; x_wconf 85' lang='lat' dir='ltr'><strong>et</strong></span> <span class='ocrx_word' id='word_1_23' title='bbox 2769 488 2836 544; x_wconf 88' lang='lat' dir='ltr'><strong>ad</strong></span> <span class='ocrx_word' id='word_1_24' title='bbox 2880 485 3175 542; x_wconf 82' lang='lat' dir='ltr'><strong>medullam</strong></span> <span class='ocrx_word' id='word_1_25' title='bbox 3204 485 3379 541; x_wconf 82' lang='lat' dir='ltr'><strong>intimi</strong></span> <span class='ocrx_word' id='word_1_26' title='bbox 3406 485 3705 542; x_wconf 79' lang='lat' dir='ltr'><strong>intellectas</strong></span> <span class='ocrx_word' id='word_1_27' title='bbox 3753 503 3853 557; x_wconf 79' lang='lat' dir='ltr'><strong>per</strong></span> 
     </span>
    </p>
   </div>
   <div class='ocr_carea' id='block_1_5' title="bbox 572 594 1321 667">
    <p class='ocr_par' dir='ltr' id='par_1_5' title="bbox 572 594 1321 667">
     <span class='ocr_line' id='line_1_5' title="bbox 572 594 1321 667; baseline -0.011 -16"><span class='ocrx_word' id='word_1_28' title='bbox 572 598 789 667; x_wconf 73' lang='lat' dir='ltr'><strong>spiritus</strong></span> <span class='ocrx_word' id='word_1_29' title='bbox 816 595 991 649; x_wconf 83' lang='lat' dir='ltr'><strong>laudet</strong></span> <span class='ocrx_word' id='word_1_30' title='bbox 1020 594 1321 646; x_wconf 81' lang='lat' dir='ltr'><strong>Dominum.</strong></span> 
     </span>
    </p>
   </div>
   <div class='ocr_carea' id='block_1_6' title="bbox 1157 684 1561 748">
    <p class='ocr_par' dir='ltr' id='par_1_6' title="bbox 1157 684 1561 748">
     <span class='ocr_line' id='line_1_6' title="bbox 1157 684 1561 748; baseline 0.002 -12"><span class='ocrx_word' id='word_1_31' title='bbox 1157 684 1388 748; x_wconf 79' lang='lat' dir='ltr'><strong>Quartus</strong></span> <span class='ocrx_word' id='word_1_32' title='bbox 1418 702 1561 737; x_wconf 81' lang='lat' dir='ltr'><strong>usus.</strong></span> 
     </span>
    </p>
   </div>
   <div class='ocr_carea' id='block_1_7' title="bbox 646 773 2162 837">
    <p class='ocr_par' dir='ltr' id='par_1_7' title="bbox 646 773 2162 837">
     <span class='ocr_line' id='line_1_7' title="bbox 646 773 2162 837; baseline -0.005 -3"><span class='ocrx_word' id='word_1_33' title='bbox 646 777 705 834; x_wconf 82' lang='lat' dir='ltr'><strong>Si</strong></span> <span class='ocrx_word' id='word_1_34' title='bbox 724 778 952 835; x_wconf 78' lang='lat' dir='ltr'><strong>diversis</strong></span> <span class='ocrx_word' id='word_1_35' title='bbox 979 777 1368 831; x_wconf 87' lang='lat' dir='ltr'><strong>tentationibns</strong></span> <span class='ocrx_word' id='word_1_36' title='bbox 1390 774 1621 829; x_wconf 83' lang='lat' dir='ltr'><strong>atllictus</strong></span> <span class='ocrx_word' id='word_1_37' title='bbox 1643 774 1739 837; x_wconf 88' lang='lat' dir='ltr'><strong>sis,</strong></span> <span class='ocrx_word' id='word_1_38' title='bbox 1770 783 1824 827; x_wconf 88' lang='lat' dir='ltr'><strong>et</strong></span> <span class='ocrx_word' id='word_1_39' title='bbox 1849 773 1931 828; x_wconf 92' lang='lat' dir='ltr'><strong>vel</strong></span> <span class='ocrx_word' id='word_1_40' title='bbox 1970 775 2162 834; x_wconf 79' lang='lat' dir='ltr'><strong>buma-</strong></span> 
     </span>
    </p>
   </div>
   <div class='ocr_carea' id='block_1_8' title="bbox 562 866 2160 939">
    <p class='ocr_par' dir='ltr' id='par_1_8' title="bbox 562 866 2160 939">
     <span class='ocr_line' id='line_1_8' title="bbox 562 866 2160 939; baseline -0.006 -13"><span class='ocrx_word' id='word_1_41' title='bbox 562 872 658 937; x_wconf 82' lang='lat' dir='ltr'><strong>nis</strong></span> <span class='ocrx_word' id='word_1_42' title='bbox 685 870 771 925; x_wconf 86' lang='lat' dir='ltr'><strong>vel</strong></span> <span class='ocrx_word' id='word_1_43' title='bbox 794 867 1573 939; x_wconf 88' lang='lat' dir='ltr'><strong>spiritualibustentationibus</strong></span> <span class='ocrx_word' id='word_1_44' title='bbox 1607 866 1844 933; x_wconf 82' lang='lat' dir='ltr'><strong>undique</strong></span> <span class='ocrx_word' id='word_1_45' title='bbox 1878 866 2160 929; x_wconf 86' lang='lat' dir='ltr'><strong>astrictus,</strong></span> 
     </span>
    </p>
   </div>
   <div class='ocr_carea' id='block_1_9' title="bbox 572 956 2161 1027">
    <p class='ocr_par' dir='ltr' id='par_1_9' title="bbox 572 956 2161 1027">
     <span class='ocr_line' id='line_1_9' title="bbox 572 956 2161 1027; baseline -0.004 -11"><span class='ocrx_word' id='word_1_46' title='bbox 572 969 630 1016; x_wconf 85' lang='lat' dir='ltr'><strong>et</strong></span> <span class='ocrx_word' id='word_1_47' title='bbox 647 961 745 1015; x_wconf 90' lang='lat' dir='ltr'><strong>tibi</strong></span> <span class='ocrx_word' id='word_1_48' title='bbox 767 960 965 1015; x_wconf 85' lang='lat' dir='ltr'><strong>videris</strong></span> <span class='ocrx_word' id='word_1_49' title='bbox 985 976 1016 1013; x_wconf 91' lang='lat' dir='ltr'><strong>a</strong></span> <span class='ocrx_word' id='word_1_50' title='bbox 1037 959 1145 1013; x_wconf 88' lang='lat' dir='ltr'><strong>Deo</strong></span> <span class='ocrx_word' id='word_1_51' title='bbox 1164 956 1474 1020; x_wconf 79' lang='lat' dir='ltr'><strong>derelictus,</strong></span> <span class='ocrx_word' id='word_1_52' title='bbox 1499 956 1592 1026; x_wconf 87' lang='lat' dir='ltr'><strong>qui</strong></span> <span class='ocrx_word' id='word_1_53' title='bbox 1612 957 1929 1027; x_wconf 88' lang='lat' dir='ltr'><strong>plerumque</strong></span> <span class='ocrx_word' id='word_1_54' title='bbox 1944 964 2161 1010; x_wconf 86' lang='lat' dir='ltr'><strong>sanctos</strong></span> 
     </span>
    </p>
   </div>
   <div class='ocr_carea' id='block_1_10' title="bbox 574 1048 2161 1120">
    <p class='ocr_par' dir='ltr' id='par_1_10' title="bbox 574 1048 2161 1120">
     <span class='ocr_line' id='line_1_10' title="bbox 574 1048 2161 1120; baseline -0.004 -13"><span class='ocrx_word' id='word_1_55' title='bbox 574 1069 702 1108; x_wconf 86' lang='lat' dir='ltr'><strong>suos</strong></span> <span class='ocrx_word' id='word_1_56' title='bbox 723 1052 791 1107; x_wconf 87' lang='lat' dir='ltr'><strong>ad</strong></span> <span class='ocrx_word' id='word_1_57' title='bbox 823 1060 1036 1120; x_wconf 89' lang='lat' dir='ltr'><strong>tempus</strong></span> <span class='ocrx_word' id='word_1_58' title='bbox 1063 1049 1391 1118; x_wconf 77' lang='lat' dir='ltr'><strong>derelinqnit</strong></span> <span class='ocrx_word' id='word_1_59' title='bbox 1418 1049 1745 1117; x_wconf 89' lang='lat' dir='ltr'><strong>probandos,</strong></span> <span class='ocrx_word' id='word_1_60' title='bbox 1777 1058 1831 1101; x_wconf 90' lang='lat' dir='ltr'><strong>et</strong></span> <span class='ocrx_word' id='word_1_61' title='bbox 1858 1064 1959 1118; x_wconf 91' lang='lat' dir='ltr'><strong>per</strong></span> <span class='ocrx_word' id='word_1_62' title='bbox 1981 1049 2032 1103; x_wconf 91' lang='lat' dir='ltr'><strong>id</strong></span> <span class='ocrx_word' id='word_1_63' title='bbox 2066 1048 2161 1101; x_wconf 91' lang='lat' dir='ltr'><strong>tibi</strong></span> 
     </span>
    </p>
   </div>
   <div class='ocr_carea' id='block_1_11' title="bbox 574 1136 2161 1208">
    <p class='ocr_par' dir='ltr' id='par_1_11' title="bbox 574 1136 2161 1208">
     <span class='ocr_line' id='line_1_11' title="bbox 574 1136 2161 1208; baseline -0.002 -13"><span class='ocrx_word' id='word_1_64' title='bbox 574 1142 822 1198; x_wconf 85' lang='lat' dir='ltr'><strong>videatur</strong></span> <span class='ocrx_word' id='word_1_65' title='bbox 857 1141 1085 1197; x_wconf 86' lang='lat' dir='ltr'><strong>tentatio</strong></span> <span class='ocrx_word' id='word_1_66' title='bbox 1111 1136 1286 1207; x_wconf 84' lang='lat' dir='ltr'><strong>major</strong></span> <span class='ocrx_word' id='word_1_67' title='bbox 1335 1152 1456 1193; x_wconf 87' lang='lat' dir='ltr'><strong>esse</strong></span> <span class='ocrx_word' id='word_1_68' title='bbox 1496 1154 1659 1208; x_wconf 85' lang='lat' dir='ltr'><strong>quam</strong></span> <span class='ocrx_word' id='word_1_69' title='bbox 1700 1138 1936 1193; x_wconf 84' lang='lat' dir='ltr'><strong>tolerare</strong></span> <span class='ocrx_word' id='word_1_70' title='bbox 1966 1138 2161 1207; x_wconf 89' lang='lat' dir='ltr'><strong>possis,</strong></span> 
     </span>
    </p>
   </div>
   <div class='ocr_carea' id='block_1_12' title="bbox 574 1232 2166 1302">
    <p class='ocr_par' dir='ltr' id='par_1_12' title="bbox 574 1232 2166 1302">
     <span class='ocr_line' id='line_1_12' title="bbox 574 1232 2166 1302; baseline -0.004 -12"><span class='ocrx_word' id='word_1_71' title='bbox 574 1236 760 1290; x_wconf 89' lang='lat' dir='ltr'><strong>intima</strong></span> <span class='ocrx_word' id='word_1_72' title='bbox 793 1236 1217 1289; x_wconf 84' lang='lat' dir='ltr'><strong>mentcdecanta</strong></span> <span class='ocrx_word' id='word_1_73' title='bbox 1272 1232 1389 1286; x_wconf 82' lang='lat' dir='ltr'><strong>illos</strong></span> <span class='ocrx_word' id='word_1_74' title='bbox 1435 1232 1690 1300; x_wconf 79' lang='lat' dir='ltr'><strong>psalmos,</strong></span> <span class='ocrx_word' id='word_1_75' title='bbox 1745 1247 1973 1300; x_wconf 84' lang='lat' dir='ltr'><strong>quorum</strong></span> <span class='ocrx_word' id='word_1_76' title='bbox 2003 1239 2166 1302; x_wconf 86' lang='lat' dir='ltr'><strong>caput</strong></span> 
     </span>
    </p>
   </div>
   <div class='ocr_carea' id='block_1_13' title="bbox 576 1323 2163 1393">
    <p class='ocr_par' dir='ltr' id='par_1_13' title="bbox 576 1323 2163 1393">
     <span class='ocr_line' id='line_1_13' title="bbox 576 1323 2163 1393; baseline -0.003 -10"><span class='ocrx_word' id='word_1_77' title='bbox 576 1336 697 1383; x_wconf 85' lang='lat' dir='ltr'><strong>est:</strong></span> <span class='ocrx_word' id='word_1_78' title='bbox 740 1327 904 1390; x_wconf 83' lang='lat' dir='ltr'><strong>Deus,</strong></span> <span class='ocrx_word' id='word_1_79' title='bbox 933 1326 1072 1381; x_wconf 85' lang='lat' dir='ltr'><strong>Deus</strong></span> <span class='ocrx_word' id='word_1_80' title='bbox 1100 1342 1263 1388; x_wconf 81' lang='lat' dir='ltr'><strong>meus,</strong></span> <span class='ocrx_word' id='word_1_81' title='bbox 1295 1327 1486 1393; x_wconf 80' lang='lat' dir='ltr'><strong>respice</strong></span> <span class='ocrx_word' id='word_1_82' title='bbox 1508 1326 1561 1378; x_wconf 88' lang='lat' dir='ltr'><strong>in</strong></span> <span class='ocrx_word' id='word_1_83' title='bbox 1587 1341 1701 1387; x_wconf 77' lang='lat' dir='ltr'><strong>me;</strong></span> <span class='ocrx_word' id='word_1_84' title='bbox 1730 1324 1966 1391; x_wconf 71' lang='lat' dir='ltr'><strong>Exaudi,</strong></span> <span class='ocrx_word' id='word_1_85' title='bbox 2000 1323 2163 1389; x_wconf 72' lang='lat' dir='ltr'><strong>Deus,</strong></span> 
     </span>
    </p>
   </div>
   <div class='ocr_carea' id='block_1_14' title="bbox 576 1413 2162 1485">
    <p class='ocr_par' dir='ltr' id='par_1_14' title="bbox 576 1413 2162 1485">
     <span class='ocr_line' id='line_1_14' title="bbox 576 1413 2162 1485; baseline -0.003 -11"><span class='ocrx_word' id='word_1_86' title='bbox 576 1421 867 1474; x_wconf 82' lang='lat' dir='ltr'><strong>orationem</strong></span> <span class='ocrx_word' id='word_1_87' title='bbox 915 1435 1120 1481; x_wconf 82' lang='lat' dir='ltr'><strong><em>meam,</em></strong></span> <span class='ocrx_word' id='word_1_88' title='bbox 1175 1434 1291 1470; x_wconf 87' lang='lat' dir='ltr'><strong>cum</strong></span> <span class='ocrx_word' id='word_1_89' title='bbox 1339 1417 1627 1485; x_wconf 83' lang='lat' dir='ltr'><strong>deprecor;</strong></span> <span class='ocrx_word' id='word_1_90' title='bbox 1680 1414 1896 1469; x_wconf 83' lang='lat' dir='ltr'><strong>Salvum</strong></span> <span class='ocrx_word' id='word_1_91' title='bbox 1926 1431 2007 1469; x_wconf 86' lang='lat' dir='ltr'><strong>me</strong></span> <span class='ocrx_word' id='word_1_92' title='bbox 2055 1413 2162 1483; x_wconf 78' lang='lat' dir='ltr'><strong>fac,</strong></span> 
     </span>
    </p>
   </div>
   <div class='ocr_carea' id='block_1_15' title="bbox 577 1506 2167 1574">
    <p class='ocr_par' dir='ltr' id='par_1_15' title="bbox 577 1506 2167 1574">
     <span class='ocr_line' id='line_1_15' title="bbox 577 1506 2167 1574; baseline -0.003 -10"><span class='ocrx_word' id='word_1_93' title='bbox 577 1509 738 1565; x_wconf 83' lang='lat' dir='ltr'><strong>Deus.</strong></span> <span class='ocrx_word' id='word_1_94' title='bbox 768 1511 836 1566; x_wconf 83' lang='lat' dir='ltr'><strong>Et</strong></span> <span class='ocrx_word' id='word_1_95' title='bbox 877 1511 1116 1564; x_wconf 87' lang='lat' dir='ltr'><strong>clemens</strong></span> <span class='ocrx_word' id='word_1_96' title='bbox 1138 1510 1279 1563; x_wconf 85' lang='lat' dir='ltr'><strong>Deus</strong></span> <span class='ocrx_word' id='word_1_97' title='bbox 1309 1507 1491 1561; x_wconf 88' lang='lat' dir='ltr'><strong>statim</strong></span> <span class='ocrx_word' id='word_1_98' title='bbox 1522 1516 1575 1561; x_wconf 88' lang='lat' dir='ltr'><strong>te</strong></span> <span class='ocrx_word' id='word_1_99' title='bbox 1605 1506 1909 1574; x_wconf 79' lang='lat' dir='ltr'><strong>adjuvabit,</strong></span> <span class='ocrx_word' id='word_1_100' title='bbox 1966 1515 2019 1560; x_wconf 88' lang='lat' dir='ltr'><strong>et</strong></span> <span class='ocrx_word' id='word_1_101' title='bbox 2048 1515 2167 1560; x_wconf 86' lang='lat' dir='ltr'><strong>ten-</strong></span> 
     </span>
    </p>
   </div>
   <div class='ocr_carea' id='block_1_16' title="bbox 578 1595 2091 1671">
    <p class='ocr_par' dir='ltr' id='par_1_16' title="bbox 578 1595 2091 1671">
     <span class='ocr_line' id='line_1_16' title="bbox 578 1595 2091 1671; baseline -0.003 -15"><span class='ocrx_word' id='word_1_102' title='bbox 578 1601 863 1666; x_wconf 82' lang='lat' dir='ltr'><strong>tatioaem,</strong></span> <span class='ocrx_word' id='word_1_103' title='bbox 898 1616 1062 1670; x_wconf 85' lang='lat' dir='ltr'><strong>quam</strong></span> <span class='ocrx_word' id='word_1_104' title='bbox 1089 1602 1314 1671; x_wconf 84' lang='lat' dir='ltr'><strong>pateris,</strong></span> <span class='ocrx_word' id='word_1_105' title='bbox 1341 1599 1574 1653; x_wconf 87' lang='lat' dir='ltr'><strong>tolerare</strong></span> <span class='ocrx_word' id='word_1_106' title='bbox 1606 1606 1656 1653; x_wconf 90' lang='lat' dir='ltr'><strong>te</strong></span> <span class='ocrx_word' id='word_1_107' title='bbox 1679 1612 1840 1668; x_wconf 86' lang='lat' dir='ltr'><strong>posse</strong></span> <span class='ocrx_word' id='word_1_108' title='bbox 1876 1595 2091 1653; x_wconf 80' lang='lat' dir='ltr'><strong>elﬁciet.</strong></span> 
     </span>
    </p>
   </div>
   <div class='ocr_carea' id='block_1_17' title="bbox 1184 1711 1590 1775">
    <p class='ocr_par' dir='ltr' id='par_1_17' title="bbox 1184 1711 1590 1775">
     <span class='ocr_line' id='line_1_17' title="bbox 1184 1711 1590 1775; baseline 0 -13"><span class='ocrx_word' id='word_1_109' title='bbox 1184 1711 1411 1775; x_wconf 69' lang='lat' dir='ltr'><strong>Quintus</strong></span> <span class='ocrx_word' id='word_1_110' title='bbox 1446 1727 1590 1764; x_wconf 83' lang='lat' dir='ltr'><strong>usus.</strong></span> 
     </span>
    </p>
   </div>
   <div class='ocr_carea' id='block_1_18' title="bbox 647 1801 2163 1871">
    <p class='ocr_par' dir='ltr' id='par_1_18' title="bbox 647 1801 2163 1871">
     <span class='ocr_line' id='line_1_18' title="bbox 647 1801 2163 1871; baseline -0.005 -13"><span class='ocrx_word' id='word_1_111' title='bbox 647 1802 709 1858; x_wconf 88' lang='lat' dir='ltr'><strong>Si</strong></span> <span class='ocrx_word' id='word_1_112' title='bbox 734 1802 828 1857; x_wconf 79' lang='lat' dir='ltr'><strong>til-i</strong></span> <span class='ocrx_word' id='word_1_113' title='bbox 853 1802 962 1856; x_wconf 84' lang='lat' dir='ltr'><strong>vita</strong></span> <span class='ocrx_word' id='word_1_114' title='bbox 991 1817 1229 1871; x_wconf 72' lang='lat' dir='ltr'><strong>prmsens</strong></span> <span class='ocrx_word' id='word_1_115' title='bbox 1259 1801 1533 1855; x_wconf 72' lang='lat' dir='ltr'><strong>fastidiosa</strong></span> <span class='ocrx_word' id='word_1_116' title='bbox 1558 1801 1649 1864; x_wconf 91' lang='lat' dir='ltr'><strong>sit,</strong></span> <span class='ocrx_word' id='word_1_117' title='bbox 1681 1801 1987 1856; x_wconf 86' lang='lat' dir='ltr'><strong>etanimum</strong></span> <span class='ocrx_word' id='word_1_118' title='bbox 2014 1808 2163 1854; x_wconf 89' lang='lat' dir='ltr'><strong>tuum</strong></span> 
     </span>
    </p>
   </div>
   <div class='ocr_carea' id='block_1_19' title="bbox 576 1891 2166 1964">
    <p class='ocr_par' dir='ltr' id='par_1_19' title="bbox 576 1891 2166 1964">
     <span class='ocr_line' id='line_1_19' title="bbox 576 1891 2166 1964; baseline -0.004 -14"><span class='ocrx_word' id='word_1_119' title='bbox 576 1895 809 1951; x_wconf 85' lang='lat' dir='ltr'><strong>delectet</strong></span> <span class='ocrx_word' id='word_1_120' title='bbox 828 1910 1117 1964; x_wconf 79' lang='lat' dir='ltr'><strong>supernam</strong></span> <span class='ocrx_word' id='word_1_121' title='bbox 1147 1895 1379 1963; x_wconf 86' lang='lat' dir='ltr'><strong>patriam</strong></span> <span class='ocrx_word' id='word_1_122' title='bbox 1409 1894 1787 1962; x_wconf 85' lang='lat' dir='ltr'><strong>contemplari,</strong></span> <span class='ocrx_word' id='word_1_123' title='bbox 1839 1900 1894 1945; x_wconf 91' lang='lat' dir='ltr'><strong>et</strong></span> <span class='ocrx_word' id='word_1_124' title='bbox 1917 1891 2166 1960; x_wconf 77' lang='lat' dir='ltr'><strong>omnipo-</strong></span> 
     </span>
    </p>
   </div>
   <div class='ocr_carea' id='block_1_20' title="bbox 577 1986 2172 2055">
    <p class='ocr_par' dir='ltr' id='par_1_20' title="bbox 577 1986 2172 2055">
     <span class='ocr_line' id='line_1_20' title="bbox 577 1986 2172 2055; baseline -0.003 -13"><span class='ocrx_word' id='word_1_125' title='bbox 577 1997 783 2043; x_wconf 89' lang='lat' dir='ltr'><strong>tentem</strong></span> <span class='ocrx_word' id='word_1_126' title='bbox 802 1988 968 2041; x_wconf 89' lang='lat' dir='ltr'><strong>Deum</strong></span> <span class='ocrx_word' id='word_1_127' title='bbox 984 1987 1195 2040; x_wconf 82' lang='lat' dir='ltr'><strong>ardenti</strong></span> <span class='ocrx_word' id='word_1_128' title='bbox 1212 1986 1478 2040; x_wconf 85' lang='lat' dir='ltr'><strong>desiderio</strong></span> <span class='ocrx_word' id='word_1_129' title='bbox 1493 2000 1753 2055; x_wconf 70' lang='lat' dir='ltr'><strong>qurerere,</strong></span> <span class='ocrx_word' id='word_1_130' title='bbox 1774 1986 1976 2039; x_wconf 83' lang='lat' dir='ltr'><strong>intenta</strong></span> <span class='ocrx_word' id='word_1_131' title='bbox 1994 1994 2172 2039; x_wconf 87' lang='lat' dir='ltr'><strong>mente</strong></span> 
     </span>
    </p>
   </div>
   <div class='ocr_carea' id='block_1_21' title="bbox 580 2077 2170 2149">
    <p class='ocr_par' dir='ltr' id='par_1_21' title="bbox 580 2077 2170 2149">
     <span class='ocr_line' id='line_1_21' title="bbox 580 2077 2170 2149; baseline -0.004 -13"><span class='ocrx_word' id='word_1_132' title='bbox 580 2082 681 2137; x_wconf 80' lang='lat' dir='ltr'><strong>hos</strong></span> <span class='ocrx_word' id='word_1_133' title='bbox 698 2080 939 2149; x_wconf 84' lang='lat' dir='ltr'><strong>psalmos</strong></span> <span class='ocrx_word' id='word_1_134' title='bbox 954 2080 1179 2133; x_wconf 84' lang='lat' dir='ltr'><strong>decanta</strong></span> <span class='ocrx_word' id='word_1_135' title='bbox 1204 2098 1214 2131; x_wconf 92' lang='lat'>:</span> <span class='ocrx_word' id='word_1_136' title='bbox 1239 2077 1690 2142; x_wconf 77' lang='lat' dir='ltr'><strong>Quemadmodum</strong></span> <span class='ocrx_word' id='word_1_137' title='bbox 1708 2097 1726 2142; x_wconf 88' lang='lat'><strong><em>;</em></strong></span> <span class='ocrx_word' id='word_1_138' title='bbox 1751 2078 1925 2143; x_wconf 87' lang='lat' dir='ltr'><strong>Quam</strong></span> <span class='ocrx_word' id='word_1_139' title='bbox 1945 2077 2170 2139; x_wconf 78' lang='lat' dir='ltr'><strong>dilecta;</strong></span> 
     </span>
    </p>
   </div>
   <div class='ocr_carea' id='block_1_22' title="bbox 578 2168 2170 2232">
    <p class='ocr_par' dir='ltr' id='par_1_22' title="bbox 578 2168 2170 2232">
     <span class='ocr_line' id='line_1_22' title="bbox 578 2168 2170 2232; baseline -0.002 -6"><span class='ocrx_word' id='word_1_140' title='bbox 578 2170 747 2232; x_wconf 67' lang='lat' dir='ltr'><strong>Deus.</strong></span> <span class='ocrx_word' id='word_1_141' title='bbox 778 2170 919 2228; x_wconf 80' lang='lat' dir='ltr'><strong>Deus</strong></span> <span class='ocrx_word' id='word_1_142' title='bbox 958 2186 1122 2222; x_wconf 79' lang='lat' dir='ltr'><strong>meus.</strong></span> <span class='ocrx_word' id='word_1_143' title='bbox 1175 2168 1243 2222; x_wconf 78' lang='lat' dir='ltr'><strong>Et</strong></span> <span class='ocrx_word' id='word_1_144' title='bbox 1287 2169 1523 2223; x_wconf 89' lang='lat' dir='ltr'><strong>clemens</strong></span> <span class='ocrx_word' id='word_1_145' title='bbox 1553 2168 1693 2222; x_wconf 87' lang='lat' dir='ltr'><strong>Deus</strong></span> <span class='ocrx_word' id='word_1_146' title='bbox 1738 2168 1905 2223; x_wconf 84' lang='lat' dir='ltr'><strong>citius</strong></span> <span class='ocrx_word' id='word_1_147' title='bbox 1934 2177 2170 2223; x_wconf 84' lang='lat' dir='ltr'><strong>mentem</strong></span> 
     </span>
    </p>
   </div>
   <div class='ocr_carea' id='block_1_23' title="bbox 584 2263 1147 2316">
    <p class='ocr_par' dir='ltr' id='par_1_23' title="bbox 584 2263 1147 2316">
     <span class='ocr_line' id='line_1_23' title="bbox 584 2263 1147 2316; baseline 0.004 -5"><span class='ocrx_word' id='word_1_148' title='bbox 584 2268 730 2315; x_wconf 88' lang='lat' dir='ltr'><strong>tuam</strong></span> <span class='ocrx_word' id='word_1_149' title='bbox 760 2263 1147 2316; x_wconf 85' lang='lat' dir='ltr'><strong>consolabitur.</strong></span> 
     </span>
    </p>
   </div>
   <div class='ocr_carea' id='block_1_24' title="bbox 1195 2353 1565 2408">
    <p class='ocr_par' dir='ltr' id='par_1_24' title="bbox 1195 2353 1565 2408">
     <span class='ocr_line' id='line_1_24' title="bbox 1195 2353 1565 2408; baseline -0.008 -1"><span class='ocrx_word' id='word_1_150' title='bbox 1195 2353 1386 2408; x_wconf 63' lang='lat' dir='ltr'><strong>Sextus</strong></span> <span class='ocrx_word' id='word_1_151' title='bbox 1420 2371 1565 2407; x_wconf 82' lang='lat' dir='ltr'><strong>usus.</strong></span> 
     </span>
    </p>
   </div>
   <div class='ocr_carea' id='block_1_25' title="bbox 654 2446 2167 2518">
    <p class='ocr_par' dir='ltr' id='par_1_25' title="bbox 654 2446 2167 2518">
     <span class='ocr_line' id='line_1_25' title="bbox 654 2446 2167 2518; baseline 0.001 -17"><span class='ocrx_word' id='word_1_152' title='bbox 654 2447 711 2501; x_wconf 89' lang='lat' dir='ltr'><strong>Si</strong></span> <span class='ocrx_word' id='word_1_153' title='bbox 743 2455 794 2501; x_wconf 90' lang='lat' dir='ltr'><strong>te</strong></span> <span class='ocrx_word' id='word_1_154' title='bbox 818 2447 871 2504; x_wconf 83' lang='lat' dir='ltr'><strong>in</strong></span> <span class='ocrx_word' id='word_1_155' title='bbox 903 2446 1341 2501; x_wconf 84' lang='lat' dir='ltr'><strong>trilmlationihus</strong></span> <span class='ocrx_word' id='word_1_156' title='bbox 1366 2464 1404 2503; x_wconf 70' lang='grc' dir='ltr'><strong>ιι</strong></span> <span class='ocrx_word' id='word_1_157' title='bbox 1421 2447 1528 2500; x_wconf 83' lang='lat' dir='ltr'><strong>Deo</strong></span> <span class='ocrx_word' id='word_1_158' title='bbox 1550 2446 1862 2501; x_wconf 72' lang='lat' dir='ltr'><strong>derelictum</strong></span> <span class='ocrx_word' id='word_1_159' title='bbox 1880 2447 2167 2518; x_wconf 63' lang='lat' dir='ltr'><strong>intelligas,</strong></span> 
     </span>
    </p>
   </div>
   <div class='ocr_carea' id='block_1_26' title="bbox 584 2538 2168 2611">
    <p class='ocr_par' dir='ltr' id='par_1_26' title="bbox 584 2538 2168 2611">
     <span class='ocr_line' id='line_1_26' title="bbox 584 2538 2168 2611; baseline 0.003 -20"><span class='ocrx_word' id='word_1_160' title='bbox 584 2548 911 2606; x_wconf 82' lang='lat' dir='ltr'><strong>compuncto</strong></span> <span class='ocrx_word' id='word_1_161' title='bbox 936 2538 1099 2591; x_wconf 85' lang='lat' dir='ltr'><strong>corde</strong></span> <span class='ocrx_word' id='word_1_162' title='bbox 1138 2538 1366 2592; x_wconf 76' lang='lat' dir='ltr'><strong>derauta</strong></span> <span class='ocrx_word' id='word_1_163' title='bbox 1420 2540 1517 2593; x_wconf 71' lang='lat' dir='ltr'><strong>bos</strong></span> <span class='ocrx_word' id='word_1_164' title='bbox 1572 2540 1839 2607; x_wconf 70' lang='lat' dir='ltr'><strong>psalmos:</strong></span> <span class='ocrx_word' id='word_1_165' title='bbox 1871 2538 2168 2611; x_wconf 79' lang='lat' dir='ltr'><strong>Usquequa,</strong></span> 
     </span>
    </p>
   </div>
   <div class='ocr_carea' id='block_1_27' title="bbox 584 2627 2169 2698">
    <p class='ocr_par' dir='ltr' id='par_1_27' title="bbox 584 2627 2169 2698">
     <span class='ocr_line' id='line_1_27' title="bbox 584 2627 2169 2698; baseline 0.003 -15"><span class='ocrx_word' id='word_1_166' title='bbox 584 2627 839 2693; x_wconf 76' lang='lat' dir='ltr'><strong>Domine;</strong></span> <span class='ocrx_word' id='word_1_167' title='bbox 882 2629 1026 2682; x_wconf 78' lang='lat' dir='ltr'><strong>Deus</strong></span> <span class='ocrx_word' id='word_1_168' title='bbox 1054 2631 1271 2683; x_wconf 78' lang='lat' dir='ltr'><strong>auribus</strong></span> <span class='ocrx_word' id='word_1_169' title='bbox 1302 2634 1526 2691; x_wconf 81' lang='lat' dir='ltr'><strong>nostris;</strong></span> <span class='ocrx_word' id='word_1_170' title='bbox 1559 2631 1806 2685; x_wconf 72' lang='lat' dir='ltr'><strong>Miserere</strong></span> <span class='ocrx_word' id='word_1_171' title='bbox 1831 2636 1954 2697; x_wconf 88' lang='lat' dir='ltr'><strong>mei,</strong></span> <span class='ocrx_word' id='word_1_172' title='bbox 1997 2633 2169 2698; x_wconf 84' lang='lat' dir='ltr'><strong>Deus;</strong></span> 
     </span>
    </p>
   </div>
   <div class='ocr_carea' id='block_1_28' title="bbox 588 2719 2171 2791">
    <p class='ocr_par' dir='ltr' id='par_1_28' title="bbox 588 2719 2171 2791">
     <span class='ocr_line' id='line_1_28' title="bbox 588 2719 2171 2791; baseline 0.001 -18"><span class='ocrx_word' id='word_1_173' title='bbox 588 2719 824 2784; x_wconf 74' lang='lat' dir='ltr'><strong>Exaudi,</strong></span> <span class='ocrx_word' id='word_1_174' title='bbox 856 2720 1017 2783; x_wconf 82' lang='lat' dir='ltr'><strong>Deus,</strong></span> <span class='ocrx_word' id='word_1_175' title='bbox 1047 2722 1332 2774; x_wconf 84' lang='lat' dir='ltr'><strong>orationem</strong></span> <span class='ocrx_word' id='word_1_176' title='bbox 1358 2740 1546 2784; x_wconf 80' lang='lat' dir='ltr'><strong>meum,</strong></span> <span class='ocrx_word' id='word_1_177' title='bbox 1573 2732 1619 2774; x_wconf 86' lang='lat' dir='ltr'><strong>et</strong></span> <span class='ocrx_word' id='word_1_178' title='bbox 1646 2740 1706 2784; x_wconf 76' lang='lat' dir='ltr'><strong>ne</strong></span> <span class='ocrx_word' id='word_1_179' title='bbox 1734 2723 2061 2791; x_wconf 76' lang='lat' dir='ltr'><strong>despexeris;</strong></span> <span class='ocrx_word' id='word_1_180' title='bbox 2102 2720 2171 2776; x_wconf 82' lang='lat' dir='ltr'><strong>In</strong></span> 
     </span>
    </p>
   </div>
   <div class='ocr_carea' id='block_1_29' title="bbox 585 2808 2171 2881">
    <p class='ocr_par' dir='ltr' id='par_1_29' title="bbox 585 2808 2171 2881">
     <span class='ocr_line' id='line_1_29' title="bbox 585 2808 2171 2881; baseline 0.004 -20"><span class='ocrx_word' id='word_1_181' title='bbox 585 2820 658 2872; x_wconf 89' lang='lat' dir='ltr'><strong>te,</strong></span> <span class='ocrx_word' id='word_1_182' title='bbox 682 2808 922 2873; x_wconf 82' lang='lat' dir='ltr'><strong>Domine,</strong></span> <span class='ocrx_word' id='word_1_183' title='bbox 944 2812 1166 2881; x_wconf 80' lang='lat' dir='ltr'><strong>speravi.</strong></span> <span class='ocrx_word' id='word_1_184' title='bbox 1208 2811 1275 2864; x_wconf 81' lang='lat' dir='ltr'><strong>Et</strong></span> <span class='ocrx_word' id='word_1_185' title='bbox 1304 2810 1445 2865; x_wconf 85' lang='lat' dir='ltr'><strong>Deus</strong></span> <span class='ocrx_word' id='word_1_186' title='bbox 1468 2812 1651 2866; x_wconf 81' lang='lat' dir='ltr'><strong>statim</strong></span> <span class='ocrx_word' id='word_1_187' title='bbox 1689 2812 1983 2868; x_wconf 70' lang='lat' dir='ltr'><strong>laatilicabit</strong></span> <span class='ocrx_word' id='word_1_188' title='bbox 2014 2822 2067 2869; x_wconf 91' lang='lat' dir='ltr'><strong>te</strong></span> <span class='ocrx_word' id='word_1_189' title='bbox 2117 2815 2171 2868; x_wconf 91' lang='lat' dir='ltr'><strong>in</strong></span> 
     </span>
    </p>
   </div>
   <div class='ocr_carea' id='block_1_30' title="bbox 586 2902 1281 2971">
    <p class='ocr_par' dir='ltr' id='par_1_30' title="bbox 586 2902 1281 2971">
     <span class='ocr_line' id='line_1_30' title="bbox 586 2902 1281 2971; baseline 0.004 -15"><span class='ocrx_word' id='word_1_190' title='bbox 586 2902 841 2958; x_wconf 86' lang='lat' dir='ltr'><strong>omnibus</strong></span> <span class='ocrx_word' id='word_1_191' title='bbox 864 2905 1129 2971; x_wconf 77' lang='lat' dir='ltr'><strong>angustiis</strong></span> <span class='ocrx_word' id='word_1_192' title='bbox 1159 2904 1281 2959; x_wconf 86' lang='lat' dir='ltr'><strong>tuis.</strong></span> 
     </span>
    </p>
   </div>
   <div class='ocr_carea' id='block_1_31' title="bbox 1152 2993 1600 3066">
    <p class='ocr_par' dir='ltr' id='par_1_31' title="bbox 1152 2993 1600 3066">
     <span class='ocr_line' id='line_1_31' title="bbox 1152 2993 1600 3066; baseline 0.007 -17"><span class='ocrx_word' id='word_1_193' title='bbox 1152 2993 1413 3066; x_wconf 73' lang='lat' dir='ltr'><strong>Septimus</strong></span> <span class='ocrx_word' id='word_1_194' title='bbox 1452 3015 1600 3052; x_wconf 86' lang='lat' dir='ltr'><strong>usus.</strong></span> 
     </span>
    </p>
   </div>
   <div class='ocr_carea' id='block_1_32' title="bbox 662 3082 2168 3165">
    <p class='ocr_par' dir='ltr' id='par_1_32' title="bbox 662 3082 2168 3165">
     <span class='ocr_line' id='line_1_32' title="bbox 662 3082 2168 3165; baseline 0.009 -30"><span class='ocrx_word' id='word_1_195' title='bbox 662 3082 790 3140; x_wconf 86' lang='lat' dir='ltr'><strong>Post</strong></span> <span class='ocrx_word' id='word_1_196' title='bbox 811 3095 1089 3157; x_wconf 82' lang='lat' dir='ltr'><strong>acceptam</strong></span> <span class='ocrx_word' id='word_1_197' title='bbox 1113 3089 1373 3159; x_wconf 77' lang='lat' dir='ltr'><strong>quietem,</strong></span> <span class='ocrx_word' id='word_1_198' title='bbox 1409 3098 1465 3145; x_wconf 87' lang='lat' dir='ltr'><strong>et</strong></span> <span class='ocrx_word' id='word_1_199' title='bbox 1496 3094 1872 3161; x_wconf 83' lang='lat' dir='ltr'><strong>prosperitatis</strong></span> <span class='ocrx_word' id='word_1_200' title='bbox 1909 3104 2168 3165; x_wconf 86' lang='lat' dir='ltr'><strong>tempore,</strong></span> 
     </span>
    </p>
   </div>
   <div class='ocr_carea' id='block_1_33' title="bbox 587 3175 2164 3246">
    <p class='ocr_par' dir='ltr' id='par_1_33' title="bbox 587 3175 2164 3246">
     <span class='ocr_line' id='line_1_33' title="bbox 587 3175 2164 3246; baseline 0.01 -17"><span class='ocrx_word' id='word_1_201' title='bbox 587 3175 689 3229; x_wconf 85' lang='lat' dir='ltr'><strong>bos</strong></span> <span class='ocrx_word' id='word_1_202' title='bbox 707 3177 941 3246; x_wconf 81' lang='lat' dir='ltr'><strong>psalmos</strong></span> <span class='ocrx_word' id='word_1_203' title='bbox 953 3180 1178 3234; x_wconf 87' lang='lat' dir='ltr'><strong>decanta</strong></span> <span class='ocrx_word' id='word_1_204' title='bbox 1207 3184 1260 3235; x_wconf 93' lang='lat' dir='ltr'><strong>in</strong></span> <span class='ocrx_word' id='word_1_205' title='bbox 1288 3183 1527 3237; x_wconf 87' lang='lat' dir='ltr'><strong>laudem:</strong></span> <span class='ocrx_word' id='word_1_206' title='bbox 1560 3184 1873 3239; x_wconf 82' lang='lat' dir='ltr'><strong>Benedicam</strong></span> <span class='ocrx_word' id='word_1_207' title='bbox 1900 3186 2164 3246; x_wconf 85' lang='lat' dir='ltr'><strong>Domino:</strong></span> 
     </span>
    </p>
   </div>
   <div class='ocr_carea' id='block_1_34' title="bbox 588 3266 2167 3343">
    <p class='ocr_par' dir='ltr' id='par_1_34' title="bbox 588 3266 2167 3343">
     <span class='ocr_line' id='line_1_34' title="bbox 588 3266 2167 3343; baseline 0.009 -24"><span class='ocrx_word' id='word_1_208' title='bbox 588 3266 833 3333; x_wconf 84' lang='lat' dir='ltr'><strong>Benedic,</strong></span> <span class='ocrx_word' id='word_1_209' title='bbox 871 3271 1047 3323; x_wconf 77' lang='lat' dir='ltr'><strong>(mima</strong></span> <span class='ocrx_word' id='word_1_210' title='bbox 1079 3290 1215 3337; x_wconf 86' lang='lat' dir='ltr'><strong>mea,</strong></span> <span class='ocrx_word' id='word_1_211' title='bbox 1242 3273 1488 3339; x_wconf 90' lang='lat' dir='ltr'><strong>Domino,</strong></span> <span class='ocrx_word' id='word_1_212' title='bbox 1515 3283 1570 3329; x_wconf 89' lang='lat' dir='ltr'><strong>et</strong></span> <span class='ocrx_word' id='word_1_213' title='bbox 1597 3294 1607 3328; x_wconf 91' lang='lat'>:</span> <span class='ocrx_word' id='word_1_214' title='bbox 1645 3276 1905 3331; x_wconf 68' lang='lat' dir='ltr'><strong>Exaltabo</strong></span> <span class='ocrx_word' id='word_1_215' title='bbox 1928 3288 1996 3343; x_wconf 83' lang='lat' dir='ltr'><strong>te,</strong></span> <span class='ocrx_word' id='word_1_216' title='bbox 2029 3279 2167 3334; x_wconf 84' lang='lat' dir='ltr'><strong>Deus</strong></span> 
     </span>
    </p>
   </div>
   <div class='ocr_carea' id='block_1_35' title="bbox 586 3361 2168 3438">
    <p class='ocr_par' dir='ltr' id='par_1_35' title="bbox 586 3361 2168 3438">
     <span class='ocr_line' id='line_1_35' title="bbox 586 3361 2168 3438; baseline 0.008 -26"><span class='ocrx_word' id='word_1_217' title='bbox 586 3373 734 3416; x_wconf 83' lang='lat' dir='ltr'><strong>meus</strong></span> <span class='ocrx_word' id='word_1_218' title='bbox 760 3376 867 3414; x_wconf 69' lang='lat' dir='ltr'><strong>rex.</strong></span> <span class='ocrx_word' id='word_1_219' title='bbox 916 3361 982 3415; x_wconf 81' lang='lat' dir='ltr'><strong>Et</strong></span> <span class='ocrx_word' id='word_1_220' title='bbox 1001 3363 1054 3415; x_wconf 90' lang='lat' dir='ltr'><strong>in</strong></span> <span class='ocrx_word' id='word_1_221' title='bbox 1078 3365 1222 3417; x_wconf 89' lang='lat' dir='ltr'><strong>omni</strong></span> <span class='ocrx_word' id='word_1_222' title='bbox 1247 3374 1485 3434; x_wconf 89' lang='lat' dir='ltr'><strong>tempore</strong></span> <span class='ocrx_word' id='word_1_223' title='bbox 1507 3367 1619 3421; x_wconf 86' lang='lat' dir='ltr'><strong>sive</strong></span> <span class='ocrx_word' id='word_1_224' title='bbox 1632 3369 2020 3438; x_wconf 78' lang='lat' dir='ltr'><strong>prosperitatis,</strong></span> <span class='ocrx_word' id='word_1_225' title='bbox 2055 3372 2168 3424; x_wconf 88' lang='lat' dir='ltr'><strong>sive</strong></span> 
     </span>
    </p>
   </div>
   <div class='ocr_carea' id='block_1_36' title="bbox 591 3450 2169 3530">
    <p class='ocr_par' dir='ltr' id='par_1_36' title="bbox 591 3450 2169 3530">
     <span class='ocr_line' id='line_1_36' title="bbox 591 3450 2169 3530; baseline 0.008 -26"><span class='ocrx_word' id='word_1_226' title='bbox 591 3450 955 3515; x_wconf 86' lang='lat' dir='ltr'><strong>adversitatis,</strong></span> <span class='ocrx_word' id='word_1_227' title='bbox 1008 3470 1219 3524; x_wconf 83' lang='lat' dir='ltr'><strong>semper</strong></span> <span class='ocrx_word' id='word_1_228' title='bbox 1250 3455 1519 3525; x_wconf 80' lang='lat' dir='ltr'><strong>Dymnum</strong></span> <span class='ocrx_word' id='word_1_229' title='bbox 1559 3461 1717 3512; x_wconf 87' lang='lat' dir='ltr'><strong>trium</strong></span> <span class='ocrx_word' id='word_1_230' title='bbox 1762 3476 2043 3530; x_wconf 80' lang='lat' dir='ltr'><strong>puerorum</strong></span> <span class='ocrx_word' id='word_1_231' title='bbox 2074 3463 2169 3516; x_wconf 84' lang='lat' dir='ltr'><strong>de-</strong></span> 
     </span>
    </p>
   </div>
   <div class='ocr_carea' id='block_1_37' title="bbox 590 3543 2170 3621">
    <p class='ocr_par' dir='ltr' id='par_1_37' title="bbox 590 3543 2170 3621">
     <span class='ocr_line' id='line_1_37' title="bbox 590 3543 2170 3621; baseline 0.004 -24"><span class='ocrx_word' id='word_1_232' title='bbox 590 3551 771 3598; x_wconf 84' lang='lat' dir='ltr'><strong>canta.</strong></span> <span class='ocrx_word' id='word_1_233' title='bbox 823 3543 1009 3599; x_wconf 76' lang='lat' dir='ltr'><strong>Nullus</strong></span> <span class='ocrx_word' id='word_1_234' title='bbox 1050 3548 1232 3615; x_wconf 81' lang='lat' dir='ltr'><strong>itaque</strong></span> <span class='ocrx_word' id='word_1_235' title='bbox 1258 3548 1511 3603; x_wconf 75' lang='lat' dir='ltr'><strong>virtutem</strong></span> <span class='ocrx_word' id='word_1_236' title='bbox 1554 3550 1713 3620; x_wconf 84' lang='lat' dir='ltr'><strong>hujus</strong></span> <span class='ocrx_word' id='word_1_237' title='bbox 1742 3551 1975 3606; x_wconf 88' lang='lat' dir='ltr'><strong>nominis</strong></span> <span class='ocrx_word' id='word_1_238' title='bbox 2000 3552 2170 3621; x_wconf 73' lang='lat' dir='ltr'><strong>expli-</strong></span> 
     </span>
    </p>
   </div>
   <div class='ocr_carea' id='block_1_38' title="bbox 591 3636 2170 3707">
    <p class='ocr_par' dir='ltr' id='par_1_38' title="bbox 591 3636 2170 3707">
     <span class='ocr_line' id='line_1_38' title="bbox 591 3636 2170 3707; baseline 0.006 -18"><span class='ocrx_word' id='word_1_239' title='bbox 591 3647 721 3689; x_wconf 82' lang='lat' dir='ltr'><strong>care</strong></span> <span class='ocrx_word' id='word_1_240' title='bbox 758 3642 955 3703; x_wconf 82' lang='lat' dir='ltr'><strong>potest,</strong></span> <span class='ocrx_word' id='word_1_241' title='bbox 1012 3636 1067 3689; x_wconf 92' lang='lat' dir='ltr'><strong>in</strong></span> <span class='ocrx_word' id='word_1_242' title='bbox 1111 3652 1221 3707; x_wconf 90' lang='lat' dir='ltr'><strong>quo</strong></span> <span class='ocrx_word' id='word_1_243' title='bbox 1254 3639 1432 3694; x_wconf 90' lang='lat' dir='ltr'><strong>omnis</strong></span> <span class='ocrx_word' id='word_1_244' title='bbox 1466 3647 1717 3696; x_wconf 81' lang='lat' dir='ltr'><strong>creatura</strong></span> <span class='ocrx_word' id='word_1_245' title='bbox 1742 3641 1811 3696; x_wconf 85' lang='lat' dir='ltr'><strong>ad</strong></span> <span class='ocrx_word' id='word_1_246' title='bbox 1846 3640 2170 3697; x_wconf 85' lang='lat' dir='ltr'><strong>laudandum</strong></span> 
     </span>
    </p>
   </div>
   <div class='ocr_carea' id='block_1_39' title="bbox 591 3722 1231 3782">
    <p class='ocr_par' dir='ltr' id='par_1_39' title="bbox 591 3722 1231 3782">
     <span class='ocr_line' id='line_1_39' title="bbox 591 3722 1231 3782; baseline 0.002 -3"><span class='ocrx_word' id='word_1_247' title='bbox 591 3722 904 3781; x_wconf 86' lang='lat' dir='ltr'><strong>Creatorem</strong></span> <span class='ocrx_word' id='word_1_248' title='bbox 934 3727 1231 3782; x_wconf 83' lang='lat' dir='ltr'><strong>invocatur.</strong></span> 
     </span>
    </p>
   </div>
   <div class='ocr_carea' id='block_1_40' title="bbox 1185 3818 1578 3879">
    <p class='ocr_par' dir='ltr' id='par_1_40' title="bbox 1185 3818 1578 3879">
     <span class='ocr_line' id='line_1_40' title="bbox 1185 3818 1578 3879; baseline 0.015 -6"><span class='ocrx_word' id='word_1_249' title='bbox 1185 3818 1408 3877; x_wconf 79' lang='lat' dir='ltr'><strong>Octavus</strong></span> <span class='ocrx_word' id='word_1_250' title='bbox 1434 3841 1578 3879; x_wconf 80' lang='lat' dir='ltr'><strong>usus.</strong></span> 
     </span>
    </p>
   </div>
   <div class='ocr_carea' id='block_1_41' title="bbox 665 3906 2173 3977">
    <p class='ocr_par' dir='ltr' id='par_1_41' title="bbox 665 3906 2173 3977">
     <span class='ocr_line' id='line_1_41' title="bbox 665 3906 2173 3977; baseline 0.01 -14"><span class='ocrx_word' id='word_1_251' title='bbox 665 3906 721 3963; x_wconf 81' lang='lat' dir='ltr'><strong>Si</strong></span> <span class='ocrx_word' id='word_1_252' title='bbox 752 3908 985 3964; x_wconf 84' lang='lat' dir='ltr'><strong>volueris</strong></span> <span class='ocrx_word' id='word_1_253' title='bbox 1011 3911 1197 3966; x_wconf 88' lang='lat' dir='ltr'><strong>intima</strong></span> <span class='ocrx_word' id='word_1_254' title='bbox 1221 3924 1397 3969; x_wconf 87' lang='lat' dir='ltr'><strong>mente</strong></span> <span class='ocrx_word' id='word_1_255' title='bbox 1413 3930 1667 3971; x_wconf 78' lang='lat' dir='ltr'><strong>exercere</strong></span> <span class='ocrx_word' id='word_1_256' title='bbox 1691 3919 1810 3972; x_wconf 85' lang='lat' dir='ltr'><strong>tein</strong></span> <span class='ocrx_word' id='word_1_257' title='bbox 1835 3919 2033 3975; x_wconf 83' lang='lat' dir='ltr'><strong>divinis</strong></span> <span class='ocrx_word' id='word_1_258' title='bbox 2056 3920 2173 3977; x_wconf 87' lang='lat' dir='ltr'><strong>lau-</strong></span> 
     </span>
    </p>
   </div>
   <div class='ocr_carea' id='block_1_42' title="bbox 591 3998 2173 4080">
    <p class='ocr_par' dir='ltr' id='par_1_42' title="bbox 591 3998 2173 4080">
     <span class='ocr_line' id='line_1_42' title="bbox 591 3998 2173 4080; baseline 0.007 -25"><span class='ocrx_word' id='word_1_259' title='bbox 591 3998 750 4055; x_wconf 81' lang='lat' dir='ltr'><strong>dibus</strong></span> <span class='ocrx_word' id='word_1_260' title='bbox 797 4016 862 4053; x_wconf 87' lang='lat' dir='ltr'><strong>ac</strong></span> <span class='ocrx_word' id='word_1_261' title='bbox 914 4005 1216 4073; x_wconf 73' lang='lat' dir='ltr'><strong>pnnceptis,</strong></span> <span class='ocrx_word' id='word_1_262' title='bbox 1254 4014 1313 4058; x_wconf 89' lang='lat' dir='ltr'><strong>et</strong></span> <span class='ocrx_word' id='word_1_263' title='bbox 1356 4008 1623 4062; x_wconf 88' lang='lat' dir='ltr'><strong>mandatis</strong></span> <span class='ocrx_word' id='word_1_264' title='bbox 1659 4008 1990 4075; x_wconf 75' lang='lat' dir='ltr'><strong>ccelestibus,</strong></span> <span class='ocrx_word' id='word_1_265' title='bbox 2032 4011 2173 4080; x_wconf 89' lang='lat' dir='ltr'><strong>psal-</strong></span> 
     </span>
    </p>
   </div>
   <div class='ocr_carea' id='block_1_43' title="bbox 594 4089 2176 4163">
    <p class='ocr_par' dir='ltr' id='par_1_43' title="bbox 594 4089 2176 4163">
     <span class='ocr_line' id='line_1_43' title="bbox 594 4089 2176 4163; baseline 0.011 -20"><span class='ocrx_word' id='word_1_266' title='bbox 594 4106 762 4156; x_wconf 85' lang='lat' dir='ltr'><strong>mum,</strong></span> <span class='ocrx_word' id='word_1_267' title='bbox 802 4089 953 4147; x_wconf 83' lang='lat' dir='ltr'><strong>Beati</strong></span> <span class='ocrx_word' id='word_1_268' title='bbox 999 4095 1324 4150; x_wconf 84' lang='lat' dir='ltr'><strong>intmaculati</strong></span> <span class='ocrx_word' id='word_1_269' title='bbox 1371 4099 1428 4152; x_wconf 87' lang='lat' dir='ltr'><strong>in</strong></span> <span class='ocrx_word' id='word_1_270' title='bbox 1464 4100 1566 4163; x_wconf 75' lang='lat' dir='ltr'><strong>via,</strong></span> <span class='ocrx_word' id='word_1_271' title='bbox 1629 4101 1874 4157; x_wconf 76' lang='lat' dir='ltr'><strong>decuma.</strong></span> <span class='ocrx_word' id='word_1_272' title='bbox 1940 4103 2004 4157; x_wconf 85' lang='lat' dir='ltr'><strong>Et</strong></span> <span class='ocrx_word' id='word_1_273' title='bbox 2048 4105 2176 4160; x_wconf 88' lang='lat' dir='ltr'><strong>licet</strong></span> 
     </span>
    </p>
   </div>
   <div class='ocr_carea' id='block_1_44' title="bbox 596 4183 2172 4260">
    <p class='ocr_par' dir='ltr' id='par_1_44' title="bbox 596 4183 2172 4260">
     <span class='ocr_line' id='line_1_44' title="bbox 596 4183 2172 4260; baseline 0.01 -26"><span class='ocrx_word' id='word_1_274' title='bbox 596 4196 767 4248; x_wconf 86' lang='lat' dir='ltr'><strong>usque</strong></span> <span class='ocrx_word' id='word_1_275' title='bbox 813 4183 881 4238; x_wconf 86' lang='lat' dir='ltr'><strong>ad</strong></span> <span class='ocrx_word' id='word_1_276' title='bbox 908 4184 1115 4239; x_wconf 78' lang='lat' dir='ltr'><strong>obitum</strong></span> <span class='ocrx_word' id='word_1_277' title='bbox 1138 4187 1261 4241; x_wconf 69' lang='lat' dir='ltr'><strong>vice</strong></span> <span class='ocrx_word' id='word_1_278' title='bbox 1310 4195 1415 4242; x_wconf 64' lang='lat' dir='ltr'><strong>tua:</strong></span> <span class='ocrx_word' id='word_1_279' title='bbox 1480 4188 1637 4260; x_wconf 83' lang='lat' dir='ltr'><strong>hujus</strong></span> <span class='ocrx_word' id='word_1_280' title='bbox 1683 4191 1874 4259; x_wconf 88' lang='lat' dir='ltr'><strong>psalmi</strong></span> <span class='ocrx_word' id='word_1_281' title='bbox 1916 4194 2172 4249; x_wconf 80' lang='lat' dir='ltr'><strong>virtutem</strong></span> 
     </span>
    </p>
   </div>
   <div class='ocr_carea' id='block_1_45' title="bbox 593 4276 2170 4355">
    <p class='ocr_par' dir='ltr' id='par_1_45' title="bbox 593 4276 2170 4355">
     <span class='ocr_line' id='line_1_45' title="bbox 593 4276 2170 4355; baseline 0.007 -26"><span class='ocrx_word' id='word_1_282' title='bbox 593 4276 975 4346; x_wconf 84' lang='lat' dir='ltr'><strong>contempleris</strong></span> <span class='ocrx_word' id='word_1_283' title='bbox 1016 4286 1177 4347; x_wconf 86' lang='lat' dir='ltr'><strong>atque</strong></span> <span class='ocrx_word' id='word_1_284' title='bbox 1223 4281 1503 4346; x_wconf 77' lang='lat' dir='ltr'><strong>scrutaris,</strong></span> <span class='ocrx_word' id='word_1_285' title='bbox 1543 4299 1814 4353; x_wconf 83' lang='lat' dir='ltr'><strong>nunquam</strong></span> <span class='ocrx_word' id='word_1_286' title='bbox 1849 4284 2087 4355; x_wconf 82' lang='lat' dir='ltr'><strong>perfecte</strong></span> <span class='ocrx_word' id='word_1_287' title='bbox 2110 4286 2170 4340; x_wconf 89' lang='lat' dir='ltr'><strong>il-</strong></span> 
     </span>
    </p>
   </div>
   <div class='ocr_carea' id='block_1_46' title="bbox 597 4366 2176 4443">
    <p class='ocr_par' dir='ltr' id='par_1_46' title="bbox 597 4366 2176 4443">
     <span class='ocr_line' id='line_1_46' title="bbox 597 4366 2176 4443; baseline 0.006 -22"><span class='ocrx_word' id='word_1_288' title='bbox 597 4366 730 4431; x_wconf 90' lang='lat' dir='ltr'><strong>lum,</strong></span> <span class='ocrx_word' id='word_1_289' title='bbox 786 4376 846 4422; x_wconf 92' lang='lat' dir='ltr'><strong>ut</strong></span> <span class='ocrx_word' id='word_1_290' title='bbox 884 4378 1040 4437; x_wconf 89' lang='lat' dir='ltr'><strong>puto,</strong></span> <span class='ocrx_word' id='word_1_291' title='bbox 1091 4370 1387 4439; x_wconf 79' lang='lat' dir='ltr'><strong>intelligere</strong></span> <span class='ocrx_word' id='word_1_292' title='bbox 1441 4375 1658 4441; x_wconf 89' lang='lat' dir='ltr'><strong>poteris.</strong></span> <span class='ocrx_word' id='word_1_293' title='bbox 1735 4374 1793 4429; x_wconf 83' lang='lat' dir='ltr'><strong>In</strong></span> <span class='ocrx_word' id='word_1_294' title='bbox 1844 4390 1951 4443; x_wconf 88' lang='lat' dir='ltr'><strong>quo</strong></span> <span class='ocrx_word' id='word_1_295' title='bbox 2000 4377 2176 4430; x_wconf 88' lang='lat' dir='ltr'><strong>nullus</strong></span> 
     </span>
    </p>
   </div>
   <div class='ocr_carea' id='block_1_47' title="bbox 600 4460 2175 4530">
    <p class='ocr_par' dir='ltr' id='par_1_47' title="bbox 600 4460 2175 4530">
     <span class='ocr_line' id='line_1_47' title="bbox 600 4460 2175 4530; baseline 0.008 -21"><span class='ocrx_word' id='word_1_296' title='bbox 600 4471 790 4514; x_wconf 78' lang='lat' dir='ltr'><strong>versus</strong></span> <span class='ocrx_word' id='word_1_297' title='bbox 833 4468 958 4524; x_wconf 89' lang='lat' dir='ltr'><strong>est,</strong></span> <span class='ocrx_word' id='word_1_298' title='bbox 1004 4460 1134 4530; x_wconf 87' lang='lat' dir='ltr'><strong>quin</strong></span> <span class='ocrx_word' id='word_1_299' title='bbox 1180 4461 1311 4514; x_wconf 90' lang='lat' dir='ltr'><strong>insit</strong></span> <span class='ocrx_word' id='word_1_300' title='bbox 1352 4460 1435 4516; x_wconf 87' lang='lat' dir='ltr'><strong>vel</strong></span> <span class='ocrx_word' id='word_1_301' title='bbox 1484 4463 1568 4516; x_wconf 82' lang='lat' dir='ltr'><strong>via</strong></span> <span class='ocrx_word' id='word_1_302' title='bbox 1622 4463 1733 4528; x_wconf 86' lang='lat' dir='ltr'><strong>Dei,</strong></span> <span class='ocrx_word' id='word_1_303' title='bbox 1781 4466 1863 4517; x_wconf 88' lang='lat' dir='ltr'><strong>vel</strong></span> <span class='ocrx_word' id='word_1_304' title='bbox 1909 4465 2027 4529; x_wconf 82' lang='lat' dir='ltr'><strong>lex,</strong></span> <span class='ocrx_word' id='word_1_305' title='bbox 2090 4468 2175 4522; x_wconf 88' lang='lat' dir='ltr'><strong>vel</strong></span> 
     </span>
    </p>
   </div>
   <div class='ocr_carea' id='block_1_48' title="bbox 2262 577 2971 652">
    <p class='ocr_par' dir='ltr' id='par_1_48' title="bbox 2262 577 2971 652">
     <span class='ocr_line' id='line_1_48' title="bbox 2262 577 2971 652; baseline -0.007 -17"><span class='ocrx_word' id='word_1_306' title='bbox 2262 581 2357 635; x_wconf 82' lang='lat' dir='ltr'><strong>Dei</strong></span> <span class='ocrx_word' id='word_1_307' title='bbox 2382 580 2611 652; x_wconf 74' lang='lat' dir='ltr'><strong>gratiam</strong></span> <span class='ocrx_word' id='word_1_308' title='bbox 2634 577 2971 647; x_wconf 89' lang='lat' dir='ltr'><strong>perveneris.</strong></span> 
     </span>
    </p>
   </div>
   <div class='ocr_carea' id='block_1_49' title="bbox 3021 689 3072 750">
    <p class='ocr_par' dir='ltr' id='par_1_49' title="bbox 3021 689 3072 750">
     <span class='ocr_line' id='line_1_49' title="bbox 3021 689 3072 750; baseline -0.078 0"><span class='ocrx_word' id='word_1_309' title='bbox 3021 689 3072 750; x_wconf 88' lang='grc' dir='ltr'><strong>Ι.</strong></span> 
     </span>
    </p>
   </div>
   <div class='ocr_carea' id='block_1_50' title="bbox 2264 784 3854 867">
    <p class='ocr_par' dir='ltr' id='par_1_50' title="bbox 2264 784 3854 867">
     <span class='ocr_line' id='line_1_50' title="bbox 2264 784 3854 867; baseline -0.001 -20"><span class='ocrx_word' id='word_1_310' title='bbox 2264 787 2661 847; x_wconf 74' lang='lat' dir='ltr'><strong>Abbre‘vtatio</strong></span> <span class='ocrx_word' id='word_1_311' title='bbox 2700 794 2955 867; x_wconf 75' lang='lat' dir='ltr'><strong>furtiva:</strong></span> <span class='ocrx_word' id='word_1_312' title='bbox 3001 788 3337 857; x_wconf 87' lang='lat' dir='ltr'><strong>orationis,</strong></span> <span class='ocrx_word' id='word_1_313' title='bbox 3388 784 3542 867; x_wconf 81' lang='lat' dir='ltr'><strong>quid</strong></span> <span class='ocrx_word' id='word_1_314' title='bbox 3569 788 3652 846; x_wconf 86' lang='lat' dir='ltr'><strong>sit</strong></span> <span class='ocrx_word' id='word_1_315' title='bbox 3689 787 3854 847; x_wconf 72' lang='lat' dir='ltr'><strong>satis</strong></span> 
     </span>
    </p>
   </div>
   <div class='ocr_carea' id='block_1_51' title="bbox 2763 884 3348 945">
    <p class='ocr_par' dir='ltr' id='par_1_51' title="bbox 2763 884 3348 945">
     <span class='ocr_line' id='line_1_51' title="bbox 2763 884 3348 945; baseline 0.002 -20"><span class='ocrx_word' id='word_1_316' title='bbox 2763 884 3113 945; x_wconf 81' lang='lat' dir='ltr'><strong>congruum</strong></span> <span class='ocrx_word' id='word_1_317' title='bbox 3147 884 3348 926; x_wconf 82' lang='lat' dir='ltr'><strong>orare.</strong></span> 
     </span>
    </p>
   </div>
   <div class='ocr_carea' id='block_1_52' title="bbox 2332 976 3859 1059">
    <p class='ocr_par' dir='ltr' id='par_1_52' title="bbox 2332 976 3859 1059">
     <span class='ocr_line' id='line_1_52' title="bbox 2332 976 3859 1059; baseline 0.001 -16"><span class='ocrx_word' id='word_1_318' title='bbox 2332 988 2611 1044; x_wconf 83' lang='lat' dir='ltr'><strong>Imitemur</strong></span> <span class='ocrx_word' id='word_1_319' title='bbox 2646 998 2891 1045; x_wconf 87' lang='lat' dir='ltr'><strong>sanctam</strong></span> <span class='ocrx_word' id='word_1_320' title='bbox 2922 990 3223 1046; x_wconf 74' lang='lat' dir='ltr'><strong>Ecclesium</strong></span> <span class='ocrx_word' id='word_1_321' title='bbox 3256 1032 3270 1055; x_wconf 93' lang='lat'><strong>,</strong></span> <span class='ocrx_word' id='word_1_322' title='bbox 3311 976 3469 1059; x_wconf 64' lang='lat' dir='ltr'><strong>cuius</strong></span> <span class='ocrx_word' id='word_1_323' title='bbox 3510 999 3568 1045; x_wconf 88' lang='lat' dir='ltr'><strong>et</strong></span> <span class='ocrx_word' id='word_1_324' title='bbox 3610 992 3859 1047; x_wconf 87' lang='lat' dir='ltr'><strong>membra</strong></span> 
     </span>
    </p>
   </div>
   <div class='ocr_carea' id='block_1_53' title="bbox 2264 1080 3861 1153">
    <p class='ocr_par' dir='ltr' id='par_1_53' title="bbox 2264 1080 3861 1153">
     <span class='ocr_line' id='line_1_53' title="bbox 2264 1080 3861 1153; baseline -0.001 -18"><span class='ocrx_word' id='word_1_325' title='bbox 2264 1096 2471 1135; x_wconf 90' lang='lat' dir='ltr'><strong>sumus.</strong></span> <span class='ocrx_word' id='word_1_326' title='bbox 2503 1080 2619 1152; x_wconf 87' lang='lat' dir='ltr'><strong>Ipsa</strong></span> <span class='ocrx_word' id='word_1_327' title='bbox 2643 1081 2787 1135; x_wconf 89' lang='lat' dir='ltr'><strong>enim</strong></span> <span class='ocrx_word' id='word_1_328' title='bbox 2818 1090 2922 1146; x_wconf 89' lang='lat' dir='ltr'><strong>est,</strong></span> <span class='ocrx_word' id='word_1_329' title='bbox 2955 1097 3075 1151; x_wconf 71' lang='lat' dir='ltr'><strong>qum</strong></span> <span class='ocrx_word' id='word_1_330' title='bbox 3104 1084 3272 1138; x_wconf 87' lang='lat' dir='ltr'><strong>dicit:</strong></span> <span class='ocrx_word' id='word_1_331' title='bbox 3305 1080 3375 1137; x_wconf 87' lang='lat' dir='ltr'><strong>In</strong></span> <span class='ocrx_word' id='word_1_332' title='bbox 3405 1080 3594 1137; x_wconf 81' lang='lat' dir='ltr'><strong>lectulo</strong></span> <span class='ocrx_word' id='word_1_333' title='bbox 3621 1100 3735 1136; x_wconf 86' lang='lat' dir='ltr'><strong>meo</strong></span> <span class='ocrx_word' id='word_1_334' title='bbox 3764 1098 3861 1153; x_wconf 81' lang='lat' dir='ltr'><strong>per</strong></span> 
     </span>
    </p>
   </div>
   <div class='ocr_carea' id='block_1_54' title="bbox 2266 1170 3859 1245">
    <p class='ocr_par' dir='ltr' id='par_1_54' title="bbox 2266 1170 3859 1245">
     <span class='ocr_line' id='line_1_54' title="bbox 2266 1170 3859 1245; baseline -0.001 -17"><span class='ocrx_word' id='word_1_335' title='bbox 2266 1182 2442 1228; x_wconf 87' lang='lat' dir='ltr'><strong>noctes</strong></span> <span class='ocrx_word' id='word_1_336' title='bbox 2463 1175 2698 1244; x_wconf 65' lang='lat' dir='ltr'><strong>quaesivi,</strong></span> <span class='ocrx_word' id='word_1_337' title='bbox 2728 1191 2881 1245; x_wconf 84' lang='lat' dir='ltr'><strong>quem</strong></span> <span class='ocrx_word' id='word_1_338' title='bbox 2903 1174 3076 1245; x_wconf 84' lang='lat' dir='ltr'><strong>diligit</strong></span> <span class='ocrx_word' id='word_1_339' title='bbox 3106 1175 3287 1228; x_wconf 71' lang='lat' dir='ltr'><strong>animo</strong></span> <span class='ocrx_word' id='word_1_340' title='bbox 3321 1190 3439 1229; x_wconf 74' lang='lat' dir='ltr'><strong>mea</strong></span> <span class='ocrx_word' id='word_1_341' title='bbox 3467 1170 3646 1243; x_wconf 84' lang='lat' dir='ltr'><strong>(Cant.</strong></span> <span class='ocrx_word' id='word_1_342' title='bbox 3668 1190 3758 1238; x_wconf 79' lang='lat' dir='ltr'><strong>nr,</strong></span> <span class='ocrx_word' id='word_1_343' title='bbox 3780 1174 3859 1244; x_wconf 80' lang='grc'><strong>1).</strong></span> 
     </span>
    </p>
   </div>
   <div class='ocr_carea' id='block_1_55' title="bbox 2266 1265 3865 1335">
    <p class='ocr_par' dir='ltr' id='par_1_55' title="bbox 2266 1265 3865 1335">
     <span class='ocr_line' id='line_1_55' title="bbox 2266 1265 3865 1335; baseline -0.001 -15"><span class='ocrx_word' id='word_1_344' title='bbox 2266 1267 2335 1320; x_wconf 81' lang='lat' dir='ltr'><strong>Et</strong></span> <span class='ocrx_word' id='word_1_345' title='bbox 2361 1266 2490 1321; x_wconf 91' lang='lat' dir='ltr'><strong>illud</strong></span> <span class='ocrx_word' id='word_1_346' title='bbox 2526 1267 2591 1320; x_wconf 85' lang='lat' dir='ltr'><strong>ad</strong></span> <span class='ocrx_word' id='word_1_347' title='bbox 2629 1267 2942 1321; x_wconf 87' lang='lat' dir='ltr'><strong>Dominum:</strong></span> <span class='ocrx_word' id='word_1_348' title='bbox 2999 1265 3203 1319; x_wconf 76' lang='lat' dir='ltr'><strong>Memor</strong></span> <span class='ocrx_word' id='word_1_349' title='bbox 3238 1267 3317 1335; x_wconf 74' lang='lat' dir='ltr'><strong>fui</strong></span> <span class='ocrx_word' id='word_1_350' title='bbox 3340 1266 3416 1319; x_wconf 75' lang='lat' dir='ltr'><strong>tui</strong></span> <span class='ocrx_word' id='word_1_351' title='bbox 3450 1282 3607 1335; x_wconf 80' lang='lat' dir='ltr'><strong>super</strong></span> <span class='ocrx_word' id='word_1_352' title='bbox 3629 1275 3865 1320; x_wconf 83' lang='lat' dir='ltr'><strong>stratum</strong></span> 
     </span>
    </p>
   </div>
   <div class='ocr_carea' id='block_1_56' title="bbox 2265 1356 3862 1429">
    <p class='ocr_par' dir='ltr' id='par_1_56' title="bbox 2265 1356 3862 1429">
     <span class='ocr_line' id='line_1_56' title="bbox 2265 1356 3862 1429; baseline 0.001 -18"><span class='ocrx_word' id='word_1_353' title='bbox 2265 1373 2436 1411; x_wconf 81' lang='lat' dir='ltr'><strong>meum</strong></span> <span class='ocrx_word' id='word_1_354' title='bbox 2470 1356 2641 1428; x_wconf 81' lang='lat' dir='ltr'><strong>(Psal.</strong></span> <span class='ocrx_word' id='word_1_355' title='bbox 2681 1374 2816 1423; x_wconf 78' lang='lat' dir='ltr'><strong>an,</strong></span> <span class='ocrx_word' id='word_1_356' title='bbox 2845 1358 2922 1429; x_wconf 89' lang='lat'><strong>7).</strong></span> <span class='ocrx_word' id='word_1_357' title='bbox 2976 1358 3118 1429; x_wconf 78' lang='lat' dir='ltr'><strong>Ergo</strong></span> <span class='ocrx_word' id='word_1_358' title='bbox 3150 1372 3274 1413; x_wconf 87' lang='lat' dir='ltr'><strong>cum</strong></span> <span class='ocrx_word' id='word_1_359' title='bbox 3310 1374 3340 1412; x_wconf 88' lang='lat' dir='ltr'><strong>a</strong></span> <span class='ocrx_word' id='word_1_360' title='bbox 3384 1373 3577 1413; x_wconf 86' lang='lat' dir='ltr'><strong>somno</strong></span> <span class='ocrx_word' id='word_1_361' title='bbox 3610 1357 3862 1429; x_wconf 83' lang='lat' dir='ltr'><strong>evigilas,</strong></span> 
     </span>
    </p>
   </div>
   <div class='ocr_carea' id='block_1_57' title="bbox 2266 1450 3866 1520">
    <p class='ocr_par' dir='ltr' id='par_1_57' title="bbox 2266 1450 3866 1520">
     <span class='ocr_line' id='line_1_57' title="bbox 2266 1450 3866 1520; baseline 0.001 -17"><span class='ocrx_word' id='word_1_362' title='bbox 2266 1458 2322 1503; x_wconf 90' lang='lat' dir='ltr'><strong>et</strong></span> <span class='ocrx_word' id='word_1_363' title='bbox 2344 1450 2523 1504; x_wconf 90' lang='lat' dir='ltr'><strong>crucis</strong></span> <span class='ocrx_word' id='word_1_364' title='bbox 2544 1451 2753 1520; x_wconf 79' lang='lat' dir='ltr'><strong>signum</strong></span> <span class='ocrx_word' id='word_1_365' title='bbox 2776 1450 3021 1520; x_wconf 80' lang='lat' dir='ltr'><strong>depingis</strong></span> <span class='ocrx_word' id='word_1_366' title='bbox 3041 1451 3093 1504; x_wconf 91' lang='lat' dir='ltr'><strong>in</strong></span> <span class='ocrx_word' id='word_1_367' title='bbox 3116 1450 3291 1514; x_wconf 87' lang='lat' dir='ltr'><strong>labiis,</strong></span> <span class='ocrx_word' id='word_1_368' title='bbox 3320 1451 3481 1505; x_wconf 87' lang='lat' dir='ltr'><strong>tertio</strong></span> <span class='ocrx_word' id='word_1_369' title='bbox 3509 1459 3720 1520; x_wconf 85' lang='lat' dir='ltr'><strong>repete:</strong></span> <span class='ocrx_word' id='word_1_370' title='bbox 3748 1450 3866 1505; x_wconf 90' lang='lat' dir='ltr'><strong>Do—</strong></span> 
     </span>
    </p>
   </div>
   <div class='ocr_carea' id='block_1_58' title="bbox 2267 1542 3865 1615">
    <p class='ocr_par' dir='ltr' id='par_1_58' title="bbox 2267 1542 3865 1615">
     <span class='ocr_line' id='line_1_58' title="bbox 2267 1542 3865 1615; baseline -0.001 -18"><span class='ocrx_word' id='word_1_371' title='bbox 2267 1545 2425 1608; x_wconf 84' lang='lat' dir='ltr'><strong>mine,</strong></span> <span class='ocrx_word' id='word_1_372' title='bbox 2451 1543 2596 1597; x_wconf 82' lang='lat' dir='ltr'><strong>labia</strong></span> <span class='ocrx_word' id='word_1_373' title='bbox 2624 1559 2741 1598; x_wconf 86' lang='lat' dir='ltr'><strong>mea</strong></span> <span class='ocrx_word' id='word_1_374' title='bbox 2761 1545 2987 1615; x_wconf 73' lang='lat' dir='ltr'><strong>aperias,</strong></span> <span class='ocrx_word' id='word_1_375' title='bbox 3014 1553 3061 1598; x_wconf 85' lang='lat' dir='ltr'><strong>et</strong></span> <span class='ocrx_word' id='word_1_376' title='bbox 3088 1561 3145 1597; x_wconf 84' lang='lat' dir='ltr'><strong>os</strong></span> <span class='ocrx_word' id='word_1_377' title='bbox 3174 1560 3346 1598; x_wconf 83' lang='lat' dir='ltr'><strong>meum</strong></span> <span class='ocrx_word' id='word_1_378' title='bbox 3375 1545 3711 1599; x_wconf 82' lang='lat' dir='ltr'><strong>annuntiabit</strong></span> <span class='ocrx_word' id='word_1_379' title='bbox 3733 1542 3865 1597; x_wconf 68' lang='lat' dir='ltr'><strong>lau-</strong></span> 
     </span>
    </p>
   </div>
   <div class='ocr_carea' id='block_1_59' title="bbox 2265 1634 3865 1708">
    <p class='ocr_par' dir='ltr' id='par_1_59' title="bbox 2265 1634 3865 1708">
     <span class='ocr_line' id='line_1_59' title="bbox 2265 1634 3865 1708; baseline 0.001 -19"><span class='ocrx_word' id='word_1_380' title='bbox 2265 1634 2383 1690; x_wconf 86' lang='lat' dir='ltr'><strong>dem</strong></span> <span class='ocrx_word' id='word_1_381' title='bbox 2403 1646 2569 1690; x_wconf 88' lang='lat' dir='ltr'><strong>tuam.</strong></span> <span class='ocrx_word' id='word_1_382' title='bbox 2613 1635 2753 1691; x_wconf 88' lang='lat' dir='ltr'><strong>Huic</strong></span> <span class='ocrx_word' id='word_1_383' title='bbox 2770 1637 3029 1692; x_wconf 88' lang='lat' dir='ltr'><strong>continuo</strong></span> <span class='ocrx_word' id='word_1_384' title='bbox 3058 1636 3287 1708; x_wconf 77' lang='lat' dir='ltr'><strong>adjunge</strong></span> <span class='ocrx_word' id='word_1_385' title='bbox 3308 1638 3574 1708; x_wconf 89' lang='lat' dir='ltr'><strong>psalmum</strong></span> <span class='ocrx_word' id='word_1_386' title='bbox 3600 1639 3865 1693; x_wconf 85' lang='lat' dir='ltr'><strong>tertium:</strong></span> 
     </span>
    </p>
   </div>
   <div class='ocr_carea' id='block_1_60' title="bbox 2272 1725 3871 1798">
    <p class='ocr_par' dir='ltr' id='par_1_60' title="bbox 2272 1725 3871 1798">
     <span class='ocr_line' id='line_1_60' title="bbox 2272 1725 3871 1798; baseline 0.001 -17"><span class='ocrx_word' id='word_1_387' title='bbox 2272 1725 2662 1797; x_wconf 77' lang='lat' dir='ltr'><strong>Domine,quid</strong></span> <span class='ocrx_word' id='word_1_388' title='bbox 2682 1726 3014 1797; x_wconf 78' lang='lat' dir='ltr'><strong>multiplicati</strong></span> <span class='ocrx_word' id='word_1_389' title='bbox 3038 1738 3179 1781; x_wconf 82' lang='lat' dir='ltr'><strong>sunt.</strong></span> <span class='ocrx_word' id='word_1_390' title='bbox 3242 1729 3309 1782; x_wconf 82' lang='lat' dir='ltr'><strong>Et</strong></span> <span class='ocrx_word' id='word_1_391' title='bbox 3355 1729 3669 1784; x_wconf 82' lang='lat' dir='ltr'><strong>vicesimum</strong></span> <span class='ocrx_word' id='word_1_392' title='bbox 3699 1744 3871 1798; x_wconf 81' lang='lat' dir='ltr'><strong>quar—</strong></span> 
     </span>
    </p>
   </div>
   <div class='ocr_carea' id='block_1_61' title="bbox 2270 1814 3873 1887">
    <p class='ocr_par' dir='ltr' id='par_1_61' title="bbox 2270 1814 3873 1887">
     <span class='ocr_line' id='line_1_61' title="bbox 2270 1814 3873 1887; baseline 0.002 -20"><span class='ocrx_word' id='word_1_393' title='bbox 2270 1824 2382 1867; x_wconf 88' lang='lat' dir='ltr'><strong>tum</strong></span> <span class='ocrx_word' id='word_1_394' title='bbox 2403 1831 2415 1868; x_wconf 92' lang='lat'><em>:</em></span> <span class='ocrx_word' id='word_1_395' title='bbox 2440 1814 2521 1868; x_wconf 79' lang='lat' dir='ltr'><strong>Ad</strong></span> <span class='ocrx_word' id='word_1_396' title='bbox 2544 1825 2611 1879; x_wconf 85' lang='lat' dir='ltr'><strong>te,</strong></span> <span class='ocrx_word' id='word_1_397' title='bbox 2633 1814 2871 1879; x_wconf 82' lang='lat' dir='ltr'><strong>Domine,</strong></span> <span class='ocrx_word' id='word_1_398' title='bbox 2897 1814 3076 1870; x_wconf 75' lang='lat' dir='ltr'><strong>levari.</strong></span> <span class='ocrx_word' id='word_1_399' title='bbox 3099 1816 3297 1871; x_wconf 87' lang='lat' dir='ltr'><strong>Etocto</strong></span> <span class='ocrx_word' id='word_1_400' title='bbox 3313 1833 3500 1872; x_wconf 89' lang='lat' dir='ltr'><strong>versus</strong></span> <span class='ocrx_word' id='word_1_401' title='bbox 3520 1818 3708 1887; x_wconf 87' lang='lat' dir='ltr'><strong>psalmi</strong></span> <span class='ocrx_word' id='word_1_402' title='bbox 3735 1834 3873 1872; x_wconf 82' lang='lat' dir='ltr'><strong>cen-</strong></span> 
     </span>
    </p>
   </div>
   <div class='ocr_carea' id='block_1_62' title="bbox 2274 1906 3873 1979">
    <p class='ocr_par' dir='ltr' id='par_1_62' title="bbox 2274 1906 3873 1979">
     <span class='ocr_line' id='line_1_62' title="bbox 2274 1906 3873 1979; baseline 0.002 -20"><span class='ocrx_word' id='word_1_403' title='bbox 2274 1906 2452 1960; x_wconf 89' lang='lat' dir='ltr'><strong>tesimi</strong></span> <span class='ocrx_word' id='word_1_404' title='bbox 2500 1906 2606 1977; x_wconf 71' lang='lat'><strong>23</strong></span> <span class='ocrx_word' id='word_1_405' title='bbox 2640 1907 2818 1961; x_wconf 85' lang='lat' dir='ltr'><strong>octavi</strong></span> <span class='ocrx_word' id='word_1_406' title='bbox 2855 1909 3085 1972; x_wconf 86' lang='lat' dir='ltr'><strong>decimi,</strong></span> <span class='ocrx_word' id='word_1_407' title='bbox 3132 1924 3362 1977; x_wconf 88' lang='lat' dir='ltr'><strong>quorum</strong></span> <span class='ocrx_word' id='word_1_408' title='bbox 3404 1919 3567 1979; x_wconf 87' lang='lat' dir='ltr'><strong>caput</strong></span> <span class='ocrx_word' id='word_1_409' title='bbox 3597 1918 3710 1963; x_wconf 88' lang='lat' dir='ltr'><strong>est:</strong></span> <span class='ocrx_word' id='word_1_410' title='bbox 3755 1910 3873 1962; x_wconf 80' lang='lat' dir='ltr'><strong>Ad-</strong></span> 
     </span>
    </p>
   </div>
   <div class='ocr_carea' id='block_1_63' title="bbox 2272 1996 3870 2069">
    <p class='ocr_par' dir='ltr' id='par_1_63' title="bbox 2272 1996 3870 2069">
     <span class='ocr_line' id='line_1_63' title="bbox 2272 1996 3870 2069; baseline 0.002 -19"><span class='ocrx_word' id='word_1_411' title='bbox 2272 1999 2419 2052; x_wconf 81' lang='lat' dir='ltr'><strong>Iucsit</strong></span> <span class='ocrx_word' id='word_1_412' title='bbox 2445 1998 2759 2067; x_wconf 86' lang='lat' dir='ltr'><strong>pavimento.</strong></span> <span class='ocrx_word' id='word_1_413' title='bbox 2820 1996 2985 2069; x_wconf 84' lang='lat' dir='ltr'><strong>Kyrie</strong></span> <span class='ocrx_word' id='word_1_414' title='bbox 3012 1998 3231 2065; x_wconf 88' lang='lat' dir='ltr'><strong>eleison,</strong></span> <span class='ocrx_word' id='word_1_415' title='bbox 3274 1999 3587 2055; x_wconf 84' lang='lat' dir='ltr'><strong>Orationem</strong></span> <span class='ocrx_word' id='word_1_416' title='bbox 3617 2000 3870 2055; x_wconf 84' lang='lat' dir='ltr'><strong>Domini—</strong></span> 
     </span>
    </p>
   </div>
   <div class='ocr_carea' id='block_1_64' title="bbox 2272 2088 3873 2160">
    <p class='ocr_par' dir='ltr' id='par_1_64' title="bbox 2272 2088 3873 2160">
     <span class='ocr_line' id='line_1_64' title="bbox 2272 2088 3873 2160; baseline -0.001 -16"><span class='ocrx_word' id='word_1_417' title='bbox 2272 2105 2416 2153; x_wconf 84' lang='lat' dir='ltr'><strong>cam,</strong></span> <span class='ocrx_word' id='word_1_418' title='bbox 2466 2088 2809 2160; x_wconf 81' lang='lat' dir='ltr'><strong>Adjutorium</strong></span> <span class='ocrx_word' id='word_1_419' title='bbox 2861 2100 3099 2143; x_wconf 82' lang='lat' dir='ltr'><strong>nostrum</strong></span> <span class='ocrx_word' id='word_1_420' title='bbox 3146 2090 3201 2143; x_wconf 88' lang='lat' dir='ltr'><strong>in</strong></span> <span class='ocrx_word' id='word_1_421' title='bbox 3234 2093 3445 2144; x_wconf 84' lang='lat' dir='ltr'><strong>nomine</strong></span> <span class='ocrx_word' id='word_1_422' title='bbox 3476 2089 3727 2154; x_wconf 85' lang='lat' dir='ltr'><strong>Domini,</strong></span> <span class='ocrx_word' id='word_1_423' title='bbox 3775 2090 3873 2159; x_wconf 88' lang='lat' dir='ltr'><strong>qui</strong></span> 
     </span>
    </p>
   </div>
   <div class='ocr_carea' id='block_1_65' title="bbox 2271 2184 3870 2255">
    <p class='ocr_par' dir='ltr' id='par_1_65' title="bbox 2271 2184 3870 2255">
     <span class='ocr_line' id='line_1_65' title="bbox 2271 2184 3870 2255; baseline -0.001 -14"><span class='ocrx_word' id='word_1_424' title='bbox 2271 2187 2393 2255; x_wconf 81' lang='lat' dir='ltr'><strong>fecit</strong></span> <span class='ocrx_word' id='word_1_425' title='bbox 2423 2185 2606 2240; x_wconf 71' lang='lat' dir='ltr'><strong>caelum</strong></span> <span class='ocrx_word' id='word_1_426' title='bbox 2659 2195 2707 2239; x_wconf 87' lang='lat' dir='ltr'><strong>et</strong></span> <span class='ocrx_word' id='word_1_427' title='bbox 2744 2195 2963 2247; x_wconf 86' lang='lat' dir='ltr'><strong>terram,</strong></span> <span class='ocrx_word' id='word_1_428' title='bbox 2988 2184 3301 2254; x_wconf 74' lang='lat' dir='ltr'><strong>Symbolum</strong></span> <span class='ocrx_word' id='word_1_429' title='bbox 3334 2186 3741 2255; x_wconf 78' lang='lat' dir='ltr'><strong>Apostolorum,</strong></span> <span class='ocrx_word' id='word_1_430' title='bbox 3788 2194 3870 2250; x_wconf 85' lang='lat' dir='ltr'><strong>et,</strong></span> 
     </span>
    </p>
   </div>
   <div class='ocr_carea' id='block_1_66' title="bbox 2269 2275 3875 2345">
    <p class='ocr_par' dir='ltr' id='par_1_66' title="bbox 2269 2275 3875 2345">
     <span class='ocr_line' id='line_1_66' title="bbox 2269 2275 3875 2345; baseline -0.001 -14"><span class='ocrx_word' id='word_1_431' title='bbox 2269 2276 2570 2332; x_wconf 81' lang='lat' dir='ltr'><strong>Benedicite</strong></span> <span class='ocrx_word' id='word_1_432' title='bbox 2609 2277 2789 2331; x_wconf 82' lang='lat' dir='ltr'><strong>omnia</strong></span> <span class='ocrx_word' id='word_1_433' title='bbox 2833 2292 2990 2345; x_wconf 80' lang='lat' dir='ltr'><strong>opera</strong></span> <span class='ocrx_word' id='word_1_434' title='bbox 3016 2275 3230 2330; x_wconf 83' lang='lat' dir='ltr'><strong>Domini</strong></span> <span class='ocrx_word' id='word_1_435' title='bbox 3280 2276 3524 2331; x_wconf 86' lang='lat' dir='ltr'><strong>Domino.</strong></span> <span class='ocrx_word' id='word_1_436' title='bbox 3587 2275 3657 2329; x_wconf 84' lang='lat' dir='ltr'><strong>Te</strong></span> <span class='ocrx_word' id='word_1_437' title='bbox 3702 2275 3875 2331; x_wconf 73' lang='lat' dir='ltr'><strong>Deum</strong></span> 
     </span>
    </p>
   </div>
   <div class='ocr_carea' id='block_1_67' title="bbox 2270 2366 3874 2439">
    <p class='ocr_par' dir='ltr' id='par_1_67' title="bbox 2270 2366 3874 2439">
     <span class='ocr_line' id='line_1_67' title="bbox 2270 2366 3874 2439; baseline 0.002 -20"><span class='ocrx_word' id='word_1_438' title='bbox 2270 2366 2571 2423; x_wconf 84' lang='lat' dir='ltr'><strong>laudamus.</strong></span> <span class='ocrx_word' id='word_1_439' title='bbox 2630 2368 2700 2422; x_wconf 78' lang='lat' dir='ltr'><strong>Te</strong></span> <span class='ocrx_word' id='word_1_440' title='bbox 2726 2369 2869 2423; x_wconf 78' lang='lat' dir='ltr'><strong>decet</strong></span> <span class='ocrx_word' id='word_1_441' title='bbox 2900 2368 3051 2433; x_wconf 81' lang='lat' dir='ltr'><strong>laus;</strong></span> <span class='ocrx_word' id='word_1_442' title='bbox 3083 2370 3136 2423; x_wconf 89' lang='lat' dir='ltr'><strong>in</strong></span> <span class='ocrx_word' id='word_1_443' title='bbox 3157 2371 3259 2425; x_wconf 88' lang='lat' dir='ltr'><strong>hoc</strong></span> <span class='ocrx_word' id='word_1_444' title='bbox 3288 2387 3441 2425; x_wconf 82' lang='lat' dir='ltr'><strong>versu</strong></span> <span class='ocrx_word' id='word_1_445' title='bbox 3475 2386 3682 2439; x_wconf 76' lang='lat' dir='ltr'><strong>surges.</strong></span> <span class='ocrx_word' id='word_1_446' title='bbox 3732 2367 3874 2423; x_wconf 79' lang='lat' dir='ltr'><strong>Pro-</strong></span> 
     </span>
    </p>
   </div>
   <div class='ocr_carea' id='block_1_68' title="bbox 2268 2459 3875 2528">
    <p class='ocr_par' dir='ltr' id='par_1_68' title="bbox 2268 2459 3875 2528">
     <span class='ocr_line' id='line_1_68' title="bbox 2268 2459 3875 2528; baseline 0.002 -16"><span class='ocrx_word' id='word_1_447' title='bbox 2268 2469 2778 2528; x_wconf 84' lang='lat' dir='ltr'><strong>pteruomentuum,</strong></span> <span class='ocrx_word' id='word_1_448' title='bbox 2824 2459 3072 2515; x_wconf 80' lang='lat' dir='ltr'><strong>Domine.</strong></span> <span class='ocrx_word' id='word_1_449' title='bbox 3144 2460 3562 2516; x_wconf 78' lang='lat' dir='ltr'><strong>Firmamentum</strong></span> <span class='ocrx_word' id='word_1_450' title='bbox 3591 2479 3789 2525; x_wconf 83' lang='lat' dir='ltr'><strong>meum,</strong></span> <span class='ocrx_word' id='word_1_451' title='bbox 3825 2472 3875 2515; x_wconf 86' lang='lat' dir='ltr'><strong>rt</strong></span> 
     </span>
    </p>
   </div>
   <div class='ocr_carea' id='block_1_69' title="bbox 2272 2553 3869 2623">
    <p class='ocr_par' dir='ltr' id='par_1_69' title="bbox 2272 2553 3869 2623">
     <span class='ocr_line' id='line_1_69' title="bbox 2272 2553 3869 2623; baseline 0.003 -18"><span class='ocrx_word' id='word_1_452' title='bbox 2272 2553 2534 2623; x_wconf 73' lang='lat' dir='ltr'><strong>refugium</strong></span> <span class='ocrx_word' id='word_1_453' title='bbox 2557 2571 2751 2619; x_wconf 77' lang='lat' dir='ltr'><strong>meum,</strong></span> <span class='ocrx_word' id='word_1_454' title='bbox 2774 2563 2821 2608; x_wconf 86' lang='lat' dir='ltr'><strong>et</strong></span> <span class='ocrx_word' id='word_1_455' title='bbox 2842 2555 2952 2608; x_wconf 67' lang='lat' dir='ltr'><strong>duo:</strong></span> <span class='ocrx_word' id='word_1_456' title='bbox 2969 2572 3112 2609; x_wconf 85' lang='lat' dir='ltr'><strong>meus</strong></span> <span class='ocrx_word' id='word_1_457' title='bbox 3143 2566 3274 2619; x_wconf 86' lang='lat' dir='ltr'><strong>esto,</strong></span> <span class='ocrx_word' id='word_1_458' title='bbox 3294 2556 3513 2610; x_wconf 81' lang='lat' dir='ltr'><strong>Domine</strong></span> <span class='ocrx_word' id='word_1_459' title='bbox 3540 2557 3675 2610; x_wconf 88' lang='lat' dir='ltr'><strong>Deus</strong></span> <span class='ocrx_word' id='word_1_460' title='bbox 3697 2574 3869 2609; x_wconf 85' lang='lat' dir='ltr'><strong>meus.</strong></span> 
     </span>
    </p>
   </div>
   <div class='ocr_carea' id='block_1_70' title="bbox 2270 2643 3873 2725">
    <p class='ocr_par' dir='ltr' id='par_1_70' title="bbox 2270 2643 3873 2725">
     <span class='ocr_line' id='line_1_70' title="bbox 2270 2643 3873 2725; baseline 0.002 -27"><span class='ocrx_word' id='word_1_461' title='bbox 2270 2643 2330 2698; x_wconf 85' lang='lat' dir='ltr'><strong>In</strong></span> <span class='ocrx_word' id='word_1_462' title='bbox 2373 2646 2457 2700; x_wconf 90' lang='lat' dir='ltr'><strong>his</strong></span> <span class='ocrx_word' id='word_1_463' title='bbox 2487 2648 2665 2700; x_wconf 65' lang='lat' dir='ltr'><strong>verbis</strong></span> <span class='ocrx_word' id='word_1_464' title='bbox 2693 2662 2817 2725; x_wconf 77' lang='lat' dir='ltr'><strong>mox</strong></span> <span class='ocrx_word' id='word_1_465' title='bbox 2843 2658 2901 2701; x_wconf 92' lang='lat' dir='ltr'><strong>ut</strong></span> <span class='ocrx_word' id='word_1_466' title='bbox 2931 2648 3229 2703; x_wconf 83' lang='lat' dir='ltr'><strong>Ecclesiam</strong></span> <span class='ocrx_word' id='word_1_467' title='bbox 3258 2650 3591 2720; x_wconf 82' lang='lat' dir='ltr'><strong>ingrcdieris,</strong></span> <span class='ocrx_word' id='word_1_468' title='bbox 3623 2659 3873 2705; x_wconf 84' lang='lat' dir='ltr'><strong>sanctam</strong></span> 
     </span>
    </p>
   </div>
   <div class='ocr_carea' id='block_1_71' title="bbox 2274 2737 3096 2810">
    <p class='ocr_par' dir='ltr' id='par_1_71' title="bbox 2274 2737 3096 2810">
     <span class='ocr_line' id='line_1_71' title="bbox 2274 2737 3096 2810; baseline 0.001 -18"><span class='ocrx_word' id='word_1_469' title='bbox 2274 2738 2501 2793; x_wconf 78' lang='lat' dir='ltr'><strong>adorare</strong></span> <span class='ocrx_word' id='word_1_470' title='bbox 2528 2741 2733 2810; x_wconf 85' lang='lat' dir='ltr'><strong>poteris</strong></span> <span class='ocrx_word' id='word_1_471' title='bbox 2755 2737 3096 2795; x_wconf 82' lang='lat' dir='ltr'><strong>Trinitatem.</strong></span> 
     </span>
    </p>
   </div>
   <div class='ocr_carea' id='block_1_72' title="bbox 2873 2855 3256 2912">
    <p class='ocr_par' dir='ltr' id='par_1_72' title="bbox 2873 2855 3256 2912">
     <span class='ocr_line' id='line_1_72' title="bbox 2873 2855 3256 2912; baseline 0.003 -3"><span class='ocrx_word' id='word_1_472' title='bbox 2873 2855 3011 2910; x_wconf 89' lang='lat' dir='ltr'><strong>Item</strong></span> <span class='ocrx_word' id='word_1_473' title='bbox 3051 2856 3256 2912; x_wconf 82' lang='lat' dir='ltr'><strong>Oratio.</strong></span> 
     </span>
    </p>
   </div>
   <div class='ocr_carea' id='block_1_73' title="bbox 2344 2945 3876 3017">
    <p class='ocr_par' dir='ltr' id='par_1_73' title="bbox 2344 2945 3876 3017">
     <span class='ocr_line' id='line_1_73' title="bbox 2344 2945 3876 3017; baseline 0.006 -18"><span class='ocrx_word' id='word_1_474' title='bbox 2344 2945 2569 2999; x_wconf 88' lang='lat' dir='ltr'><strong>Domine</strong></span> <span class='ocrx_word' id='word_1_475' title='bbox 2593 2946 2733 3000; x_wconf 87' lang='lat' dir='ltr'><strong>Deus</strong></span> <span class='ocrx_word' id='word_1_476' title='bbox 2772 2948 3130 3016; x_wconf 87' lang='lat' dir='ltr'><strong>omnipotens,</strong></span> <span class='ocrx_word' id='word_1_477' title='bbox 3160 2958 3361 3004; x_wconf 80' lang='lat' dir='ltr'><strong>:nlerne</strong></span> <span class='ocrx_word' id='word_1_478' title='bbox 3382 2959 3437 3003; x_wconf 86' lang='lat' dir='ltr'><strong>et</strong></span> <span class='ocrx_word' id='word_1_479' title='bbox 3464 2949 3770 3017; x_wconf 77' lang='lat' dir='ltr'><strong>ineﬂ‘abilis,</strong></span> <span class='ocrx_word' id='word_1_480' title='bbox 3799 2953 3876 3008; x_wconf 82' lang='lat' dir='ltr'><strong>si-</strong></span> 
     </span>
    </p>
   </div>
   <div class='ocr_carea' id='block_1_74' title="bbox 2274 3033 3875 3108">
    <p class='ocr_par' dir='ltr' id='par_1_74' title="bbox 2274 3033 3875 3108">
     <span class='ocr_line' id='line_1_74' title="bbox 2274 3033 3875 3108; baseline 0.004 -17"><span class='ocrx_word' id='word_1_481' title='bbox 2274 3052 2340 3091; x_wconf 89' lang='lat' dir='ltr'><strong>ne</strong></span> <span class='ocrx_word' id='word_1_482' title='bbox 2369 3038 2475 3091; x_wconf 80' lang='lat' dir='ltr'><strong>tine</strong></span> <span class='ocrx_word' id='word_1_483' title='bbox 2509 3046 2672 3107; x_wconf 87' lang='lat' dir='ltr'><strong>atque</strong></span> <span class='ocrx_word' id='word_1_484' title='bbox 2702 3039 2873 3098; x_wconf 89' lang='lat' dir='ltr'><strong>initio,</strong></span> <span class='ocrx_word' id='word_1_485' title='bbox 2903 3053 3062 3108; x_wconf 80' lang='lat' dir='ltr'><strong>quem</strong></span> <span class='ocrx_word' id='word_1_486' title='bbox 3108 3054 3270 3094; x_wconf 84' lang='lat' dir='ltr'><strong>unum</strong></span> <span class='ocrx_word' id='word_1_487' title='bbox 3301 3042 3354 3095; x_wconf 90' lang='lat' dir='ltr'><strong>in</strong></span> <span class='ocrx_word' id='word_1_488' title='bbox 3381 3033 3660 3107; x_wconf 80' lang='lat' dir='ltr'><strong>Trinitate,</strong></span> <span class='ocrx_word' id='word_1_489' title='bbox 3689 3053 3746 3098; x_wconf 86' lang='lat' dir='ltr'><strong>et</strong></span> <span class='ocrx_word' id='word_1_490' title='bbox 3775 3044 3875 3098; x_wconf 88' lang='lat' dir='ltr'><strong>tri-</strong></span> 
     </span>
    </p>
   </div>
   <div class='ocr_carea' id='block_1_75' title="bbox 2274 3132 3873 3202">
    <p class='ocr_par' dir='ltr' id='par_1_75' title="bbox 2274 3132 3873 3202">
     <span class='ocr_line' id='line_1_75' title="bbox 2274 3132 3873 3202; baseline 0.004 -18"><span class='ocrx_word' id='word_1_491' title='bbox 2274 3147 2403 3185; x_wconf 90' lang='lat' dir='ltr'><strong>num</strong></span> <span class='ocrx_word' id='word_1_492' title='bbox 2432 3133 2482 3185; x_wconf 91' lang='lat' dir='ltr'><strong>in</strong></span> <span class='ocrx_word' id='word_1_493' title='bbox 2508 3133 2714 3186; x_wconf 89' lang='lat' dir='ltr'><strong>unitate</strong></span> <span class='ocrx_word' id='word_1_494' title='bbox 2733 3132 3056 3187; x_wconf 82' lang='lat' dir='ltr'><strong>conﬁtemur</strong></span> <span class='ocrx_word' id='word_1_495' title='bbox 3080 3151 3092 3185; x_wconf 91' lang='lat'><strong>:</strong></span> <span class='ocrx_word' id='word_1_496' title='bbox 3127 3143 3178 3188; x_wconf 88' lang='lat' dir='ltr'><strong>te</strong></span> <span class='ocrx_word' id='word_1_497' title='bbox 3205 3133 3377 3189; x_wconf 84' lang='lat' dir='ltr'><strong>solum</strong></span> <span class='ocrx_word' id='word_1_498' title='bbox 3403 3136 3587 3201; x_wconf 81' lang='lat' dir='ltr'><strong>adoro,</strong></span> <span class='ocrx_word' id='word_1_499' title='bbox 3615 3148 3666 3191; x_wconf 88' lang='lat' dir='ltr'><strong>te</strong></span> <span class='ocrx_word' id='word_1_500' title='bbox 3687 3137 3873 3202; x_wconf 86' lang='lat' dir='ltr'><strong>laudo,</strong></span> 
     </span>
    </p>
   </div>
   <div class='ocr_carea' id='block_1_76' title="bbox 2147 3224 3876 3293">
    <p class='ocr_par' dir='ltr' id='par_1_76' title="bbox 2147 3224 3876 3293">
     <span class='ocr_line' id='line_1_76' title="bbox 2147 3224 3876 3293; baseline 0.004 -15"><span class='ocrx_word' id='word_1_501' title='bbox 2147 3232 2160 3251; x_wconf 91' lang='lat'>’</span> <span class='ocrx_word' id='word_1_502' title='bbox 2191 3231 2238 3291; x_wconf 83' lang='lat' dir='ltr'><strong><em>C</em></strong></span> <span class='ocrx_word' id='word_1_503' title='bbox 2271 3234 2324 3279; x_wconf 86' lang='lat' dir='ltr'><strong>te</strong></span> <span class='ocrx_word' id='word_1_504' title='bbox 2354 3224 2636 3288; x_wconf 79' lang='lat' dir='ltr'><strong>benedice,</strong></span> <span class='ocrx_word' id='word_1_505' title='bbox 2689 3233 2848 3292; x_wconf 88' lang='lat' dir='ltr'><strong>teque</strong></span> <span class='ocrx_word' id='word_1_506' title='bbox 2893 3225 3153 3293; x_wconf 72' lang='lat' dir='ltr'><strong>glorifico.</strong></span> <span class='ocrx_word' id='word_1_507' title='bbox 3206 3226 3344 3287; x_wconf 84' lang='lat' dir='ltr'><strong>Tibi,</strong></span> <span class='ocrx_word' id='word_1_508' title='bbox 3372 3245 3409 3281; x_wconf 80' lang='grc' dir='ltr'><strong>ο</strong></span> <span class='ocrx_word' id='word_1_509' title='bbox 3458 3230 3773 3285; x_wconf 84' lang='lat' dir='ltr'><strong>misericors</strong></span> <span class='ocrx_word' id='word_1_510' title='bbox 3819 3239 3876 3285; x_wconf 87' lang='lat' dir='ltr'><strong>et</strong></span> 
     </span>
    </p>
   </div>
   <div class='ocr_carea' id='block_1_77' title="bbox 2269 3314 3876 3391">
    <p class='ocr_par' dir='ltr' id='par_1_77' title="bbox 2269 3314 3876 3391">
     <span class='ocr_line' id='line_1_77' title="bbox 2269 3314 3876 3391; baseline 0.006 -23"><span class='ocrx_word' id='word_1_511' title='bbox 2269 3315 2524 3377; x_wconf 72' lang='lat' dir='ltr'><strong>clemens,</strong></span> <span class='ocrx_word' id='word_1_512' title='bbox 2571 3315 2774 3384; x_wconf 80' lang='lat' dir='ltr'><strong>gratias</strong></span> <span class='ocrx_word' id='word_1_513' title='bbox 2803 3314 2999 3375; x_wconf 80' lang='lat' dir='ltr'><strong>refero,</strong></span> <span class='ocrx_word' id='word_1_514' title='bbox 3030 3317 3120 3385; x_wconf 90' lang='lat' dir='ltr'><strong>qui</strong></span> <span class='ocrx_word' id='word_1_515' title='bbox 3160 3331 3244 3370; x_wconf 90' lang='lat' dir='ltr'><strong>me</strong></span> <span class='ocrx_word' id='word_1_516' title='bbox 3287 3326 3511 3373; x_wconf 80' lang='lat' dir='ltr'><strong>exutum</strong></span> <span class='ocrx_word' id='word_1_517' title='bbox 3554 3329 3711 3377; x_wconf 80' lang='lat' dir='ltr'><strong>nocte</strong></span> <span class='ocrx_word' id='word_1_518' title='bbox 3747 3336 3876 3391; x_wconf 85' lang='lat' dir='ltr'><strong>per—</strong></span> 
     </span>
    </p>
   </div>
   <div class='ocr_carea' id='block_1_78' title="bbox 2271 3405 3869 3480">
    <p class='ocr_par' dir='ltr' id='par_1_78' title="bbox 2271 3405 3869 3480">
     <span class='ocr_line' id='line_1_78' title="bbox 2271 3405 3869 3480; baseline 0.005 -21"><span class='ocrx_word' id='word_1_519' title='bbox 2271 3405 2409 3459; x_wconf 67' lang='lat' dir='ltr'><strong>ﬁdi-ac</strong></span> <span class='ocrx_word' id='word_1_520' title='bbox 2433 3416 2488 3459; x_wconf 85' lang='lat' dir='ltr'><strong>et</strong></span> <span class='ocrx_word' id='word_1_521' title='bbox 2514 3408 2737 3469; x_wconf 86' lang='lat' dir='ltr'><strong>erroris,</strong></span> <span class='ocrx_word' id='word_1_522' title='bbox 2769 3407 3085 3476; x_wconf 88' lang='lat' dir='ltr'><strong>participem</strong></span> <span class='ocrx_word' id='word_1_523' title='bbox 3118 3406 3231 3461; x_wconf 80' lang='lat' dir='ltr'><strong>fieri</strong></span> <span class='ocrx_word' id='word_1_524' title='bbox 3261 3410 3497 3465; x_wconf 75' lang='lat' dir='ltr'><strong>tribuisti</strong></span> <span class='ocrx_word' id='word_1_525' title='bbox 3526 3413 3713 3480; x_wconf 69' lang='lat' dir='ltr'><strong>gratia:</strong></span> <span class='ocrx_word' id='word_1_526' title='bbox 3733 3423 3869 3468; x_wconf 68' lang='lat' dir='ltr'><strong>tum.</strong></span> 
     </span>
    </p>
   </div>
   <div class='ocr_carea' id='block_1_79' title="bbox 2268 3495 3873 3568">
    <p class='ocr_par' dir='ltr' id='par_1_79' title="bbox 2268 3495 3873 3568">
     <span class='ocr_line' id='line_1_79' title="bbox 2268 3495 3873 3568; baseline 0.004 -18"><span class='ocrx_word' id='word_1_527' title='bbox 2268 3495 2499 3561; x_wconf 81' lang='lat' dir='ltr'><strong>Perﬁce,</strong></span> <span class='ocrx_word' id='word_1_528' title='bbox 2528 3512 2731 3566; x_wconf 65' lang='lat' dir='ltr'><strong>quaeso,</strong></span> <span class='ocrx_word' id='word_1_529' title='bbox 2768 3497 3015 3560; x_wconf 85' lang='lat' dir='ltr'><strong>Domine,</strong></span> <span class='ocrx_word' id='word_1_530' title='bbox 3041 3508 3278 3567; x_wconf 72' lang='lat' dir='ltr'><strong>coeptum</strong></span> <span class='ocrx_word' id='word_1_531' title='bbox 3306 3499 3359 3553; x_wconf 89' lang='lat' dir='ltr'><strong>in</strong></span> <span class='ocrx_word' id='word_1_532' title='bbox 3392 3514 3478 3554; x_wconf 80' lang='lat' dir='ltr'><strong>me</strong></span> <span class='ocrx_word' id='word_1_533' title='bbox 3502 3514 3636 3568; x_wconf 85' lang='lat' dir='ltr'><strong>opus</strong></span> <span class='ocrx_word' id='word_1_534' title='bbox 3655 3503 3873 3557; x_wconf 82' lang='lat' dir='ltr'><strong>miseri-</strong></span> 
     </span>
    </p>
   </div>
   <div class='ocr_carea' id='block_1_80' title="bbox 2270 3589 3877 3664">
    <p class='ocr_par' dir='ltr' id='par_1_80' title="bbox 2270 3589 3877 3664">
     <span class='ocr_line' id='line_1_80' title="bbox 2270 3589 3877 3664; baseline 0.004 -20"><span class='ocrx_word' id='word_1_535' title='bbox 2270 3590 2467 3644; x_wconf 74' lang='lat' dir='ltr'><strong>cordia:</strong></span> <span class='ocrx_word' id='word_1_536' title='bbox 2506 3598 2630 3643; x_wconf 69' lang='lat' dir='ltr'><strong>tum.</strong></span> <span class='ocrx_word' id='word_1_537' title='bbox 2683 3589 2829 3643; x_wconf 88' lang='lat' dir='ltr'><strong>Dona</strong></span> <span class='ocrx_word' id='word_1_538' title='bbox 2881 3590 3014 3643; x_wconf 89' lang='lat' dir='ltr'><strong>mibi</strong></span> <span class='ocrx_word' id='word_1_539' title='bbox 3063 3604 3281 3660; x_wconf 88' lang='lat' dir='ltr'><strong>semper</strong></span> <span class='ocrx_word' id='word_1_540' title='bbox 3326 3592 3587 3661; x_wconf 74' lang='lat' dir='ltr'><strong>cogitare,</strong></span> <span class='ocrx_word' id='word_1_541' title='bbox 3636 3593 3782 3664; x_wconf 81' lang='lat' dir='ltr'><strong>loqui</strong></span> <span class='ocrx_word' id='word_1_542' title='bbox 3816 3604 3877 3649; x_wconf 86' lang='lat' dir='ltr'><strong>et</strong></span> 
     </span>
    </p>
   </div>
   <div class='ocr_carea' id='block_1_81' title="bbox 2271 3682 3876 3757">
    <p class='ocr_par' dir='ltr' id='par_1_81' title="bbox 2271 3682 3876 3757">
     <span class='ocr_line' id='line_1_81' title="bbox 2271 3682 3876 3757; baseline 0.004 -23"><span class='ocrx_word' id='word_1_543' title='bbox 2271 3697 2454 3751; x_wconf 78' lang='lat' dir='ltr'><strong>agere,</strong></span> <span class='ocrx_word' id='word_1_544' title='bbox 2486 3698 2607 3752; x_wconf 77' lang='lat' dir='ltr'><strong>qua:</strong></span> <span class='ocrx_word' id='word_1_545' title='bbox 2646 3682 2847 3752; x_wconf 85' lang='lat' dir='ltr'><strong>placita</strong></span> <span class='ocrx_word' id='word_1_546' title='bbox 2878 3690 3005 3736; x_wconf 89' lang='lat' dir='ltr'><strong>sunt</strong></span> <span class='ocrx_word' id='word_1_547' title='bbox 3031 3683 3127 3736; x_wconf 82' lang='lat' dir='ltr'><strong>tibi</strong></span> <span class='ocrx_word' id='word_1_548' title='bbox 3155 3699 3170 3747; x_wconf 86' lang='lat'><strong>;</strong></span> <span class='ocrx_word' id='word_1_549' title='bbox 3219 3691 3277 3737; x_wconf 87' lang='lat' dir='ltr'><strong>et</strong></span> <span class='ocrx_word' id='word_1_550' title='bbox 3303 3684 3532 3753; x_wconf 71' lang='lat' dir='ltr'><strong>gratuita</strong></span> <span class='ocrx_word' id='word_1_551' title='bbox 3562 3698 3647 3740; x_wconf 87' lang='lat' dir='ltr'><strong>me</strong></span> <span class='ocrx_word' id='word_1_552' title='bbox 3675 3686 3876 3757; x_wconf 82' lang='lat' dir='ltr'><strong>ubique</strong></span> 
     </span>
    </p>
   </div>
   <div class='ocr_carea' id='block_1_82' title="bbox 2272 3774 3873 3843">
    <p class='ocr_par' dir='ltr' id='par_1_82' title="bbox 2272 3774 3873 3843">
     <span class='ocr_line' id='line_1_82' title="bbox 2272 3774 3873 3843; baseline 0.002 -16"><span class='ocrx_word' id='word_1_553' title='bbox 2272 3775 2468 3843; x_wconf 84' lang='lat' dir='ltr'><strong>pietate</strong></span> <span class='ocrx_word' id='word_1_554' title='bbox 2493 3775 2826 3834; x_wconf 86' lang='lat' dir='ltr'><strong>custodiens,</strong></span> <span class='ocrx_word' id='word_1_555' title='bbox 2860 3776 2942 3827; x_wconf 84' lang='lat' dir='ltr'><strong>fac</strong></span> <span class='ocrx_word' id='word_1_556' title='bbox 2983 3788 3069 3828; x_wconf 90' lang='lat' dir='ltr'><strong>me</strong></span> <span class='ocrx_word' id='word_1_557' title='bbox 3110 3774 3387 3843; x_wconf 81' lang='lat' dir='ltr'><strong>indignum</strong></span> <span class='ocrx_word' id='word_1_558' title='bbox 3429 3783 3483 3829; x_wconf 86' lang='lat' dir='ltr'><strong>et</strong></span> <span class='ocrx_word' id='word_1_559' title='bbox 3514 3776 3775 3831; x_wconf 83' lang='lat' dir='ltr'><strong>miserum</strong></span> <span class='ocrx_word' id='word_1_560' title='bbox 3804 3776 3873 3831; x_wconf 89' lang='lat' dir='ltr'><strong>ad</strong></span> 
     </span>
    </p>
   </div>
   <div class='ocr_carea' id='block_1_83' title="bbox 2274 3863 3262 3935">
    <p class='ocr_par' dir='ltr' id='par_1_83' title="bbox 2274 3863 3262 3935">
     <span class='ocr_line' id='line_1_83' title="bbox 2274 3863 3262 3935; baseline -0.002 -15"><span class='ocrx_word' id='word_1_561' title='bbox 2274 3873 2416 3920; x_wconf 89' lang='lat' dir='ltr'><strong>tuam</strong></span> <span class='ocrx_word' id='word_1_562' title='bbox 2447 3867 2731 3935; x_wconf 84' lang='lat' dir='ltr'><strong>pervenire</strong></span> <span class='ocrx_word' id='word_1_563' title='bbox 2758 3865 3040 3928; x_wconf 83' lang='lat' dir='ltr'><strong>visionem,</strong></span> <span class='ocrx_word' id='word_1_564' title='bbox 3073 3863 3262 3919; x_wconf 85' lang='lat' dir='ltr'><strong>Amen.</strong></span> 
     </span>
    </p>
   </div>
   <div class='ocr_carea' id='block_1_84' title="bbox 3024 3977 3104 4037">
    <p class='ocr_par' dir='ltr' id='par_1_84' title="bbox 3024 3977 3104 4037">
     <span class='ocr_line' id='line_1_84' title="bbox 3024 3977 3104 4037; baseline 0 0"><span class='ocrx_word' id='word_1_565' title='bbox 3024 3977 3104 4037; x_wconf 87' lang='lat' dir='ltr'><strong>ll.</strong></span> 
     </span>
    </p>
   </div>
   <div class='ocr_carea' id='block_1_85' title="bbox 2274 4077 3868 4154">
    <p class='ocr_par' dir='ltr' id='par_1_85' title="bbox 2274 4077 3868 4154">
     <span class='ocr_line' id='line_1_85' title="bbox 2274 4077 3868 4154; baseline 0.002 -16"><span class='ocrx_word' id='word_1_566' title='bbox 2274 4077 2460 4153; x_wconf 83' lang='lat' dir='ltr'><strong>Quod</strong></span> <span class='ocrx_word' id='word_1_567' title='bbox 2513 4078 2742 4137; x_wconf 79' lang='lat' dir='ltr'><strong>bonum</strong></span> <span class='ocrx_word' id='word_1_568' title='bbox 2787 4078 2869 4135; x_wconf 80' lang='lat' dir='ltr'><strong>sit</strong></span> <span class='ocrx_word' id='word_1_569' title='bbox 2902 4077 3140 4137; x_wconf 82' lang='lat' dir='ltr'><strong>homini</strong></span> <span class='ocrx_word' id='word_1_570' title='bbox 3176 4082 3240 4137; x_wconf 86' lang='lat' dir='ltr'><strong>in</strong></span> <span class='ocrx_word' id='word_1_571' title='bbox 3283 4086 3553 4154; x_wconf 79' lang='lat' dir='ltr'><strong>quatuor</strong></span> <span class='ocrx_word' id='word_1_572' title='bbox 3591 4079 3868 4141; x_wconf 74' lang='lat' dir='ltr'><strong>subscri—</strong></span> 
     </span>
    </p>
   </div>
   <div class='ocr_carea' id='block_1_86' title="bbox 2299 4156 3864 4236">
    <p class='ocr_par' dir='ltr' id='par_1_86' title="bbox 2299 4156 3864 4236">
     <span class='ocr_line' id='line_1_86' title="bbox 2299 4156 3864 4236; baseline 0.003 -21"><span class='ocrx_word' id='word_1_573' title='bbox 2299 4165 2307 4179; x_wconf 90' lang='lat'><strong>&#39;</strong></span> <span class='ocrx_word' id='word_1_574' title='bbox 2353 4158 2484 4236; x_wconf 85' lang='lat' dir='ltr'><strong>ptis</strong></span> <span class='ocrx_word' id='word_1_575' title='bbox 2513 4156 2774 4236; x_wconf 76' lang='lat' dir='ltr'><strong>psalmis</strong></span> <span class='ocrx_word' id='word_1_576' title='bbox 2815 4165 2868 4236; x_wconf 74' lang='lat' dir='ltr'><strong>ct</strong></span> <span class='ocrx_word' id='word_1_577' title='bbox 2926 4156 3130 4236; x_wconf 79' lang='lat' dir='ltr'><strong>tribus</strong></span> <span class='ocrx_word' id='word_1_578' title='bbox 3160 4157 3404 4234; x_wconf 78' lang='lat' dir='ltr'><strong>hymnis</strong></span> <span class='ocrx_word' id='word_1_579' title='bbox 3436 4157 3694 4219; x_wconf 81' lang='lat' dir='ltr'><strong>laudare</strong></span> <span class='ocrx_word' id='word_1_580' title='bbox 3743 4160 3864 4221; x_wconf 84' lang='lat' dir='ltr'><strong>Do-</strong></span> 
     </span>
    </p>
   </div>
   <div class='ocr_carea' id='block_1_87' title="bbox 2352 4232 3237 4313">
    <p class='ocr_par' dir='ltr' id='par_1_87' title="bbox 2352 4232 3237 4313">
     <span class='ocr_line' id='line_1_87' title="bbox 2352 4232 3237 4313; baseline 0.002 -18"><span class='ocrx_word' id='word_1_581' title='bbox 2352 4232 2885 4313; x_wconf 66' lang='lat' dir='ltr'><strong>minum&#39;singulis</strong></span> <span class='ocrx_word' id='word_1_582' title='bbox 2915 4234 3152 4298; x_wconf 83' lang='lat' dir='ltr'><strong>diebus.</strong></span> <span class='ocrx_word' id='word_1_583' title='bbox 3208 4232 3237 4312; x_wconf 47' lang='grc' dir='ltr'>ί</span> 
     </span>
    </p>
   </div>
   <div class='ocr_carea' id='block_1_88' title="bbox 2346 4354 3865 4430">
    <p class='ocr_par' dir='ltr' id='par_1_88' title="bbox 2346 4354 3865 4430">
     <span class='ocr_line' id='line_1_88' title="bbox 2346 4354 3865 4430; baseline 0.004 -19"><span class='ocrx_word' id='word_1_584' title='bbox 2346 4357 2607 4411; x_wconf 77' lang='lat' dir='ltr'><strong>Hortatur</strong></span> <span class='ocrx_word' id='word_1_585' title='bbox 2629 4371 2727 4409; x_wconf 89' lang='lat' dir='ltr'><strong>nos</strong></span> <span class='ocrx_word' id='word_1_586' title='bbox 2759 4354 3041 4425; x_wconf 87' lang='lat' dir='ltr'><strong>Scriptura</strong></span> <span class='ocrx_word' id='word_1_587' title='bbox 3065 4358 3321 4413; x_wconf 88' lang='lat' dir='ltr'><strong>divinitus</strong></span> <span class='ocrx_word' id='word_1_588' title='bbox 3343 4359 3622 4430; x_wconf 78' lang='lat' dir='ltr'><strong>inspirata,</strong></span> <span class='ocrx_word' id='word_1_589' title='bbox 3648 4362 3865 4417; x_wconf 84' lang='lat' dir='ltr'><strong>dicens:</strong></span> 
     </span>
    </p>
   </div>
   <div class='ocr_carea' id='block_1_89' title="bbox 2279 4446 3866 4523">
    <p class='ocr_par' dir='ltr' id='par_1_89' title="bbox 2279 4446 3866 4523">
     <span class='ocr_line' id='line_1_89' title="bbox 2279 4446 3866 4523; baseline 0.004 -22"><span class='ocrx_word' id='word_1_590' title='bbox 2279 4447 2383 4514; x_wconf 85' lang='lat' dir='ltr'><strong>Qui</strong></span> <span class='ocrx_word' id='word_1_591' title='bbox 2441 4448 2633 4501; x_wconf 84' lang='lat' dir='ltr'><strong>timetis</strong></span> <span class='ocrx_word' id='word_1_592' title='bbox 2689 4446 3013 4511; x_wconf 86' lang='lat' dir='ltr'><strong>Dominum,</strong></span> <span class='ocrx_word' id='word_1_593' title='bbox 3078 4449 3365 4503; x_wconf 85' lang='lat' dir='ltr'><strong>benedicite</strong></span> <span class='ocrx_word' id='word_1_594' title='bbox 3408 4450 3633 4507; x_wconf 86' lang='lat' dir='ltr'><strong>Domino</strong></span> <span class='ocrx_word' id='word_1_595' title='bbox 3683 4452 3866 4523; x_wconf 87' lang='lat' dir='ltr'><strong>(Psal.</strong></span> 
     </span>
    </p>
   </div>
   <div class='ocr_carea' id='block_1_90' title="bbox 598 4537 2191 4646">
    <p class='ocr_par' dir='ltr' id='par_1_90' title="bbox 598 4547 2174 4627">
     <span class='ocr_line' id='line_1_90' title="bbox 598 4547 2174 4627; baseline 0.006 -25"><span class='ocrx_word' id='word_1_596' title='bbox 598 4547 929 4614; x_wconf 79' lang='lat' dir='ltr'><strong>Iuaudatum,</strong></span> <span class='ocrx_word' id='word_1_597' title='bbox 978 4565 1071 4605; x_wconf 82' lang='lat' dir='ltr'><strong>seu</strong></span> <span class='ocrx_word' id='word_1_598' title='bbox 1093 4559 1421 4621; x_wconf 67' lang='lat' dir='ltr'><strong>pmeptum</strong></span> <span class='ocrx_word' id='word_1_599' title='bbox 1468 4553 1584 4621; x_wconf 82' lang='lat' dir='ltr'><strong>Dei,</strong></span> <span class='ocrx_word' id='word_1_600' title='bbox 1645 4555 1730 4609; x_wconf 87' lang='lat' dir='ltr'><strong>vel</strong></span> <span class='ocrx_word' id='word_1_601' title='bbox 1755 4557 1940 4620; x_wconf 87' lang='lat' dir='ltr'><strong>verba,</strong></span> <span class='ocrx_word' id='word_1_602' title='bbox 1979 4557 2174 4627; x_wconf 87' lang='lat' dir='ltr'><strong>autju-</strong></span> 
     </span>
    </p>
   </div>
   <div class='ocr_carea' id='block_1_91' title="bbox 2273 4537 3868 4646">
    <p class='ocr_par' dir='ltr' id='par_1_91' title="bbox 2278 4537 3868 4612">
     <span class='ocr_line' id='line_1_91' title="bbox 2278 4537 3868 4612; baseline 0.003 -18"><span class='ocrx_word' id='word_1_603' title='bbox 2278 4556 2493 4603; x_wconf 75' lang='lat' dir='ltr'><strong>cxxxrv,</strong></span> <span class='ocrx_word' id='word_1_604' title='bbox 2521 4538 2636 4608; x_wconf 72' lang='lat'><strong>20).</strong></span> <span class='ocrx_word' id='word_1_605' title='bbox 2669 4537 2777 4594; x_wconf 85' lang='lat' dir='ltr'><strong>Nec</strong></span> <span class='ocrx_word' id='word_1_606' title='bbox 2807 4554 2906 4593; x_wconf 88' lang='lat' dir='ltr'><strong>nos</strong></span> <span class='ocrx_word' id='word_1_607' title='bbox 2937 4548 3120 4603; x_wconf 88' lang='lat' dir='ltr'><strong>terret,</strong></span> <span class='ocrx_word' id='word_1_608' title='bbox 3147 4542 3289 4611; x_wconf 90' lang='lat' dir='ltr'><strong>quod</strong></span> <span class='ocrx_word' id='word_1_609' title='bbox 3310 4543 3568 4612; x_wconf 87' lang='lat' dir='ltr'><strong>scriptum</strong></span> <span class='ocrx_word' id='word_1_610' title='bbox 3589 4552 3708 4599; x_wconf 83' lang='lat' dir='ltr'><strong>est:</strong></span> <span class='ocrx_word' id='word_1_611' title='bbox 3745 4543 3868 4599; x_wconf 83' lang='lat' dir='ltr'><strong>Non</strong></span> 
     </span>
    </p>
   </div>
   <div class='ocr_carea' id='block_1_92' title="bbox 597 4638 2175 4711">
    <p class='ocr_par' dir='ltr' id='par_1_92' title="bbox 597 4638 2175 4711">
     <span class='ocr_line' id='line_1_92' title="bbox 597 4638 2175 4711; baseline 0.007 -18"><span class='ocrx_word' id='word_1_612' title='bbox 597 4638 968 4704; x_wconf 84' lang='lat' dir='ltr'><strong>stilicationcs,</strong></span> <span class='ocrx_word' id='word_1_613' title='bbox 996 4641 1079 4695; x_wconf 85' lang='lat' dir='ltr'><strong>vel</strong></span> <span class='ocrx_word' id='word_1_614' title='bbox 1097 4641 1332 4711; x_wconf 85' lang='lat' dir='ltr'><strong>judicia,</strong></span> <span class='ocrx_word' id='word_1_615' title='bbox 1362 4651 1455 4696; x_wconf 89' lang='lat' dir='ltr'><strong>aut</strong></span> <span class='ocrx_word' id='word_1_616' title='bbox 1480 4660 1775 4700; x_wconf 89' lang='lat' dir='ltr'><strong>sermones.</strong></span> <span class='ocrx_word' id='word_1_617' title='bbox 1825 4647 1896 4701; x_wconf 87' lang='lat' dir='ltr'><strong>Et</strong></span> <span class='ocrx_word' id='word_1_618' title='bbox 1921 4649 2041 4703; x_wconf 89' lang='lat' dir='ltr'><strong>ideo</strong></span> <span class='ocrx_word' id='word_1_619' title='bbox 2067 4666 2175 4705; x_wconf 86' lang='lat' dir='ltr'><strong>non</strong></span> 
     </span>
    </p>
   </div>
   <div class='ocr_carea' id='block_1_93' title="bbox 595 4730 2176 4803">
    <p class='ocr_par' dir='ltr' id='par_1_93' title="bbox 595 4730 2176 4803">
     <span class='ocr_line' id='line_1_93' title="bbox 595 4730 2176 4803; baseline 0.006 -19"><span class='ocrx_word' id='word_1_620' title='bbox 595 4738 681 4784; x_wconf 90' lang='lat' dir='ltr'><strong>est</strong></span> <span class='ocrx_word' id='word_1_621' title='bbox 718 4730 822 4785; x_wconf 85' lang='lat' dir='ltr'><strong>tibi</strong></span> <span class='ocrx_word' id='word_1_622' title='bbox 867 4747 1040 4802; x_wconf 85' lang='lat' dir='ltr'><strong>opus,</strong></span> <span class='ocrx_word' id='word_1_623' title='bbox 1093 4742 1154 4786; x_wconf 93' lang='lat' dir='ltr'><strong>ut</strong></span> <span class='ocrx_word' id='word_1_624' title='bbox 1185 4749 1285 4803; x_wconf 86' lang='lat' dir='ltr'><strong>per</strong></span> <span class='ocrx_word' id='word_1_625' title='bbox 1327 4734 1569 4789; x_wconf 88' lang='lat' dir='ltr'><strong>diversos</strong></span> <span class='ocrx_word' id='word_1_626' title='bbox 1595 4736 1761 4791; x_wconf 85' lang='lat' dir='ltr'><strong>libros</strong></span> <span class='ocrx_word' id='word_1_627' title='bbox 1810 4738 2049 4794; x_wconf 86' lang='lat' dir='ltr'><strong>animum</strong></span> <span class='ocrx_word' id='word_1_628' title='bbox 2074 4740 2176 4795; x_wconf 80' lang='lat' dir='ltr'><strong>dif-</strong></span> 
     </span>
    </p>
   </div>
   <div class='ocr_carea' id='block_1_94' title="bbox 599 4819 812 4877">
    <p class='ocr_par' dir='ltr' id='par_1_94' title="bbox 599 4819 812 4877">
     <span class='ocr_line' id='line_1_94' title="bbox 599 4819 812 4877; baseline 0.009 -2"><span class='ocrx_word' id='word_1_629' title='bbox 599 4819 812 4877; x_wconf 81' lang='lat' dir='ltr'><strong>fundas.</strong></span> 
     </span>
    </p>
   </div>
   <div class='ocr_carea' id='block_1_95' title="bbox 1200 4893 1573 4949">
    <p class='ocr_par' dir='ltr' id='par_1_95' title="bbox 1200 4893 1573 4949">
     <span class='ocr_line' id='line_1_95' title="bbox 1200 4893 1573 4949; baseline 0 0"><span class='ocrx_word' id='word_1_630' title='bbox 1200 4893 1389 4949; x_wconf 84' lang='lat' dir='ltr'><strong>Nonus</strong></span> <span class='ocrx_word' id='word_1_631' title='bbox 1428 4912 1573 4949; x_wconf 87' lang='lat' dir='ltr'><strong>usus.</strong></span> 
     </span>
    </p>
   </div>
   <div class='ocr_carea' id='block_1_96' title="bbox 670 5006 2173 5079">
    <p class='ocr_par' dir='ltr' id='par_1_96' title="bbox 670 5006 2173 5079">
     <span class='ocr_line' id='line_1_96' title="bbox 670 5006 2173 5079; baseline 0.003 -17"><span class='ocrx_word' id='word_1_632' title='bbox 670 5007 726 5062; x_wconf 83' lang='lat' dir='ltr'><strong>In</strong></span> <span class='ocrx_word' id='word_1_633' title='bbox 756 5006 1011 5077; x_wconf 75' lang='lat' dir='ltr'><strong>psalterio</strong></span> <span class='ocrx_word' id='word_1_634' title='bbox 1030 5024 1200 5079; x_wconf 89' lang='lat' dir='ltr'><strong>usque</strong></span> <span class='ocrx_word' id='word_1_635' title='bbox 1219 5008 1287 5063; x_wconf 91' lang='lat' dir='ltr'><strong>ad</strong></span> <span class='ocrx_word' id='word_1_636' title='bbox 1306 5010 1515 5068; x_wconf 88' lang='lat' dir='ltr'><strong>obitum</strong></span> <span class='ocrx_word' id='word_1_637' title='bbox 1534 5011 1658 5066; x_wconf 54' lang='lat' dir='ltr'><strong>vitae</strong></span> <span class='ocrx_word' id='word_1_638' title='bbox 1686 5020 1791 5065; x_wconf 65' lang='lat' dir='ltr'><strong>tute</strong></span> <span class='ocrx_word' id='word_1_639' title='bbox 1815 5012 1981 5068; x_wconf 85' lang='lat' dir='ltr'><strong>babes</strong></span> <span class='ocrx_word' id='word_1_640' title='bbox 1997 5018 2173 5067; x_wconf 87' lang='lat' dir='ltr'><strong>mate-</strong></span> 
     </span>
    </p>
   </div>
   <div class='ocr_carea' id='block_1_97' title="bbox 570 5093 2176 5166">
    <p class='ocr_par' dir='ltr' id='par_1_97' title="bbox 570 5093 2176 5166">
     <span class='ocr_line' id='line_1_97' title="bbox 570 5093 2176 5166; baseline 0.004 -19"><span class='ocrx_word' id='word_1_641' title='bbox 570 5093 737 5148; x_wconf 86' lang='lat' dir='ltr'><strong>.riam</strong></span> <span class='ocrx_word' id='word_1_642' title='bbox 783 5093 1019 5162; x_wconf 81' lang='lat' dir='ltr'><strong>legendi,</strong></span> <span class='ocrx_word' id='word_1_643' title='bbox 1049 5096 1341 5157; x_wconf 88' lang='lat' dir='ltr'><strong>scrutandi,</strong></span> <span class='ocrx_word' id='word_1_644' title='bbox 1377 5097 1635 5162; x_wconf 81' lang='lat' dir='ltr'><strong>docendi;</strong></span> <span class='ocrx_word' id='word_1_645' title='bbox 1681 5099 1734 5152; x_wconf 89' lang='lat' dir='ltr'><strong>in</strong></span> <span class='ocrx_word' id='word_1_646' title='bbox 1780 5114 1889 5166; x_wconf 89' lang='lat' dir='ltr'><strong>quo</strong></span> <span class='ocrx_word' id='word_1_647' title='bbox 1934 5099 2176 5153; x_wconf 83' lang='lat' dir='ltr'><strong>invenies</strong></span> 
     </span>
    </p>
   </div>
   <div class='ocr_carea' id='block_1_98' title="bbox 598 5182 2179 5256">
    <p class='ocr_par' dir='ltr' id='par_1_98' title="bbox 598 5182 2179 5256">
     <span class='ocr_line' id='line_1_98' title="bbox 598 5182 2179 5256; baseline 0.004 -20"><span class='ocrx_word' id='word_1_648' title='bbox 598 5182 962 5253; x_wconf 82' lang='lat' dir='ltr'><strong>propheticos,</strong></span> <span class='ocrx_word' id='word_1_649' title='bbox 1016 5184 1373 5253; x_wconf 73' lang='lat' dir='ltr'><strong>evangelicos,</strong></span> <span class='ocrx_word' id='word_1_650' title='bbox 1424 5194 1589 5256; x_wconf 80' lang='lat' dir='ltr'><strong>atque</strong></span> <span class='ocrx_word' id='word_1_651' title='bbox 1625 5188 1971 5256; x_wconf 81' lang='lat' dir='ltr'><strong>apostolicos,</strong></span> <span class='ocrx_word' id='word_1_652' title='bbox 2014 5196 2179 5256; x_wconf 86' lang='lat' dir='ltr'><strong>atque</strong></span> 
     </span>
    </p>
   </div>
   <div class='ocr_carea' id='block_1_99' title="bbox 598 5275 2176 5346">
    <p class='ocr_par' dir='ltr' id='par_1_99' title="bbox 598 5275 2176 5346">
     <span class='ocr_line' id='line_1_99' title="bbox 598 5275 2176 5346; baseline 0.003 -19"><span class='ocrx_word' id='word_1_653' title='bbox 598 5286 788 5327; x_wconf 86' lang='lat' dir='ltr'><strong>omnes</strong></span> <span class='ocrx_word' id='word_1_654' title='bbox 814 5275 1024 5332; x_wconf 87' lang='lat' dir='ltr'><strong>divinos</strong></span> <span class='ocrx_word' id='word_1_655' title='bbox 1062 5275 1228 5329; x_wconf 84' lang='lat' dir='ltr'><strong>libros</strong></span> <span class='ocrx_word' id='word_1_656' title='bbox 1270 5276 1640 5344; x_wconf 83' lang='lat' dir='ltr'><strong>spiritualiter,</strong></span> <span class='ocrx_word' id='word_1_657' title='bbox 1688 5281 1753 5331; x_wconf 86' lang='lat' dir='ltr'><strong>ad</strong></span> <span class='ocrx_word' id='word_1_658' title='bbox 1776 5293 1935 5346; x_wconf 89' lang='lat' dir='ltr'><strong>quem</strong></span> <span class='ocrx_word' id='word_1_659' title='bbox 1976 5278 2176 5331; x_wconf 81' lang='lat' dir='ltr'><strong>intelli-</strong></span> 
     </span>
    </p>
   </div>
   <div class='ocr_carea' id='block_1_100' title="bbox 594 5362 2178 5439">
    <p class='ocr_par' dir='ltr' id='par_1_100' title="bbox 594 5362 2178 5439">
     <span class='ocr_line' id='line_1_100' title="bbox 594 5362 2178 5439; baseline 0.002 -18"><span class='ocrx_word' id='word_1_660' title='bbox 594 5364 747 5436; x_wconf 67' lang='lat' dir='ltr'><strong>gitur</strong></span> <span class='ocrx_word' id='word_1_661' title='bbox 773 5362 989 5437; x_wconf 78' lang='lat' dir='ltr'><strong>[Forte,</strong></span> <span class='ocrx_word' id='word_1_662' title='bbox 1035 5374 1194 5433; x_wconf 84' lang='lat' dir='ltr'><strong>atque</strong></span> <span class='ocrx_word' id='word_1_663' title='bbox 1241 5363 1753 5439; x_wconf 80' lang='lat' dir='ltr'><strong>intelligibiliter]ex</strong></span> <span class='ocrx_word' id='word_1_664' title='bbox 1788 5377 1939 5437; x_wconf 84' lang='lat' dir='ltr'><strong>parte</strong></span> <span class='ocrx_word' id='word_1_665' title='bbox 1978 5377 2178 5424; x_wconf 81' lang='lat' dir='ltr'><strong>tracta-</strong></span> 
     </span>
    </p>
   </div>
   <div class='ocr_carea' id='block_1_101' title="bbox 601 5453 2179 5525">
    <p class='ocr_par' dir='ltr' id='par_1_101' title="bbox 601 5453 2179 5525">
     <span class='ocr_line' id='line_1_101' title="bbox 601 5453 2179 5525; baseline 0.003 -16"><span class='ocrx_word' id='word_1_666' title='bbox 601 5462 687 5509; x_wconf 87' lang='lat' dir='ltr'><strong>tos</strong></span> <span class='ocrx_word' id='word_1_667' title='bbox 709 5461 871 5522; x_wconf 87' lang='lat' dir='ltr'><strong>atque</strong></span> <span class='ocrx_word' id='word_1_668' title='bbox 901 5453 1217 5525; x_wconf 88' lang='lat' dir='ltr'><strong>descriptos,</strong></span> <span class='ocrx_word' id='word_1_669' title='bbox 1248 5464 1305 5507; x_wconf 89' lang='lat' dir='ltr'><strong>et</strong></span> <span class='ocrx_word' id='word_1_670' title='bbox 1327 5454 1559 5523; x_wconf 89' lang='lat' dir='ltr'><strong>priorem</strong></span> <span class='ocrx_word' id='word_1_671' title='bbox 1581 5464 1743 5525; x_wconf 87' lang='lat' dir='ltr'><strong>atque</strong></span> <span class='ocrx_word' id='word_1_672' title='bbox 1771 5455 2063 5511; x_wconf 86' lang='lat' dir='ltr'><strong>secundum</strong></span> <span class='ocrx_word' id='word_1_673' title='bbox 2086 5458 2179 5513; x_wconf 87' lang='lat' dir='ltr'><strong>ad-</strong></span> 
     </span>
    </p>
   </div>
   <div class='ocr_carea' id='block_1_102' title="bbox 602 5542 2179 5616">
    <p class='ocr_par' dir='ltr' id='par_1_102' title="bbox 602 5542 2179 5616">
     <span class='ocr_line' id='line_1_102' title="bbox 602 5542 2179 5616; baseline 0.004 -18"><span class='ocrx_word' id='word_1_674' title='bbox 602 5542 1045 5599; x_wconf 87' lang='lat' dir='ltr'><strong>ventumDomini</strong></span> <span class='ocrx_word' id='word_1_675' title='bbox 1069 5542 1142 5599; x_wconf 89' lang='lat' dir='ltr'><strong>ibi</strong></span> <span class='ocrx_word' id='word_1_676' title='bbox 1170 5545 1409 5615; x_wconf 87' lang='lat' dir='ltr'><strong>reperies</strong></span> <span class='ocrx_word' id='word_1_677' title='bbox 1436 5546 1802 5616; x_wconf 84' lang='lat' dir='ltr'><strong>prophetatos.</strong></span> <span class='ocrx_word' id='word_1_678' title='bbox 1847 5548 2179 5603; x_wconf 88' lang='lat' dir='ltr'><strong>lncarnatio-</strong></span> 
     </span>
    </p>
   </div>
   <div class='ocr_carea' id='block_1_103' title="bbox 600 5636 2178 5709">
    <p class='ocr_par' dir='ltr' id='par_1_103' title="bbox 600 5636 2178 5709">
     <span class='ocr_line' id='line_1_103' title="bbox 600 5636 2178 5709; baseline 0.003 -19"><span class='ocrx_word' id='word_1_679' title='bbox 600 5651 726 5696; x_wconf 84' lang='lat' dir='ltr'><strong>nem</strong></span> <span class='ocrx_word' id='word_1_680' title='bbox 743 5651 959 5707; x_wconf 88' lang='lat' dir='ltr'><strong>quoque</strong></span> <span class='ocrx_word' id='word_1_681' title='bbox 977 5648 1034 5691; x_wconf 88' lang='lat' dir='ltr'><strong>et</strong></span> <span class='ocrx_word' id='word_1_682' title='bbox 1056 5636 1383 5706; x_wconf 85' lang='lat' dir='ltr'><strong>passionem,</strong></span> <span class='ocrx_word' id='word_1_683' title='bbox 1407 5639 1984 5707; x_wconf 60' lang='lat' dir='ltr'><strong>rmurrectioneinque,</strong></span> <span class='ocrx_word' id='word_1_684' title='bbox 2015 5649 2178 5709; x_wconf 88' lang='lat' dir='ltr'><strong>atque</strong></span> 
     </span>
    </p>
   </div>
   <div class='ocr_carea' id='block_1_104' title="bbox 602 5726 2179 5796">
    <p class='ocr_par' dir='ltr' id='par_1_104' title="bbox 602 5726 2179 5796">
     <span class='ocr_line' id='line_1_104' title="bbox 602 5726 2179 5796; baseline 0.001 -14"><span class='ocrx_word' id='word_1_685' title='bbox 602 5728 975 5783; x_wconf 77' lang='lat' dir='ltr'><strong>ascensionem</strong></span> <span class='ocrx_word' id='word_1_686' title='bbox 992 5726 1351 5796; x_wconf 88' lang='lat' dir='ltr'><strong>Dominicam,</strong></span> <span class='ocrx_word' id='word_1_687' title='bbox 1381 5739 1665 5785; x_wconf 88' lang='lat' dir='ltr'><strong>etomnem</strong></span> <span class='ocrx_word' id='word_1_688' title='bbox 1693 5729 1944 5785; x_wconf 87' lang='lat' dir='ltr'><strong>virtutem</strong></span> <span class='ocrx_word' id='word_1_689' title='bbox 1974 5732 2179 5785; x_wconf 87' lang='lat' dir='ltr'><strong>divino-</strong></span> 
     </span>
    </p>
   </div>
   <div class='ocr_carea' id='block_1_105' title="bbox 604 5817 2178 5892">
    <p class='ocr_par' dir='ltr' id='par_1_105' title="bbox 604 5817 2178 5892">
     <span class='ocr_line' id='line_1_105' title="bbox 604 5817 2178 5892; baseline 0.001 -17"><span class='ocrx_word' id='word_1_690' title='bbox 604 5834 723 5876; x_wconf 85' lang='lat' dir='ltr'><strong>rum</strong></span> <span class='ocrx_word' id='word_1_691' title='bbox 756 5821 1021 5878; x_wconf 86' lang='lat' dir='ltr'><strong>dictorum</strong></span> <span class='ocrx_word' id='word_1_692' title='bbox 1066 5822 1118 5877; x_wconf 91' lang='lat' dir='ltr'><strong>in</strong></span> <span class='ocrx_word' id='word_1_693' title='bbox 1144 5820 1366 5892; x_wconf 83' lang='lat' dir='ltr'><strong>psalmis</strong></span> <span class='ocrx_word' id='word_1_694' title='bbox 1392 5821 1649 5887; x_wconf 81' lang='lat' dir='ltr'><strong>invenies,</strong></span> <span class='ocrx_word' id='word_1_695' title='bbox 1700 5817 1743 5875; x_wconf 92' lang='lat' dir='ltr'><strong>si</strong></span> <span class='ocrx_word' id='word_1_696' title='bbox 1783 5821 1970 5877; x_wconf 84' lang='lat' dir='ltr'><strong>intima</strong></span> <span class='ocrx_word' id='word_1_697' title='bbox 2000 5832 2178 5878; x_wconf 85' lang='lat' dir='ltr'><strong>mente</strong></span> 
     </span>
    </p>
   </div>
   <div class='ocr_carea' id='block_1_106' title="bbox 2277 4633 3868 4709">
    <p class='ocr_par' dir='ltr' id='par_1_106' title="bbox 2277 4633 3868 4709">
     <span class='ocr_line' id='line_1_106' title="bbox 2277 4633 3868 4709; baseline 0.003 -22"><span class='ocrx_word' id='word_1_698' title='bbox 2277 4643 2349 4687; x_wconf 87' lang='lat' dir='ltr'><strong>est</strong></span> <span class='ocrx_word' id='word_1_699' title='bbox 2380 4635 2611 4702; x_wconf 81' lang='lat' dir='ltr'><strong>speciosa</strong></span> <span class='ocrx_word' id='word_1_700' title='bbox 2653 4633 2770 4685; x_wconf 85' lang='lat' dir='ltr'><strong>laus</strong></span> <span class='ocrx_word' id='word_1_701' title='bbox 2801 4634 2855 4685; x_wconf 90' lang='lat' dir='ltr'><strong>in</strong></span> <span class='ocrx_word' id='word_1_702' title='bbox 2894 4649 2982 4685; x_wconf 89' lang='lat' dir='ltr'><strong>ore</strong></span> <span class='ocrx_word' id='word_1_703' title='bbox 3019 4635 3307 4703; x_wconf 84' lang='lat' dir='ltr'><strong>peccatoris</strong></span> <span class='ocrx_word' id='word_1_704' title='bbox 3340 4633 3528 4704; x_wconf 85' lang='lat' dir='ltr'><strong>(Eccli.</strong></span> <span class='ocrx_word' id='word_1_705' title='bbox 3559 4651 3647 4699; x_wconf 83' lang='lat' dir='ltr'><strong>xv,</strong></span> <span class='ocrx_word' id='word_1_706' title='bbox 3677 4634 3755 4709; x_wconf 87' lang='lat'><strong>9),</strong></span> <span class='ocrx_word' id='word_1_707' title='bbox 3800 4638 3868 4691; x_wconf 83' lang='lat' dir='ltr'><strong>si-</strong></span> 
     </span>
    </p>
   </div>
   <div class='ocr_carea' id='block_1_107' title="bbox 2276 4723 3870 4784">
    <p class='ocr_par' dir='ltr' id='par_1_107' title="bbox 2276 4723 3870 4784">
     <span class='ocr_line' id='line_1_107' title="bbox 2276 4723 3870 4784; baseline 0.003 -5"><span class='ocrx_word' id='word_1_708' title='bbox 2276 4726 2387 4781; x_wconf 86' lang='lat' dir='ltr'><strong>lere</strong></span> <span class='ocrx_word' id='word_1_709' title='bbox 2410 4726 2553 4780; x_wconf 88' lang='lat' dir='ltr'><strong>enim</strong></span> <span class='ocrx_word' id='word_1_710' title='bbox 2585 4740 2615 4778; x_wconf 87' lang='lat' dir='ltr'><strong>a</strong></span> <span class='ocrx_word' id='word_1_711' title='bbox 2643 4724 2799 4778; x_wconf 87' lang='lat' dir='ltr'><strong>laude</strong></span> <span class='ocrx_word' id='word_1_712' title='bbox 2827 4723 3104 4779; x_wconf 87' lang='lat' dir='ltr'><strong>Creatoris</strong></span> <span class='ocrx_word' id='word_1_713' title='bbox 3135 4727 3306 4782; x_wconf 91' lang='lat' dir='ltr'><strong>multo</strong></span> <span class='ocrx_word' id='word_1_714' title='bbox 3336 4728 3595 4783; x_wconf 89' lang='lat' dir='ltr'><strong>deterius.</strong></span> <span class='ocrx_word' id='word_1_715' title='bbox 3648 4728 3714 4783; x_wconf 83' lang='lat' dir='ltr'><strong>Et</strong></span> <span class='ocrx_word' id='word_1_716' title='bbox 3746 4728 3870 4784; x_wconf 87' lang='lat' dir='ltr'><strong>licet</strong></span> 
     </span>
    </p>
   </div>
   <div class='ocr_carea' id='block_1_108' title="bbox 2275 4817 3869 4889">
    <p class='ocr_par' dir='ltr' id='par_1_108' title="bbox 2275 4817 3869 4889">
     <span class='ocr_line' id='line_1_108' title="bbox 2275 4817 3869 4889; baseline 0.003 -17"><span class='ocrx_word' id='word_1_717' title='bbox 2275 4818 2386 4872; x_wconf 88' lang='lat' dir='ltr'><strong>sint</strong></span> <span class='ocrx_word' id='word_1_718' title='bbox 2416 4817 2569 4871; x_wconf 88' lang='lat' dir='ltr'><strong>multi</strong></span> <span class='ocrx_word' id='word_1_719' title='bbox 2600 4817 2667 4871; x_wconf 85' lang='lat' dir='ltr'><strong>ad</strong></span> <span class='ocrx_word' id='word_1_720' title='bbox 2693 4818 2797 4871; x_wconf 87' lang='lat' dir='ltr'><strong>hoc</strong></span> <span class='ocrx_word' id='word_1_721' title='bbox 2823 4831 2957 4885; x_wconf 85' lang='lat' dir='ltr'><strong>opus</strong></span> <span class='ocrx_word' id='word_1_722' title='bbox 2986 4817 3209 4887; x_wconf 73' lang='lat' dir='ltr'><strong>congrui</strong></span> <span class='ocrx_word' id='word_1_723' title='bbox 3238 4817 3452 4889; x_wconf 86' lang='lat' dir='ltr'><strong>psalmi,</strong></span> <span class='ocrx_word' id='word_1_724' title='bbox 3485 4820 3539 4873; x_wconf 93' lang='lat' dir='ltr'><strong>in</strong></span> <span class='ocrx_word' id='word_1_725' title='bbox 3578 4819 3660 4874; x_wconf 88' lang='lat' dir='ltr'><strong>bis</strong></span> <span class='ocrx_word' id='word_1_726' title='bbox 3687 4828 3869 4877; x_wconf 84' lang='lat' dir='ltr'><strong>tamen</strong></span> 
     </span>
    </p>
   </div>
   <div class='ocr_carea' id='block_1_109' title="bbox 2278 4907 3869 4978">
    <p class='ocr_par' dir='ltr' id='par_1_109' title="bbox 2278 4907 3869 4978">
     <span class='ocr_line' id='line_1_109' title="bbox 2278 4907 3869 4978; baseline 0.001 -15"><span class='ocrx_word' id='word_1_727' title='bbox 2278 4910 2387 4963; x_wconf 88' lang='lat' dir='ltr'><strong>Deo</strong></span> <span class='ocrx_word' id='word_1_728' title='bbox 2416 4909 2603 4963; x_wconf 78' lang='lat' dir='ltr'><strong>sedulo</strong></span> <span class='ocrx_word' id='word_1_729' title='bbox 2632 4908 2833 4978; x_wconf 80' lang='lat' dir='ltr'><strong>poteris</strong></span> <span class='ocrx_word' id='word_1_730' title='bbox 2861 4908 3085 4961; x_wconf 86' lang='lat' dir='ltr'><strong>reddere</strong></span> <span class='ocrx_word' id='word_1_731' title='bbox 3112 4907 3348 4974; x_wconf 89' lang='lat' dir='ltr'><strong>laudem,</strong></span> <span class='ocrx_word' id='word_1_732' title='bbox 3369 4909 3473 4965; x_wconf 87' lang='lat' dir='ltr'><strong>hoc</strong></span> <span class='ocrx_word' id='word_1_733' title='bbox 3494 4910 3656 4964; x_wconf 89' lang='lat' dir='ltr'><strong>modo</strong></span> <span class='ocrx_word' id='word_1_734' title='bbox 3680 4929 3693 4963; x_wconf 88' lang='lat'><strong>:</strong></span> <span class='ocrx_word' id='word_1_735' title='bbox 3726 4910 3869 4965; x_wconf 71' lang='lat' dir='ltr'><strong>Pra:~</strong></span> 
     </span>
    </p>
   </div>
   <div class='ocr_carea' id='block_1_110' title="bbox 2276 4997 3871 5065">
    <p class='ocr_par' dir='ltr' id='par_1_110' title="bbox 2276 4997 3871 5065">
     <span class='ocr_line' id='line_1_110' title="bbox 2276 4997 3871 5065; baseline 0.003 -14"><span class='ocrx_word' id='word_1_736' title='bbox 2276 4999 2441 5053; x_wconf 88' lang='lat' dir='ltr'><strong>misso</strong></span> <span class='ocrx_word' id='word_1_737' title='bbox 2464 5013 2642 5050; x_wconf 83' lang='lat' dir='ltr'><strong>versu.</strong></span> <span class='ocrx_word' id='word_1_738' title='bbox 2689 4997 2849 5059; x_wconf 88' lang='lat' dir='ltr'><strong>Deus,</strong></span> <span class='ocrx_word' id='word_1_739' title='bbox 2874 4999 2927 5049; x_wconf 87' lang='lat' dir='ltr'><strong>in</strong></span> <span class='ocrx_word' id='word_1_740' title='bbox 2953 4997 3278 5065; x_wconf 83' lang='lat' dir='ltr'><strong>adjutorium</strong></span> <span class='ocrx_word' id='word_1_741' title='bbox 3319 5015 3491 5052; x_wconf 84' lang='lat' dir='ltr'><strong>meum</strong></span> <span class='ocrx_word' id='word_1_742' title='bbox 3531 5000 3760 5064; x_wconf 80' lang='lat' dir='ltr'><strong>intende,</strong></span> <span class='ocrx_word' id='word_1_743' title='bbox 3785 5017 3871 5056; x_wconf 81' lang='lat' dir='ltr'><strong>se-</strong></span> 
     </span>
    </p>
   </div>
   <div class='ocr_carea' id='block_1_111' title="bbox 2275 5088 3866 5161">
    <p class='ocr_par' dir='ltr' id='par_1_111' title="bbox 2275 5088 3866 5161">
     <span class='ocr_line' id='line_1_111' title="bbox 2275 5088 3866 5161; baseline 0.002 -17"><span class='ocrx_word' id='word_1_744' title='bbox 2275 5100 2478 5159; x_wconf 80' lang='lat' dir='ltr'><strong>quatur</strong></span> <span class='ocrx_word' id='word_1_745' title='bbox 2492 5091 2745 5161; x_wconf 85' lang='lat' dir='ltr'><strong>psalmus,</strong></span> <span class='ocrx_word' id='word_1_746' title='bbox 2764 5088 2999 5142; x_wconf 85' lang='lat' dir='ltr'><strong>Laudute</strong></span> <span class='ocrx_word' id='word_1_747' title='bbox 3009 5107 3195 5143; x_wconf 88' lang='lat' dir='ltr'><strong>nomen</strong></span> <span class='ocrx_word' id='word_1_748' title='bbox 3212 5090 3442 5155; x_wconf 84' lang='lat' dir='ltr'><strong>Domini,</strong></span> <span class='ocrx_word' id='word_1_749' title='bbox 3460 5092 3692 5155; x_wconf 84' lang='lat' dir='ltr'><strong>laudate,</strong></span> <span class='ocrx_word' id='word_1_750' title='bbox 3712 5096 3866 5156; x_wconf 71' lang='lat' dir='ltr'><strong>serti,</strong></span> 
     </span>
    </p>
   </div>
   <div class='ocr_carea' id='block_1_112' title="bbox 2287 5180 3868 5251">
    <p class='ocr_par' dir='ltr' id='par_1_112' title="bbox 2287 5180 3868 5251">
     <span class='ocr_line' id='line_1_112' title="bbox 2287 5180 3868 5251; baseline 0.004 -17"><span class='ocrx_word' id='word_1_751' title='bbox 2287 5182 2604 5246; x_wconf 88' lang='lat' dir='ltr'><strong>Dominum;</strong></span> <span class='ocrx_word' id='word_1_752' title='bbox 2652 5183 2705 5235; x_wconf 93' lang='lat' dir='ltr'><strong>in</strong></span> <span class='ocrx_word' id='word_1_753' title='bbox 2757 5196 2865 5249; x_wconf 91' lang='lat' dir='ltr'><strong>quo</strong></span> <span class='ocrx_word' id='word_1_754' title='bbox 2912 5180 3178 5251; x_wconf 88' lang='lat' dir='ltr'><strong>despectis</strong></span> <span class='ocrx_word' id='word_1_755' title='bbox 3230 5185 3535 5239; x_wconf 89' lang='lat' dir='ltr'><strong>nominibus</strong></span> <span class='ocrx_word' id='word_1_756' title='bbox 3576 5185 3868 5242; x_wconf 87' lang='lat' dir='ltr'><strong>multorum</strong></span> 
     </span>
    </p>
   </div>
   <div class='ocr_carea' id='block_1_113' title="bbox 2283 5269 3869 5345">
    <p class='ocr_par' dir='ltr' id='par_1_113' title="bbox 2283 5269 3869 5345">
     <span class='ocr_line' id='line_1_113' title="bbox 2283 5269 3869 5345; baseline 0.007 -22"><span class='ocrx_word' id='word_1_757' title='bbox 2283 5269 2645 5340; x_wconf 80' lang='lat' dir='ltr'><strong>falsorumque</strong></span> <span class='ocrx_word' id='word_1_758' title='bbox 2692 5272 2940 5332; x_wconf 88' lang='lat' dir='ltr'><strong>deorum,</strong></span> <span class='ocrx_word' id='word_1_759' title='bbox 2984 5288 3122 5327; x_wconf 91' lang='lat' dir='ltr'><strong>unus</strong></span> <span class='ocrx_word' id='word_1_760' title='bbox 3158 5275 3297 5328; x_wconf 86' lang='lat' dir='ltr'><strong>Deus</strong></span> <span class='ocrx_word' id='word_1_761' title='bbox 3344 5291 3570 5345; x_wconf 79' lang='lat' dir='ltr'><strong>magnus</strong></span> <span class='ocrx_word' id='word_1_762' title='bbox 3613 5286 3670 5331; x_wconf 89' lang='lat' dir='ltr'><strong>et</strong></span> <span class='ocrx_word' id='word_1_763' title='bbox 3707 5293 3869 5334; x_wconf 84' lang='lat' dir='ltr'><strong>verus</strong></span> 
     </span>
    </p>
   </div>
   <div class='ocr_carea' id='block_1_114' title="bbox 2282 5365 3866 5435">
    <p class='ocr_par' dir='ltr' id='par_1_114' title="bbox 2282 5365 3866 5435">
     <span class='ocr_line' id='line_1_114' title="bbox 2282 5365 3866 5435; baseline 0.004 -18"><span class='ocrx_word' id='word_1_764' title='bbox 2282 5365 2545 5420; x_wconf 89' lang='lat' dir='ltr'><strong>laudatur.</strong></span> <span class='ocrx_word' id='word_1_765' title='bbox 2575 5365 2815 5428; x_wconf 83' lang='lat' dir='ltr'><strong>Benedic,</strong></span> <span class='ocrx_word' id='word_1_766' title='bbox 2832 5367 3006 5417; x_wconf 86' lang='lat' dir='ltr'><strong>anima</strong></span> <span class='ocrx_word' id='word_1_767' title='bbox 3022 5382 3155 5430; x_wconf 87' lang='lat' dir='ltr'><strong>mea,</strong></span> <span class='ocrx_word' id='word_1_768' title='bbox 3177 5365 3415 5428; x_wconf 87' lang='lat' dir='ltr'><strong>Domino,</strong></span> <span class='ocrx_word' id='word_1_769' title='bbox 3439 5378 3485 5423; x_wconf 87' lang='lat' dir='ltr'><strong>et</strong></span> <span class='ocrx_word' id='word_1_770' title='bbox 3508 5371 3706 5435; x_wconf 87' lang='lat' dir='ltr'><strong>omnia,</strong></span> <span class='ocrx_word' id='word_1_771' title='bbox 3735 5383 3866 5434; x_wconf 84' lang='lat' dir='ltr'><strong>e:c.,</strong></span> 
     </span>
    </p>
   </div>
   <div class='ocr_carea' id='block_1_115' title="bbox 2282 5456 3865 5527">
    <p class='ocr_par' dir='ltr' id='par_1_115' title="bbox 2282 5456 3865 5527">
     <span class='ocr_line' id='line_1_115' title="bbox 2282 5456 3865 5527; baseline 0.003 -17"><span class='ocrx_word' id='word_1_772' title='bbox 2282 5457 2587 5524; x_wconf 66' lang='lat' dir='ltr'><strong>numerosis</strong></span> <span class='ocrx_word' id='word_1_773' title='bbox 2624 5456 2913 5509; x_wconf 88' lang='lat' dir='ltr'><strong>virtutibus</strong></span> <span class='ocrx_word' id='word_1_774' title='bbox 2958 5464 3011 5509; x_wconf 90' lang='lat' dir='ltr'><strong>et</strong></span> <span class='ocrx_word' id='word_1_775' title='bbox 3055 5456 3307 5511; x_wconf 90' lang='lat' dir='ltr'><strong>laudibus</strong></span> <span class='ocrx_word' id='word_1_776' title='bbox 3339 5459 3547 5527; x_wconf 86' lang='lat' dir='ltr'><strong>plenus.</strong></span> <span class='ocrx_word' id='word_1_777' title='bbox 3602 5461 3865 5517; x_wconf 74' lang='lat' dir='ltr'><strong>Exaltabo</strong></span> 
     </span>
    </p>
   </div>
   <div class='ocr_carea' id='block_1_116' title="bbox 2279 5550 3867 5618">
    <p class='ocr_par' dir='ltr' id='par_1_116' title="bbox 2279 5550 3867 5618">
     <span class='ocr_line' id='line_1_116' title="bbox 2279 5550 3867 5618; baseline 0.004 -15"><span class='ocrx_word' id='word_1_778' title='bbox 2279 5562 2348 5615; x_wconf 88' lang='lat' dir='ltr'><strong>te,</strong></span> <span class='ocrx_word' id='word_1_779' title='bbox 2375 5552 2512 5605; x_wconf 85' lang='lat' dir='ltr'><strong>Deus</strong></span> <span class='ocrx_word' id='word_1_780' title='bbox 2543 5568 2685 5605; x_wconf 85' lang='lat' dir='ltr'><strong>meus</strong></span> <span class='ocrx_word' id='word_1_781' title='bbox 2730 5568 2841 5613; x_wconf 78' lang='lat' dir='ltr'><strong>rex,</strong></span> <span class='ocrx_word' id='word_1_782' title='bbox 2885 5550 3270 5618; x_wconf 73' lang='lat' dir='ltr'><strong>iucundissima</strong></span> <span class='ocrx_word' id='word_1_783' title='bbox 3304 5570 3365 5607; x_wconf 86' lang='lat' dir='ltr'><strong>ac</strong></span> <span class='ocrx_word' id='word_1_784' title='bbox 3414 5555 3732 5609; x_wconf 82' lang='lat' dir='ltr'><strong>suavissima</strong></span> <span class='ocrx_word' id='word_1_785' title='bbox 3766 5554 3867 5609; x_wconf 79' lang='lat' dir='ltr'><strong>Do-</strong></span> 
     </span>
    </p>
   </div>
   <div class='ocr_carea' id='block_1_117' title="bbox 2279 5640 3865 5703">
    <p class='ocr_par' dir='ltr' id='par_1_117' title="bbox 2279 5640 3865 5703">
     <span class='ocr_line' id='line_1_117' title="bbox 2279 5640 3865 5703; baseline 0.002 -9"><span class='ocrx_word' id='word_1_786' title='bbox 2279 5643 2426 5695; x_wconf 77' lang='lat' dir='ltr'><strong>mino</strong></span> <span class='ocrx_word' id='word_1_787' title='bbox 2452 5642 2686 5695; x_wconf 83' lang='lat' dir='ltr'><strong>laudatio</strong></span> <span class='ocrx_word' id='word_1_788' title='bbox 2714 5640 2901 5694; x_wconf 86' lang='lat' dir='ltr'><strong>David.</strong></span> <span class='ocrx_word' id='word_1_789' title='bbox 2943 5640 3179 5695; x_wconf 84' lang='lat' dir='ltr'><strong>Laudate</strong></span> <span class='ocrx_word' id='word_1_790' title='bbox 3218 5644 3500 5697; x_wconf 86' lang='lat' dir='ltr'><strong>Dominum</strong></span> <span class='ocrx_word' id='word_1_791' title='bbox 3527 5645 3592 5697; x_wconf 81' lang='lat' dir='ltr'><strong>de</strong></span> <span class='ocrx_word' id='word_1_792' title='bbox 3621 5644 3780 5703; x_wconf 72' lang='lat' dir='ltr'><strong>caelis,</strong></span> <span class='ocrx_word' id='word_1_793' title='bbox 3812 5646 3865 5697; x_wconf 86' lang='lat' dir='ltr'><strong>in</strong></span> 
     </span>
    </p>
   </div>
   <div class='ocr_carea' id='block_1_118' title="bbox 2281 5730 3865 5800">
    <p class='ocr_par' dir='ltr' id='par_1_118' title="bbox 2281 5730 3865 5800">
     <span class='ocr_line' id='line_1_118' title="bbox 2281 5730 3865 5800; baseline 0.001 -15"><span class='ocrx_word' id='word_1_794' title='bbox 2281 5748 2389 5800; x_wconf 85' lang='lat' dir='ltr'><strong>quo</strong></span> <span class='ocrx_word' id='word_1_795' title='bbox 2419 5730 2713 5785; x_wconf 84' lang='lat' dir='ltr'><strong>invitantur</strong></span> <span class='ocrx_word' id='word_1_796' title='bbox 2737 5745 2925 5785; x_wconf 87' lang='lat' dir='ltr'><strong>omnes</strong></span> <span class='ocrx_word' id='word_1_797' title='bbox 2970 5740 3252 5795; x_wconf 62' lang='lat' dir='ltr'><strong>creaturae,</strong></span> <span class='ocrx_word' id='word_1_798' title='bbox 3280 5742 3341 5785; x_wconf 90' lang='lat' dir='ltr'><strong>nt</strong></span> <span class='ocrx_word' id='word_1_799' title='bbox 3381 5734 3599 5788; x_wconf 85' lang='lat' dir='ltr'><strong>laudent</strong></span> <span class='ocrx_word' id='word_1_800' title='bbox 3624 5735 3865 5788; x_wconf 86' lang='lat' dir='ltr'><strong>omnium</strong></span> 
     </span>
    </p>
   </div>
   <div class='ocr_carea' id='block_1_119' title="bbox 2281 5819 3865 5893">
    <p class='ocr_par' dir='ltr' id='par_1_119' title="bbox 2281 5819 3865 5893">
     <span class='ocr_line' id='line_1_119' title="bbox 2281 5819 3865 5893; baseline 0.001 -16"><span class='ocrx_word' id='word_1_801' title='bbox 2281 5820 2613 5878; x_wconf 87' lang='lat' dir='ltr'><strong>Creatorem.</strong></span> <span class='ocrx_word' id='word_1_802' title='bbox 2672 5819 2911 5891; x_wconf 78' lang='lat' dir='ltr'><strong>Hymnus</strong></span> <span class='ocrx_word' id='word_1_803' title='bbox 2977 5824 3135 5875; x_wconf 85' lang='lat' dir='ltr'><strong>trium</strong></span> <span class='ocrx_word' id='word_1_804' title='bbox 3187 5827 3465 5893; x_wconf 76' lang='lat' dir='ltr'><strong>puerorum</strong></span> <span class='ocrx_word' id='word_1_805' title='bbox 3515 5826 3660 5880; x_wconf 88' lang='lat' dir='ltr'><strong>omni</strong></span> <span class='ocrx_word' id='word_1_806' title='bbox 3713 5823 3865 5879; x_wconf 70' lang='lat' dir='ltr'><strong>laude</strong></span> 
     </span>
    </p>
   </div>
  </div>
