4122 6606
411 435 518 493 469

399 744 704 814 laudamus,
735 750 879 808 nulla
909 753 1071 812 laude
1100 760 1348 830 inferior,
1382 766 1452 821 Te
1477 770 1620 825 decet
1648 775 1893 845 hymnus.

680 863 810 920 Post
830 866 1162 928 Dominicam
1194 876 1496 937 Orationem
1520 903 1717 942 versus.

469 971 759 1075 Benedieat
781 994 881 1035 nos
906 984 1248 1054 omnipotens
1271 998 1329 1046 et
1364 994 1676 1055 misericors
1704 1000 1866 1069 Deus,
1894 1007 1986 1075 qui

396 1062 524 1119 fecit
557 1066 754 1123 omium
783 1078 839 1125 et
864 1080 1088 1130 terram.
1138 1078 1515 1143 Benedicimus
1541 1088 1775 1159 Patrem,
1815 1062 1871 1150 et

393 1154 549 1221 lium,
576 1164 634 1212 et
655 1157 916 1231 Spiritum
958 1177 1208 1225 sanctum
1232 1189 1247 1225 :
1290 1174 1570 1235 laudamus
1583 1190 1646 1236 et
1674 1154 1984 1255 superemi-

393 1258 571 1307 tamus
588 1267 716 1309 eum
744 1254 801 1310 in
829 1259 1045 1315 saecula.
1090 1260 1417 1323 Benedictus
1444 1285 1527 1338 es,
1575 1254 1802 1332 Domine
1840 1280 1981 1337 Deus

386 1341 611 1399 Patrum
653 1357 987 1417 nostrorum,
1031 1361 1089 1410 et
1138 1355 1405 1415 laudabile
1434 1372 1489 1417 et
1531 1364 1823 1433 gloriosum
1875 1387 1977 1427 no-

387 1451 513 1491 men
542 1445 695 1495 tuum
724 1440 777 1495 in
805 1444 1021 1499 saecula.
1065 1445 1168 1514 Qui
1211 1451 1413 1508 timetis
1455 1437 1762 1524 Dominum,
1813 1461 1977 1518 bene-

382 1528 548 1586 dicite
593 1531 824 1590 Domino
865 1554 879 1589 :
914 1537 1231 1597 benedictus
1272 1543 1532 1602 Dominus
1576 1563 1645 1603 ex
1685 1549 1836 1616 Sion,
1881 1555 1975 1621 qui

378 1618 595 1679 habitat
620 1624 677 1679 in
705 1623 1027 1684 Jerusalem.
1050 1630 1279 1687 Caritate
1305 1634 1552 1704 Domino,
1588 1647 1647 1694 et
1671 1618 1974 1701 benedicite

379 1714 579 1770 nomen
604 1716 761 1785 ejus:
804 1718 943 1776 bone
965 1723 1210 1779 nuntiate
1232 1725 1299 1780 de
1334 1725 1424 1783 die
1474 1728 1530 1785 in
1556 1729 1700 1786 diem
1735 1732 1972 1791 salutare

377 1805 515 1880 ejus.
552 1806 662 1865 Nos
689 1811 784 1881 qui
806 1811 1058 1879 vivimus,
1083 1816 1453 1876 benedicimtrs
1476 1820 1742 1891 Domino;
1774 1841 1839 1881 ex
1865 1827 1969 1884 hoc

377 1916 523 1958 nunc
541 1910 599 1957 et
617 1918 790 1973 usque
811 1905 867 1959 in
889 1907 1169 1965 smculum.
1190 1909 1517 1970 Benedictus
1542 1915 1801 1973 Dominus
1824 1919 1967 1975 Deus

374 1993 564 2060 Israel,
586 1995 679 2065 qui
699 1994 829 2051 fecit
850 1996 1115 2054 mirabilia
1146 2015 1340 2073 magna
1359 2003 1532 2061 solus:
1552 2014 1608 2061 et
1628 2006 1967 2065 benedictqu

376 2079 577 2142 nomen
598 2088 901 2160 maiestatis
919 2088 1039 2161 eius
1061 2093 1117 2147 in
1139 2100 1425 2163 aeternum,
1442 2099 1571 2153 etin
1592 2100 1849 2157 saeculum
1871 2118 1971 2158 sm-

373 2178 498 2234 culi.
522 2179 839 2235 Benedicam
852 2180 1147 2239 Dominoin
1164 2185 1311 2241 omni
1335 2194 1596 2259 tempore,
1616 2204 1833 2263 semper
1850 2191 1968 2249 laus

369 2271 488 2341 eius
509 2271 562 2325 in
583 2286 680 2327 ore
702 2286 844 2328 meo.
862 2273 1117 2332 Laudabo
1134 2291 1332 2335 nomen
1354 2277 1449 2334 Dei
1465 2281 1571 2336 mei
1592 2297 1715 2337 cum
1730 2284 1963 2351 cantico,

367 2372 426 2419 et
446 2365 804 2435 magniﬁcabo
823 2382 947 2423 eum
967 2370 1022 2424 in
1044 2367 1222 2425 laude.
1238 2369 1487 2427 Laudent
1504 2389 1626 2429 eum
1642 2375 1767 2429 caeli
1785 2386 1841 2430 et
1860 2384 1965 2431 ter-

370 2471 451 2521 ra,
473 2470 641 2523 mare,
667 2465 723 2512 et
736 2458 918 2512 omnia
932 2473 1052 2531 qua:
1067 2460 1122 2515 in
1142 2461 1222 2517 eis
1236 2470 1378 2517 sunt.
1401 2462 1643 2519 Cantabo
1662 2464 1891 2523 Domino
1907 2469 1960 2523 in

365 2546 474 2599 vita
499 2561 642 2612 mea,
662 2547 889 2617 psallam
911 2548 1021 2605 Deo
1050 2553 1445 2623 meo,quandiu
1464 2570 1578 2610 ero.
1604 2553 1800 2611 Suavis
1825 2558 1958 2612 sitci

367 2636 610 2695 laudatio
638 2656 779 2707 mea,
816 2656 916 2714 ego
959 2659 1090 2699 vero
1122 2644 1431 2702 delectabor
1474 2646 1530 2702 in
1575 2647 1822 2705 Domino.
1874 2649 1958 2705 Sit

362 2732 535 2804 glaria
559 2734 774 2791 Domini
796 2736 851 2791 in
878 2737 1132 2793 saeculum
1160 2740 1365 2807 saeculi,
1402 2741 1673 2800 laetabitur
1696 2742 1957 2801 Dominus

360 2824 421 2883 in
448 2829 705 2899 operibus
738 2833 871 2885 suis.
896 2830 1135 2887 Laudem
1160 2832 1375 2889 Domini
1401 2836 1639 2905 loquitur
1658 2853 1720 2893 os
1747 2854 1948 2905 meum,

356 2921 715 2977 etbenedieat
741 2923 920 2979 omnis
939 2939 1067 2979 caro
1088 2940 1281 2981 nomen
1309 2937 1554 2983 sanctum
1573 2928 1694 2997 ejus
1718 2931 1773 2986 in
1792 2940 1953 2987 aeter-

357 3024 508 3076 num,
536 3020 593 3066 et
619 3012 673 3067 in
700 3013 955 3069 sarculum
982 3016 1187 3071 saeculi.
1219 3014 1303 3071 Sit
1324 3033 1519 3073 nomen
1541 3019 1757 3076 Domini
1784 3023 1949 3078 bene-

357 3102 581 3169 dictum,
610 3117 677 3158 ex
703 3105 805 3160 hoc
830 3119 975 3163 nunc
1000 3114 1055 3161 et
1080 3122 1252 3177 usque
1278 3107 1333 3162 iu
1360 3108 1636 3165 smculum.

899 3217 1205 3275 Gratiarum
1241 3223 1402 3276 actio.

1300 454 1697 519 LlTURGlCA.
1733 497 1802 506 -—
1834 470 1923 526 DE
1956 472 2205 537 PSALM.
2250 477 2407 538 USU.
2437 482 2709 543 --PARS
2746 486 2786 543 L

403 558 517 615 Deo
543 563 848 631 amabilior,
880 568 935 623 in
954 585 1061 642 quo
1100 589 1291 633 omnes
1327 595 1590 641 creatura:
1618 591 1776 647 simul
1799 603 1853 649 et
1878 598 1994 652 sin-
2033 607 2072 667 Α
2100 612 2244 659 uuln

399 654 626 752 gula-tim
669 659 738 714 ad
763 658 1041 752 creatoris
1084 668 1297 727 laudem
1346 676 1655 737 hortantur.
1707 684 1778 740 Te
1823 687 1994 745 Deum
2033 654 2072 667 τ
2093 654 2272 752 eum—e

3585 512 3690 567 470

2280 617 2614 667 servatorem
2636 621 2692 669 et
2726 626 3164 689 recuperatorem
3190 635 3460 701 nostmm,
3486 635 3579 704 qui
3610 644 3690 694 to-

2276 706 2297 752 t
2322 714 2445 755 cum
2472 701 2680 774 Spiritu
2705 715 2897 764 sancto
2924 711 3059 768 vivit
3096 721 3155 769 et
3180 713 3370 789 regnat
3395 722 3448 776 in
3488 701 3687 784 saecula

2091 789 2435 885 saeculorum.
2479 795 2674 854 Amen.
2728 800 2840 857 Deo
2864 804 3090 874 gratias,
3142 808 3253 865 Deo
3302 816 3527 885 gratias,
3573 818 3685 878 Deo

2089 881 2312 950 gratias.
2341 882 2630 944 Benedicta
2657 890 2830 962 gloria
2860 894 3074 953 Domini
3099 901 3166 957 de
3192 881 3451 962 loco—suo.

2125 1121 2521 1204 Pas-nitentia,
2555 1138 2611 1189 et
2632 1131 2907 1209 publicet
2930 1143 3312 1217 panitentiw
3343 1153 3629 1228 gemitus.

2151 1222 2405 1295 Legimus
2439 1227 2505 1283 de
2531 1227 2759 1288 Domino
2783 1234 3026 1299 Christo,
3056 1244 3182 1314 quia
3224 1222 3677 1319 erat'pernoctans

2078 1314 2134 1409 in
2163 1314 2485 1371 orationibus
2516 1315 2665 1390 (Luc.
2691 1336 2763 1387 vr,
2799 1324 2912 1397 12).
2937 1326 3077 1397 Quid
3105 1347 3234 1402 ergo
3274 1336 3331 1389 in
3364 1314 3677 1409 iniquitati-

2078 1399 2177 1491 bus
2203 1409 2449 1477 concepti
2474 1419 2531 1465 et
2577 1412 2634 1466 in
2664 1415 2899 1484 delictis,
2941 1420 3139 1478 lectulo
3173 1399 3535 1487 iconl‘oventes
3576 1450 3675 1491 nos

2075 1490 2305 1550 delicate
2328 1497 2634 1568 palpamus,
2658 1503 2702 1557 si
2726 1504 2818 1560 ille
2846 1512 3201 1577 pernoctabat
3229 1514 3283 1570 in
3313 1518 3668 1586 orationibus,

2072 1581 2165 1649 qui
2202 1586 2348 1640 omni
2370 1601 2594 1657 prorsus
2618 1596 2939 1665 contagione
2969 1601 3191 1657 carebat
3215 1608 3467 1675 peccati?
3506 1581 3672 1665 Scru;

2073 1671 2252 1728 temur
2278 1690 2410 1748 ergo
2438 1678 2555 1743 vias
2601 1690 2839 1751 nostras,
2879 1692 2935 1741 et
2960 1671 3235 1759 duplicem
3259 1693 3315 1747 in
3344 1696 3666 1765 pmnitentia

2067 1765 2327 1834 gemitum
2350 1767 2646 1827 habeamus
2671 1773 2727 1829 in
2749 1776 2963 1833 saeculo.
2990 1778 3281 1849 Nimirum,
3306 1784 3433 1855 quia
3455 1794 3509 1843 et
3526 1772 3666 1845 bona

2069 1868 2189 1922 quae
2213 1857 2474 1928 oportuit,
2504 1876 2611 1916 non
2638 1860 2889 1933 fecimus,
2919 1875 2976 1922 et
3015 1869 3158 1926 mala
3186 1886 3308 1941 quae
3353 1890 3459 1930 non
3501 1893 3664 1948 opor-

2003 1974 2050 2035 B
2074 1946 2193 2014 tuit,
2225 1952 2435 2019 operati
2462 1968 2670 2012 sumus.
2716 1955 2990 2019 Canamus
3023 1972 3285 2032 praeterea
3315 1968 3497 2024 sedula
3527 1946 3667 2027 reci-

2072 2039 2388 2105 precatione
2412 2040 2513 2100 hos
2536 2053 2743 2117 septem
2765 2048 3050 2107 Davidicos
3077 2055 3337 2123 psalmos,
3365 2073 3501 2128 quos
3526 2076 3666 2131 pene

2070 2143 2260 2185 omnes
2288 2132 2597 2204 spirituales
2628 2138 2731 2194 viri
2772 2145 3289 2211 congruentissimos
3331 2152 3664 2219 poenitentia:

2068 2221 2513 2311 tradiderunt,'id
2537 2238 2655 2284 est:
2691 2229 2942 2289 Miserere
2966 2236 3088 2315 mei,
3117 2236 3296 2304 Deus;
3326 2240 3568 2310 Domine,
3599 2262 3664 2300 ns

2065 2317 2119 2372 in
2143 2318 2226 2372 ira
2249 2329 2341 2375 tua
2370 2306 2564 2394 arguas
2590 2341 2714 2390 me;
2749 2325 2901 2385 Beati
2921 2333 3146 2401 quorum
3170 2348 3190 2397 ;
3235 2331 3476 2402 Domine,
3519 2354 3581 2392 ne
3604 2339 3660 2393 in

2062 2411 2145 2464 ira
2173 2420 2333 2467 tua...
2357 2416 2607 2485 quoniam
2646 2421 2853 2489 sagitta:
2881 2430 3011 2489 tute,
3040 2432 3147 2479 etc.
3175 2442 3189 2489 ;
3227 2424 3469 2493 Domine,
3496 2446 3658 2486 exaur

2059 2500 2118 2555 di
2145 2505 2439 2560 orationem
2457 2523 2649 2573 meam,
2679 2518 2728 2563 et
2758 2510 3003 2579 clamor;
3039 2514 3114 2568 De
3131 2504 3411 2587 profundis
3438 2520 3656 2580 ,‘Do’mi-

2061 2610 2143 2660 ue,
2173 2596 2369 2650 exaudi
2395 2598 2685 2654 orationem
2712 2618 2903 2669 meam,
2933 2605 3171 2661 auribus.

2340 2718 2469 2787 Post
2501 2719 2830 2778 Dominicam
2856 2728 3146 2783 orationem
3170 2747 3345 2799 versus
3364 2750 3383 2787 .'
3434 2789 3440 2798 ,

2126 2831 2241 2900 Ego
2262 2832 2670 2901 dixi,:Domine,
2714 2837 2973 2894 miserere
2999 2842 3127 2909 mei,
3160 2845 3416 2913 quoniam
3450 2847 3651 2918 iniquis

2054 2931 2750 2998 tatesmere-supergresss:
2792 2939 2921 2984 sunt
2954 2941 3118 3002 caput
3156 2950 3361 3002 meum,
3388 2938 3648 3009 multipli-

2050 3024 2187 3071 cata:
2212 3026 2341 3072 sunt
2379 3029 2543 3088 super
2571 3021 2796 3092 capillos
2834 3024 3034 3093 capitis
3071 3026 3199 3081 mei.
3226 3027 3346 3094 Quo
3374 3030 3464 3085 ibo
3482 3044 3514 3084 a
3543 3033 3649 3102 spi-

2048 3110 2155 3163 ritu
2206 3112 2348 3165 tuo?
2380 3111 2544 3181 Eripe
2585 3129 2673 3168 me
2717 3114 2785 3169 de
2824 3113 3058 3172 inimicis
3087 3119 3249 3186 meis,
3295 3120 3437 3177 Deus
3474 3138 3646 3190 meus,

2049 3201 2277 3273 Suscipe
2307 3216 2392 3259 me
2430 3207 2740 3262 secundum
2774 3209 3057 3279 eloquium
3079 3222 3251 3268 tuum.
3294 3213 3379 3271 Ab
3421 3218 3645 3273 occultis

422 3307 640 3365 Gratias
662 3308 759 3365 tibi
780 3324 883 3381 ago
902 3310 1110 3366 inﬁnita
1137 3313 1527 3379 misericordia,
1550 3316 1777 3373 Domine
1799 3319 1941 3376 Deus

2054 3295 2187 3348 meis
2212 3296 2412 3350 munda
2436 3310 2544 3361 me,
2575 3297 2823 3355 Domine.
2860 3299 3092 3372 Propter
3118 3318 3314 3360 nomen
3344 3314 3517 3373 tuum,
3546 3308 3641 3364 Do-

349 3400 711 3471 omnipotens,
736 3403 828 3473 qui
856 3419 942 3460 me
975 3419 1073 3473 per
1096 3420 1292 3475 aquam
1320 3409 1461 3464 sacri
1500 3410 1859 3480 baptismatis,
1887 3424 1944 3470 et

2054 3390 2214 3454 mine,
2251 3390 2639 3459 propitiabcris
2675 3399 2898 3461 peccato
2926 3404 3067 3449 meo.
3096 3393 3363 3463 Quoniam
3392 3397 3641 3468 iniquita-

349 3493 754 3549 renovationem
784 3497 955 3552 sancti
1005 3494 1240 3565 Spiritus
1266 3499 1333 3553 ab
1362 3499 1718 3568 originalibus
1744 3503 1939 3559 vincu-

342 3584 415 3639 lis
444 3585 728 3652 expedisti.
768 3584 990 3642 Gratias
1015 3587 1112 3642 tibi
1141 3603 1263 3658 ago,
1296 3592 1387 3659 qui
1428 3607 1513 3646 me
1544 3592 1596 3645 in
1629 3602 1681 3649 te
1715 3595 1939 3651 credere

340 3684 494 3730 recte
524 3675 722 3740 fecisti,
749 3684 807 3731 et
832 3684 1049 3733 tuorum
1089 3695 1175 3735 me
1213 3679 1450 3736 ﬁdelium
1478 3699 1704 3740 numero
1728 3688 1939 3745 sociare

334 3765 598 3835 dignatus
625 3784 705 3825 es.
736 3768 813 3824 Te
852 3770 1012 3826 laudo
1039 3781 1094 3828 et
1119 3772 1382 3844 gloriﬁco,
1430 3777 1937 3839 utisericordissime

343 3859 591 3927 Domine,
629 3862 723 3933 qui
763 3879 849 3918 me
876 3879 972 3934 per
994 3867 1247 3921 universa
1276 3868 1502 3923 crimina
1526 3884 1933 3941 percurrentcm

343 3966 449 4005 non
481 3966 543 4007 es
568 3967 762 4024 passus
785 3955 964 4025 perire
992 3973 1007 4023 ;
1051 3959 1146 4011 sed
1169 3956 1280 4031 24
1311 3960 1543 4031 benigne
1580 3978 1844 4021 revocans
1869 3967 1935 4022 de

2045 3485 2156 3533 tem
2180 3494 2282 3551 ego
2302 3496 2557 3553 agnosco.
2586 3482 2849 3539 Delietnm
2877 3501 3056 3542 meum
3095 3490 3373 3558 cognitum
3401 3489 3640 3563 [Suppl.,

2042 3569 2139 3624 tibi
2172 3569 2319 3644 feci].
2368 3571 2601 3642 Aojutor
2645 3590 2800 3630 meus
2828 3584 2969 3641 esto,
3018 3593 3087 3633 ne
3134 3578 3484 3649 derelinquas
3528 3598 3638 3637 me.

2039 3659 2387 3727 Quoniaqu
2428 3664 2777 3734 espatientia
2813 3683 2957 3721 mea.
2999 3667 3230 3737 Adjutor
3271 3685 3423 3727 meus
3467 3681 3525 3729 tu
3552 3689 3636 3731 es.

2042 3752 2126 3808 Sit
2152 3769 2349 3808 nomen
2378 3754 2593 3810 Domini
2621 3757 2989 3813 benedictum.

2278 3868 2414 3941 [AL,
2444 3867 2714 3943 Sequitur]
2745 3869 3018 3941 Confessio
3039 3883 3397 3965 peccatorum.

2108 3979 2250 4045 Tibi,
2281 3980 2507 4036 Domine
2546 3981 2713 4049 Deus,
2753 3983 3016 4040 conﬁteor
3068 3986 3299 4041 crimina
3331 3997 3386 4041 et
3416 3986 3630 4044 delicta.

342 4040 611 4111 profundo
650 4058 740 4099 me
787 4044 1089 4114 iniquitatis
1136 4058 1401 4117 ereptum,
1450 4052 1519 4107 ad
1557 4054 1932 4121 pmuitentiam

2054 4062 2115 4127 l‘u
2164 4040 2387 4143 propter
2431 4040 2756 4129 ineffabilem
2802 4075 3059 4145 pietatem
3105 4085 3161 4131 et
3207 4078 3629 4136 misericordiam

342 4130 663 4201 perduxisti.
704 4132 780 4188 Te
801 4133 984 4201 laudo,
1010 4144 1067 4191 et
1102 4137 1366 4207 gloriﬁco,
1391 4141 1485 4210 qui
1514 4158 1601 4197 me
1630 4145 1932 4211 dexterum
2036 4130 2183 4214 tuam
2222 4130 2439 4229 suscipe
2479 4177 2666 4231 quaeso
2706 4130 3632 4240 con-fessionem

335 4223 538 4279 -ωυῒιὶε
574 4224 819 4292 inierim.
865 4227 934 4283 de
960 4229 1138 4299 Ρωιιίε
1163 4240 1220 4284 οἱ
1262 4229 1424 4301 huius
1465 4235 1648 4289 carnis
1678 4239 1931 4293 ωυεὶαιὶ-
2032 4249 2252 4320 largire,
2280 4258 2341 4305 ut
2364 4223 2675 4308 toto-corde
2720 4254 3004 4310 conﬁtear.
3056 4256 3137 4311 Tu
3181 4258 3347 4324 enim,
3398 4223 3635 4315 clemen-

340 4314 462 4379 bus.
506 4317 563 4371 in
603 4332 711 4387 qua
747 4317 909 4388 afﬂigi
938 4320 1133 4391 dignus
1172 4337 1313 4389 sum.
1359 4324 1623 4382 hactenus
1666 4328 1926 4386 liberaui.
2033 4314 2247 4396 tissime
2268 4339 2512 4406 Domine,
2562 4340 2819 4416 dignatus
2842 4359 2902 4401 es
2946 4347 3167 4404 dicere:
3224 4344 3365 4404 Nolo
3409 4362 3626 4407 mortem

341 4404 460 4463 Tibi
490 4423 592 4478 ago
618 4407 807 4465 laudes
831 4418 886 4465 et
927 4413 1153 4482 gratias,
1181 4414 1278 4483 qui
1318 4430 1406 4471 me
1432 4417 1501 4472 de
1526 4417 1713 4475 multis
1736 4422 1926 4477 morti-
2028 4430 2339 4501 peccatoris,
2372 4432 2462 4487 sed
2484 4404 2539 4486 ut
2562 4404 2895 4491 convertatur
2915 4446 2964 4491 et
3001 4439 3134 4493 vivat
3160 4437 3402 4509 (Ezech.,
3431 4457 3624 4506 χχχιιι,

335 4498 456 4560 bus,
487 4498 553 4554 de
579 4498 766 4555 multis
790 4504 1119 4572 opprobriis,
1158 4505 1559 4564 calamitatibus
1582 4518 1640 4565 et
1667 4513 1923 4580 miseriis,
2029 4498 2141 4596 il).
2185 4498 2359 4589 Galae,
2388 4525 2673 4582 ebrietatis
2712 4534 2768 4582 et
2795 4527 3031 4599 crapula:
3079 4498 3229 4587 vitiis
3278 4530 3465 4587 infelix
3509 4533 3624 4589 sine

330 4587 399 4644 de
425 4589 832 4647 immanissimis
869 4595 1070 4651 diaboli
1096 4596 1328 4666 laqueis,
1357 4599 1425 4654 de
1456 4600 1754 4658 immundis
1783 4604 1924 4661 desi-
2029 4587 2433 4683 intermissione
2454 4614 2726 4687 deservio,
2757 4604 2822 4689 ac
2846 4587 3070 4697 piopter
3096 4624 3200 4697 hoc
3223 4633 3483 4695 gravatur

331 4679 497 4735 deriis
529 4691 865 4752 exemptum,
912 4686 1143 4756 diruptis
1183 4689 1432 4756 vinculis,
1465 4694 1662 4762 quibus
1701 4698 1954 4753 tenebar.

2054 4724 2115 4760 na
2162 4722 2305 4773 mea,
2349 4716 2406 4763 ct
2450 4724 2649 4782 corpus
2686 4716 2867 4766 meum
2890 4728 2906 4766 :
2945 4714 3086 4769 unde
3127 4716 3525 4773 somniculosus
3561 4724 3623 4776 a'c

329 4775 611 4841 astrictus,
638 4777 934 4845 perducere
961 4781 1389 4852 dignatusesad
1427 4788 1709 4843 servitium
1741 4800 1913 4847 tuum.
2027 4807 2268 4871 torpens,
2316 4803 2467 4857 tarde
2517 4775 2584 4858 ad
2626 4805 2902 4881 orationes
2952 4816 3009 4862 et
3053 4806 3228 4865 ofﬁcia
3274 4828 3523 4876 accurro,
3570 4823 3622 4867 et

330 4863 449 4919 Tibi
478 4879 581 4936 ago
610 4864 819 4934 laudes,
841 4878 897 4924 et
922 4870 1147 4941 gratias,
1168 4874 1258 4940 qui
1288 4889 1372 4930 me
1400 4877 1635 4945 eripiens
1659 4896 1689 4933 a
1710 4879 1919 4952 iurgio-
2024 4863 2530 4961 semper—alienatus
2545 4903 2601 4955 et
2617 4874 2895 4969 negligens
2911 4901 3128 4955 assiste.
3147 4900 3621 4963 Fornicationibus

326 4972 449 5011 rum
494 4959 765 5029 procellis,
823 4962 919 5017 des
961 4962 1091 5018 mihi
1129 4979 1409 5021 servorum
1454 4978 1671 5025 tuorum
1711 4972 1915 5043 perfrui
2023 4993 2079 5037 et
2098 4959 2337 5040 libidinis
2363 4959 3065 5065 stercoribus'putrcfactus
3092 5007 3236 5058 sum,
3268 5001 3322 5048 et
3360 4996 3505 5051 intus
3526 5012 3608 5051 ex-

324 5049 612 5115 charitate,
643 5052 735 5123 qui
766 5053 894 5107 mihi
935 5054 1162 5110 salutem
1185 5059 1447 5128 corporis,
1479 5071 1534 5115 et
1560 5063 1724 5118 animi
1754 5065 1916 5139 largi-
2025 5073 2301 5143 teriusque
2327 5082 2473 5130 totus
2499 5049 2847 5148 inquinatum
2881 5078 3170 5136 Pollutum'
3192 5091 3277 5137 est
3321 5100 3385 5140 os
3413 5098 3613 5147 meum,

326 5141 401 5195 ris
428 5143 686 5212 quietem.
718 5143 838 5199 Tibi
865 5145 1069 5212 laudes,
1100 5148 1217 5210 tibi,
1264 5149 1512 5217 Domine,
1556 5154 1786 5211 decanto
1812 5158 1912 5212 ho-
2020 5171 2077 5217 et
2102 5141 2242 5226 labia
2273 5158 2412 5231 mea,
2438 5141 2591 5220 oculi
2607 5141 2732 5230 mei,
2760 5176 2813 5221 et
2852 5185 3013 5247 aures
3042 5187 3198 5236 mem,
3229 5180 3419 5243 gustus
3440 5190 3612 5239 meus,

2020 5255 2226 5321 pariter
2249 5255 2504 5330 odoratus
2541 5264 2594 5311 et
2635 5265 2832 5323 tactus,
2860 5271 2917 5315 et
2946 5278 3117 5332 usque
3145 5263 3212 5321 ad
3230 5265 3380 5339 .hanc
3425 5262 3611 5321 lio‘rani

2019 5343 2439 5412 cogitationibus
2466 5348 2621 5403 vanis
2658 5358 2714 5404 et
2757 5344 3124 5421 spurcissimis
3154 5357 3475 5411 somniatur
3513 5375 3610 5414 cor

2020 5420 2219 5489 nicum.
2271 5434 2516 5493 Tristitia
2559 5420 2839 5507 demersus
2874 5460 3027 5513 sum,
3068 5445 3255 5502 accdia
3293 5448 3605 5512 dissolutus,
3666 5514 3683 5531 I

2018 5516 2348 5580 irre'facibus
2378 5526 2739 5586 inﬂammatus
2782 5534 2900 5588 Sum
2926 5575 2941 5600 ,
2988 5535 3301 5605 cupiditatis
3336 5540 3456 5610 igne
3483 5551 3609 5608 per-

296 5608 427 5662 que
453 5596 521 5649 ad
555 5607 876 5666 praesentem
923 5600 1112 5655 horam
1162 5609 1305 5657 tuam
1344 5604 1771 5691 misericordiam
1809 5610 1910 5665 im—
2020 5623 2197 5681 ustus,
2236 5613 2457 5695 invidiae
2490 5621 2717 5701 venenis
2743 5596 3147 5701 infectus-psum,
3201 5596 3441 5681 fratcrvno
3482 5630 3607 5683 odio

317 5684 554 5754 pendere
575 5686 829 5759 dignatus
858 5706 936 5756 es,
959 5691 1162 5762 perﬁce
1188 5709 1324 5766 opus
1349 5688 1735 5754 misericordiae
1766 5708 1903 5767 ture;
2014 5694 2305 5771 loricatus,
2330 5684 2671 5768 detractione.
2708 5696 2999 5772 convulsus
3038 5695 3181 5783 sum,
3211 5718 3359 5773 omni
3399 5718 3600 5773 malitia

320 5776 487 5833 libera
512 5794 598 5834 me
626 5796 657 5835 a
684 5781 838 5838 malis
864 5783 1136 5850 omnibus,
1167 5800 1288 5855 qua:
1312 5792 1565 5856 premunt
1601 5805 1703 5853 me,
1745 5791 1902 5848 sicuti
2008 5796 2330 5863 labefactus,
2355 5801 2624 5859 oblivione
2644 5815 2699 5861 et
2723 5807 2927 5863 desidia
2958 5808 3243 5866 hebetatus
3271 5826 3390 5866 sum
3418 5828 3431 5874 ;
3462 5810 3600 5868 frau-

323 5869 570 5941 ompisli;
609 5872 753 5927 salva
792 5889 879 5929 me
915 5891 1083 5947 usque
1113 5876 1166 5932 in
1199 5877 1356 5933 tinem
1386 5894 1484 5948 per
1518 5877 1700 5937 lesiun
1743 5881 1904 5941 Cbri-
2008 5888 2080 5945 de
2118 5898 2177 5943 et
2218 5890 2488 5965 hypocrisi
2535 5898 2780 5965 obrutus,
2814 5898 3121 5972 fragilitate
3165 5910 3219 5957 et
3271 5903 3595 5974 negligentia

324 5249 510 5288 norem
538 5244 594 5289 et
618 5234 866 5305 gloriam,
895 5238 988 5307 qui
1017 5239 1259 5308 quotidie
1288 5256 1374 5296 me
1411 5251 1466 5296 et
1495 5243 1612 5299 sine
1641 5244 1914 5303 intermis-

323 5323 475 5378 sione
510 5322 932 5396 delinquentcm,
959 5339 1014 5385 et
1042 5341 1129 5384 tua
1169 5340 1435 5402 pnecepta
1480 5343 1912 5407 postponentem,

323 5421 471 5469 tanta
502 5414 678 5472 adhuc
712 5419 981 5488 patientia
1024 5422 1267 5491 quotidie
1316 5422 1428 5498 [ad]
1478 5428 1911 5487 emendationem

320 5515 622 5575 exspectas.
651 5503 870 5576 Quaeso,
893 5509 1120 5567 Domine
1142 5511 1287 5568 Deus
1312 5531 1490 5580 meus,
1532 5517 1625 5586 qui
1654 5518 1785 5575 mihi
1816 5536 1908 5577 us-
