4122 6572
618 365 717 422 671

622 568 835 625 culatus
882 583 1025 635 sum,
1065 584 1219 624 vana:
1258 568 1442 639 gloriae
1484 566 1705 623 levitate
1747 565 2012 635 turgidus.
2063 560 2221 630 Saepe

620 662 887 733 majorum
912 664 1064 736 iussa
1110 665 1434 735 contempsi.
1483 662 1640 734 Saepe
1679 661 1947 718 rebellans
1992 666 2049 715 et
2076 673 2219 713 mur-

619 771 844 812 murans
872 759 1077 813 exstiti.
1105 756 1259 827 Saepe
1280 758 1443 814 corde
1473 757 1678 812 tumido
1703 754 2086 811 excusationes
2126 750 2219 805 fal—

619 862 711 903 sas
731 849 924 919 obieci.
950 847 1182 905 Promisi
1203 847 1374 903 dehis
1395 856 1451 903 et
1466 846 1839 918 hujuscemodi
1860 843 2017 899 malis
2040 858 2221 897 emen-

619 939 913 1005 dationem,
944 950 1000 996 et
1026 956 1242 1011 semper
1269 940 1323 995 in
1356 940 1564 996 eisdem
1590 937 1821 994 relabor.
1846 935 2076 1005 Propter
2104 933 2221 988 haec

618 1033 845 1089 delenda
870 1033 1176 1089 emnobium
1200 1033 1351 1103 petii,
1385 1033 1482 1089 sed
1508 1045 1725 1101 semper
1765 1031 1818 1085 in
1859 1028 2102 1084 deterius
2130 1040 2214 1081 eo.

617 1121 892 1194 Praecepta
916 1132 1008 1177 tua
1034 1123 1156 1179 sine
1181 1123 1589 1179 intermissione
1625 1128 1934 1175 contemno.
1976 1115 2217 1171 Promis-

617 1216 806 1271 siones
852 1230 1024 1282 meas,
1065 1216 1263 1285 quibus
1301 1230 1391 1270 me
1433 1222 1677 1271 sanctam
1726 1210 1967 1282 regulam
2010 1214 2219 1263 scruta-

620 1314 800 1361 tumm
829 1304 964 1378 (AL,
1008 1305 1377 1378 servaturum]
1397 1303 1684 1377 spopondi,
1718 1298 2011 1357 momentis
2039 1298 2219 1369 singu-

617 1394 686 1452 lis
712 1396 874 1452 violo.
923 1395 1152 1466 Semper
1180 1396 1370 1452 infelix
1394 1396 1462 1452 ad
1498 1394 1875 1459 scurrilitates,
1921 1391 1988 1446 ad
2016 1388 2220 1445 vanilo-

615 1486 765 1557 quia,
793 1486 865 1542 ad
890 1486 1223 1541 otiositatem
1268 1485 1485 1543 festino.
1538 1484 1655 1541 lien
1683 1484 1807 1539 me!
1857 1490 2077 1553 quantae
2113 1480 2216 1537 im-

618 1580 868 1649 pietates,
898 1589 1116 1649 quantae
1143 1579 1511 1649 blasphemiae,
1555 1587 1771 1648 quantae
1798 1577 2029 1631 diversa:
2072 1582 2219 1629 tene-

618 1671 732 1726 brae
762 1671 1004 1725 lacerant
1048 1678 1288 1725 mentem
1336 1670 1559 1725 meaml
1603 1668 1738 1735 Quae
1779 1667 2055 1729 universa,
2108 1662 2216 1718 nisi

620 1758 881 1815 inell’abili
922 1761 1181 1815 bonitatis
1213 1768 1319 1815 tua:
1344 1759 1717 1815 misericordia
1762 1757 1994 1829 repellas
2036 1771 2101 1812 ac
2127 1755 2217 1811 dc-

1477 361 1536 416 Β.
1577 360 1638 416 F.
1664 358 1891 415 ALBINI
1932 356 2065 415 SEU
2105 356 2383 414 ALCUINI
2420 357 2705 416 OPERUM
2743 355 2921 413 PARS
2958 354 3047 412 IV.

620 478 931 549 languidus,
962 477 1232 550 periuriis,
1265 476 1523 541 falsitate,
1552 485 1609 532 et
1646 473 1945 531 mendaciis
1974 470 2082 542 25
2108 485 2222 525 ma-
2252 474 2299 532 Α

3812 346 3923 402 4η

3079 466 3185 527 ιν.

2344 585 2371 613 ι
2398 560 2802 647 Supplicatio
2836 581 2975 647 pro
2998 562 3212 642 gratia
3241 560 3504 647 virtutes
3530 574 3924 647 omnes-can-

2441 635 2733 725 séq'uendi
2766 635 3024 704 ct'oitia'
3047 638 3375 701 contraria
3402 635 3790 699 emendandi.

2391 763 2684 819 Poliicetur
2708 761 2865 818 nobis
2891 760 3129 828 Veritas,
3169 774 3291 831 quae
3334 758 3524 829 utique
3558 757 3741 815 nescit
3765 771 3927 813 meno

2321 856 2411 910 tiri
2438 874 2449 909 :
2482 851 2720 920 Pulsate,
2749 864 2800 907 et
2837 853 3103 923 aperietur
3125 850 3267 906 vobis
3305 848 3526 922 (Matth.
3554 863 3653 914 vn,
3683 848 3763 920 7).
3797 845 3927 902 Pul-

2320 962 2503 1002 scmus
2521 945 2891 1017 ergojanuam
2913 943 3267 1015 psalmorum,
3286 950 3349 997 ut
3371 940 3582 1012 aperiat
3615 940 3803 1006 nobis,
3824 941 3924 1010 qni

2322 1038 2376 1093 in
2406 1038 2630 1107 psalmis
2657 1037 2885 1091 habitat.
2915 1034 3034 1106 ipse
3058 1043 3143 1090 est
3164 1035 3310 1089 enim
3348 1033 3572 1099 ostium,
3595 1040 3647 1087 et
3678 1033 3804 1105 ipse
3834 1038 3926 1089 est

2317 1130 2595 1186 ostiarius.
2634 1128 2959 1184 Serutemur
2999 1136 3266 1198 prmterca
3318 1126 3419 1182 bos
3466 1134 3675 1197 septem
3712 1128 3929 1182 decan-

2319 1220 2512 1276 tandos
2548 1218 2737 1275 sedulo
2772 1217 3031 1289 psalmos,
3062 1224 3119 1273 et
3142 1215 3448 1271 videbimus
3484 1215 3607 1287 plus
3632 1232 3727 1272 eos
3754 1228 3932 1288 posse

2318 1311 2373 1366 in
2400 1311 2669 1376 oratione,
2691 1325 2857 1381 quam
2884 1309 3157 1364 humanus
3180 1305 3378 1362 suilicit
3404 1321 3604 1362 sermo.
3630 1306 3693 1362 in
3717 1306 3813 1363 his
3840 1303 3929 1362 di-

2316 1402 2455 1456 vinae
2479 1401 2613 1473 legis
2641 1398 2987 1455 dulcissimus
3016 1412 3189 1464 amor,
3217 1397 3285 1452 de
3311 1397 3662 1467 perceptione
3688 1395 3930 1453 alterius

2315 1495 2443 1549 vitm
2487 1493 2748 1549 ﬁdissima
2780 1506 2931 1561 spes,
2972 1497 3161 1547 contra
3199 1487 3501 1559 spiritualia
3545 1486 3706 1555 bella,
3750 1485 3931 1543 fortia

2315 1600 2488 1650 arma,
2521 1584 2574 1639 in
2602 1583 2951 1639 tribulatione
2992 1580 3269 1653 singulare
3302 1579 3615 1649 praesidium
3642 1598 3656 1634 :
3706 1587 3933 1650 teinpo—

2317 1677 2486 1733 ralem
2534 1676 2814 1741 timorem,
2860 1673 3251 1744 tristitiamque
3298 1670 3600 1743 expellunt,
3645 1670 3929 1742 spiritnali

2313 1768 2653 1840 jucunditatc
2672 1774 2838 1838 atque
2858 1765 3042 1822 lxctitia
3065 1773 3278 1822 mentes
3300 1764 3611 1821 exhilarant
3632 1782 3647 1819 :
3674 1762 3929 1829 Exaudi,

614 1856 731 1908 leas
756 1869 772 1918 ς
801 1860 1013 1907 mortua
1038 1862 1124 1908 est
1160 1854 1216 1907 in
1245 1853 1487 1923 peccatis
1507 1853 1689 1909 anima
1717 1866 1858 1907 mea.
1888 1849 2049 1906 Plura
2087 1855 2217 1904 sunt
2248 1819 2291 1879 Β
2313 1819 2557 1921 homine.
2577 1819 2843 1932 Ῑαειίιῖαῃι
2869 1874 3074 1926 meam;
3096 1858 3179 1913 Ad
3201 1868 3270 1924 te,
3303 1858 3551 1923 Domine,
3578 1856 3781 1923 (auaui;
3813 1855 3931 1911 Do-

619 1942 760 1998 mala
799 1959 940 2010 mea,
973 1944 1027 1998 in
1068 1945 1264 2015 quibus
1302 1959 1399 2014 per
1439 1945 1798 2016 ignorantiam
1842 1944 2028 2015 lapsus
2055 1955 2209 1998 sum:

617 2032 792 2102 plura,
822 2050 943 2105 qua:
978 2035 1162 2090 animo
1208 2050 1331 2091 meo
1370 2036 1708 2092 exciderunt.
1756 2034 2044 2089 innumera
2087 2040 2218 2089 sunt

619 2125 842 2181 omnino
868 2125 1030 2191 mala,
1068 2141 1191 2195 qua:
1216 2126 1384 2181 miser
1421 2126 1693 2192 commisi,
1724 2134 1783 2181 et
1816 2132 2023 2195 quanta
2059 2137 2218 2179 enar-

620 2231 740 2272 rare
768 2232 880 2272 non
908 2216 1115 2272 sullieio
1140 2235 1153 2271 :
1184 2234 1284 2287 pro
1309 2219 1508 2289 quibus
1550 2218 1804 2275 omnibus
1828 2216 1963 2272 mihi
2003 2213 2217 2287 perdito

620 2318 889 2367 tumente
916 2312 1141 2383 pariter,
1171 2321 1228 2367 et
1265 2328 1499 2379 vermes,
1526 2320 1584 2368 et
1629 2312 1769 2384 ignis
1808 2317 2033 2381 paratur
2066 2316 2219 2365 aeter-

620 2417 743 2457 nus.
765 2401 1055 2469 Succurre,
1083 2403 1310 2460 Domine
1330 2403 1461 2460 Jesu
1485 2404 1723 2467 Christe,
1751 2403 1883 2458 mihi
1906 2400 2217 2457 miserrimo

618 2502 674 2548 et
699 2496 916 2564 captivo
939 2514 953 2561 ;
976 2505 1033 2551 et
1061 2512 1129 2551 ne
1156 2512 1242 2552 me.
1271 2498 1453 2567 perire
1488 2496 1738 2567 patiaris,
1764 2509 1927 2567 quem
1963 2494 2217 2565 dignatus

619 2598 681 2640 cs
709 2584 979 2641 redimere
1020 2588 1260 2657 pretioso
1305 2589 1574 2659 sanguine
1616 2596 1728 2644 tuo.
1779 2586 1860 2643 Ne
1904 2587 2102 2659 perdas
2128 2599 2217 2641 me

622 2690 745 2732 cum
771 2678 1012 2747 peccatis
1037 2679 1195 2746 meis,
1225 2694 1403 2748 neque
1430 2680 1486 2734 in
1509 2687 1775 2736 azternum
1801 2692 2052 2736 reserves
2075 2676 2217 2733 mala

624 2780 764 2822 mea.
793 2765 872 2822 Ne
906 2766 1162 2838 projicias
1199 2784 1288 2825 me
1313 2784 1344 2823 a
1373 2768 1513 2825 facie
1539 2776 1654 2834 tua,
1703 2785 1774 2826 ne
1808 2769 2078 2840 despicias
2103 2782 2214 2833 me,

623 2873 800 2928 neque
826 2860 1129 2916 confundas
1158 2876 1247 2916 me
1273 2870 1593 2931 peccantem
1630 2862 1686 2916 in
1732 2868 1803 2917 te.
1847 2858 2220 2915 Reminiseere

625 2950 1038 3006 miscrationum
1068 2958 1305 3007 tuarum.
1338 2952 1442 3019 Qui
1480 2951 1618 3008 facis
1645 2967 1838 3024 magna
1866 2959 1923 3007 et
1947 2949 2215 3005 mirabilia

620 3042 827 3113 absque
846 3058 1099 3109 numero,
1139 3058 1295 3098 serva
1320 3059 1407 3099 me
1444 3044 1680 3115 gratuito
1719 3057 1945 3099 munere
1971 3048 2085 3096 tuo.
2113 3039 2217 3110 Qui

623 3147 731 3187 non
754 3133 1005 3201 sprevisti
1034 3133 1402 3203 publicanum,
1435 3149 1504 3190 ne
1526 3149 1755 3205 spernas
1783 3147 1891 3189 me.
1921 3133 2022 3201 Qui
2050 3132 2217 3188 latro-

623 3224 678 3280 ni
706 3224 762 3278 in
788 3240 951 3281 cruce
988 3225 1165 3295 posito
1192 3226 1515 3294 subvenisti,
1545 3228 1771 3283 subveni
1797 3226 1949 3283 mihi.
1974 3226 2076 3294 Qui
2102 3244 2217 3281 mu-

623 3317 747 3373 lieri
772 3320 1064 3388 peecatrici
1112 3319 1262 3375 ﬂenti
1305 3321 1375 3375 ad
1425 3321 1655 3393 vestigia
1698 3329 1789 3377 tua
1834 3320 2090 3377 misertus
2131 3336 2212 3389 es,

625 3410 886 3465 miserere
911 3412 1038 3465 mei.
1070 3410 1169 3467 Cui
1195 3420 1280 3467 est
1306 3428 1431 3468 cum
1460 3412 1572 3468 Deo
1597 3413 1758 3468 Patre
1786 3420 1843 3469 et
1867 3420 2060 3470 sancto
2097 3410 2217 3484 Spi-

626 3502 735 3555 ritu
772 3502 827 3557 in
864 3502 1076 3558 Deitate
1101 3505 1403 3559 substantia
1444 3504 1632 3577 [Forte
1667 3504 1830 3572 deest,
1872 3504 2003 3578 una]
2028 3520 2216 3577 aequus

627 3592 819 3660 honor,
850 3602 905 3650 et
924 3610 1023 3665 par
1040 3594 1208 3667 gloria
1239 3596 1294 3651 in
1321 3598 1518 3652 szecula
1544 3597 1882 3653 smculorum.
1910 3597 2105 3654 Amen.

852 3728 973 3784 Atia
1000 3732 1171 3785 oratio
1198 3731 1263 3786 de
1300 3732 1624 3801 confessione
1651 3742 2000 3805 peccatorum.

695 3865 1054 3936 Omnipotens
1091 3876 1148 3923 et
1194 3867 1508 3924 misericors
1554 3868 1719 3935 Deus,
1764 3869 1913 3926 solus
1954 3870 2218 3927 essentia-

625 3960 750 4015 liter
777 3960 971 4025 bonus,
992 3959 1124 4015 velit
1161 3959 1317 4026 nolit,
1344 3960 1592 4029 cogitatio
1622 3960 1849 4018 hominis
1886 3964 2219 4033 conﬁtebitur

623 4052 719 4106 tibi
748 4047 931 4123 (Psai.
975 4065 1137 4117 txxv,
1186 4050 1296 4121 ll).
1340 4050 1450 4105 Sed
1478 4060 1535 4107 et
1569 4067 1671 4123 ego
1696 4052 2005 4109 voluntarie
2040 4053 2214 4109 conii-

624 4150 745 4196 teor
770 4154 855 4195 me
892 4155 1171 4209 peccasse,
1204 4148 1259 4196 et
1296 4140 1461 4210 impie
1487 4141 1663 4213 egisse
1699 4142 1755 4197 in
1802 4150 2099 4214 conspectu
2123 4152 2218 4200 tuo

624 4230 776 4301 iuxta
797 4248 989 4289 omnes
1017 4232 1472 4299 abominationes,
1494 4248 1631 4303 quas
1654 4235 1870 4306 iniquus
1890 4236 2070 4292 facere
2092 4251 2220 4293 con-

624 4323 839 4389 suevit;
865 4323 961 4379 sed
999 4325 1383 4381 misericordia:
1410 4334 1514 4381 tua:
1552 4328 1927 4398 magnitudine
1961 4338 2217 4400 peceato-

626 4428 748 4469 rum
778 4428 1020 4468 meorum
1068 4415 1304 4470 vincitur
1348 4417 1681 4486 magnitudo.
1732 4416 1902 4491 Major
1944 4427 2031 4475 est
2069 4420 2216 4475 enim

2317 1953 2489 2007 nanus
2512 1950 2832 2005 illuminatio
2854 1964 3007 2015 mea;
3033 1948 3102 2005 In
3117 1958 3185 2016 te,
3213 1948 3457 2015 Domine,
3481 1948 3718 2020 speravi;
3751 1945 3928 2012 Deus,

2315 2045 2371 2100 in
2392 2054 2442 2100 te
2459 2044 2680 2117 speravi,
2703 2043 2962 2111 Domine;
2978 2043 3210 2113 Inclina,
3226 2044 3470 2110 Domine,
3492 2060 3673 2098 aurem
3698 2052 3851 2098 tuam
3871 2042 3924 2097 δ.

2564 2156 2693 2214 Post
2725 2158 3056 2215 Dominicam
3100 2157 3407 2215 Gratiam
3446 2176 3622 2215 uersus
3643 2172 3665 2211 :

2387 2274 2609 2331 Custodi
2632 2273 2870 2329 animam
2894 2287 3092 2340 meam,
3116 2280 3171 2331 et
3198 2274 3350 2345 eripe
3376 2288 3484 2339 me,
3510 2271 3784 2340 Domine;
3810 2286 3930 2330 non

2316 2370 2639 2435 confundar,
2686 2369 2948 2440 quoniam
2989 2368 3238 2425 invocavi
3289 2378 3363 2426 te.
3416 2368 3844 2425 Confundantnr
3870 2378 3933 2425 et

2316 2464 2593 2528 deﬁciant,
2624 2462 2975 2519 detrahentes
3004 2462 3201 2519 animae
3239 2476 3409 2517 meae:
3442 2462 3763 2532 aperiantur
3796 2476 3932 2518 eon-

2317 2558 2531 2615 fusione
2557 2564 2615 2613 et
2648 2557 2871 2627 pudore,
2892 2555 2989 2627 qui
3015 2562 3267 2625 quaerunt
3303 2555 3443 2614 mala
3469 2554 3623 2611 mihi.
3648 2554 3930 2629 Exsurge,

2318 2649 2565 2716 Domine,
2594 2649 2833 2721 prmveni
2856 2664 2971 2715 eos,
3001 2650 3111 2721 26
3130 2654 3186 2705 et
3205 2648 3459 2705 subverte
3481 2664 3597 2714 eos,
3626 2648 3780 2719 eripe
3808 2648 3933 2705 ani-

2317 2756 2462 2798 mam
2486 2756 2662 2797 meam
2681 2740 2752 2795 ab
2778 2740 2966 2811 impio,
2989 2739 3252 2795 frameam
3279 2738 3626 2794 inimicorum
3652 2739 3721 2794 de
3751 2752 3927 2794 manu

2319 2844 2431 2891 tua.
2456 2836 2599 2892 Deus
2621 2849 2799 2899 meus,
2820 2835 2971 2906 eripe
2996 2848 3083 2888 me
3110 2832 3179 2888 de
3209 2846 3374 2887 manu
3411 2830 3738 2901 peccatoris,
3770 2839 3835 2885 et
3855 2829 3930 2886 de

2318 2942 2483 2982 manu
2508 2934 2699 2983 contra
2723 2925 2897 2997 legem
2921 2924 3133 2996 agentis
3160 2930 3219 2978 et
3237 2922 3427 2993 iniqui.
3458 2920 3682 2976 Intende
3721 2918 3929 2975 animae

2318 3033 2474 3085 mete,
2501 3026 2552 3073 et
2575 3018 2746 3073 libera
2768 3031 2913 3081 eam,
2941 3022 3165 3087 propter
3184 3014 3433 3070 inimicos
3453 3029 3606 3069 meos
3632 3012 3788 3084 eripe
3811 3028 3923 3068 me.

2318 3107 2451 3166 Esto
2480 3108 2612 3164 mihi
2643 3108 2696 3163 in
2725 3107 2895 3162 Deum
2923 3112 3312 3178 protectorem,
3339 3113 3397 3160 et
3428 3104 3482 3160 in
3524 3103 3701 3159 locum
3745 3103 3930 3159 muni-

2235 3178 2290 3246 ο
2319 3211 2452 3268 tum,
2490 3210 2553 3257 ut
2587 3201 2797 3258 salvum
2826 3216 2914 3255 me
2953 3199 3142 3255 facias.
3174 3198 3404 3263 Exaudi,
3434 3197 3686 3263 Domine,
3720 3212 3925 3253 vocem

2318 3308 2517 3360 meam,
2545 3308 2653 3364 qua
2698 3290 2927 3347 clamavi
2965 3290 3033 3345 ad
3074 3297 3151 3357 te,
3182 3289 3444 3345 miserere
3486 3289 3595 3343 mei
3626 3296 3685 3342 et
3717 3288 3927 3345 exaudi

2318 3401 2424 3441 me.
2450 3384 2678 3449 Exaudi,
2698 3382 2949 3448 Domine,
2974 3396 3163 3437 vocem
3184 3380 3582 3451 deprecationis
3606 3395 3763 3447 meae,
3784 3380 3926 3436 dum

2316 3492 2413 3532 oro
2435 3476 2503 3532 ad
2534 3484 2611 3539 te,
2641 3482 2699 3532 et
2728 3476 2855 3531 dum
2883 3474 3089 3531 extollo
3124 3489 3319 3530 manus
3360 3489 3513 3529 meas
3558 3473 3625 3528 ad
3655 3471 3924 3542 templum

2316 3575 2567 3625 sanetum
2593 3574 2765 3623 tuum.
2797 3565 2970 3623 intret
2996 3565 3174 3622 oratio
3210 3581 3332 3622 mea
3360 3565 3416 3620 in
3444 3572 3740 3636 conspectu
3779 3574 3881 3622 tuo
3907 3582 3921 3619 :

2319 3660 2518 3716 inclina
2548 3674 2734 3715 aurem
2756 3666 2905 3714 tuam
2928 3658 2995 3713 ad
3026 3658 3468 3728 deprecationem
3507 3672 3705 3720 meam,
3738 3655 3928 3714 Domi-

2320 3770 2405 3809 ne.
2434 3751 2601 3806 Intret
2630 3749 2921 3821 postulatio
2958 3764 3078 3805 mea
3108 3749 3163 3803 in
3191 3755 3486 3820 conspectu
3518 3754 3631 3813 tuo,
3663 3746 3922 3814 Domine,

2318 3843 2615 3901 secundum
2642 3842 2918 3914 eloquium
2948 3850 3098 3897 tuum
3137 3840 3289 3911 eripe
3316 3856 3422 3896 me.
3468 3840 3631 3911 Eripe
3677 3855 3784 3905 me,
3816 3839 3925 3897 Do-

2319 3937 2487 4002 mine,
2517 3934 2587 3991 ab
2631 3933 2851 3989 homine
2894 3931 3075 3998 malo;
3117 3947 3151 3986 a
3196 3931 3316 3987 viro
3363 3932 3552 4001 iniquo
3589 3929 3760 3987 libera
3802 3946 3916 3987 me.

2320 4024 2483 4095 Eripe
2504 4038 2593 4080 me
2622 4023 2691 4079 de
2716 4023 3068 4093 operantibus
3093 4022 3457 4093 iniquitatem,
3480 4030 3536 4077 et
3554 4022 3621 4078 de
3639 4022 3775 4087 viris
3794 4038 3925 4079 san-

2319 4122 2541 4191 guinum
2568 4119 2717 4176 salva
2746 4134 2851 4174 me.
2884 4114 3289 4174 Convertantur
3330 4116 3537 4171 inimici
3580 4114 3689 4170 mei
3718 4121 3923 4171 retror-

2319 4226 2458 4276 sum,
2490 4211 2547 4266 in
2576 4224 2899 4281 quacunque
2941 4208 3027 4267 die
3070 4210 3393 4265 invocavero
3422 4217 3495 4273 te,
3532 4220 3662 4262 ecce
3685 4208 3918 4278 cognovi

2318 4302 2575 4375 quoniam
2599 4300 2742 4357 Deus
2780 4316 2935 4357 meus
2957 4315 3019 4356 es
3039 4308 3117 4355 tu.
3149 4298 3259 4356 Fac
3283 4315 3513 4365 mecum,
3556 4298 3805 4365 Domine,
3835 4300 3916 4355 si-

2318 4408 2483 4464 gnum
2504 4393 2561 4448 in
2583 4393 2805 4459 bonum,
2833 4400 2893 4447 ut
2914 4393 3133 4449 videant
3161 4392 3256 4465 qui
3282 4409 3369 4449 me
3410 4394 3661 4459 oderunt,
3691 4401 3749 4447 et
3777 4409 3912 4452 con-

628 4503 999 4559 miserieordia
1026 4512 1115 4558 tua
1146 4506 1312 4561 totius
1341 4483 1525 4561 mundi
1572 4483 1832 4577 peccatis,
1861 4516 1917 4564 et
1956 4508 2080 4566 ideo
2108 4525 2218 4565 ma-

2320 4485 2635 4542 fundantur.
2664 4483 2751 4542 Sit
2794 4500 2992 4541 nomen
3034 4485 3251 4541 Domini
3298 4486 3662 4551 benedictum,
3694 4501 3762 4541 ex
3804 4485 3914 4542 hoc

628 4603 723 4650 net
742 4594 875 4650 mibi
898 4596 966 4649 de
990 4595 1317 4667 indulgentia
1348 4611 1493 4667 spes,
1519 4597 1645 4668 quia
1674 4607 1857 4655 manet
1894 4600 2027 4656 mihi
2046 4601 2222 4657 omni-

628 4688 729 4742 bus
775 4685 923 4759 [νοω
945 4688 1197 4743 omnibus
1221 4688 1502 4762 redundat]
1550 4690 1620 4746 de
1648 4690 2018 4748 misericordia
2062 4694 2220 4750 certi-

627 4778 776 4833 tudo.
809 4777 1023 4834 Ablutis
1050 4795 1181 4851 ergo
1219 4781 1471 4837 sordibus
1512 4783 1911 4853 praeteritorum
1950 4799 2215 4852 meorum,

625 4869 695 4925 da
721 4869 854 4924 mihi
879 4877 938 4924 et
961 4869 1117 4937 velle,
1143 4878 1199 4927 et
1223 4886 1387 4941 posse
1425 4872 1771 4941 praesentium
1799 4873 2063 4930 malorum
2090 4889 2220 4931 cau-

625 4973 719 5015 sas
742 4958 1019 5025 excidere,
1062 4975 1166 5017 nec
1209 4976 1399 5017 eorum
1440 4963 1879 5035 suggestionibus
1922 4965 1979 5021 in
2006 4966 2219 5038 reliquo

626 5050 831 5106 aditum
857 5050 1137 5117 adhibere,
1181 5054 1276 5109 sed
1312 5069 1613 5126 congruum
1655 5054 1834 5111 locum
1876 5064 1932 5111 et
1958 5057 2213 5127 spatium,

626 5153 685 5197 et
707 5142 900 5212 dignos
924 5142 1258 5211 poenitentiae
1288 5142 1492 5200 fructus
1516 5156 1643 5216 peto
1672 5146 1803 5203 mihi
1832 5163 1940 5203 non
1961 5148 2214 5222 deneges.

629 5235 847 5289 Certum
876 5242 961 5288 est
979 5250 1101 5289 eum
1127 5234 1335 5307 [Forle,
1363 5247 1571 5293 certum
1600 5247 1686 5293 est
1705 5239 1874 5313 enim]
1905 5242 1959 5296 in
1986 5242 2214 5299 salutem

631 5322 933 5378 mortalium
956 5325 1207 5393 gaudium
1238 5333 1387 5380 tuum
1406 5327 1689 5397 perﬁcere,
1716 5332 1808 5400 qui
1834 5348 1941 5387 non
1968 5335 2051 5388 vis
2079 5350 2216 5391 mor-

632 5426 737 5469 tem
760 5416 1083 5484 peccatoris,
1129 5417 1224 5471 sed
1261 5426 1323 5471 ut
1346 5428 1693 5477 convertatur
1720 5429 1775 5476 et
1801 5424 1945 5479 vivat
1967 5428 2108 5495 apud
2138 5436 2212 5494 te,

627 5505 719 5573 qui
746 5505 799 5558 in
829 5504 1001 5560 tribus
1020 5509 1267 5573 personis
1296 5509 1432 5565 vivis
1460 5520 1515 5567 et
1536 5527 1732 5583 regnas
1760 5514 1903 5573 Deus
1925 5517 1981 5571 in
2018 5520 2213 5575 szccula

627 5596 959 5652 saeculorum.
1003 5598 1195 5655 Amen.

700 5741 725 5804 ξι
757 5727 813 5784 In
854 5730 1123 5804 prioribus
1148 5734 1474 5794 editionibus
1501 5741 1703 5796 omissa
1734 5758 1857 5799 esse
1884 5745 2099 5802 videtur
2122 5764 2211 5804 ru-

625 5799 775 5858 brica
803 5799 899 5879 seu
922 5801 1125 5873 titulus,
1154 5806 1245 5876 qui
1273 5804 1359 5862 hic
1388 5822 1418 5862 a
1444 5810 1602 5868 nobis
1624 5813 1901 5885 suppletus
1925 5799 2029 5871 est;

2321 4592 2464 4632 nunc
2486 4584 2541 4633 et
2561 4591 2733 4647 usque
2751 4577 2805 4631 in
2830 4576 3108 4633 saeculum.

2960 4688 3278 4745 Postulatio.

2387 4804 2587 4861 Przesta
2615 4805 2771 4870 mihi,
2816 4804 3063 4872 Domine,
3092 4803 3344 4874 spiritum
3368 4843 3383 4869 ,
3412 4812 3473 4858 ut
3498 4813 3548 4857 te
3588 4809 3701 4858 tota
3729 4804 3913 4860 cordis

2318 4897 2612 4953 intentione
2635 4896 2949 4966 exquiram;
2972 4895 3166 4952 deinde
3189 4903 3250 4950 ut
3273 4895 3434 4965 digna
3454 4901 3670 4966 petam;
3700 4906 3913 4966 postre-

2318 5004 2406 5043 mo
2425 4995 2486 5041 ut
2507 4987 2822 5058 petitionum
2849 5002 3093 5041 mearum
3122 4984 3373 5042 eﬁ‘eetum
3402 5000 3726 5056 consequar.
3762 4988 3913 5044 Exue

2318 5094 2404 5133 me
2433 5092 2461 5131 a
2486 5078 2723 5147 peccatis
2772 5076 3087 5147 praeteritis,
3117 5076 3329 5131 custodi
3368 5090 3455 5130 me
3484 5076 3552 5129 ab
3579 5076 3913 5133 imminenti-

2318 5169 2437 5232 bus,
2480 5167 2630 5222 muni
2677 5182 2765 5223 me
2808 5183 2838 5222 a
2885 5167 3099 5223 futuris.
3143 5166 3294 5221 Dona
3329 5167 3460 5222 mihi
3501 5166 3606 5221 cibi
3642 5175 3911 5238 potusque

2314 5267 2704 5329 congruentem
2734 5256 3139 5321 abstinentiam,
3176 5257 3441 5310 castitatis
3462 5255 3760 5327 cingulum,
3787 5274 3903 5311 cor-

2314 5348 2398 5403 dis
2424 5348 2795 5419 labiorumque
2821 5348 3159 5413 munditiam,
3192 5348 3391 5418 largire
3412 5348 3545 5402 mihi
3567 5348 3908 5418 patientiam,

2317 5440 2798 5511 longanimitatem,
2825 5440 3233 5510 benignitatem,
3261 5442 3603 5504 modestiam,
3628 5440 3910 5509 spirituale

2315 5527 2670 5595 gaudium,et
2715 5525 3013 5596 perfectum
3057 5526 3240 5581 mundi
3288 5537 3674 5597 contemptum.
3708 5527 3907 5582 Tribue

2315 5618 2447 5677 mihi
2474 5616 2653 5692 [nulli]
2673 5618 3010 5675 occasionem
3039 5616 3277 5673 scandali
3309 5619 3571 5689 prmbere,
3597 5617 3907 5689 simplicita-

2392 5752 2420 5793 δ
2452 5752 2727 5824 Septimus
2752 5752 2988 5823 psalmus
3012 5753 3098 5809 hic
3128 5754 3296 5810 deest.
