4122 6608
380 469 484 524 475

1252 464 1640 522 LITURGICA.
1683 495 1753 504 ——
1791 463 1879 519 DE
1913 461 2162 519 PSALM.
2207 462 2362 521 USU.
2400 495 2470 505 —-
2509 461 2690 519 PARS
2729 462 2770 519 Ι.

3558 469 3662 522 ιτρι

382 597 487 640 tem
539 582 935 652 puritatcmquc
982 577 1225 649 diligere,
1250 579 1516 634 instanter
1570 594 1633 634 ea
1655 594 1775 648 qua:
1826 578 1974 647 pacis
2003 588 2049 638 Α
2081 577 2150 630 bit
2177 576 2317 630 vobis
2363 575 2546 648 (John.
2580 593 2694 643 xw,
2751 576 2860 648 15).
2915 576 3151 646 Obsecro
3181 586 3247 640 te,
3311 589 3368 631 ut
3407 581 3501 634 des
3532 583 3670 636 milii.

379 683 503 729 sunt
525 674 698 746 sequi.
744 671 925 742 Longe
959 670 1043 726 fac
1079 688 1108 725 a
1137 686 1223 725 me
1247 671 1598 742 hypocrisim,
1631 669 1806 725 tribue
1838 669 1971 723 mihi

376 779 562 820 veram
581 762 959 827 humilitatem,
984 760 1200 832 plenam
1227 757 1646 826 confessionem,
1672 758 1972 830 perfectam

377 857 830 916 emendationem.
855 854 1022 911 Aufer
1043 871 1076 909 a
1103 855 1284 924 lingua
1315 869 1434 908 mea
1450 852 1674 924 jurandi
1688 861 1976 908 consuetu-

376 950 582 1017 dinem,
611 948 1014 1005 mendaciorum
1044 946 1319 1012 nebulam,
1345 947 1697 1003 detractionis
1740 954 1969 1016 pestem,

376 1040 823 1099 murmurationis
841 1039 1154 1112 ingluviem,
1179 1038 1530 1095 scurrilitatis
1559 1054 1625 1094 ac
1649 1038 1969 1109 stultiloquii

377 1133 694 1189 vanitatem.
737 1131 884 1186 Pone
917 1129 1220 1186 custodiam
1239 1131 1322 1185 ori
1359 1145 1504 1189 meo.
1550 1138 1607 1185 et
1627 1130 1824 1184 ostium
1861 1128 1971 1184 eir-

377 1225 717 1283 cumstantiae
747 1224 902 1280 labiis
929 1221 1083 1278 meis.
1113 1221 1358 1278 Concede
1385 1223 1539 1288 mihi,
1571 1236 1772 1292 qumso,
1801 1220 1970 1293 majo-

380 1333 501 1373 rum
525 1315 683 1373 subdi
715 1315 976 1386 imperiis,
997 1324 1053 1370 et
1071 1314 1241 1380 alacri
1284 1315 1449 1370 corde
1473 1315 1540 1370 ad
1577 1315 1964 1381 obedientiam,

377 1408 448 1464 ad
473 1409 925 1478 compassionem,
948 1408 1018 1463 ad
1034 1407 1378 1463 concordiam
1419 1407 1537 1464 sine
1564 1422 1715 1462 mora
1743 1421 1970 1463 concur-

379 1516 521 1556 rere.
538 1498 613 1556 Da
639 1500 772 1556 mihi
795 1500 852 1555 in
870 1499 1124 1555 omnibus
1146 1497 1550 1564 discretionem,
1575 1506 1631 1552 ut
1655 1497 1863 1567 possim
1888 1497 1962 1553 in-

381 1598 465 1644 ter
500 1589 640 1646 bona
679 1588 931 1659 malaque
963 1589 1294 1652 discernere,
1340 1598 1400 1643 ut
1444 1590 1614 1644 bonos
1657 1589 1865 1643 valeam
1895 1589 1965 1644 ad

379 1684 602 1742 meliora
629 1685 926 1752 exhortari,
945 1694 1001 1740 et
1023 1699 1119 1740 eos
1139 1685 1230 1752 qui
1269 1685 1498 1740 adverse
1519 1683 1855 1755 gradiuntur,
1897 1684 1966 1739 ad

381 1787 485 1834 tua:
524 1779 863 1836 rectitudinis
902 1777 1103 1834 lineam
1136 1793 1411 1834 revocare.
1451 1777 1640 1834 Excita
1690 1787 1963 1848 torporem

379 1890 583 1944 meum,
620 1883 680 1930 et
701 1872 968 1932 desidiam
995 1887 1172 1930 meam
1201 1873 1311 1929 tuis
1349 1873 1604 1938 stimulis,
1645 1879 1702 1928 et
1747 1871 1832 1928 fac
1875 1887 1963 1929 me

2071 681 2197 721 cum
2225 667 2417 721 eodem
2465 666 2602 721 Filio
2627 675 2722 720 tuo
2763 675 2816 722 te
2852 668 2906 721 in
2934 669 3188 722 omnibus
3238 671 3558 726 benedicete
3603 684 3660 728 et

2071 759 2395 830 glorificare,
2424 761 2551 830 quia
2603 774 2836 830 quorum
2873 776 2977 815 una
3010 770 3095 817 est
3139 763 3461 828 substantia,
3495 782 3662 822 unum

2071 861 2128 906 et
2174 854 2380 908 datum.
2435 853 2544 910 Des
2571 854 2735 909 etiam
2787 853 2922 909 mihi
2973 867 3074 924 per
3123 855 3276 910 illum
3319 863 3523 911 etcum
3567 859 3659 912 illo

2069 953 2416 1012 peccatorum
2463 945 2706 1000 omnium
2727 945 2960 1008 veniam,
3014 955 3071 1000 et
3099 948 3478 1002 mandatorum
3533 961 3626 1004 tuo

2072 1048 2192 1088 rum
2253 1035 2584 1103 custodiam;
2639 1035 2980 1092 dilectionem
3043 1046 3208 1101 tuam,
3248 1048 3304 1093 et
3349 1039 3651 1096 fraternum

2070 1141 2334 1191 amorem,
2358 1135 2548 1182 contra
2578 1127 2853 1183 diabolum
2881 1127 3040 1184 fortia
3067 1146 3239 1195 arma,
3289 1139 3344 1184 et
3369 1146 3496 1202 erga
3542 1132 3654 1188 fras

2070 1225 2183 1272 tres
2233 1217 2564 1274 charitatem
2615 1217 2956 1290 perfectam;
3002 1221 3419 1292 temperantiam
3468 1226 3572 1279 ςίΙιί
3603 1236 3660 1282 et

2067 1317 2251 1380 potus,
2281 1316 2336 1365 et
2376 1308 2616 1365 libidinis
2636 1311 3058 1378 continentiam;
3082 1313 3324 1369 auditum
3349 1326 3578 1383 castum,
3603 1329 3662 1373 et

2068 1401 2366 1472 simplicem
2396 1402 2606 1469 visum;
2658 1403 2951 1474 puritatem
2982 1404 3182 1470 cordis,
3232 1415 3285 1461 et
3337 1408 3658 1465 munditiam

2067 1490 2340 1561 corporis;
2389 1492 2774 1563 cogitationem
2830 1495 3111 1562 mundam,
3161 1505 3219 1554 et
3265 1499 3377 1553 oris
3397 1509 3451 1552 et
3476 1501 3659 1558 cordis

2065 1581 2390 1648 custodiam,
2437 1591 2615 1639 utnec
2641 1597 2738 1640 cor
2781 1583 2926 1641 intus
2971 1586 3314 1658 iniquitatem
3357 1591 3652 1661 concipiat,

2067 1686 2168 1726 nec
2199 1672 2382 1742 lingua
2448 1671 2597 1730 foras
2656 1676 2960 1746 parturiat;
3018 1687 3077 1731 ut
3123 1693 3223 1734 nec
3263 1678 3395 1737 falsa
3444 1683 3661 1754 loquar,

2065 1776 2166 1818 nec
2193 1778 2321 1818 vera
2379 1772 2610 1832 taceam,
2655 1780 2755 1822 nec
2806 1767 3090 1824 salutifera
3144 1771 3495 1834 abscondam,
3553 1789 3655 1830 nec

2064 1853 2344 1907 mortifera
2391 1853 2684 1924 proferam.
2714 1855 2916 1912 Precor
2945 1871 3097 1929 ergo,
3137 1867 3198 1913 ut
3246 1861 3342 1915 des
3383 1863 3515 1916 mild
3565 1880 3653 1920 as-

379 1977 594 2024 ειηηυε
640 1981 992 2042 perseverare
1037 1967 1093 2022 in
1119 1965 1406 2038 praemis
1445 1972 1504 2022 ει
1543 1964 1791 2022 laudibus
1835 1965 1962 2021 mis,
1998 1947 2043 2007 Β
2069 1946 2378 2004 siduitatem
2412 1947 2698 2015 orationis,
2729 1948 3088 2020 frequentiam
3119 1949 3386 2019 lectionis,
3435 1965 3492 2010 ut
3519 1972 3657 2026 pra:-

379 2061 528 2118 Dona
552 2061 684 2118 mihi
714 2061 1074 2133 prudentiam,
1097 2060 1384 2131 justitiam,
1426 2059 1818 2124 fortitudinem,
1849 2057 1966 2114 sive

377 2153 812 2224 temperantiam.
838 2151 1060 2223 Largire
1086 2151 1218 2206 mihi
1247 2150 1410 2206 fidem
1438 2159 1664 2217 rectam,
1694 2164 1846 2221 spem
1885 2151 1968 2206 in-

374 2260 718 2310 concussam,
741 2243 1063 2300 charitatem
1083 2243 1399 2313 perfectam.
1419 2241 1647 2298 infunde
1669 2241 1819 2298 cordi
1844 2257 1967 2297 meo

376 2335 626 2405 spiritum
667 2334 946 2404 sapientia:
973 2344 1028 2390 et
1054 2334 1381 2398 intellectus,
1412 2333 1625 2389 consilii
1662 2340 1717 2388 et
1758 2331 1970 2388 fortitu-

377 2425 541 2492 dinis,
570 2426 815 2482 scientize
857 2433 910 2481 et
941 2425 1176 2496 pietatis,
1225 2433 1387 2496 atque
1429 2425 1640 2480 timoris
1669 2424 1767 2478 tui.
1815 2422 1966 2478 Dona

379 2518 530 2584 mihi,
572 2517 819 2583 Domine,
866 2518 1300 2574 benedictionem
1343 2518 1409 2574 de
1457 2533 1580 2574 rore
1619 2515 1767 2582 coeli,
1815 2525 1873 2572 et
1899 2517 1969 2573 de

376 2611 699 2684 pinguedine
751 2619 948 2667 terrae:
997 2611 1065 2667 da
1115 2612 1376 2683 irriguum
1422 2611 1695 2682 superius,
1743 2618 1801 2666 et
1842 2611 1969 2665 irri-

376 2717 539 2773 guum
578 2701 823 2758 inferius.
855 2699 1104 2758 Concede
1135 2702 1348 2758 misera:
1389 2703 1586 2757 animm
1627 2716 1761 2758 mea:
1798 2699 1970 2770 lique-

377 2791 494 2849 fieri
524 2793 648 2865 igne
669 2793 950 2849 charitatis
976 2801 1104 2859 tuae,
1131 2794 1216 2848 fac
1238 2809 1324 2848 mc
1349 2803 1440 2848 tuo
1461 2792 1733 2849 desiderio
1755 2791 1961 2865 [Forte,

380 2885 454 2939 tui
481 2884 795 2959 desiderio],
841 2886 1044 2942 mundo
1091 2886 1331 2943 funditus
1373 2886 1666 2959 exstingui.
1715 2886 1966 2944 Concede

379 2977 512 3032 mihi
539 2993 634 3034 cor
657 2978 856 3034 habere
902 2979 1196 3034 contritum
1222 2988 1278 3033 et
1313 2979 1652 3034 humiliatum
1698 2994 1883 3036 coram
1912 2987 1966 3038 te

375 3086 614 3144 semper.
666 3072 910 3146 Largire,
941 3089 1030 3129 me
1067 3076 1120 3129 in
1169 3083 1462 3145 conspectu
1511 3083 1606 3131 tuo
1640 3090 1739 3146 per
1785 3075 1966 3148 ignem

377 3166 812 3235 eompunctionis
840 3166 1072 3222 hostiam
1110 3167 1288 3221 vivam
1328 3166 1462 3222 fieri.
1497 3165 1718 3223 Summa
1762 3175 1966 3224 interna

379 3254 489 3320 lux,
520 3255 762 3313 illumina
790 3273 896 3313 me.
924 3257 1147 3314 Summa
1184 3268 1386 3314 aeterna
1425 3261 1616 3325 virtus,
1647 3259 1815 3316 libera
1853 3275 1960 3316 me.

2067 2050 2224 2112 cepta
2253 2051 2345 2098 tua
2371 2042 2783 2114 infatigabiliter
2810 2045 3004 2119 legam,
3036 2057 3092 2104 et
3117 2049 3512 2119 inexplebiliter
3536 2053 3658 2107 dili-

2067 2147 2210 2203 gam,
2239 2140 2298 2189 et
2340 2132 2632 2191 efﬁcaciter
2683 2137 3006 2207 compleant,
3044 2147 3102 2194 et
3143 2139 3406 2210 quidquid
3461 2141 3514 2196 in
3567 2159 3655 2196 me

2065 2242 2294 2297 pravum
2322 2227 2749 2297 deprehendero,
2802 2231 3109 2300 corrigam;
3165 2233 3310 2303 quod
3338 2245 3544 2290 rectum
3570 2247 3656 2291 cst

2065 2325 2301 2384 teneam,
2356 2319 2502 2390 quod
2527 2317 2772 2375 deforme
2797 2336 3137 2392 componam,
3192 2324 3337 2393 quod
3365 2324 3655 2395 pulchrum

2067 2409 2334 2475 excolam,
2366 2412 2510 2482 quod
2531 2427 2724 2468 sanum
2752 2429 2984 2479 servem,
3035 2417 3179 2486 quod
3208 2416 3484 2472 infirmum
3527 2435 3650 2474 cor-

2069 2501 2342 2558 roborem.
2396 2502 2501 2559 Des
2526 2503 2749 2574 insuper
2789 2504 2922 2560 mihi
2971 2507 3252 2577 despicere
3310 2509 3648 2580 temporalia,

2066 2605 2122 2650 et
2148 2605 2350 2652 aaterna
2375 2598 2621 2670 diligere,
2649 2607 2710 2654 ut
2730 2611 3006 2657 mortuum
3036 2603 3168 2659 mihi
3199 2605 3450 2674 deputem
3493 2622 3657 2662 mun—

2066 2686 2216 2741 dum.
2269 2684 2379 2742 Nec
2406 2688 2665 2757 gaudens,
2697 2705 2799 2746 nec
2824 2689 3014 2762 lugens
3033 2692 3099 2747 de
3137 2695 3542 2764 tcnqmralilius,
3593 2705 3659 2754 ut

2068 2791 2168 2833 nec
2217 2786 2458 2835 metuam
2514 2779 2715 2851 aliquid
2759 2784 3055 2852 temporale
3103 2800 3204 2840 nec
3248 2787 3492 2855 diligam,
3545 2803 3647 2844 nee

2066 2870 2280 2927 blandis
2300 2886 2642 2942 eorrumpar,
2669 2887 2771 2929 nec
2805 2875 3050 2930 adversis
3080 2877 3379 2931 concutiar.
3421 2877 3487 2931 Et
3517 2879 3647 2947 quia

2067 2961 2182 3031 ipse
2208 2969 2331 3018 tuus
2355 2965 2516 3018 unice
2543 2974 2703 3020 natus
2724 2965 2862 3021 dixit
2891 2980 2907 3021 :
2939 2963 3108 3022 Nemo
3142 2971 3280 3022 venit
3305 2969 3376 3022 ad
3418 2985 3521 3034 me,
3551 2971 3661 3024 nisi

2067 3049 2252 3120 Pater,
2287 3053 2380 3126 qui
2414 3056 2552 3110 misit
2606 3071 2704 3122 me,
2748 3057 2969 3112 traxerit
3003 3075 3124 3113 eum
3175 3059 3359 3130 (Joan.
3413 3077 3490 3127 γι,
3536 3060 3650 3133 44),

2067 3148 2319 3214 obsecro,
2359 3148 2608 3216 Domine,
2641 3158 2698 3206 et
2734 3150 3048 3220 suppliciter
3085 3167 3237 3222 rogo,
3268 3154 3424 3208 trahe
3461 3169 3546 3208 me
3595 3161 3651 3208 tu

2068 3239 2136 3294 ad
2159 3238 2353 3309 ipsum,
2390 3247 2446 3295 et
2472 3240 2585 3310 ipse
2630 3255 2719 3296 me
2767 3243 3028 3311 perducat
3069 3244 3137 3298 ad
3179 3252 3233 3299 te
3258 3244 3403 3307 illue,
3459 3245 3548 3300 ubi
3569 3257 3660 3302 est

380 3344 603 3403 Summa
624 3355 826 3405 aeterna
853 3348 1135 3415 fortitudo,
1159 3349 1404 3406 conferta
1429 3366 1535 3406 me.
1568 3320 1788 3407 Summa
1809 3359 1966 3408 mter-

2069 3332 2393 3400 sempiterna
2417 3331 2550 3398 vita,
2603 3340 2659 3389 et
2684 3333 3015 3404 sempiterne
3037 3337 3229 3401 beata;
3261 3345 3464 3392 mterna
3495 3353 3651 3394 secu—

379 3451 446 3491 na
475 3438 766 3508 sapientia,
787 3439 994 3509 depelle
1015 3441 1265 3496 tenebras
1287 3442 1606 3514 ignorantia:
1627 3457 1778 3498 mete.
1804 3442 1965 3498 Sum-

2067 3423 2222 3488 ritas,
2269 3431 2326 3479 et
2376 3438 2569 3480 secura
2619 3425 3028 3497 tranquillitas;
3060 3426 3188 3482 felix
3241 3429 3541 3494 aeternitas,
3590 3439 3650 3486 et

381 3544 469 3584 ma
505 3537 706 3585 aeterna
735 3530 1131 3598 misericordia,
1181 3513 1441 3589 miserere
1481 3535 1607 3590 mei.
1652 3534 1802 3589 Dona
1829 3535 1964 3589 mihi
2063 3520 2266 3569 intem“
2291 3513 2555 3583 Ῑθίίθίιθεί
2616 3515 2708 3571 ubi
2739 3524 2824 3572 εει
2849 3532 3005 3574 amor
3029 3515 3323 3588 perfectus,
3373 3527 3431 3575 et
3466 3518 3655 3580 nullus

379 3628 496 3676 toto
519 3623 683 3678 corde
709 3637 848 3687 meo,
880 3631 990 3678 tota
1019 3625 1200 3679 anima
1230 3641 1372 3692 mea,
1403 3626 1533 3681 totis
1571 3625 1776 3681 viribus
1806 3627 1960 3690 meis,

378 3714 668 3783 exquirere
692 3713 885 3770 faciem
927 3722 1078 3770 tuam
1106 3731 1340 3786 semper.
1371 3715 1439 3772 Et
1460 3717 1661 3787 perduc
1690 3733 1777 3772 me
1809 3719 1964 3774 misce

379 3803 550 3860 ricors
572 3805 640 3858 ad
663 3812 808 3859 tuam
831 3807 1233 3862 sanctissimam
1252 3808 1536 3865 visionem.
1557 3809 1734 3874 Adsit,
1758 3823 1962 3880 quaeso,

381 3893 515 3949 mihi
541 3895 823 3950 beatorum
872 3897 1188 3967 angelorum
1219 3906 1431 3953 tuorum
1468 3899 1559 3968 pia
1597 3900 1870 3966 custodia,
1909 3909 1966 3956 et

381 3995 575 4056 praesta
612 3996 674 4042 ut
720 3989 861 4058 apud
908 3998 964 4044 te
1010 4005 1108 4060 pro
1150 4006 1240 4046 me
1291 3990 1606 4048 felicissima
1651 4003 1966 4049 sanctorum

381 4087 597 4135 tuorum
638 4081 852 4152 agmina
892 4081 1254 4136 intercedant.
1284 4081 1534 4139 Concede
1562 4083 1695 4138 mihi
1738 4084 1969 4157 fragilis-

380 4169 522 4226 simo
549 4171 730 4227 dilecti
753 4173 852 4238 tui,
881 4170 1060 4226 Patris
1079 4172 1186 4226 mei
1215 4171 1493 4229 Benedicti
1515 4175 1666 4244 sequi
1687 4182 1742 4229 et
1765 4175 1967 4230 imitari

380 4263 628 4335 vestigia,
671 4271 731 4318 ut
769 4278 983 4319 merear
1027 4263 1284 4333 consequi
1322 4264 1750 4320 misericordiam
1794 4273 1967 4333 tuam,

379 4363 437 4410 et
460 4355 527 4410 ad
571 4354 763 4426 gaudia
795 4355 1080 4425 pervenire
1121 4356 1407 4425 promissa.
1461 4356 1567 4413 Per
1607 4355 1793 4413 Jesum
1818 4357 1972 4413 Chri-

381 4453 525 4500 stum
547 4444 739 4500 Filium
768 4452 918 4501 tuum
944 4444 1230 4502 Dominum
1260 4455 1530 4514 nostrum,
1573 4450 1666 4520 qui
1694 4458 1872 4504 tecum
1912 4451 1966 4505 in

381 4535 592 4591 unitate
633 4534 868 4607 Spiritus
911 4537 1084 4592 sancti
1131 4537 1265 4591 vivit
1290 4545 1347 4592 et
1389 4548 1579 4610 regnat
1622 4555 1722 4611 per
1757 4539 1968 4596 infinita

380 4627 596 4685 saecula.
622 4628 816 4682 Amen.

592 4742 713 4797 Alia
736 4744 904 4798 oratio
931 4743 1001 4798 ad
1029 4743 1242 4798 Patrem
1263 4745 1319 4798 in
1356 4744 1561 4800 nomine
1584 4741 1735 4799 Filii.

451 4833 595 4889 Deus
636 4831 923 4888 ineffabilia
968 4842 1024 4887 et
1071 4834 1554 4905 incircumscriptus
1598 4844 1828 4903 naturm,
1878 4837 1962 4892 in-

379 4924 602 4980 stitutor
647 4924 888 4979 omnium
956 4939 1160 4988 rerum,
1219 4934 1275 4980 et
1333 4925 1543 4982 Domini
1607 4929 1780 4982 nostri
1835 4927 1962 4984 Iesu

378 5013 584 5072 Christi
646 5015 811 5071 Pater
839 5058 854 5081 ,
911 5017 1004 5086 qui
1058 5019 1306 5074 eumdem
1342 5018 1598 5076 dilectum
1649 5020 1844 5076 Filium
1897 5023 1966 5078 de

383 5111 510 5165 sinu
567 5117 662 5165 tuo
725 5109 922 5164 misisti
976 5109 1044 5164 ad
1096 5109 1365 5179 publicum
1429 5123 1676 5166 nostrum
1709 5153 1724 5178 ,
1789 5113 1963 5170 susci-

381 5219 513 5276 pere
552 5211 795 5260 nostram
823 5203 1008 5266 vitam,
1057 5209 1118 5254 ut
1161 5201 1315 5256 nobis
1359 5202 1582 5258 donaret
1629 5220 1806 5269 suam,
1857 5205 1964 5275 27

385 5303 635 5366 essetque
661 5293 935 5364 perfectus
952 5292 1096 5346 Deus
1121 5307 1182 5346 ex
1212 5292 1392 5357 Patre,
1416 5303 1470 5348 et
1501 5294 1772 5364 perfectus
1804 5296 1968 5350 homo

384 5405 449 5446 ex
480 5397 670 5452 matre,
718 5394 864 5442 totus
898 5385 1064 5449 Deus,
1095 5394 1148 5439 et
1186 5394 1330 5439 totus
1365 5385 1556 5450 homo;
1611 5403 1749 5440 unus
1790 5387 1963 5440 idem-

385 5498 491 5554 que
546 5476 815 5541 Christus,
845 5483 1080 5530 mternus
1111 5483 1168 5528 et
1195 5474 1521 5545 temporalis,
1560 5475 1882 5532 immortalis
1911 5484 1966 5531 et

387 5572 700 5634 moriturus,
756 5575 974 5623 creator
999 5576 1055 5622 et
1101 5576 1346 5632 creatus,
1401 5566 1560 5624 fortis
1588 5576 1644 5623 et
1694 5567 1964 5634 infirmus,

391 5665 625 5720 nutritor
652 5670 709 5716 et
756 5659 1013 5724 nutritus,
1069 5658 1260 5716 Pastor
1303 5668 1359 5714 et
1411 5660 1548 5725 ovis,
1601 5660 1968 5730 temporaliter

391 5763 654 5816 mortuus,
717 5762 894 5806 tecum
939 5751 994 5804 in
1023 5759 1284 5805 :eternum
1312 5751 1522 5815 vivens,
1554 5749 1666 5805 suis
1694 5751 1968 5806 dilectori-

392 5847 488 5901 bus
510 5845 632 5898 vitaz
653 5843 1039 5912 municipatum
1061 5841 1380 5912 promittens
1399 5840 1561 5906 dedit,
1588 5841 1774 5911 eisque
1798 5840 1964 5896 dixit:

392 5937 750 6007 Quodcunque
781 5934 1030 6005 petieritis
1083 5930 1293 5989 Patrem
1325 5933 1381 5986 in
1446 5932 1652 5986 nomine
1689 5947 1822 5997 meo,
1870 5927 1964 5982 da-

2065 3607 2257 3672 timor;
2303 3607 2397 3662 ubi
2435 3615 2518 3664 est
2562 3607 2680 3664 dies
2699 3616 2953 3674 aeternus,
2981 3618 3036 3664 et
3072 3625 3214 3666 unus
3245 3609 3487 3666 onmium
3536 3612 3649 3682 spi-

2067 3697 2202 3753 ritus
2242 3714 2254 3751 :
2289 3699 2381 3754 ubi
2407 3707 2464 3755 tu
2496 3715 2621 3756 cum
2649 3699 2758 3767 illo,
2784 3711 2841 3756 et
2864 3700 2952 3757 ille
2973 3711 3151 3758 tecum
3179 3703 3233 3757 in
3275 3703 3656 3760 communione

2067 3791 2242 3845 sancti
2270 3788 2506 3862 Spiritus
2551 3790 2886 3848 aitemaliter
2909 3808 2973 3847 ac
3001 3792 3458 3863 sempiternaliter
3512 3793 3654 3851 vivis

2067 3889 2124 3936 et
2183 3897 2378 3955 regnas
2418 3883 2582 3941 Deus.
2626 3884 2733 3941 Per
2794 3886 2976 3941 omnia
3037 3885 3234 3942 smcula
3299 3887 3644 3943 saeculorum.

2067 3974 2263 4033 Amen.

2070 4191 2198 4254 Pro
2227 4193 2748 4276 contemplatione
2783 4203 2840 4255 et
2873 4213 3081 4276 amore
3111 4194 3370 4256 ccclestis
3397 4200 3648 4276 patriar,

2149 4290 2285 4358 qua;
2335 4275 2592 4335 nonnisi
2627 4292 2664 4333 a
2694 4273 2912 4335 mundi
2945 4273 3477 4352 contemptort'bus
3508 4297 3655 4358 per-

2151 4352 2415 4431 cipitur.

2141 4468 2414 4528 Admonet
2442 4488 2544 4528 nos
2582 4473 2777 4528 beatus
2820 4471 3127 4543 Apostolus,
3161 4474 3349 4530 dicens
3379 4493 3394 4529 :
3428 4473 3486 4532 Si
3523 4493 3654 4531 eon-

2071 4568 2373 4622 surreasistis
2419 4583 2538 4620 eum
2570 4565 2803 4635 Christo,
2849 4585 2968 4640 qua:
2996 4585 3209 4624 sursum
3259 4581 3381 4625 sunt
3410 4573 3653 4642 quwritc,

2073 4659 2162 4713 ubi
2205 4658 2444 4714 Christus
2484 4668 2558 4715 est
2588 4660 2641 4713 in
2666 4659 2880 4716 dextera
2927 4660 3024 4715 Dei
3055 4662 3236 4717 sedens
3289 4663 3512 4733 (Coloss.
3569 4681 3652 4729 ιιι,

2074 4752 2147 4824 1).
2193 4751 2260 4807 Et
2288 4753 2479 4807 iterum
2519 4770 2534 4804 :
2580 4751 2778 4808 Nostra
2831 4764 3006 4809 autem
3055 4759 3381 4810 conversatio
3404 4757 3458 4811 in
3507 4756 3650 4812 caelis

2070 4850 2144 4894 est
2207 4839 2429 4912 (Philip.
2457 4856 2541 4905 ιιι,
2597 4840 2711 4910 20).
2761 4841 2819 4896 Si
2845 4858 2975 4912 ergo
2999 4852 3181 4898 nostra
3212 4846 3556 4900 conversatio
3585 4846 3639 4900 in

2071 4930 2223 4987 caelis
2264 4939 2367 4996 est,
2402 4931 2682 5002 lugeamus
2729 4947 2828 4987 nos
2851 4932 2905 4986 in
2951 4934 3055 4988 hoc
3084 4935 3403 4990 calamitose
3426 4936 3644 5000 itinere,

2071 5019 2308 5092 quandiu
2331 5022 2642 5077 exsulamus
2663 5023 2717 5078 in
2749 5024 2853 5078 hoc
2895 5038 2926 5078 a
2956 5025 3155 5094 patria.
3188 5025 3656 5082 Transeeudamus

2072 5110 2538 5180 contemplationis
2557 5113 2823 5182 pennulis,
2869 5124 3064 5169 cuncta
3095 5131 3216 5185 qua:
3275 5126 3552 5185 cmperunt
3585 5132 3654 5172 ex

2077 5211 2339 5272 tempore,
2394 5210 2599 5257 etcum
2648 5213 2891 5273 tempore
2942 5206 3242 5271 finiuntur;
3298 5215 3354 5260 et
3388 5207 3455 5262 ad
3507 5207 3655 5262 illam

2077 5292 2202 5347 totis
2230 5291 2515 5348 desideriis
2541 5294 2767 5362 patriam
2799 5304 2980 5351 mente
3030 5296 3337 5359 volitemus,
3387 5301 3456 5352 ad
3487 5313 3652 5366 quam

2075 5383 2128 5436 in
2161 5391 2404 5452 tempore
2433 5384 2696 5453 pergitur,
2751 5384 2846 5439 sed
2888 5385 3004 5440 sine
3050 5393 3290 5454 tempore
3323 5384 3542 5439 vivitur.
3571 5385 3652 5441 Ad

2073 5473 2412 5529 accendenda
2460 5489 2589 5544 ergo
2609 5483 2791 5529 nostra
2821 5475 3111 5542 desideria,
3161 5477 3262 5532 hos
3288 5477 3532 5546 quinque
3557 5493 3652 5532 ca-

2075 5579 2266 5619 namus
2321 5565 2516 5634 spiritu
2572 5573 2626 5621 et
2661 5575 2841 5623 mente
2891 5570 3134 5638 quotidie
3188 5569 3470 5639 psalmos:
3505 5568 3651 5626 Sicut

2069 5671 2282 5719 cervus;
2311 5655 2508 5709 Judica
2534 5673 2614 5710 me
2641 5655 2805 5722 Deus,
2846 5668 2894 5712 et
2919 5659 3190 5724 discerne;
3221 5658 3290 5714 Te
3318 5662 3461 5715 decet
3501 5661 3656 5730 hym-

2071 5765 2167 5801 nus
2204 5747 2374 5812 Deus;
2409 5747 2580 5813 Quam
2606 5749 2859 5804 amabilia
2885 5762 3007 5806 sunt
3025 5770 3044 5818 ;
3078 5749 3214 5806 Voce
3245 5769 3358 5805 mea
3380 5752 3451 5805 ad
3480 5750 3657 5806 Domi-

2069 5855 2194 5892 num
2230 5839 2471 5903 clamavi,
2512 5856 2633 5894 vace
2682 5857 2800 5896 mea
2841 5842 2910 5895 ad
2936 5841 3242 5897 Dominum.
3297 5841 3361 5895 Hi
3403 5841 3571 5897 etiam
3599 5842 3656 5899 in

2070 5928 2416 5984 tribulatione
2455 5939 2665 5988 mentes
2692 5932 3042 5990 consolantur
3070 5941 3126 5990 et
3145 5931 3452 5989 sublevant.
