4122 6622
555 430 662 490 ΠΒ

704 542 729 553 ”
849 541 975 598 Post
1000 540 1307 596 Orationem
1329 540 1656 595 Dominicam
1680 555 1875 594 versus.

626 654 705 712 Te
729 655 885 710 decet
932 653 1167 724 hymnus
1194 650 1340 705 Deus
1394 650 1448 705 in
1478 648 1632 714 Sion,
1686 655 1741 703 et
1766 648 1865 703 tibi
1891 647 2151 701 reddetur

551 755 740 803 votum
767 745 823 800 in
881 741 1202 797 Jerusalem.
1228 738 1344 794 lllic
1370 739 1517 795 enim
1542 736 1909 813 ascenderunt
1955 735 2147 798 tribus,

554 841 728 894 tribus
774 836 1010 899 Domini,
1040 833 1413 889 testimonium
1443 829 1630 894 Israel,
1681 829 1749 883 ad
1777 827 2147 883 conﬁtendum

554 931 762 987 nornini
809 938 920 984 tuo.
970 926 1222 991 Domine,
1252 923 1448 979 exaudi
1488 922 1799 977 orationem
1849 936 2051 984 meam,
2079 920 2149 973 ad

556 1032 610 1076 te
647 1021 826 1076 omnis
855 1018 1030 1073 oratio
1077 1016 1281 1071 veniat.
1318 1016 1521 1072 Beatus
1549 1029 1712 1088 quem
1744 1012 1953 1084 elegisti
1979 1020 2033 1067 et
2060 1027 2149 1065 as-

551 1113 853 1185 sumpsisti,
896 1108 1225 1166 inhabitabit
1251 1109 1306 1163 in
1329 1106 1485 1161 atriis
1513 1106 1640 1161 tuis.
1694 1104 1809 1159 Heu
1837 1105 1955 1159 me!
2003 1101 2148 1172 quod

554 1204 822 1263 iucolatus
867 1205 1035 1257 meus‘
1059 1201 1409 1272 prolongatus
1460 1208 1569 1264 est,
1619 1197 1860 1253 habitavi
1907 1212 2029 1251 cum
2057 1197 2148 1251 ha-

550 1298 851 1353 bitantibus
903 1296 1099 1360 Cedar,
1147 1294 1375 1349 multum
1407 1292 1585 1348 incola
1632 1290 1735 1346 fuit
1787 1292 1971 1346 anima
1998 1305 2140 1344 mea.

553 1388 778 1461 Negavit
804 1387 1075 1444 consolari
1123 1386 1307 1442 anima
1347 1399 1489 1451 mea,
1542 1398 1754 1439 memor
1804 1382 1878 1438 fui
1920 1380 2040 1447 Dei,
2088 1388 2147 1436 et

552 1479 855 1537 delectatus
903 1495 1044 1535 sum.
1105 1478 1315 1534 Deiecit
1342 1492 1438 1531 cor
1474 1490 1677 1539 meum,
1729 1481 1788 1529 et
1815 1488 1945 1529 caro
1974 1487 2093 1527 mea
2125 1490 2139 1526 :

550 1573 695 1629 Deus
722 1571 901 1627 cordis
928 1572 1055 1637 mei,
1084 1577 1140 1625 et
1163 1586 1292 1640 pars
1321 1582 1441 1623 mea
1478 1566 1623 1622 Deus
1661 1566 1715 1620 in
1732 1564 1950 1621 saecula.
2003 1563 2143 1631 Quid

548 1667 695 1721 enim
735 1664 864 1719 mihi
889 1670 1062 1718 restat
1104 1663 1157 1717 in
1204 1661 1362 1726 coelo,
1394 1668 1451 1715 et
1476 1675 1507 1714 a
1537 1666 1591 1712 te
1620 1657 1748 1729 quid
1786 1655 1929 1712 volui
1978 1670 2144 1726 super

553 1760 801 1814 terram?
831 1757 1102 1825 Quoniam
1136 1755 1315 1811 incola
1342 1770 1442 1827 ego
1472 1769 1592 1809 sum
1622 1741 1765 1825 apud
1793 1761 1845 1807 te
1868 1753 1923 1807 in
1969 1758 2138 1817 terra,

549 1862 606 1907 et
624 1853 946 1925 peregrinus
972 1852 1114 1906 sicut
1132 1865 1322 1905 omnes
1364 1857 1549 1921 patres
1597 1846 1725 1902 mei.
1787 1844 1972 1900 Sitivit
1996 1846 2052 1899 in
2085 1853 2138 1899 te

548 1946 731 1999 anima
776 1959 917 2009 mea,
971 1959 1137 2014 quam
1191 1940 1559 2013 multipliciter
1598 1948 1654 1995 et
1676 1954 1806 1995 caro
1840 1954 1983 1995 mea.
2040 1936 2141 1993 Do-

547 2038 713 2100 mine,
739 2036 901 2091 dilexi
916 2036 1030 2107 28
1042 2035 1299 2091 decorem
1322 2035 1513 2089 domus
1536 2042 1660 2098 tute,
1684 2041 1740 2087 et
1762 2032 1938 2087 locum
1960 2032 2142 2086 taber-

545 2129 729 2184 naculi
784 2129 970 2199 gloria:
997 2136 1120 2182 tua}.
1159 2128 1307 2183 Tene
1334 2141 1559 2181 manum
1602 2128 1881 2181 dexteram
1937 2138 2140 2190 meam,

546 2230 601 2276 et
631 2221 686 2275 in
719 2219 996 2275 voluntate
1032 2228 1123 2274 tua
1149 2218 1325 2274 deduc
1347 2231 1458 2282 me,
1498 2226 1556 2271 et
1584 2232 1708 2272 cum
1731 2216 1902 2289 gloria
1923 2231 2142 2271 assume

544 2340 651 2378 me.
693 2322 763 2379 Ut
787 2323 997 2378 videam
1050 2321 1384 2377 voluntatem
1437 2320 1673 2385 Domini,
1723 2328 1782 2377 et
1818 2328 2138 2391 protegara

544 2413 744 2487 templo
767 2422 961 2469 sancto
993 2414 1128 2484 ejus.
1184 2411 1255 2467 Ut
1310 2412 1527 2466 audiam
1579 2425 1767 2465 vocem
1813 2408 2142 2464 laudationis

546 2516 673 2573 tute,
710 2514 766 2563 et
788 2522 1039 2563 enarrem
1074 2505 1325 2559 universa
1356 2503 1625 2558 mirabilia
1653 2511 1763 2556 tua.
1794 2501 1861 2556 Et
1907 2509 1967 2569 ut
1990 2500 2142 2554 inha-

541 2598 710 2652 bitem
738 2598 792 2651 in
814 2598 975 2651 domo
1018 2595 1231 2650 Domini
1280 2595 1335 2648 in
1361 2593 1697 2665 longitudine
1742 2592 1973 2647 dierum.
2022 2589 2137 2660 Ego

540 2695 725 2742 autem
770 2702 898 2741 cum
926 2685 1137 2757 justitia
1160 2684 1434 2755 apparebo
1489 2684 1544 2737 in
1566 2690 1861 2752 conspectu
1886 2690 1998 2745 tuo,
2054 2694 2139 2733 sa-

541 2778 722 2832 tiabor
776 2777 905 2832 dum
936 2776 1376 2831 manifestabitur
1401 2774 1569 2845 gloria
1593 2780 1706 2827 tua.
1738 2773 1969 2849 Domine
1990 2771 2135 2827 Deus

540 2881 719 2932 meus,
766 2866 822 2920 in
860 2875 1125 2921 mternum
1162 2864 1465 2920 conﬁtebor
1508 2863 1624 2919 tibi.
1682 2862 1767 2917 Sit
1795 2877 1994 2916 nomen
2029 2860 2136 2916 Do-

540 2957 674 3011 mini
700 2957 1065 3021 benedictum,
1095 2972 1162 3010 ex
1184 2954 1288 3010 hoc
1320 2970 1464 3009 nunc
1487 2961 1543 3007 et
1566 2967 1740 3024 usque
1760 2955 1816 3007 in
1850 2951 2129 3007 saaculum.

680 3046 952 3119 Confessio
984 3047 1181 3112 Patris,
1206 3056 1253 3101 et
1279 3046 1429 3112 Filii,
1457 3055 1504 3100 et
1530 3044 1761 3116 Spiritus
1780 3045 1980 3099 sancti.

607 3141 921 3198 Conﬁtebor
972 3139 1091 3206 tibi,
1143 3139 1393 3203 Domine,
1434 3154 1532 3193 rex
1586 3137 1710 3191 ςαξιί
1752 3144 1807 3191 ct
1855 3145 2036 3201 terrae,
2076 3144 2131 3190 et

1411 425 1473 481 B.
1511 424 1576 479 F.
1615 421 1843 478 ALBI'NI
1885 422 2015 480 SEU
2054 420 2334 479 ALCUINI
2371 418 2658 476 OPEBUM
2690 417 2874 475 PARS
2909 416 2997 473 IV.

2177 539 2224 595 Α
2251 541 2422 597 ctant,
2448 547 2549 587 nec
2577 530 2828 586 voluntas
2874 530 3073 594 variat,
3102 542 3205 584 nec
3231 527 3575 585 necessitudo
3593 543 3839 584 currum.

3732 415 3837 472 476

2252 626 2352 696 pit,
2394 640 2494 679 nec
2541 632 2735 678 moesta
2776 622 3119 694 perturbant,
3155 636 3271 676 nec
3312 619 3433 676 lzeta
3501 619 3832 677 demulcent.

2251 715 2349 770 Cui
2373 730 2474 770 nec
2493 713 2693 769 oblivio
2730 711 2889 778 tollit,
2910 726 3015 767 nec
3043 711 3309 766 memoria
3340 709 3546 776 reddit;
3578 724 3679 765 nec
3706 724 3835 781 prae

2251 806 2411 860 terita
2464 812 2784 869 transeunt,
2833 818 2935 858 nec
2978 802 3160 857 futura
3212 802 3531 857 succedunt.
3583 799 3682 855 Cui
3734 809 3838 855 nec

2247 896 2398 967 origo
2426 895 2663 967 initium,
2701 909 2805 950 nec
2830 901 3074 964 tempora
3089 894 3511 956 incrementum,
3543 906 3646 947 nec
3662 902 3834 947 casus

2249 986 2412 1041 ﬁnem
2443 985 2595 1041 dabit
2628 1004 2642 1040 :
2676 985 2774 1041 sed
2803 993 2931 1040 ante
2960 984 3179 1050 saecula,
3205 992 3263 1039 et
3293 984 3350 1037 in
3380 982 3615 1047 saxulis,
3656 991 3714 1037 et
3738 994 3834 1054 per

2248 1080 2448 1136 saecula
2497 1082 2553 1136 in
2594 1088 2858 1136 aeternum
2889 1078 3045 1134 vivis.
3103 1079 3171 1134 Et
3189 1087 3276 1134 est
3292 1078 3386 1133 tibi
3414 1079 3669 1149 perennis
3691 1077 3832 1141 laus,

2244 1181 2299 1228 et
2324 1183 2526 1229 κιαι-ηε
2571 1171 2763 1245 gloria,
2789 1187 3004 1227 summa
3031 1180 3297 1244 potestas,
3336 1179 3394 1226 et
3409 1170 3697 1243 singularis
3742 1169 3840 1226 ho-

2245 1281 2365 1332 nor,
2429 1273 2752 1335 perpetuum
2800 1277 3053 1335 rcgnum,
3107 1271 3165 1319 et
3209 1264 3329 1318 sine
3361 1262 3469 1317 ﬁne
3499 1262 3829 1334 imperium:

2243 1372 2342 1428 per
2391 1357 2668 1413 indefessa
2728 1366 2786 1415 et
2845 1357 3171 1414 immortalia
3234 1357 3433 1413 saecula
3478 1356 3832 1414 saeculorum.

2240 1450 2436 1506 Amen.

2989 1523 3096 1583 Vl.

2240 1619 2367 1681 Pro
2428 1619 2838 1702 custodienda
2896 1620 3299 1702 humilitate,
3361 1630 3418 1683 et
3477 1612 3835 1702 cogni;‘“~u

2678 1700 2960 1762 Immanis
2988 1701 3388 1782 fragilitatis.

2309 1818 2551 1875 Revocat
2599 1835 2700 1877 nos
2758 1819 2828 1875 ad
2870 1818 3192 1876 humilitatis
3240 1819 3483 1893 regulam
3550 1819 3835 1891 Scriptura

2172 1896 2217 1957 Β
2243 1913 2562 1984 pmipiens
2589 1932 2602 1967 :
2630 1913 2840 1981 Quanto
2883 1931 3103 1986 magnus
3146 1932 3224 1981 es,
3258 1915 3505 1970 humilia
3545 1924 3595 1969 te
3641 1915 3696 1969 in
3719 1931 3837 1969 ont-

2244 2005 2395 2060 nibus
2428 2005 2619 2077 (Eccli.
2657 2024 2743 2074 m,
2779 2006 2893 2080 20).
2941 2006 3115 2075 Quam
3166 2005 3304 2062 bene
3327 2006 3650 2063 humilitatis
3680 2022 3839 2080 regn-

2243 2096 2350 2152 lam
2393 2098 2668 2154 Abraham
2722 2106 2968 2164 noverat,
3001 2100 3094 2170 qui
3133 2115 3257 2154 cum
3286 2116 3351 2155 ex
3394 2098 3677 2155 Dominica
3703 2114 3839 2153 con-

2242 2188 2572 2245 fabulatione
2609 2189 2791 2244 extolli
2842 2193 3133 2261 potuisset,
3174 2190 3445 2259 abiectum
3494 2198 3549 2245 et
3593 2189 3840 2261 despica-

2240 2282 2402 2336 bilem
2444 2297 2503 2338 se
2560 2282 2953 2352 pronuntiavit,
3013 2284 3241 2340 dicens:
3275 2281 3486 2353 Loquar
3533 2280 3603 2336 ad
3640 2280 3834 2349 Domi-

2241 2390 2367 2428 num
2386 2390 2581 2439 meum,
2612 2391 2731 2428 cum
2754 2376 2855 2428 sim
2873 2374 3043 2444 pulvis
3071 2383 3119 2428 et
3142 2375 3277 2429 cinis
3314 2372 3469 2446 (Gen.
3514 2390 3671 2441 xvul,
3700 2374 3838 2446 27)?

2240 2466 2384 2537 Ergo
2420 2474 2480 2521 ut
2504 2467 2573 2521 de
2599 2467 2757 2525 nobis
2804 2482 3020 2537 seraper
3047 2466 3272 2523 humilia
3318 2468 3642 2535 sentiamus,
3696 2484 3838 2524 ven—

2239 2560 2457 2615 tilemus
2485 2561 2727 2630 quotidie
2754 2562 2853 2617 hos
2882 2576 3069 2616 coram
3098 2544 3329 2616 Domino
3361 2561 3602 2632 psalmos
3632 2580 3645 2615 :
3678 2561 3838 2627 Dixi,

2238 2652 2566 2717 custodiam;
2620 2650 2830 2718 Nonne,
2862 2652 3085 2707 Domine
3128 2652 3207 2726 [Id
3231 2661 3338 2719 est,
3381 2670 3551 2709 nonne
3571 2653 3683 2709 Deo
3706 2655 3839 2709 sub-

2228 2742 2373 2813 jecta
2413 2744 2569 2817 erit];
2606 2743 2851 2811 Domine,
2893 2763 2996 2799 non
3023 2756 3099 2800 est
3126 2746 3421 2800 exaltatum
3451 2764 3544 2801 cor
3570 2763 3768 2802 meum.

2490 2854 2619 2909 Post
2653 2855 2981 2912 Dominicam
3029 2857 3339 2913 Orationem
3374 2876 3573 2914 versus.

2306 2953 2599 3021 Memento,
2631 2954 2877 3021 Domine,
2923 2958 3181 3026 quoniam
3211 2958 3386 3029 pulvis
3414 2975 3619 3024 sumus,
3664 2960 3837 3019 homo

2233 3046 2375 3101 sicut
2423 3043 2654 3117 [fenum]
2689 3046 2806 3101 dies
2826 3048 2965 3116 ejus,
2990 3056 3046 3102 et
3093 3049 3235 3103 sicut
3278 3048 3376 3104 llos
3411 3050 3546 3121 agri,
3580 3052 3654 3106 ita
3683 3049 3839 3107 emo-

2233 3138 2391 3193 rebit.
2420 3136 2555 3213 Quia
2592 3137 2817 3207 spiritus
2842 3140 3199 3207 pertransibit
3235 3139 3304 3194 ab
3345 3155 3435 3206 eo,
3477 3151 3531 3199 et
3561 3157 3668 3197 non
3695 3144 3831 3210 erit,

537 3232 840 3288 honoriﬁco
894 3241 947 3286 te
988 3230 1261 3287 sacriﬁcio
1304 3230 1480 3285 laudis
1513 3247 1525 3284 :
1561 3237 1619 3284 et
1670 3230 1797 3300 quia
1852 3229 2123 3283 exteriora
2153 3250 2198 3312 ρ
2230 3238 2286 3286 et
2332 3246 2441 3285 non
2462 3240 2756 3303 cognoscet
2805 3231 3037 3302 amplius
3060 3232 3237 3288 locum
3267 3250 3446 3289 suum.
3488 3235 3672 3291 Exibit
3709 3238 3832 3308 spi—

536 3326 670 3380 mihi
702 3340 925 3379 munera
975 3324 1194 3388 desunt,
1250 3337 1373 3392 quae
1406 3330 1534 3377 sunt
1569 3322 1622 3375 in
1679 3336 1766 3375 me
1793 3329 1916 3375 vota
1948 3319 2129 3375 lauda-

536 3418 703 3474 tionis
743 3417 965 3471 reddam
988 3414 1105 3470 tibi.
1137 3414 1311 3470 Credo
1348 3424 1401 3469 te
1449 3422 1562 3469 toto
1588 3413 1773 3480 corde,
1792 3420 1848 3468 et
1877 3430 1973 3471 ore
2000 3428 2132 3468 con-

536 3502 698 3569 ﬁteor
749 3509 989 3575 Patrem,
1013 3516 1073 3563 et
1106 3507 1336 3574 Filium,
1391 3513 1450 3565 et
1487 3506 1750 3579 Spiritum
1773 3516 2047 3575 sanctum,
2070 3509 2127 3563 in

533 3600 783 3672 personis
837 3600 1163 3664 ternioncm,
1208 3598 1263 3653 in
1313 3598 1618 3653 substantia
1665 3598 1956 3663 unionem;
2016 3614 2127 3655 non

532 3707 754 3763 corpus,
792 3700 887 3746 aut
914 3692 970 3747 in
997 3706 1225 3764 corpore
1251 3691 1511 3763 positum,
1561 3704 1741 3761 neque
1781 3706 1848 3745 ex
1894 3691 2127 3748 diversis

532 3783 817 3854 speciebus
858 3792 950 3839 aut
982 3782 1223 3848 mistum,
1261 3790 1355 3836 aut
1384 3782 1750 3837 membrorum
1769 3782 2127 3855 compagibus

532 3871 846 3949 eﬁigiatum,
885 3875 984 3932 sed
1026 3876 1209 3941 unius,
1254 3876 1537 3946 simplicis,
1565 3876 1917 3947 incorporeaa,
1959 3886 2127 3948 atque

532 3966 823 4022 invisibilis
870 3975 1118 4033 naturae;
1164 3966 1297 4021 nihil
1334 3968 1388 4021 in
1433 3975 1487 4021 te
1533 3966 1708 4037 majus
1759 3978 1856 4023 aut
1900 3968 2127 4025 inferius

530 4059 823 4114 habentem
842 4075 856 4123 ;
880 4058 1087 4127 sedpcr
1105 4072 1322 4112 omnem
1336 4058 1553 4114 modum
1564 4099 1579 4123 ,
1596 4072 1664 4113 ex
1681 4058 1830 4113 omni
1844 4067 1996 4129 parte
2008 4060 2126 4115 sine

530 4149 882 4205 deformitate
945 4148 1271 4220 perfectum,
1322 4148 1442 4205 sine
1497 4150 1803 4220 quantitate
1847 4164 2122 4221 magnum,

533 4242 652 4296 sine
695 4240 958 4310 qualitate
1000 4239 1227 4306 bonum,
1275 4239 1397 4295 sine
1430 4248 1671 4313 tempore
1706 4242 2123 4313 sempiternum,

531 4336 653 4390 sine
698 4342 872 4389 morte
919 4333 1119 4399 vitam,
1185 4333 1307 4386 sine
1346 4331 1665 4388 inﬁrmitate
1737 4334 1955 4399 fortem,
2006 4334 2124 4390 sine

531 4426 813 4482 mendacio
852 4424 1160 4489 veritatem,
1209 4424 1329 4479 sine
1353 4422 1472 4479 loco
1510 4424 1711 4496 ubique
1760 4433 1958 4489 totum,
2002 4426 2123 4481 sine

531 4519 637 4574 situ
664 4518 865 4587 ubique
914 4523 1261 4587 presentem,
1314 4515 1435 4571 sine
1459 4517 1779 4583 extensione
1800 4517 1984 4570 omnia
2023 4517 2121 4571 im»

530 4608 791 4679 plcntem,
849 4606 973 4660 sine
1015 4604 1393 4661 contractione
1456 4604 1657 4674 ubique
1716 4614 2112 4672 occurrentem,
2148 4613 2195 4672 υ

529 4700 650 4756 sine
678 4706 826 4754 motu
853 4698 1037 4759 omnia
1068 4696 1566 4761 transcendentem,
1626 4697 1747 4751 sine
1795 4704 1939 4752 statu
1974 4698 2116 4754 infra

529 4793 711 4849 omnia
761 4799 1094 4854 manentem,
1138 4791 1257 4844 sine
1285 4789 1580 4859 indigentia
1609 4790 1794 4843 omnia
1814 4799 2114 4857 creantem,

528 4887 648 4942 sine
676 4882 880 4952 [labore
936 4883 1121 4937 omnia
1156 4889 1457 4953 regentem,
1510 4880 1630 4935 sine
1669 4880 1755 4935 sui
1808 4880 1965 4936 initio
2004 4896 2119 4936 oni-

528 4978 689 5033 nibus
736 4976 948 5031 initium
977 4974 1221 5039 dantem,
1248 4973 1367 5028 sine
1393 4972 1480 5027 sui
1504 4970 1638 5045 [Αι.,
1674 4972 1777 5044 tui]
1814 4974 2117 5029 mutatione

526 5069 710 5122 omnia
747 5066 1025 5122 mutabilia
1082 5065 1403 5131 facientem;
1460 5064 1514 5119 iu
1575 5066 1955 5136 magnitudine
2000 5066 2119 5121 inﬁ-

527 5158 720 5221 nitum,
760 5158 813 5211 in
860 5156 1059 5210 virtute
1088 5157 1542 5225 omnipotentem,
1586 5156 1643 5208 in
1688 5154 1935 5209 bonitate
1974 5171 2119 5211 sum-

529 5262 698 5309 mum,
749 5246 803 5299 in
837 5245 1102 5315 sapientia
1145 5244 1599 5309 inaestimabilem,
1642 5245 1696 5299 in
1738 5245 1984 5300 consiliis
2014 5254 2121 5300 ter-

526 5337 761 5400 ribilem,
811 5336 864 5389 in
906 5335 1133 5405 justitiis
1176 5335 1404 5405 justum,
1460 5335 1513 5388 in
1567 5334 1994 5405 cogitationibus
2037 5351 2120 5390 se.

484 5454 496 5463 ο
529 5430 915 5492 cretissimum,
969 5429 1024 5482 in
1058 5428 1239 5483 verbis
1284 5442 1552 5489 veracem,
1598 5426 1653 5482 in
1686 5427 1941 5497 operibus
1990 5442 2117 5482 san-

528 5528 696 5583 ctum,
718 5518 772 5572 in
815 5517 1200 5573 misericordiis
1226 5518 1526 5587 copiosum,
1567 5532 1696 5589 erga
1733 5516 2116 5586 delinquentes

529 5609 1007 5682 patientissimum,
1051 5625 1178 5680 erga
1214 5609 1484 5680 patientes
1507 5609 1689 5678 pium;
1723 5624 1943 5678 semper
1968 5609 2111 5663 idem

530 5716 707 5774 ipsum
732 5709 993 5754 aeternum
1020 5716 1085 5756 ac
1111 5703 1519 5771 sempiternum,
1548 5699 1907 5754 immortalem
1951 5710 2116 5770 atque

528 5792 1040 5846 incommutabilem.
1069 5799 1243 5858 Quem
1261 5807 1363 5846 nec
1389 5794 1563 5862 spatia
1588 5792 1834 5849 dilatant.
1867 5806 1971 5845 nec
1994 5792 2114 5846 bre-

532 5883 669 5936 vitas
716 5882 951 5937 locorum
982 5890 1256 5953 angustat,
1308 5898 1409 5939 nec
1437 5883 1774 5953 receptacula
1819 5882 1927 5936 ulla
1961 5899 2113 5939 coar-

2233 3323 2371 3376 ritus
2410 3322 2548 3393 ejus,
2576 3334 2634 3376 et
2683 3331 2987 3378 revertetur
3040 3324 3097 3378 in
3152 3333 3354 3379 terram
3410 3342 3565 3382 suam
3598 3346 3611 3381 :
3642 3328 3696 3382 in
3730 3328 3827 3384 illa

2230 3415 2319 3469 die
2359 3416 2613 3485 peribunt
2660 3431 2852 3471 omnes
2895 3418 3254 3489 cogitationes
3306 3436 3515 3477 eorum.
3569 3421 3682 3494 Ego
3706 3424 3829 3481 dixi

2230 3507 2286 3561 in
2337 3522 2566 3563 excessu
2619 3511 2820 3566 mentis
2875 3526 3012 3566 mete
3058 3528 3074 3566 :
3121 3511 3313 3569 Omnis
3348 3514 3512 3570 homo
3561 3519 3822 3575 mendax.

2230 3599 2553 3665 Nemorare,
2604 3599 2854 3667 Domine,
2911 3618 3033 3672 quae
3059 3614 3144 3659 est
3173 3621 3294 3660 mea
3321 3608 3625 3664 substantia
3660 3628 3672 3662 :
3704 3626 3820 3666 non

2228 3692 2374 3745 enim
2424 3707 2565 3747 vane
2633 3694 2990 3751 constituisti
3022 3694 3162 3752 ﬁlios
3213 3696 3516 3755 hominum.
3562 3699 3815 3766 Domine,

2227 3782 2355 3853 quid
2380 3791 2465 3838 est
2501 3783 2683 3849 homo,
2750 3786 2895 3855 quod
2925 3787 3209 3844 innotuisti
3260 3790 3344 3853 ei;
3394 3801 3488 3847 aut
3533 3792 3675 3849 ﬁlius
3720 3793 3813 3850 ho-

2227 3875 2414 3941 minis,
2451 3877 2709 3945 quoniam
2736 3889 2955 3949 reputas
2983 3882 3144 3936 eum?
3193 3881 3522 3940 Humiliatus
3573 3902 3695 3942 sum
3735 3903 3831 3943 us-

2228 3980 2572 4039 quequaque,
2603 3967 2853 4035 Domine,
2884 3972 3100 4028 viviﬁca
3122 3989 3211 4030 me
3241 3977 3541 4032 secundum
3588 3979 3823 4035 verbum

2227 4065 2398 4114 tuum.
2450 4059 2586 4115 Vide
2616 4059 2977 4118 humilitatem
3010 4081 3211 4132 meam,
3271 4076 3330 4122 et
3356 4069 3505 4139 eripe
3530 4085 3618 4124 me
3644 4089 3658 4123 :
3687 4070 3818 4141 quia

2226 4148 2574 4219 legem‘tuam
2623 4168 2731 4208 non
2771 4171 2893 4211 sum
2919 4156 3137 4213 oblitus.
3196 4160 3524 4217 Custodiens
3562 4163 3823 4232 parvulos

2227 4236 2510 4303 Dominus,
2536 4241 2855 4299 humiliatus
2883 4260 3023 4311 sum,
3050 4256 3106 4302 et
3130 4248 3381 4304 liberavit
3408 4265 3514 4306 me.
3559 4252 3669 4323 Ego
3688 4267 3818 4309 vero

2225 4345 2430 4402 egenus
2466 4342 2523 4387 et
2548 4350 2752 4406 pauper
2798 4338 2909 4408 29
2953 4355 3097 4405 sum,
3136 4340 3401 4399 Dominus
3427 4360 3614 4400 curam
3654 4346 3815 4402 habet

2227 4425 2354 4478 mel.
2381 4423 2464 4480 Sit
2490 4443 2689 4483 nomen
2734 4428 2947 4487 Domini
2979 4432 3345 4501 benedictum,
3388 4454 3451 4491 ex
3475 4437 3578 4492 hoc
3598 4453 3741 4495 nunc
3762 4449 3818 4495 et

2222 4531 2397 4586 usque
2424 4518 2476 4571 in
2516 4520 2790 4575 sa'ctilum.

2831 4614 3038 4672 Oratio.

2291 4698 2518 4754 Domine
2544 4698 2673 4757 Iesu
2710 4702 2948 4771 Christe,
2985 4708 3076 4776 qui
3104 4709 3155 4761 in
3184 4711 3327 4767 hunc
3358 4716 3617 4770 mundum
3646 4733 3813 4788 prop-

2221 4794 2307 4840 ter
2328 4800 2641 4857 peccatores
2689 4794 2756 4851 de
2812 4798 2935 4851 sinu
2973 4798 3154 4855 Patris
3180 4802 3469 4871 advenisti,
3512 4816 3571 4860 ut
3602 4823 3701 4864 nos
3739 4811 3808 4864 de

2219 4882 2408 4936 eodem
2437 4894 2660 4952 peccato
2693 4889 3014 4957 redimeres,
3057 4894 3185 4963 quia
3216 4897 3331 4951 scio
3358 4906 3411 4951 et
3440 4901 3605 4955 credo
3632 4918 3647 4965 ;
3701 4918 3811 4957 non

2218 4972 2660 5041 propterjustos,
2691 4980 2786 5033 sed
2824 4992 3047 5051 propter
3074 4995 3396 5053 peccatores
3431 4992 3486 5043 in
3528 5000 3671 5046 terra
3708 4994 3811 5049 hac

2218 5061 2393 5119 bitare
2429 5066 2668 5123 voluisti.
2708 5069 2918 5129 Exaudi
2950 5090 3058 5140 me,
3090 5076 3317 5134 Domine
3357 5080 3521 5145 Deus,
3556 5094 3811 5152 peccato-

2220 5167 2335 5206 rem
2363 5164 2417 5209 et
2459 5156 2800 5227 culpabilem,
2836 5170 2891 5218 ct
2922 5164 3201 5236 indignum
3231 5180 3288 5224 et
3319 5172 3701 5243 negligentem,
3752 5184 3811 5232 et

2216 5244 2529 5301 obnoxium.
2560 5248 2677 5304 Tibi
2705 5254 2971 5309 conﬁteor
2996 5259 3179 5313 omina
3208 5271 3432 5328 peccata
3459 5270 3806 5327 mea,omnia

2219 5333 2359 5387 mala
2401 5350 2544 5401 mea,
2593 5339 2855 5408 quidquid
2904 5343 2959 5397 in
3013 5344 3117 5401 hoc
3174 5350 3377 5405 saeculo
3404 5354 3571 5418 gessi,
3606 5356 3810 5413 delicto

2217 5437 2361 5487 meo,
2391 5433 2535 5487 actu,
2567 5427 2683 5484 sive
2711 5430 2913 5500 iniquis
2946 5437 3390 5505 cogitationibus,
3452 5444 3520 5500 de
3550 5449 3813 5506 erunibus

2216 5515 2426 5569 veniam
2457 5525 2602 5583 peto.
2631 5517 2879 5587 Peccavi,
2900 5521 3084 5591 juravi
3113 5545 3126 5581 :
3163 5537 3341 5591 tamen
3388 5539 3443 5587 te
3481 5550 3587 5591 non
3632 5536 3807 5593 abue-

2214 5605 2358 5699 gavi,
2393 5607 2519 5676 quia
2552 5610 2667 5665 scio
2694 5620 2752 5668 et
2779 5615 2943 5672 credo
2982 5619 3110 5687 quia
3146 5628 3204 5674 tu
3238 5620 3407 5678 Pater
3448 5640 3527 5680 es.
3580 5626 3805 5699 Indulge

2216 5698 2370 5788 mihi,
2398 5699 2634 5757 Christe.
2685 5703 2762 5759 Te
2790 5706 2969 5773 laudo,
3001 5717 3055 5765 te
3104 5714 3412 5784 magniﬁco,
3446 5725 3496 5773 te
3534 5698 3801 5788 gloriﬁco,

2215 5787 2451 5845 Trinitas
2482 5801 2687 5847 sancta.
2740 5794 2859 5851 Tibi
2885 5801 3091 5867 gratias
3115 5817 3219 5874 ago
3250 5806 3313 5860 in.
3347 5787 3603 5866 omnibus
3651 5812 3805 5866 inﬁr-

2214 5881 2492 5937 mitatibus
2518 5884 2681 5949 meis,
2718 5888 2844 5955 quia
2868 5904 2973 5945 non
2995 5890 3170 5951 habeo
3195 5907 3348 5965 spem
3378 5898 3431 5953 in
3459 5900 3645 5961 alium,
3691 5903 3795 5977 nisi
