4122 6614
332 497 436 550 477

1219 509 1612 568 LITURGICA.
1651 540 1723 552 —-
1758 510 1847 565 DE
1881 509 2126 565 PSALM.
2169 507 2329 566 USU.
2370 539 2440 548 —
2478 507 2662 563 PARS
2700 509 2740 564 Ι.

3498 515 3594 571 873

331 617 479 681 inte,
515 617 654 673 Deus
689 634 861 675 meus.
890 619 971 675 Ad
996 630 1209 692 portum
1245 621 1502 680 Ecclesia:
1526 634 1652 690 tuae,
1675 625 1909 690 Christe,
1943 628 1988 685 Α
2019 632 2129 679 tuo.
2154 622 2395 695 Angelus
2430 623 2678 690 Michael,
2703 624 2929 694 angelus
2955 624 3194 689 Gabriel,
3246 627 3468 697 angelus
3494 628 3598 683 Ra-

331 710 601 783 confugio,
631 720 685 767 et
698 720 823 767 ante
847 715 1071 783 pignora
1095 724 1404 770 sanctorum
1431 724 1641 771 tuorum
1666 726 1909 784 prostra-

331 809 418 858 tus
441 801 824 873 indulgentiam
844 813 989 873 peto.
1024 804 1223 862 Precor
1245 816 1301 861 et
1323 807 1567 878 supplico
1599 811 1717 875 tibi,
1743 810 1905 874 Deus,

328 904 388 948 ut
408 895 539 950 mihi
565 897 859 953 concedere
884 899 1125 969 digneris
1152 916 1250 969 pro
1282 908 1370 956 tua
1396 902 1770 959 misericordia
1807 904 1908 958 mi-

327 985 699 1053 sericordiam,
735 996 791 1041 et
818 989 1071 1057 pietatem
1106 1007 1275 1061 usque
1328 993 1380 1045 in
1408 991 1572 1047 ﬁnem
1620 1010 1823 1059 meum,
1852 1004 1907 1048 et

327 1074 381 1130 in
406 1075 493 1130 illa
528 1078 660 1132 hora
706 1079 1017 1146 tremenda,
1048 1082 1264 1151 quando
1302 1082 1482 1135 anima
1529 1098 1647 1138 mea
1704 1084 1906 1154 migra—

327 1176 448 1223 tura
482 1170 588 1223 erit
634 1169 699 1224 de
750 1186 977 1240 corpore
1025 1186 1167 1227 meo.
1206 1171 1427 1245 _Pra:sta
1486 1175 1621 1229 mihi
1681 1190 1902 1229 sensum

328 1267 560 1321 rectum,
591 1257 750 1313 ﬁdem
780 1268 1003 1325 rectam,
1030 1268 1086 1315 et
1116 1261 1512 1317 credulitatem.
1551 1264 1905 1332 Omnipotens

328 1346 491 1410 Deus,
517 1346 660 1404 Deus
690 1364 861 1415 meus,
881 1352 1075 1405 exaudi
1119 1366 1225 1413 me,
1251 1359 1310 1405 ut
1341 1354 1578 1407 animant
1609 1369 1785 1407 meam
1841 1353 1904 1407 lio

326 1436 519 1494 berare
549 1440 785 1510 digneris
819 1442 886 1497 de
913 1441 1125 1496 inferno
1155 1442 1416 1499 inferiori.
1471 1444 1614 1500 Deus
1657 1449 1904 1516 omnipoo

327 1536 471 1593 lens,
499 1529 667 1585 libera
697 1548 782 1586 me
806 1534 868 1588 de
890 1548 1051 1603 pcena
1070 1533 1338 1591 infernali.
1362 1536 1505 1591 Deus
1534 1538 1901 1608 omnipotens,

328 1621 495 1677 libera
512 1638 598 1677 me
628 1624 692 1679 de
716 1624 837 1695 igne
856 1624 1299 1697 inexstinguibili.
1346 1626 1490 1681 Deus
1537 1629 1902 1697 omnipotens,

328 1715 496 1771 libera
524 1732 611 1771 me
641 1717 708 1773 de
742 1718 1074 1788 protoplasto
1116 1718 1336 1773 Satana.
1372 1719 1515 1773 Deus
1535 1721 1901 1790 omnipotens,

328 1806 496 1862 libera
523 1824 608 1863 me
643 1809 709 1862 de
741 1809 1018 1865 vermibus
1046 1809 1460 1865 immortalibus.
1524 1812 1664 1866 Deus
1723 1813 1900 1868 omni-

327 1911 539 1969 potens,
568 1901 737 1956 libera
790 1917 875 1957 me
930 1903 997 1957 de
1062 1903 1344 1958 mansione
1396 1904 1703 1974 impiorum.
1760 1905 1904 1959 Deus

2011 714 2189 786 phael,
2212 730 2406 771 omnes
2428 714 2627 787 angeli,
2653 729 2842 770 omnes
2862 716 3193 788 archangeli,
3226 734 3412 774 omnes
3438 720 3593 776 thro-

2010 805 2089 871 ni,
2116 822 2307 862 omnes
2337 806 2754 871 dominationes,
2782 823 2973 862 omnes
3000 810 3336 879 principatus
3360 822 3413 866 et
3442 823 3596 883 pote-

2009 904 2200 960 states,
2229 912 2421 953 omnes
2433 899 2760 967 patriarchie
2772 910 2829 952 et
2842 900 3136 969 prophetze,
3154 918 3343 957 omnes
3361 905 3593 974 apostoli

2008 999 2062 1044 et
2095 998 2382 1060 martyres,
2407 1006 2599 1045 omnes
2649 989 2991 1045 confessores
3019 999 3073 1046 et
3111 992 3372 1062 virgines,
3406 998 3459 1051 in
3500 1000 3592 1053 ad-

2000 1080 2264 1149 jutorium
2286 1090 2342 1135 et
2391 1080 2653 1135 auxilium
2685 1080 2943 1135 assistant
2980 1083 3134 1146 mihi,
3174 1099 3270 1153 per
3303 1085 3589 1143 Dominum

2007 1182 2247 1229 nostrum
2267 1172 2449 1237 Jesum
2478 1172 2775 1227 Christum.
2808 1173 3105 1239 Matthzeus,
3139 1175 3586 1243 Marcus,Lueas.

2004 1263 2260 1318 Joannes.
2289 1261 2607 1334 Sanctc30
2624 1262 2843 1333 Georgi,
2865 1261 3062 1317 famule
3090 1265 3161 1317 mi
3194 1264 3397 1337 [Ἐστία
3417 1268 3592 1323 famu-

2005 1354 2054 1409 le
2078 1351 2328 1425 Christi],
2377 1354 2651 1408 intercede
2696 1368 2795 1423 pro
2842 1368 2929 1406 me
2968 1353 3171 1409 famulo
3225 1365 3335 1410 tuo.
3390 1358 3591 1415 Sancte

2005 1444 2408 1515 Christophore,
2429 1444 2703 1499 interccde
2716 1460 2814 1515 pro
2830 1462 2936 1500 me.
2956 1446 3197 1510 Domine,
3243 1450 3449 1505 delimo
3482 1460 3591 1507 ter-

2006 1552 2080 1591 ra:
2101 1534 2345 1590 formasti
2381 1551 2484 1597 me,
2519 1535 2733 1590 ossibus
2756 1545 2811 1590 et
2832 1538 2985 1591 venis
3005 1540 3323 1609 compegisti
3356 1557 3463 1596 me.
3489 1542 3589 1597 Do-

2007 1628 2171 1690 mine,
2199 1642 2297 1697 pro
2320 1634 2413 1686 tua
2439 1627 2647 1697 pietate~
2666 1627 2875 1681 salvum
2904 1644 2991 1683 me
3036 1627 3140 1685 fac.
3169 1630 3280 1684 Pax
3311 1632 3418 1698 hic,
3447 1633 3589 1689 Deus

2004 1718 2112 1773 hic.
2140 1717 2389 1782 Domine,
2432 1719 2627 1774 exaudi
2674 1720 2976 1774 orationem
3034 1737 3232 1788 meam,
3285 1733 3341 1778 et
3385 1725 3589 1780 clamor

2003 1823 2157 1863 meus
2178 1811 2245 1864 ad
2268 1817 2321 1864 te
2346 1810 2549 1864 veniat.
2582 1811 2716 1877 Quia
2748 1811 2848 1866 tibi
2878 1813 2976 1866 soli
3021 1816 3238 1882 peccavi
3285 1824 3338 1869 et
3384 1816 3586 1873 malum

2004 1916 2188 1954 coram
2219 1910 2270 1956 te
2298 1899 2403 1956 feci
2430 1916 2444 1955 :
2478 1903 2601 1971 quia
2629 1911 2851 1971 peccata
2876 1920 2993 1959 mea
3029 1906 3440 1963 innumerabilia
3457 1921 3586 1966 sunt

324 1993 681 2062 omnipotens,
718 1994 885 2047 libera
935 2009 1021 2047 me
1065 1994 1131 2048 de
1186 1995 1432 2065 angustia
1481 2003 1704 2049 :eterua.
1760 1996 1903 2051 Deus
1938 1998 1982 2057 Β
2006 1990 2178 2045 valde.
2206 1989 2430 2046 Veniam
2454 1993 2664 2060 probis
2692 2002 2840 2062 peto,
2876 1994 3124 2062 Domine,
3156 1998 3391 2065 peccatis
3410 2007 3463 2053 et
3484 2016 3583 2054 ne-

322 2084 681 2154 ontuipotens,
712 2084 880 2137 libera
909 2100 996 2139 me
1033 2084 1100 2139 de
1127 2086 1382 2141 omnibus
1401 2086 1577 2141 malis.
1608 2087 1751 2142 Deus
1780 2104 1898 2142 om—

323 2176 589 2245 nipotens,
631 2176 860 2231 liberare
885 2176 1124 2245 digneris
1149 2180 1388 2234 animam
1420 2195 1600 2235 meam
1630 2180 1697 2235 de
1748 2189 1900 2236 tene-

320 2265 437 2320 bris
462 2268 840 2321 exterioribus.
898 2268 1033 2335 Quia
1089 2269 1145 2323 iu
1201 2277 1254 2324 te
1305 2271 1540 2336 conﬁdo,
1588 2273 1713 2343 quia
1763 2288 1901 2343 opus

320 2373 574 2412 manuum
599 2367 809 2414 tuarum
831 2376 948 2415 sum
973 2376 1096 2432 ego,
1126 2377 1195 2416 ne
1228 2377 1315 2418 me
1339 2364 1627 2434 despicias,
1656 2364 1895 2422 Christe.

322 2449 470 2520 Rogo
497 2462 737 2506 sanctam
760 2467 826 2505 ac
847 2452 1214 2507 beatissimam
1248 2465 1476 2509 matrem
1513 2464 1753 2511 nostram
1784 2457 1897 2512 Ma-

318 2542 478 2605 riam,
502 2556 634 2612 rogo
663 2543 850 2613 viginti
871 2553 1106 2615 quatuor
1134 2547 1397 2613 seniores,
1429 2564 1620 2604 omnes
1678 2558 1899 2604 sanctos

318 2631 535 2704 angelos
557 2641 679 2689 tuos
699 2637 957 2706 deprecor
976 2676 991 2702 ,
1018 2638 1273 2694 omnibus
1318 2642 1524 2696 sanctis
1567 2643 1898 2711 patriarchis

316 2740 378 2780 ac
397 2726 677 2796 prophetis
701 2726 965 2798 supplico,
985 2742 1175 2784 omnes
1204 2730 1477 2801 apostolos
1505 2740 1563 2787 et
1605 2741 1893 2805 martyres,

316 2826 371 2878 et
391 2816 732 2880 confessores
769 2827 908 2891 tuos,
958 2829 1119 2895 atque
1150 2822 1389 2897 virgines
1441 2839 1609 2894 rogo:
1644 2826 1896 2882 similiter

316 2928 506 2971 omnes
532 2924 748 2970 sanctos
777 2923 916 2982 tuos,
948 2925 1002 2971 et
1018 2918 1222 2974 electos
1260 2919 1354 2974 Dei
1407 2921 1600 2975 invoco
1630 2919 1684 2975 in
1730 2920 1891 2977 auxi-

316 3008 445 3063 lium
475 3023 676 3065 meum.
705 3010 773 3063 Et
794 3010 846 3063 in
874 3010 963 3064 illa
1004 3012 1285 3067 tremenda
1336 3014 1491 3078 hora,
1542 3029 1647 3084 qua
1710 3016 1891 3070 anima

315 3116 433 3157 mea
453 3116 740 3172 egressura
778 3104 968 3160 eritdc
994 3121 1219 3177 corpore
1247 3123 1386 3172 meo,
1436 3118 1624 3164 sancte
1665 3110 1892 3163 archan—

313 3191 452 3263 gele,
488 3192 769 3263 deprecor,
799 3197 890 3265 qui
923 3197 1227 3252 animamm
1257 3199 1695 3270 accipiendarum
1734 3216 1890 3256 acce-

313 3284 438 3353 pisti
467 3293 786 3355 potestatem
806 3329 820 3351 ,
848 3294 909 3341 ut
928 3289 1161 3342 animam
1186 3306 1361 3345 meam
1384 3292 1660 3361 suscipere
1697 3291 1885 3368 digne-

1998 2082 2272 2153 gligentiis
2288 2083 2442 2147 meis,
2469 2100 2569 2154 pro
2597 2101 2735 2140 vana
2763 2086 2956 2157 gloria,
2991 2104 3090 2158 pro
3142 2092 3581 2160 concupiscentia

1997 2175 2225 2242 carnali,
2255 2192 2355 2247 pro
2385 2178 2765 2245 delectatione,
2792 2194 2889 2248 pro
2919 2181 3233 2249 pollutione,
3291 2200 3392 2253 pro
3438 2200 3586 2239 mur-

1998 2268 2320 2332 muratione,
2352 2285 2452 2340 pro
2472 2271 2697 2336 invidia,
2724 2285 2822 2339 pro
2852 2273 3124 2340 superbia,
3152 2287 3249 2341 pro
3276 2275 3585 2329 somnolen-

1996 2359 2095 2425 tia,
2123 2375 2223 2430 pro
2248 2361 2567 2428 visionibus,
2598 2377 2699 2431 pro
2724 2362 3148 2432 cogitationibus
3169 2366 3306 2419 meis
3357 2365 3579 2435 iniquis,

1996 2467 2096 2522 pro
2128 2452 2425 2518 adulterio,
2459 2470 2559 2525 pro
2580 2453 2958 2517 fornicatione,
2985 2470 3086 2523 pro
3144 2457 3245 2510 hoc
3297 2458 3438 2525 quod
3482 2473 3582 2527 ego

1997 2544 2067 2598 ad
2089 2559 2226 2614 opus
2263 2542 2362 2599 Dei
2412 2542 2566 2599 tarde
2596 2544 2775 2599 venio.
2821 2542 3053 2599 Peccata
3095 2559 3211 2599 mea
3250 2562 3352 2600 nec
3376 2546 3575 2612 dicere,

1997 2648 2096 2687 nec
2125 2633 2407 2689 nominare
2427 2649 2667 2706 possum.
2715 2634 2860 2690 Reus
2889 2651 3029 2700 sum,
3054 2637 3367 2706 iniquitates
3408 2655 3578 2704 meas,

1996 2732 2051 2778 ct
2069 2724 2305 2780 malitias
2326 2740 2474 2780 meas
2504 2740 2611 2780 non
2641 2726 2921 2792 abscondi,
2952 2728 3079 2795 quia
3122 2729 3234 2781 seio
3284 2736 3338 2783 et
3382 2731 3577 2796 credo,

1995 2817 2140 2886 quod
2165 2828 2221 2873 tu
2248 2819 2369 2886 pius
2390 2818 2550 2873 Pater
2568 2834 2649 2873 es.
2680 2818 2758 2889 Ne
2787 2819 2920 2892 [Al.,
2944 2819 3076 2892 Nec]
3105 2837 3191 2875 me
3212 2821 3578 2891 derelinquas,

1994 2908 2491 2965 Patermisericors
2513 2951 2527 2974 ,
2552 2912 2644 2965 sed
2675 2910 2899 2982 dignare
2927 2912 3204 2983 indulgere
3220 2913 3360 2982 quod
3377 2913 3579 2968 malum

1991 3004 2096 3073 egi.
2130 3002 2400 3058 Succurre
2423 3003 2555 3056 mihi
2577 3002 2718 3073 pius,
2753 3003 3060 3070 invisibilis,
3099 3004 3290 3068 dulcis,
3325 3012 3381 3058 et
3427 3021 3579 3059 ama—

1988 3096 2135 3161 bilis,
2160 3103 2445 3165 antequam
2469 3105 2626 3165 porta
2654 3094 2953 3151 inferorum
2977 3096 3267 3151 absorbeat
3321 3113 3431 3163 me,
3481 3114 3581 3153 au-

1992 3196 2208 3259 tequam
2233 3188 2414 3242 veniat
2440 3202 2571 3257 pars
2593 3187 2796 3242 inimici
2823 3187 2949 3241 mci.
2978 3186 3060 3243 Tu
3088 3187 3219 3241 mihi
3252 3204 3446 3242 manus
3460 3204 3579 3257 por—

1989 3280 2126 3352 rige,
2154 3286 2209 3334 et
2247 3278 2426 3333 lumen
2468 3277 2714 3343 ostende,
2772 3285 2833 3330 ut
2886 3276 3027 3331 nulla
3083 3285 3328 3347 potestas
3381 3276 3577 3333 inferni

310 3380 409 3445 ris,
439 3381 653 3451 quando
680 3380 747 3435 de
780 3398 1006 3451 corpore
1041 3397 1161 3438 meo
1185 3364 1880 3455 eritegressurazetlibera
1913 3355 1958 3416 Ο
1993 3369 2211 3425 invadat
2233 3384 2319 3425 me
2340 3370 2392 3426 ίη
2422 3368 2514 3422 illa
2541 3369 2700 3434 hom»
2726 3366 2944 3440 (ιιιαηίιο
2972 3368 3150 3423 anima
3187 3384 3305 3422 mea
3333 3384 3578 3440 355"“)?

307 3486 432 3529 eam
483 3471 551 3527 de
602 3480 869 3542 potestate
917 3473 1143 3540 inimici,
1192 3482 1252 3529 ut
1291 3476 1624 3545 pertransire
1682 3477 1883 3546 possim

304 3570 491 3637 portas
534 3563 826 3620 inferorum
852 3574 908 3620 et
931 3566 1042 3621 vias
1063 3567 1434 3631 tenebrarum,
1474 3576 1533 3621 ut
1559 3582 1662 3622 non
1694 3584 1753 3623 se
1793 3584 1886 3638 po-

305 3650 399 3709 nat
437 3652 645 3728 [Forte,
671 3654 929 3728 opponat]
966 3656 1051 3713 leo
1072 3656 1155 3712 vel
1207 3656 1392 3723 draco,
1439 3658 1531 3729 qui
1583 3665 1879 3714 consuetus

301 3755 387 3804 est
414 3749 625 3804 animas
663 3748 957 3805 inferorum
984 3750 1244 3821 recipere,
1292 3758 1349 3805 et
1395 3751 1462 3805 ad
1516 3758 1719 3805 :eterna
1770 3758 1883 3805 tor-

301 3849 481 3896 menta
512 3842 846 3911 pertrahere.
863 3841 938 3896 Te
972 3841 1253 3911 deprecor,
1295 3849 1484 3898 sancte
1538 3841 1883 3910 Petre,prin-

299 3946 427 4002 ceps
451 3932 838 4004 apostolorum,
863 3934 954 4003 qui
978 3941 1131 3987 tenes
1163 3933 1345 3988 claves
1371 3933 1520 4001 regni
1592 3932 1877 3997 caelorum,

296 4032 355 4081 et
378 4026 809 4097 accipiendarum
834 4027 1136 4082 animarum
1161 4028 1418 4097 accepisti
1447 4035 1659 4096 potesta
1670 4037 1880 4090 tem,-ut

297 4128 510 4191 portam
534 4120 767 4189 paradisi
796 4120 927 4174 mihi
952 4120 1162 4188 aperire
1192 4119 1446 4190 digneris.
1483 4119 1705 4173 Domine
1747 4118 1877 4173 Iesu

295 4210 527 4275 Christe,
551 4211 652 4267 Fili
684 4211 883 4277 Marim,
912 4226 1220 4281 processum
1245 4212 1312 4266 do
1355 4211 1473 4275 tibi,
1516 4219 1574 4265 ut
1629 4225 1757 4279 agas
1800 4212 1870 4266 de

296 4301 479 4357 anima
525 4317 644 4356 mea
696 4302 951 4372 pietatem
991 4309 1045 4356 et
1091 4302 1536 4365 misericordiam,
1584 4304 1710 4373 quia
1740 4303 1793 4357 in
1824 4309 1876 4356 te

292 4392 524 4464 speravi.
551 4391 766 4448 Christe
800 4391 1129 4462 Redemptor
1167 4393 1370 4456 mundi,
1420 4390 1637 4461 quando
1683 4406 1873 4447 occur-

294 4500 455 4541 surus
484 4499 624 4549 sum,
652 4500 718 4538 ne
744 4484 843 4539 sint
874 4484 1132 4554 expulsus
1161 4498 1191 4536 a
1218 4482 1354 4537 facie
1412 4491 1523 4545 tua,
1582 4483 1711 4551 quia
1765 4500 1871 4540 non

291 4590 506 4632 mereor
530 4592 784 4631 coronam
815 4574 896 4629 vel
949 4574 1184 4638 veniam,
1240 4574 1344 4629 nisi
1388 4574 1518 4629 mihi
1570 4576 1871 4630 concedere

290 4669 549 4742 digneris.
581 4666 904 4721 Auxiliatrix
930 4666 1001 4720 sit
1028 4666 1159 4719 mihi
1186 4673 1370 4719 saneta
1396 4664 1652 4729 Trinitas,
1670 4666 1865 4719 exaudi

293 4776 399 4825 me,
425 4758 672 4822 Domine,
695 4759 788 4828 qui
810 4773 869 4812 es
895 4756 1036 4813 Deus
1060 4772 1213 4811 meus
1236 4758 1408 4822 vivus,
1429 4763 1484 4808 et
1521 4755 1697 4810 virtus
1726 4772 1864 4821 mea,

286 4850 450 4920 iudex
482 4850 679 4919 justus.
713 4849 791 4904 Tu
820 4848 1059 4903 medicus
1088 4848 1511 4925 potentissimus.
1560 4847 1636 4899 "l‘u
1667 4862 1725 4901 es
1784 4864 1871 4902 sa-

291 4943 482 4997 cerdos
524 4943 578 4995 in
602 4950 883 4995 internum.
914 4939 994 4993 Tu
1017 4940 1123 4994 dux
1150 4940 1217 4993 ad
1246 4939 1496 5007 patriam.
1532 4938 1610 4991 'I‘u
1642 4940 1728 4991 lux
1750 4955 1868 4994 mea

290 5050 438 5090 vera.
463 5034 541 5087 Tu
571 5033 795 5088 dulcedo
824 5048 941 5087 mea
970 5039 1177 5087 sancta.
1205 5030 1286 5086 Tu
1316 5031 1578 5099 sapientia
1609 5048 1727 5085 mea
1756 5032 1868 5085 cla-

291 5145 370 5183 ra.
403 5127 811 5196 Tusimpliettas
834 5141 950 5181 mea
975 5140 1128 5193 pura.
1162 5123 1241 5177 Tu
1267 5124 1446 5178 anima
1471 5138 1589 5175 mea
1620 5124 1861 5177 catholi-

290 5238 376 5276 ca.
414 5222 492 5276 Tu
541 5221 831 5276 concordia
874 5234 991 5273 mea
1034 5218 1278 5287 pacifica.
1322 5216 1400 5269 Tu
1455 5218 1701 5271 custodia
1751 5233 1869 5270 mea

292 5323 419 5370 tota.
449 5313 526 5366 'l‘u
553 5311 811 5381 perfectio
842 5325 960 5363 mea
986 5318 1117 5363 tota.
1150 5308 1228 5361 Tu
1252 5307 1399 5362 salus
1434 5322 1549 5360 mea
1583 5307 1869 5375 sempiter-

287 5422 378 5459 na.
412 5404 489 5459 Tu
514 5403 883 5457 misericordia
908 5416 1028 5454 mea
1059 5414 1269 5468 magna.
1303 5398 1384 5450 Tu
1400 5397 1508 5450 vita
1536 5410 1656 5450 mea
1678 5397 1869 5449 imma-

286 5495 485 5552 culata.
520 5495 599 5547 Tu
628 5494 885 5564 patientia
916 5489 1309 5545 robustissima.
1340 5487 1418 5543 Tu
1434 5486 1734 5555 redemptio
1750 5501 1865 5540 mea

286 5590 448 5643 facta.
474 5587 554 5642 Tu
583 5586 906 5641 resurrectio
933 5598 1051 5637 mea
1081 5591 1288 5637 sancta.
1326 5580 1407 5633 Tu
1432 5579 1542 5632 vita
1584 5585 1861 5647 perpetua.

288 5682 364 5737 Te
391 5696 541 5750 rogo,
570 5688 621 5734 te
651 5680 931 5749 deprecor,
953 5684 1014 5729 ut
1032 5689 1129 5743 per
1154 5684 1204 5728 te
1236 5670 1522 5735 ambulem,
1551 5669 1619 5723 ad
1668 5676 1719 5723 te
1745 5683 1867 5737 per-

288 5773 520 5837 veniam,
546 5771 598 5824 in
624 5778 675 5823 te
700 5770 1053 5836 requiescam,
1085 5773 1138 5818 et
1166 5764 1234 5817 ad
1262 5772 1313 5817 te
1341 5774 1640 5828 resurgam.
1690 5758 1865 5811 Exau-

286 5868 341 5921 di
375 5881 480 5929 me,
509 5862 753 5917 Domine.
784 5860 1069 5921 Memento,
1092 5856 1337 5917 Domine,
1370 5851 1558 5915 David,
1589 5851 1733 5904 sicut
1774 5849 1871 5924 ju-_

290 5958 420 6011 rasti
450 5953 693 6024 patribus
716 5951 932 6015 nostris,
963 5956 1022 6003 ut
1044 5955 1255 6002 avertas
1284 5945 1416 5998 iram
1441 5950 1587 5997 tuam
1611 5954 1638 5993 a
1667 5938 1867 5993 famulo

1898 4715 1946 4773 D

1989 3471 2106 3517 tura
2127 3459 2335 3533 [Forte,
2357 3458 2701 3534 assumenda]
2730 3461 2837 3517 erit
2863 3460 2930 3515 de
2971 3476 3203 3532 corpore
3232 3477 3369 3516 meo.
3394 3461 3578 3517 Piissi-

1986 3568 2073 3611 me
2094 3553 2259 3618 Deus,
2282 3552 2591 3608 misericors
2614 3550 2774 3615 Deus,
2788 3547 3205 3607 clementissime
3221 3551 3381 3615 Deus,
3403 3561 3455 3605 te
3466 3550 3578 3605 lau-

1984 3646 2075 3713 do,
2108 3654 2161 3700 te
2189 3643 2502 3715 magniﬁco,
2537 3643 2635 3699 tibi
2663 3644 2872 3716 gratias
2909 3660 3011 3714 ago
3042 3661 3053 3697 :
3084 3644 3175 3714 qui
3222 3658 3308 3697 me
3355 3642 3573 3699 salvasti

1983 3755 2081 3810 per
2101 3746 2334 3803 noctem,
2356 3736 2549 3807 iubeas
2579 3753 2665 3793 me
2689 3737 2896 3797 servari
2910 3750 3008 3806 per
3033 3736 3193 3791 diem.
3212 3734 3321 3789 Fac
3343 3750 3448 3800 me,
3470 3734 3575 3795 Do-

1985 3831 2149 3897 mine,
2172 3838 2321 3886 tuam
2350 3829 2585 3899 gratiam
2614 3828 2878 3889 invenire,
2916 3834 2968 3882 te
2995 3842 3201 3890 amare,
3251 3833 3303 3880 te
3351 3825 3572 3881 laudare

1982 3928 2038 3974 et
2062 3920 2274 3986 timere,
2307 3919 2403 3974 tibi
2429 3919 2659 3983 servire,
2688 3926 2742 3972 et
2794 3918 3024 3988 diligere
3070 3916 3324 3971 omnibus
3376 3915 3573 3970 diebus

1982 4013 2103 4067 vitae
2126 4027 2278 4067 meaa.
2306 4010 2473 4076 Deus,
2501 4009 2597 4064 tibi
2612 4010 2936 4067 commendo
2959 4009 3125 4063 vitam
3150 4023 3347 4062 meam.
3406 4006 3567 4061 Mise-

1982 4121 2102 4160 rere
2129 4105 2254 4170 mei,
2282 4104 2510 4159 Domine
2538 4103 2744 4175 gloriae,
2775 4103 2866 4172 qui
2913 4117 2973 4155 es
3001 4116 3139 4156 unus
3167 4109 3221 4154 et
3270 4114 3454 4162 verus,
3512 4110 3568 4155 et

1978 4196 2125 4251 solus
2158 4203 2213 4250 et
2227 4196 2430 4267 justus,
2459 4202 2514 4249 et
2542 4195 2595 4248 in
2624 4208 2733 4265 quo
2758 4192 2961 4257 omnia,
2991 4200 3046 4245 et
3068 4204 3166 4260 per
3195 4206 3354 4262 quem
3374 4191 3555 4245 omnia

1977 4287 2115 4341 facta
2163 4293 2305 4341 sunt.
2349 4284 2557 4339 Exaudi
2612 4299 2719 4349 me,
2774 4282 3021 4348 Domine,
3075 4290 3364 4347 orantem;
3423 4282 3567 4336 sicut

1976 4376 2241 4432 exaudisti
2265 4383 2377 4431 tres
2398 4390 2596 4445 pueros
2632 4377 2701 4430 de
2728 4374 2943 4429 camino
2974 4374 3113 4444 ignis
3138 4374 3402 4438 ardentis,
3466 4372 3553 4428 Si-

1974 4469 2121 4532 drac,
2150 4467 2332 4532 illisae,
2354 4475 2408 4521 et
2426 4466 2735 4536 Abdenago.
2766 4465 2971 4521 Exaudi
2995 4481 3105 4529 me,
3122 4466 3367 4530 Domine,
3387 4480 3556 4520 oran—

1975 4569 2104 4622 tem,
2131 4558 2270 4613 sicut
2293 4557 2562 4612 exaudisti
2588 4556 2810 4612 Petrum
2837 4558 2891 4610 in
2917 4558 3076 4622 mari,
3104 4556 3325 4611 Paulum
3360 4556 3412 4610 in
3439 4556 3560 4612 viu-

1975 4650 2129 4705 culis.
2156 4650 2325 4703 Parce
2347 4649 2539 4704 anima:
2561 4662 2712 4713 mea),
2748 4662 2913 4718 parce
2952 4648 3111 4702 malis
3146 4649 3301 4711 meis,
3335 4656 3389 4703 et
3422 4664 3556 4702 euu-

1973 4740 2427 4796 ctis‘criminibus
2448 4740 2603 4794 meis.
2629 4738 2845 4794 Christe
2900 4736 3047 4793 Deus
3099 4734 3271 4803 ineas,
3322 4752 3464 4808 pone
3507 4744 3561 4792 te

1975 4841 2097 4887 ante
2124 4847 2231 4896 me,
2255 4832 2299 4885 si
2328 4830 2565 4885 exsultat
2587 4829 2841 4885 inimicus
2872 4844 3024 4884 meus
3050 4837 3241 4883 contra
3282 4843 3388 4883 me.
3447 4828 3560 4900 Ego

1975 4923 2262 4986 dormiam,
2286 4931 2341 4978 et
2375 4936 2470 4977 cor
2492 4937 2671 4977 meum
2701 4921 2905 4993 vigilet.
2930 4920 3117 4990 Angcli
3151 4921 3248 4986 tui,
3306 4920 3553 4986 Domine,

1976 5031 2063 5072 me
2088 5016 2400 5071 custodiant
2456 5023 2565 5069 tam
2600 5029 2698 5083 per
2736 5014 2900 5077 diem,
2950 5029 3109 5082 quam
3152 5028 3262 5083 ,per
3318 5021 3555 5068 noctem.

1978 5107 2119 5162 Deus
2143 5107 2502 5176 omnipotens,
2536 5104 2722 5159 emitte
2752 5102 3014 5172 Spiritum
3048 5112 3198 5157 tuum
3252 5104 3455 5157 bonum
3501 5114 3557 5159 et

1976 5206 2203 5259 rectum,
2227 5196 2318 5265 qui
2354 5196 2587 5250 animam
2614 5208 2791 5247 meam
2820 5199 2875 5246 et
2904 5208 3100 5261 corpus
3140 5208 3317 5247 meum
3374 5201 3556 5248 custo-

1976 5292 2106 5344 diat.
2137 5288 2382 5350 Peccavi,
2414 5286 2658 5350 Domine,
2687 5284 2908 5354 peccavi
2936 5285 2988 5338 in
3022 5283 3136 5354 lege
3163 5283 3294 5349 Dei,
3350 5283 3555 5349 verbis,

1973 5379 2152 5440 factis,
2176 5385 2230 5431 et
2252 5372 2689 5445 cogitationibus.
2735 5372 2900 5427 Multa
2946 5379 3074 5426 sunt
3121 5380 3341 5439 peccata
3410 5386 3551 5425 mea.

1974 5469 2259 5539 Negligens
2285 5467 2359 5520 fui
2396 5464 2463 5519 de
2491 5480 2655 5533 opere
2686 5464 2801 5527 Dei,
2829 5473 2881 5517 et
2908 5465 2973 5517 de
2998 5464 3187 5517 ordine
3240 5477 3379 5516 meo.
3412 5462 3549 5522 Pre-

1976 5576 2073 5614 cor
2096 5568 2167 5623 te,
2198 5561 2352 5613 beata
2372 5558 2525 5626 virgo
2547 5555 2730 5618 Maria,
2757 5563 2814 5610 et
2841 5571 3030 5610 omnes
3053 5557 3225 5610 sancti
3251 5555 3368 5620 Dei,
3394 5566 3557 5612 orate

1970 5670 2069 5722 pro
2089 5666 2174 5707 me
2202 5660 2505 5721 peccatore.
2535 5650 2852 5703 Misereatur
2873 5650 2977 5702 mei
3006 5650 3347 5718 omnipotens
3389 5649 3551 5715 Deus,

1974 5756 2030 5801 et
2050 5748 2212 5801 donet
2239 5744 2503 5797 Dominus
2556 5742 2697 5796 Deus
2740 5756 2901 5795 verus
2956 5757 3134 5795 veram
3174 5740 3551 5806 humilitatem,

1974 5859 2156 5898 veram
2178 5839 2575 5912 paenitentiam,
2606 5855 2793 5894 veram
2830 5836 3238 5907 indulgentiam,
3292 5836 3553 5891 sobrieta—

1975 5946 2106 6002 tem,
2139 5932 2501 5996 tolerantiam,
2541 5931 2735 5986 bonam
2767 5930 2948 5993 ﬁdem,
2982 5930 3176 5983 bonam
3201 5942 3549 5998 perseveran-
