4122 6588
488 468 596 524 ὄπ)
1343 453 1400 507 Β.
1439 450 1500 505 F.
1538 446 1763 504 ALBINI
1801 443 1932 500 εει]
1973 439 2124 498 ALCI

2223 439 2249 495 il
2283 434 2567 496 OPEllUM
2611 431 2789 487 PARS
2831 426 2916 483 IV.
3651 416 3767 473 1.9.0

491 579 935 641 tiam.llluminet
958 587 1045 629 me
1091 570 1330 643 Spiritus
1347 575 1592 630 sanctus,
1615 561 1893 632 indulgeat
1937 557 2068 612 mihi
2101 558 2147 618 Α
2174 553 2430 624 quoniam
2466 548 2651 604 suavis
2695 554 2778 600 est
2827 539 3195 598 misericordia
3245 545 3354 590 tua.
3401 534 3596 588 Libera
3647 551 3764 592 mu.

493 678 756 734 Dominus
776 672 958 730 omnia
983 637 1204 740 peccata
1223 677 1345 720 mea
1375 661 1465 716 hic
1488 666 1544 714 et
1573 660 1627 713 in
1651 653 1850 711 futuro.
1879 653 2070 707 Amen.
2179 659 2433 716 quoniam
2473 655 2678 712 egenus
2727 654 2868 702 sum,
2915 644 2969 690 et
3019 647 3222 704 pauper
3265 647 3384 684 sum
3435 645 3554 700 ego,
3581 637 3635 681 ct
3667 643 3774 682 eor

2512 739 2517 740 κ
2595 731 2608 740 .
2673 737 2680 740 Α
2870 735 2881 740 ,
2933 725 2946 738 .
3089 739 3094 740 ί
3159 720 3228 740 ,τᾷ
3262 719 3549 740 tum“;
3589 735 3670 740 ___
3711 718 3770 740 ε*

1223 718 1357 838 vn.
2182 749 2362 791 meum
2400 731 2782 788 conturbatum
2803 735 2890 782 est
2933 725 2986 780 in
3019 739 3124 779 me.
3159 720 3237 824 Ne
3262 719 3552 822 tradideris
3589 735 3673 773 me
3711 718 3770 771 in

1731 887 1744 899 ,
1796 887 1832 899 ,Δ
2180 825 2391 880 animas
2431 819 2869 892 persequentium
2925 830 3033 880 me,
3064 813 3316 884 quoniam
3354 810 3774 865 insurrexerunt

557 912 635 972 In
664 903 1115 970 tentatiom'bus
1145 895 1606 961 immundorum
1640 895 2008 967 spirituum.

2184 917 2238 970 in
2271 928 2360 969 me
2399 920 2565 968 testes
2593 908 2784 980 iniqui.
2823 907 3082 976 Disperge
3117 904 3239 958 illos
3268 903 3322 956 in
3352 901 3556 954 virtute
3577 908 3689 966 tua,
3715 906 3781 954 et

570 1032 891 1090 Consolatur
915 1041 1013 1082 nos
1033 1026 1089 1080 in
1116 1017 1506 1078 tentationibus
1531 1008 1881 1069 daemoniacis
1925 1019 2083 1078 egre-

503 1126 624 1198 gius
650 1121 993 1193 praedicator,
1044 1114 1272 1171 dicens:
1318 1105 1522 1160 Fidelis
1565 1111 1740 1156 autem
1781 1098 1941 1161 Deus,
1976 1096 2087 1198 .q‘ui

506 1185 611 1274 non
646 1185 871 1285 patietur
898 1225 985 1265 vos
1013 1201 1205 1261 tentari
1224 1214 1385 1271 supra
1411 1211 1570 1268 quam
1599 1190 1849 1265 potestis;
1896 1186 1987 1242 sed
2005 1185 2088 1254 fa-

505 1309 605 1362 ciet
639 1275 755 1358 eum
793 1299 1076 1356 tentatione
1108 1293 1266 1349 etiam
1292 1288 1488 1344 exitum
1509 1324 1524 1350 ,
1559 1293 1617 1338 ut
1661 1278 1872 1352 possitis
1927 1275 2087 1332 susti-

509 1395 695 1467 nere(l
721 1393 846 1449 Cor.
880 1405 938 1454 ι,
971 1387 1098 1460 15).,
1131 1383 1394 1451 Quocirca
1423 1376 1701 1435 sciendum
1734 1381 1836 1437 cst,
1863 1371 1989 1441 quia
2005 1369 2092 1440 ju-

509 1488 638 1546 dicii
654 1463 852 1543 occulti
865 1494 1118 1538 mensura
1137 1486 1242 1542 est,
1255 1483 1310 1530 ct
1323 1471 1538 1546 quando
1554 1467 1870 1525 teutationis
1889 1463 2096 1536 procel-

512 1580 564 1634 la
581 1576 850 1648 prosiliat,
872 1579 930 1627 et
975 1569 1194 1640 quando
1219 1562 1590 1633 conquiescat.
1617 1557 1780 1613 Certe
1800 1552 2096 1626 Evangelio

512 1643 802 1721 att-cstante
831 1657 1177 1720 describitur,
1203 1652 1346 1723 quod
1364 1665 1466 1706 nec
1485 1660 1706 1702 manere
1761 1645 1817 1699 in
1867 1643 2096 1698 obsesso

514 1759 735 1816 homine
770 1753 967 1825 potuit,
996 1764 1097 1806 nec
1117 1761 1307 1802 rursus
1336 1742 1593 1799 invadere
1633 1739 1791 1794 bruta
1839 1733 2097 1791 animalia

514 1852 621 1908 nisi
648 1848 834 1919 jussus
861 1839 1223 1916 praesumpsit,
1245 1838 1469 1893 dicens:
1503 1831 1564 1888 Si
1600 1830 1748 1902 ejicis
1797 1845 1914 1893 nos,
1949 1826 2099 1882 mitte

519 1914 688 1998 ηοεὶῇ
705 1914 910 2012 gregem
938 1948 1217 2006 porcorum
1260 1929 1476 2002 (Matth.
1523 1941 1643 1991 νιιι,
1691 1922 1818 2012 51).Ϋ
1868 1917 2097 2012 Quando
2129 1914 2173 1973 Β

519 2009 782 2104 crgojste
799 2009 897 2086 sua
932 2033 1125 2097 sponte
1149 2034 1344 2078 nocere
1369 2016 1529 2074 factis
1561 2015 1628 2071 ad
1672 2012 1769 2068 Dei
1807 2009 2096 2081 imaginem

520 2101 829 2182 hominibus
847 2121 1092 2182 auderet,
1124 2115 1210 2172 cui
1239 2117 1287 2170 si
1323 2118 1566 2184 potestas
1589 2120 1800 2165 summa
1823 2101 2101 2159 licentiam

522 2234 632 2274 non
685 2217 970 2288 praeberet,
999 2209 1239 2284 grassari
1261 2222 1363 2262 nec
1389 2206 1445 2261 in
1472 2215 1670 2276 porcos
1684 2197 1924 2253 valeret?
1945 2192 2104 2249 Nullo

523 2328 656 2384 ergo
684 2285 846 2366 modo
893 2302 1276 2375 ambigendum
1327 2306 1436 2362 est,
1483 2293 1750 2366 permissu
1804 2285 2102 2358 aequissimi

521 2378 739 2474 indicis,
761 2398 815 2453 iu
839 2397 1044 2455 electos
1064 2393 1132 2448 ad
1167 2401 1381 2462 tempus
1404 2384 1679 2442 diabolum
1721 2378 1966 2435 tentandi
2013 2389 2106 2430 ac-

526 2498 709 2566 cipere
736 2496 1059 2562 potestatem
1085 2505 1098 2539 :
1133 2483 1228 2541 sed
1256 2477 1684 2539 misericorditer
1720 2473 1883 2544 judex
1914 2483 2108 2526 conce-

529 2558 629 2647 dit,
661 2558 806 2652 quod
832 2578 1123 2634 crudeliter
1149 2573 1324 2631 hostis
1337 2569 1500 2642 capit.
1534 2567 1673 2622 lliuc
1685 2572 1789 2629 est,
1805 2562 1949 2632 quod
1963 2558 2107 2652 fideli

530 2649 733 2727 famulo
755 2671 821 2724 de
838 2668 1030 2724 eodem
1052 2665 1311 2720 Dominus
1335 2660 1470 2716 dicit
1496 2677 1510 2716 :
1537 2656 1660 2712 Non
1680 2654 1832 2726 quasi
1879 2649 2110 2708 crudelis

529 2761 792 2818 suscitabo
812 2776 929 2816 eum
963 2758 1106 2832 (Iob.
1143 2773 1258 2822 xu,
1302 2754 1377 2824 l).
1437 2751 1577 2806 Hinc
1625 2747 1840 2806 ﬁdelem
1876 2744 2112 2800 animam

533 2855 922 2912 teutationibus
939 2852 1217 2923 fatigatam
1257 2847 1468 2905 blandis
1511 2842 1975 2901 consolationibus
2028 2853 2114 2893 re-

535 2946 697 3008 fovet,
727 2944 912 2998 dicens
940 2960 954 2996 ι
983 2941 1130 2996 Dixit
1162 2939 1419 2995 Dominus
1461 2937 1603 2990 Deus
1648 2943 1770 2988 tuus
1810 2946 1827 2983 :
1857 2931 1937 2984 Ad
1983 2947 2115 3000 pun-

534 3047 676 3092 ctum
697 3037 753 3090 in
780 3034 984 3090 modico
1008 3031 1261 3103 dereliqai
1289 3039 1358 3091 te,
1381 3039 1429 3083 et
1462 3030 1516 3083 in
1545 3024 1973 3081 miserationibus
2003 3041 2117 3076 ma-

534 3129 651 3200 gnis
678 3125 1000 3196 congregabo
1024 3133 1092 3178 te.
1115 3123 1250 3179 item
1279 3121 1351 3178 ibi
1376 3139 1390 3175 :
1419 3118 1682 3175 Abscondi
1711 3118 1903 3188 faciem
1950 3129 2116 3168 meam

535 3233 815 3291 parumper
841 3226 966 3280 ate,
994 3225 1042 3270 et
1102 3215 1160 3268 in
1187 3211 1556 3268 misericordia
1582 3199 1902 3280 sempiterna
1931 3205 2119 3260 miser-

538 3320 624 3362 tus
651 3323 767 3361 sum
787 3306 866 3360 tui
895 3302 1049 3377 (Isai.
1091 3319 1203 3368 LIV,
1229 3303 1283 3366 7,
1309 3299 1387 3368 8).
1419 3298 1557 3355 Cum
1583 3313 1716 3369 ergo
1752 3297 1805 3350 in
1836 3293 2123 3350 tentatoris

538 3400 873 3456 voluntatem
896 3397 963 3451 ad
987 3405 1196 3467 tempus
1220 3395 1532 3457 incidimus,
1561 3389 1879 3462 priusquam
1923 3385 1977 3439 in
2030 3385 2123 3439 de-

541 3490 847 3548 lectationis
873 3496 968 3543 aut
993 3488 1140 3558 pravi
1167 3499 1467 3540 consensus
1513 3483 1617 3554 31
1666 3481 1920 3536 labamur
1965 3492 2125 3532 vora-

542 3583 754 3652 ginem;
780 3579 1073 3634 clamemus
1121 3574 1451 3640 mcdulliter,
1507 3573 1805 3629 elamemus
1859 3569 2125 3632 valenter,

545 3675 648 3730 bos
665 3670 1003 3728 demutando
1021 3669 1304 3739 psalmos:
1348 3665 1513 3731 Deus,
1555 3663 1698 3718 Deus
1740 3677 1907 3725 meus,
1935 3659 2128 3729 respice

546 3767 606 3820 in
635 3781 752 3830 me;
780 3765 920 3818 Deus
944 3803 960 3829 ,
993 3762 1053 3815 in
1090 3761 1297 3815 nomine
1321 3768 1410 3812 tuo
1427 3775 1446 3823 ;
1468 3755 1718 3811 Miserere
1733 3753 1856 3817 mei,
1882 3751 2126 3813 Domine,

547 3859 800 3928 quoniam
831 3854 1292 3918 conculcamrunt;
1318 3852 1458 3907 Deus
1483 3852 1538 3905 in
1559 3847 1885 3918 adjutorium
1916 3858 2127 3904 meum;

551 3949 774 4003 Domine
803 3948 946 4002 Deus
970 3945 1156 4001 salutis
1188 3961 1351 4009 meas;
1406 3943 1568 4013 Eripe
1603 3957 1684 3996 me
1704 3981 1718 4006 ,
1762 3936 1988 3992 Domine
2012 3975 2028 4000 ,
2065 3931 2130 3987 ab

553 4041 760 4095 homine
789 4039 950 4095 mulo.

793 4147 920 4204 Post
960 4149 1267 4204 Orationem
1293 4146 1628 4202 Dominicam
1667 4157 1886 4198 versus:

626 4264 855 4330 Exaudi,
891 4265 1052 4330 Deus,
1097 4265 1400 4320 orationem
1428 4277 1625 4323 meam,
1656 4274 1779 4315 cum
1816 4256 2072 4337 tribulor,
2107 4270 2137 4308 a

560 4361 753 4414 timore
804 4358 1008 4413 inimici
1049 4358 1198 4428 eripe
1237 4357 1474 4411 animam
1502 4369 1698 4409 meam.
1740 4349 2142 4405 Tribulatioues

560 4452 738 4507 cordis
759 4451 864 4504 mei
894 4449 1131 4504 dilauitm
1153 4456 1296 4513 sunt,
1321 4448 1386 4501 de
1408 4443 1820 4501 necessitatibus
1841 4440 1976 4495 meis
1994 4438 2142 4508 eripe

564 4558 670 4596 me.
700 4541 944 4596 Statnisti
983 4541 1036 4594 in
1065 4541 1182 4594 loco
1207 4537 1446 4608 spatioso
1473 4536 1637 4605 pedes
1675 4548 1844 4597 meos,
1882 4531 2144 4585 miserere

565 4633 688 4695 mei,
759 4632 1001 4695 Domine,
1057 4630 1312 4699 quoniam
1372 4627 1621 4683 tribulor.
1673 4625 1938 4693 Exsurge,
1973 4636 2142 4691 quare

563 4721 860 4785 obdormis,
884 4719 1138 4774 Domine?
1167 4718 1428 4788 Exsurge,
1458 4727 1515 4773 et
1538 4731 1606 4770 ne
1635 4714 1864 4786 repellas
1889 4726 2060 4781 usque
2090 4710 2146 4766 in

567 4816 749 4867 liiiem.
790 4812 865 4867 Nc
897 4813 1075 4866 tradas
1103 4826 1188 4864 me
1215 4826 1246 4864 a
1275 4809 1543 4865 desiderio
1568 4822 1688 4862 meo
1726 4802 2023 4876 peccatori,
2051 4817 2145 4858 co-

568 4907 875 4974 gitaverunt
900 4905 1183 4957 adversum
1211 4917 1316 4967 me,
1349 4918 1415 4956 ne
1440 4900 1785 4969 derelinquas
1813 4912 1919 4962 me,
1949 4909 2016 4950 ne
2042 4911 2145 4948 uu-

569 5013 731 5067 quam
768 4995 1087 5050 cxaltemur.
1116 4994 1380 5063 Exsurge,
1434 4992 1680 5054 Domine,
1709 5004 1818 5044 non
1861 4985 2148 5058 praevaleat

573 5092 751 5152 homo,
777 5088 1088 5158 judiccntur
1112 5095 1298 5156 gentes
1325 5086 1379 5139 in
1409 5091 1697 5154 conspectu
1724 5089 1835 5136 tuo.
1883 5078 2148 5148 Exsurge,

573 5176 799 5234 Domine
823 5179 965 5234 Deus
998 5192 1172 5243 meus,
1199 5177 1467 5232 exaltctur
1496 5188 1688 5230 manus
1713 5179 1827 5235 tua,
1861 5186 1930 5226 ne
1956 5169 2148 5224 oblivi-

572 5269 742 5324 scaris
761 5268 1014 5338 pauperis
1035 5267 1086 5321 iu
1107 5267 1289 5321 finem.
1313 5265 1393 5319 Tu
1416 5274 1615 5328 autem,
1641 5263 1885 5325 Domine,
1914 5274 1980 5315 ne
1995 5259 2150 5329 longe

576 5363 744 5416 facias
791 5359 1051 5434 auxilium
1079 5368 1228 5414 tuum
1254 5374 1284 5413 a
1323 5372 1428 5421 me,
1467 5358 1533 5411 ad
1574 5354 1941 5411 defensionem
1974 5367 2149 5407 meam

577 5453 777 5522 aspice.
815 5451 1014 5506 Emitte
1044 5465 1261 5504 manum
1315 5455 1461 5502 tuam
1493 5448 1558 5502 de
1585 5447 1714 5511 alto,
1764 5445 1914 5516 eripe
1955 5459 2060 5506 me,
2099 5450 2153 5498 ct

579 5542 745 5597 libera
773 5557 861 5597 me
886 5542 951 5596 de
978 5541 1132 5611 aquis
1158 5539 1363 5604 multis,
1395 5547 1451 5592 et
1478 5539 1542 5593 de
1573 5552 1730 5591 ruanu
1759 5536 1991 5592 filiorum
2016 5534 2150 5588 alie-

581 5649 791 5688 norum.
818 5632 1081 5700 Quoniam
1114 5631 1276 5686 alieni
1310 5631 1719 5686 insurrexerunt
1749 5629 1802 5683 in
1828 5643 1934 5693 me,
1965 5637 2020 5682 et
2046 5625 2154 5681 for-

581 5734 662 5778 tes
685 5724 1010 5792 qumsierunt
1030 5723 1262 5778 animam
1289 5737 1467 5777 meam
1501 5742 1511 5774 ;
1549 5729 1602 5774 et
1627 5735 1731 5774 non
1761 5725 2156 5787 proposuerunt

580 5813 869 5868 noniinum
920 5820 1043 5867 ante
1092 5821 1439 5883 conspectum
1477 5827 1651 5866 suum.
1693 5809 1759 5864 Et
1801 5817 1880 5873 tu,
1912 5807 2154 5871 Domine,

583 5913 668 5960 tae
715 5919 924 5961 mecum
971 5904 1399 5962 miscricordiam
1464 5910 1686 5972 propter
1729 5913 1925 5954 nomen
1983 5905 2156 5961 tuum,

2185 1008 2407 1061 destrue
2453 1018 2547 1058 eos
2574 1009 2852 1072 protector
2879 1012 3048 1060 meus,
3083 993 3329 1050 Domine.
3362 991 3593 1061 Adjutor
3620 1007 3780 1045 meus

2186 1106 2240 1152 et
2283 1095 2544 1150 liberator
2584 1108 2738 1148 meus
2773 1099 2913 1154 esto,
2941 1087 3186 1150 Domine,
3217 1101 3287 1140 ne
3315 1083 3634 1138 tardaveris.
3665 1082 3779 1137 Sed

2187 1198 2244 1243 et
2267 1187 2449 1257 lingua
2475 1200 2594 1241 mea
2625 1182 2976 1239 meditabitur
2986 1178 3253 1249 justitiam
3281 1185 3448 1242 tuam,
3483 1178 3610 1232 dum
3647 1192 3784 1230 con-

2191 1278 2369 1334 l’usiet
2396 1277 2614 1332 reveriti
2661 1274 2879 1336 fuerint,
2910 1271 3003 1341 qui
3043 1276 3291 1340 quaerunt
3324 1268 3463 1323 mala
3502 1267 3651 1322 mihi.
3693 1267 3790 1337 Sit

2191 1385 2391 1426 nomen
2415 1368 2627 1424 Domini
2656 1365 3023 1428 benedictum,
3054 1377 3126 1418 ex
3155 1361 3258 1417 hoc
3283 1375 3424 1415 nunc
3442 1367 3498 1414 et
3526 1372 3697 1429 usque
3720 1360 3788 1429 in.

2193 1463 2468 1520 saeculum.
2497 1460 2723 1515 Domine
2769 1458 2912 1514 Deus
2964 1455 3250 1520 virtutum,
3286 1462 3542 1509 converte
3574 1467 3693 1517 nos,
3722 1461 3791 1520 et,

2194 1553 2417 1612 ostende
2444 1551 2638 1607 faciem
2664 1559 2835 1616 tuam,
2878 1556 2937 1606 et
2956 1547 3090 1604 salvi
3135 1545 3358 1602 erimus.
3387 1544 3649 1617 Exsurge,
3677 1542 3792 1598 Doa

2196 1643 2360 1708 mine,
2415 1641 2610 1712 adiuva
2659 1655 2778 1705 nos,
2827 1647 2885 1694 et
2939 1636 3110 1693 libera
3159 1649 3260 1690 nos
3308 1643 3530 1706 prepter
3586 1649 3787 1690 nomen

2201 1744 2370 1791 tuum.

2886 1819 3092 1875 Oratio.

2271 1965 2479 2022 Praesta
2506 1963 2661 2026 mihi,
2692 1960 2937 2024 Domine,
2964 1958 3266 2030 profectum
3312 1955 3585 2026 qurereudi
3615 1953 3793 2023 legem

2203 2070 2376 2121 tuam,
2410 2066 2468 2115 et
2495 2066 2845 2130 peccatorum
2886 2053 3126 2109 omnium
3164 2049 3563 2110 remissionem,
3613 2045 3796 2115 utqui

2204 2150 2476 2208 desiderio
2529 2162 2728 2219 magno
2780 2145 2848 2201 ad
2873 2145 3057 2199 lumen
3112 2142 3522 2213 Scripturarum
3578 2149 3799 2194 tuarum

2204 2242 2489 2314 pervenire
2534 2238 2715 2308 cupio,
2761 2235 2926 2292 nullis
2983 2242 3328 2305 peccatorum
3382 2229 3802 2303 caligatiouibus

2205 2333 2349 2392 oculi
2391 2333 2497 2388 mei
2544 2332 2926 2387 obscurentur.
2967 2327 3195 2383 Attrahe
3241 2341 3329 2382 me
3373 2325 3442 2381 ad
3495 2331 3549 2380 te
3598 2323 3806 2378 virtute

2211 2426 2620 2498 omnipotentiae
2652 2434 2776 2480 tum.
2820 2422 2939 2478 Non
2977 2437 3066 2477 me
3091 2419 3452 2490 derelinquas
3480 2419 3534 2473 in
3579 2417 3807 2489 propria

2210 2521 2489 2575 voluntate
2514 2518 2724 2589 vagari,
2752 2531 2915 2588 quem
2937 2515 3178 2585 pretioso
3210 2512 3470 2583 sanguine
3499 2509 3802 2566 redemisti.

2213 2611 2508 2682 Imaginem
2539 2617 2688 2663 tuam
2713 2607 2766 2661 in
2802 2620 2890 2662 me
2932 2621 3037 2660 non
3069 2604 3217 2659 sinas
3244 2601 3554 2667 obscurari;
3609 2615 3730 2670 qure
3755 2603 3809 2656 si

2215 2709 2269 2756 te
2293 2706 2587 2770 praestante
2614 2696 2956 2761 defendatur,
3013 2709 3230 2765 semper
3269 2692 3489 2765 egregia
3536 2699 3640 2746 est.
3686 2689 3810 2746 Non

2214 2793 2430 2850 diabolo
2448 2793 2612 2849 liceat
2630 2801 2722 2846 tua
2747 2792 2886 2847 dona
2906 2789 3243 2854 subvertere,
3270 2785 3398 2856 quia
3421 2793 3592 2840 totum
3614 2781 3812 2856 fragile

2216 2893 2318 2950 est,
2343 2883 2604 2954 quidquid
2635 2882 2731 2937 tibi
2761 2881 2954 2936 nititur
2990 2879 3230 2936 obviare.
3262 2875 3406 2933 Audi
3434 2891 3542 2940 me,
3568 2873 3657 2944 pie
3685 2885 3810 2932 rex,

2217 2980 2543 3035 clamantem
2589 2992 2688 3047 pro
2733 2975 2969 3045 peccatis
3018 2973 3170 3036 meis,
3222 2979 3280 3026 et
3324 2969 3478 3040 prius
3520 2967 3609 3022 illa
3661 2981 3693 3019 a
3719 2980 3815 3019 me

2219 3084 2459 3134 remove,
2507 3081 2677 3138 quam
2705 3082 2802 3136 pro
2823 3066 3026 3121 eisdem
3050 3064 3104 3116 in
3127 3071 3218 3116 tua
3257 3058 3661 3117 examinatione
3681 3070 3815 3110 eon-

2220 3163 2462 3218 dcmncr.
2513 3159 2652 3228 Quid
2681 3159 2812 3214 mihi
2859 3173 2978 3212 mea
3024 3155 3313 3210 insidiatur
3347 3150 3645 3222 iniquitas?
3671 3147 3818 3216 Quid

2150 3281 2197 3342 ρ
2225 3263 2413 3311 contra
2441 3267 2528 3308 me
2567 3253 2764 3308 delicta
2802 3265 2922 3307 mea
2944 3247 3242 3321 conﬂigunt
3271 3245 3636 3302 ?Creaturam
3663 3252 3815 3298 tuam

2224 3354 2470 3401 evertere
2511 3342 2754 3411 cupiunt,
2805 3356 2926 3411 quae
2973 3338 3122 3394 nulla
3182 3337 3500 3392 substantiae
3555 3333 3822 3388 ﬁrmitate

2226 3439 2548 3495 subsistunt.
2573 3435 2730 3490 Dicat
2755 3442 2902 3488 certe
2942 3431 3210 3496 diabolus,
3236 3445 3334 3484 cur
3359 3445 3446 3483 me
3475 3424 3818 3482 iusaturabili

2228 3529 2417 3585 dolore
2462 3525 2843 3597 prosequitur?
2891 3522 3144 3594 Nunquid
3190 3537 3288 3591 ego
3314 3521 3389 3575 illi
3425 3518 3574 3583 dedi,
3601 3526 3662 3572 ut
3697 3515 3818 3580 tibi,

2229 3621 2477 3685 Domine,
2505 3616 2771 3687 superbus
2810 3615 3090 3678 existeret,
3124 3621 3183 3668 et
3208 3613 3274 3667 dc
3299 3609 3634 3667 beatitudine
3657 3607 3827 3664 collo-

2231 3721 2351 3769 cata
2370 3712 2613 3775 caderet,
2645 3726 2768 3765 cum
2794 3717 2956 3766 tanta:
2981 3705 3202 3762 virtutis
3227 3704 3457 3774 insignia
3485 3699 3827 3772 possideret?

2234 3802 2474 3860 Sufficiat
2516 3802 2612 3870 illi,
2646 3803 2790 3872 quod
2816 3815 2904 3856 me
2933 3800 2989 3854 iu
3023 3797 3194 3852 Adam
3225 3794 3462 3867 perdidit
3493 3811 3506 3848 :
3545 3807 3713 3864 quare
3737 3805 3827 3846 me

2231 3897 2564 3968 quotidianis
2602 3894 3010 3965 deceptionibus
3060 3891 3258 3962 impius
3282 3889 3644 3946 calumniator
3683 3888 3822 3941 inse-

2234 3991 2448 4061 quitur;
2473 3996 2528 4045 et
2552 3989 2694 4044 sicut
2715 3988 2802 4043 ille
2822 4003 2853 4042 a
2879 3986 3050 4058 gratia
3081 3993 3174 4040 tua
3206 3998 3306 4053 per
3321 3983 3536 4052 culpam
3559 3995 3713 4035 suam
3735 3994 3827 4034 ce-

2236 4081 2389 4146 cidit,
2445 4095 2534 4136 me
2559 4094 2794 4151 quoque,
2825 4086 2886 4133 ut
2930 4077 3000 4132 ab
3038 4077 3229 4142 eadem
3275 4083 3512 4145 separet,
3554 4070 3830 4142 exquirit?

2237 4169 2484 4227 Concede
2527 4169 2682 4234 mihi,
2726 4167 2971 4230 Domine,
2997 4177 3190 4222 contra
3245 4165 3457 4219 hostem
3504 4160 3820 4217 crudelissi~

2239 4275 2415 4327 mum,
2457 4257 2608 4330 pium
2637 4267 2742 4312 tuae
2777 4254 3109 4313 defensionis
3149 4253 3441 4317 auxilium;
3485 4260 3547 4306 ut
3574 4251 3713 4305 sicut
3741 4249 3831 4302 ille

2241 4353 2592 4425 fragilitatem
2635 4366 2810 4407 meam
2859 4365 2966 4404 non
2995 4348 3196 4404 desinit
3242 4348 3578 4417 impugnare,
3619 4344 3695 4397 ita
3726 4341 3835 4396 tuis

2242 4454 2470 4520 regatur
2501 4446 2707 4501 viribus
2732 4442 2989 4500 confusus
3017 4443 3329 4498 abscedere.
3371 4438 3485 4494 Non
3516 4437 3829 4510 permittas,

2242 4537 2385 4593 bone
2409 4552 2524 4602 rex,
2552 4536 2607 4591 in
2633 4550 2720 4590 mc
2743 4533 3100 4590 saevissimum
3127 4533 3337 4587 hostem
3384 4545 3479 4586 sua
3517 4539 3646 4584 vota
3685 4543 3832 4583 com-

2171 4648 2222 4708 ο
2244 4627 2414 4697 plere,
2437 4626 2538 4698 qui
2561 4633 2615 4682 te
2639 4624 2877 4695 graviter
2899 4623 3064 4695 elegit
3086 4619 3380 4677 oll‘cndere.
3413 4618 3550 4686 Quid
3575 4631 3663 4671 me
3691 4616 3836 4670 sicut

2249 4718 2334 4774 leo
2357 4717 2578 4787 rugiens
2601 4715 2815 4777 circuit,
2845 4714 2974 4783 quid
3004 4728 3090 4767 me
3113 4712 3373 4767 devorare
3395 4707 3701 4764 contendit?
3731 4705 3832 4762 Se-

2251 4794 2358 4866 mel
2399 4809 2474 4865 illi
2514 4809 2570 4864 in
2609 4808 2936 4878 baptismate
2963 4819 3120 4860 sacro
3167 4803 3495 4867 renuntiavi,
3535 4798 3700 4857 semel
3732 4799 3833 4853 tibi

2251 4899 2481 4956 Domino
2507 4897 2735 4955 credere
2759 4895 3038 4968 professus
3059 4909 3200 4949 sum.
3229 4893 3417 4948 Talem
3458 4906 3546 4946 me
3572 4896 3834 4960 perpetua

2252 4990 2569 5046 defensione
2617 4986 2853 5044 concede
2905 4984 3134 5048 servari,
3185 4982 3399 5054 qualem
3429 4995 3516 5037 me
3567 4981 3683 5035 ﬁeri
3737 4993 3840 5050 per

2254 5099 2450 5155 aquam
2516 5079 2960 5152 regenerationis,
3009 5075 3238 5133 Creator
3297 5075 3578 5138 altissime,
3625 5071 3838 5142 praesti-

2252 5173 2383 5228 tisti.
2413 5173 2479 5228 Et
2504 5173 2630 5242 quia
2677 5179 2802 5225 tuus
2839 5183 2960 5224 esse
2993 5169 3158 5237 coepi,
3205 5165 3370 5222 alium
3419 5165 3696 5218 dominum
3741 5177 3836 5216 ne-

2253 5265 2456 5328 sciam;
2509 5270 2571 5318 ut
2621 5261 2749 5332 quia
2809 5271 2902 5315 tua
2948 5259 3121 5331 gloria
3174 5257 3485 5326 redemptus
3534 5269 3674 5332 sum,
3745 5259 3838 5306 tua

2253 5357 2504 5412 mandata
2535 5364 2587 5409 te
2634 5330 2869 5409 donante
2912 5330 3126 5406 faciam.
3171 5348 3324 5416 Quod
3353 5347 3399 5402 si
3435 5361 3523 5400 me
3556 5330 3838 5413 relinquis,

2252 5447 2435 5500 statim
2462 5444 2551 5500 ille
2579 5445 2963 5513 tergiversator
2997 5439 3220 5504 invadit,
3245 5438 3335 5507 qui
3367 5435 3670 5492 indefessus
3697 5432 3835 5503 HL,

2258 5533 2581 5606 indefeclus]
2613 5543 2775 5602 atque
2825 5531 3110 5600 impudens
3164 5542 3380 5597 semper
3428 5525 3655 5588 assistit,
3687 5522 3839 5576 lucra

2258 5641 2353 5680 sua
2382 5631 2698 5694 computans
2727 5623 2989 5678 humanas
3015 5621 3218 5675 ruinas.
3261 5617 3363 5684 Qui
3404 5616 3526 5670 ideo
3564 5611 3839 5667 blanditur

2258 5723 2318 5769 ut
2368 5714 2476 5785 32
2503 5712 2755 5783 decipiat,
2807 5712 2927 5767 ideo
2979 5709 3200 5781 instigat
3219 5716 3279 5762 ut
3308 5706 3559 5777 perimat.
3603 5703 3836 5758 Maxime

2261 5819 2359 5875 per
2402 5817 2595 5874 corpus
2643 5812 2887 5857 nostrum
2919 5801 3128 5856 animas
3153 5807 3366 5854 nostras
3407 5791 3626 5865 decipit,
3682 5801 3736 5848 et
3759 5791 3836 5846 ita

2264 5909 2360 5965 per
2406 5893 2671 5950 desideria
2731 5894 2964 5948 humana
3020 5889 3350 5946 diffunditur.
3400 5895 3459 5941 ut
3503 5883 3648 5941 nulla
3699 5893 3835 5954 pene
