4122 6624
354 465 451 523 Α81

1269 461 1657 521 LITUBGICA.
1694 492 1765 503 —-
1804 459 1891 515 DE
1928 456 2176 513 PSALM.
2217 455 2373 514 USU.
2412 486 2486 500 -ι
2520 456 2700 515 PARS
2726 458 2765 515 l.

3521 461 3615 515 i8?

352 578 712 649 providentia,
754 579 899 634 nullo
928 594 1149 650 prorsus
1175 579 1401 633 consilio
1445 578 1764 633 sentiantur.
1792 574 1934 630 Lon-
1961 578 2009 637 Α
2035 571 2121 625 die
2166 574 2520 630 tribulationis
2563 587 2691 641 tum,
2740 576 2959 646 eripiam
3005 585 3054 631 te
3102 575 3273 651 (Psal.
3313 581 3428 651 cit.)
3468 601 3478 634 :
3520 598 3616 651 pro

352 684 476 737 gum
528 682 612 727 est
653 687 752 741 per
803 679 1001 725 cuncta
1053 671 1408 725 discurrere:
1445 670 1533 723 tali
1582 669 1704 738 quis
1749 673 1932 738 posset

351 761 635 825 obsistere,
667 761 769 815 nisi
796 769 875 826 tu,
906 761 1149 824 Domine,
1173 759 1478 816 decreveris
1503 758 1766 814 obviare?
1793 757 1933 825 Quid

351 854 497 907 enim
542 853 673 906 mihi
705 867 810 907 non
837 859 1015 923 potest
1044 851 1241 916 facere,
1262 852 1355 921 qui
1384 860 1438 906 te
1474 851 1529 904 in
1556 865 1680 906 meo
1703 863 1935 919 corpore

352 958 516 997 ausus
564 942 665 997 fuit
729 957 825 1013 per
883 942 1107 999 subdola
1184 942 1616 997 machinamenta
1688 941 1935 996 tentare?

354 1033 558 1088 Exaudi
592 1048 698 1097 me,
724 1048 758 1087 ο
785 1042 969 1088 custos
989 1033 1293 1099 hominum;
1324 1039 1380 1086 et
1405 1047 1490 1087 me
1542 1018 1728 1087 abillo
1757 1032 1933 1087 indul-

353 1125 535 1195 gentia
567 1134 657 1178 tua
697 1125 888 1189 libera,
912 1125 1005 1193 qui
1044 1140 1131 1180 me
1160 1125 1375 1179 trahere
1400 1124 1591 1179 nititur
1615 1126 1683 1180 ad
1731 1125 1934 1196 gehen-

353 1230 499 1269 nam.
529 1214 663 1269 Cum
695 1212 785 1268 illo
820 1223 1030 1285 partem
1070 1229 1176 1268 non
1206 1214 1455 1277 habeam,
1489 1222 1549 1267 ut
1593 1223 1792 1278 tecum,
1824 1213 1932 1267 Do—

354 1308 516 1372 mine,
546 1305 749 1377 possim
802 1307 1023 1361 habere.
1077 1306 1305 1362 Vindica
1360 1304 1621 1360 fabricam
1664 1314 1813 1360 tuam
1866 1306 1934 1362 ab

354 1398 467 1463 illo,
505 1398 597 1468 qni
647 1398 895 1453 destruit.
958 1396 1210 1452 Damnari
1259 1397 1398 1451 alios
1447 1413 1555 1452 non
1616 1397 1794 1462 faciat,
1839 1398 1934 1467 qui

353 1489 590 1557 seipsum
613 1486 887 1542 damnavit
927 1504 940 1539 :
976 1486 1069 1543 sed
1096 1487 1277 1557 potius
1305 1486 1395 1542 ille
1435 1503 1559 1542 cum
1591 1489 1702 1542 suis
1726 1496 1933 1558 pereat,

354 1579 445 1648 qui
492 1578 717 1647 perdere
770 1586 963 1633 cuncta
1024 1576 1262 1633 festinat.
1316 1577 1398 1633 Me
1425 1593 1557 1633 vero
1591 1578 1937 1649 omnipotens

354 1668 546 1732 libera,
583 1677 642 1722 et
679 1667 830 1737 eripe
859 1668 929 1721 ab
958 1666 1113 1722 hoste
1143 1666 1355 1738 generis
1386 1668 1629 1732 humani,
1656 1674 1712 1721 et
1738 1669 1939 1737 perduc

352 1775 443 1814 me
477 1759 547 1814 ad
572 1760 762 1830 gaudia
786 1771 1008 1824 aeterna,
1052 1762 1142 1816 ubi
1188 1761 1306 1815 sine
1357 1759 1463 1817 fine
1493 1759 1664 1817 [uitari
1700 1776 1933 1819 merear.

348 1848 552 1906 Amen.

1054 1944 1221 2005 VIII.

353 2040 436 2100 In
485 2038 1004 2123 tribulationibus
1038 2043 1271 2115 variis,
1309 2061 1444 2123 qua:
1481 2044 1555 2105 ab
1587 2044 1943 2108 hominibus

955 2122 1341 2201 inferuntur.

430 2242 624 2298 Invoco
647 2259 750 2309 me,
777 2243 857 2298 ait
878 2242 1139 2299 Dominus
1162 2257 1261 2313 per
1282 2243 1629 2314 Prophetam,
1656 2246 1715 2300 in
1739 2245 1824 2301 die
1852 2247 1946 2300 tri—

358 2333 643 2389 bulationis
692 2350 824 2390 mea:
876 2335 1052 2407 [Leg.,
1116 2335 1245 2409 tum]
1299 2346 1349 2390 et
1411 2339 1635 2409 eripiam
1676 2349 1726 2393 te
1767 2337 1942 2411 (Psal.

357 2443 507 2494 χιιι,
550 2427 661 2499 i5).
688 2426 909 2484 Dulcior
930 2427 1072 2484 lacte
1101 2437 1158 2483 et
1190 2428 1348 2483 melle
1368 2430 1451 2483 ori
1479 2441 1665 2485 nostro
1690 2431 1806 2486 hmc
1835 2431 1947 2487 Do-

358 2521 490 2574 mini
513 2519 818 2592 promissio.
856 2519 992 2576 Cum
1029 2535 1161 2591 ergo
1210 2521 1586 2577 tribulationcs
1613 2538 1644 2577 a
1670 2522 1818 2579 falsis
1837 2525 1946 2578 fra-

359 2611 533 2666 tribus
558 2609 813 2680 patimur,
845 2611 1157 2666 invocemus
1183 2626 1325 2678 eum,
1371 2613 1465 2683 qui
1495 2628 1596 2669 nos
1639 2623 1700 2670 ut
1729 2615 1947 2671 invoce-

360 2714 481 2756 mus
521 2700 791 2761 hortatur.
818 2699 1037 2756 Certum
1061 2706 1149 2757 est
1170 2702 1314 2757 enim
1344 2704 1473 2774 quia
1502 2703 1619 2760 vult
1661 2704 1943 2773 exaudire,

358 2795 453 2866 qui
486 2796 600 2851 vult
628 2795 889 2853 invocari.
920 2796 977 2851 In
1026 2796 1111 2853 his
1136 2814 1267 2871 ergo
1294 2801 1474 2870 quinis
1522 2816 1777 2874 congruis
1800 2802 1947 2875 psal-

360 2887 465 2944 mis
517 2888 816 2945 clamemus
853 2892 923 2946 ad
962 2890 1252 2947 Dominum
1300 2909 1331 2947 a
1381 2891 1520 2950 facie
1569 2895 1882 2953 tribulantis
1927 2916 1940 2951 :

363 2979 583 3036 Saluum
608 2998 689 3037 me
708 2981 814 3051 fac,
836 2982 1081 3048 Domine,
1105 2984 1357 3056 quoniam
1368 2986 1557 3055 defecit
1579 2997 1826 3054 sanctus;
1848 2989 1948 3045 Ju-

358 3070 505 3138 dica,
535 3069 783 3138 Domine,
803 3081 1042 3128 nocentes
1067 3090 1185 3139 me;
1206 3072 1444 3142 Exaudi,
1467 3074 1629 3141 Deus,
1657 3080 1945 3135 orationem

361 3178 555 3228 meum,
584 3172 633 3217 et
670 3179 735 3218 ne
773 3163 1067 3236 despexeris
1104 3158 1521 3236 deprecationem
1550 3184 1758 3233 meam;
1788 3166 1947 3241 Eripe
2017 3165 2019 3167 ’

363 3251 519 3306 mede
530 3251 754 3308 inimicis
775 3256 927 3322 meis,
950 3253 1089 3309 Deus
1107 3272 1284 3322 meus;
1312 3256 1529 3312 Salvum
1552 3276 1631 3313 me
1652 3260 1759 3329 fac,
1782 3261 1944 3328 Deus,

362 3345 610 3415 quoniam
641 3346 964 3403 intraverunt
994 3365 1143 3419 aqum
1186 3367 1348 3421 usque
1375 3351 1444 3403 ad
1472 3353 1705 3407 animam
1732 3370 1900 3409 meam
1927 3370 1945 3408 :

364 3448 556 3510 usque,
602 3437 868 3493 Dederunt
899 3440 953 3494 in
1001 3457 1119 3495 esca
1159 3458 1276 3496 mea
1311 3441 1400 3510 fel.
1430 3441 1638 3498 Cmtera
1675 3460 1805 3500 vero
1828 3462 1949 3517 qum

364 3538 688 3602 sequuntur,
717 3531 842 3600 quia
863 3531 1217 3601 spiritualiter
1240 3531 1439 3586 Christi
1466 3532 1843 3589 interfectores
1872 3536 1950 3591 fe-

366 3620 537 3685 riunt,
575 3620 829 3675 nolumus
872 3631 1062 3677 contra
1111 3622 1450 3678 Christianos
1506 3633 1617 3678 tam
1645 3626 1950 3695 perniciosa

367 3711 652 3769 maledicta
678 3713 897 3784 jactari.

658 3824 852 3882 Versus
889 3839 947 3882 ut
986 3843 1166 3893 supra.
1209 3826 1455 3901 Sequitur
1481 3834 1669 3888 oratio.

434 3939 652 3996 Christe
708 3939 810 3995 Fili
858 3940 953 3996 Dei
996 3942 1124 4007 vivi,
1156 3942 1329 3999 virtus
1378 3952 1435 3999 et
1489 3959 1597 3999 una
1659 3944 1952 4003 indiscreta

369 4030 648 4102 maiestas,
682 4032 946 4088 orationis
974 4047 1106 4088 mea:
1129 4040 1242 4087 tota
1266 4035 1604 4102 substantia;
1632 4036 1826 4092 invoco
1854 4053 1953 4094 no-

368 4136 494 4179 men
526 4131 677 4178 tuum
732 4133 979 4179 sanctum
1012 4144 1025 4177 :
1052 4124 1247 4179 exaudi
1289 4141 1376 4180 me
1404 4142 1528 4181 cum
1558 4129 1719 4184 corde
1747 4129 1954 4186 luctan-

370 4222 500 4282 tem,
519 4223 577 4271 et
594 4223 974 4283 agnoscentem
1000 4225 1222 4286 peccata
1248 4214 1569 4283 facinorum,
1594 4228 1649 4273 et
1670 4220 1956 4291 cogitatio-

370 4324 501 4364 num
529 4307 759 4363 crimina
807 4308 1177 4364 confitentem.
1224 4309 1454 4381 Frange,
1511 4309 1757 4379 Domine,
1808 4323 1957 4371 artes

370 4401 595 4468 diaboli,
649 4401 1033 4472 ohrepentibus
1081 4401 1200 4456 aliis
1247 4401 1389 4455 aliud
1441 4403 1796 4473 suggerendo.
1835 4404 1955 4477 ipsa

370 4494 516 4549 enim
554 4492 857 4548 orationem
884 4493 937 4547 in
984 4492 1364 4547 alienationem
1395 4494 1652 4563 captivat.
1704 4494 1953 4566 Respice,

374 4585 623 4651 Domine,
672 4585 940 4655 lacrymas
1006 4600 1194 4649 meas;
1251 4592 1307 4639 et
1361 4599 1486 4638 cum
1545 4583 1797 4657 lacrymte
1848 4601 1956 4642 non

374 4685 521 4742 sunt,
544 4675 871 4746 indulgentia
896 4683 1001 4730 tuae
1027 4674 1246 4745 pietatis
1276 4672 1519 4729 infunde.
1550 4675 1774 4732 Custodi
1797 4676 1851 4731 in
1871 4692 1925 4731 m

375 4766 776 4823 immaculatam
806 4766 988 4830 ﬁdem,
1018 4781 1211 4836 meque
1233 4778 1355 4820 cum
1382 4764 1646 4835 proximis
1669 4769 1803 4823 meis
1821 4783 1963 4824 sem-

375 4872 474 4929 per
500 4859 556 4913 in
582 4873 716 4929 pace
752 4857 1074 4922 reconcilia;
1120 4857 1329 4912 fructus
1357 4865 1495 4922 tuos,
1542 4859 1697 4928 panis
1737 4875 1803 4915 ac
1827 4860 1959 4928 vini,

378 4950 598 5021 propria
644 4948 896 5019 largitate
939 4949 1223 5004 distribue.
1275 4947 1394 5003 Tibi
1442 4949 1641 5004 iuclino
1668 4945 1960 5020 cervicem,

382 5042 478 5098 tibi
502 5058 675 5115 genua
715 5040 891 5098 ﬂecto.
928 5041 1005 5098 Te
1035 5042 1318 5096 Dominum
1349 5057 1548 5108 meum,
1575 5059 1698 5099 cum
1725 5044 1801 5101 sis
1826 5062 1965 5102 unus

380 5134 516 5208 [Αι.,
558 5135 773 5208 vivus];
825 5136 880 5190 in
909 5144 1094 5192 sancta
1126 5134 1392 5191 Trinitate
1419 5137 1704 5192 conﬁteor.
1735 5138 1966 5211 Frange,

381 5226 628 5292 Domine,
676 5235 862 5284 contra
910 5243 999 5283 me
1039 5228 1281 5283 omnium
1310 5237 1655 5297 potestatem,
1700 5246 1833 5286 eruc
1882 5250 1971 5289 me

380 5318 683 5391 iacentem;
712 5329 770 5376 et
785 5335 849 5375 ea
871 5336 993 5392 qua:
1016 5320 1236 5392 explere
1261 5337 1367 5375 non
1390 5335 1631 5391 possum,
1675 5324 1834 5393 quasi
1860 5326 1972 5381 sint

384 5412 680 5483 postulata,
708 5413 960 5467 concede.
992 5410 1187 5466 Amen.

1118 5527 1233 5588 1X.

388 5623 708 5709 Optimum
727 5628 1098 5709 recitatione
1125 5628 1395 5707 quinque
1418 5629 1807 5709 psalmorum
1830 5638 1977 5709 post

471 5703 941 5769 tribulationem
987 5705 1060 5767 de
1109 5703 1439 5786 percepto—
1466 5708 1698 5787 gaudio
1737 5703 1979 5788 gratias

474 5803 673 5864 agere.

462 5902 633 5976 igitur
684 5917 808 5961 cum
856 5903 981 5975 pius
1006 5902 1268 5960 Dominus
1294 5903 1541 5971 dixisset,
1577 5904 1769 5962 Invoco
1798 5922 1880 5961 me
1906 5905 1979 5979 in

2035 661 2148 730 ipsa
2198 664 2479 734 ereptione
2532 680 2780 735 quaerens
2832 682 2863 720 a
2920 668 3077 724 nobis
3125 669 3301 726 laudis
3352 673 3613 732 debiunn.

2032 750 2309 819 subiunxit
2348 753 2533 808 statim
2581 772 2593 805 :
2641 765 2690 809 et
2737 755 3110 825 honoriﬁcabis
3138 775 3236 812 me.
3270 760 3407 815 llinc
3449 761 3617 815 Datitl

2032 840 2108 894 ait
2132 856 2145 895 :
2183 839 2249 896 In
2266 858 2349 895 me
2376 852 2522 910 sunt,
2553 842 2716 910 Deus,
2742 855 2884 911 vota,
2911 862 3028 918 qua:
3051 848 3269 903 reddam
3290 848 3617 904 laudationis

2034 930 2146 985 tibi.
2212 931 2477 997 Quoniam
2542 936 2781 1005 eripuisti
2833 938 3064 992 animam
3114 956 3283 994 meum
3335 942 3399 995 de
3457 953 3619 996 morte

2034 1018 2209 1083 (Psal.
2240 1038 2329 1087 LV,
2378 1023 2487 1093 12).
2543 1023 2681 1079 ilinc
2709 1027 2903 1080 iterum
2942 1027 3070 1083 dicit
3116 1047 3129 1082 :
3177 1029 3317 1095 Quia
3364 1032 3535 1099 factus
3564 1049 3618 1085 es

2034 1109 2248 1179 adjutor
2270 1126 2416 1165 meus
2446 1120 2495 1164 et
2517 1112 2781 1182 refugium
2807 1132 3015 1180 meum;
3054 1118 3109 1170 in
3148 1118 3232 1171 die
3261 1119 3617 1175 tribulationis

2033 1215 2163 1253 mea:
2188 1210 2456 1269 susceptor
2505 1217 2651 1256 meus
2690 1202 2785 1255 tibi
2826 1203 3051 1271 psallam
3097 1204 3269 1279 (I’sal.
3302 1224 3457 1275 Lvm,
3505 1210 3615 1282 18).

2108 1290 2248 1360 Ergo
2268 1307 2391 1346 cum
2411 1291 2463 1346 in
2494 1295 2886 1351 tentationibus
2904 1297 3092 1363 variis,
3116 1298 3199 1354 vel
3227 1299 3484 1356 falsorum
3512 1301 3616 1357 fra-

2039 1391 2198 1446 trum,
2237 1383 2323 1438 vel
2367 1384 2705 1440 saevientium
2734 1387 3036 1443 datmonum
3063 1390 3453 1448 inciderimus:
3487 1409 3618 1450 con—

2039 1482 2121 1529 tra
2152 1475 2252 1531 hos
2280 1486 2335 1530 et
2356 1475 2478 1532 illos
2504 1478 2671 1533 divini
2697 1480 2844 1535 verbi
2864 1480 3045 1551 iacula
3073 1484 3466 1555 intorquentes,
3491 1504 3616 1543 cum

2039 1565 2160 1623 illos
2199 1566 2486 1636 defecisse,
2518 1578 2575 1626 ct
2610 1588 2711 1626 nos
2749 1574 3086 1632 convaluisse
3121 1578 3437 1645 viderimus,
3491 1596 3618 1636 mox

2038 1672 2230 1728 puram
2269 1659 2450 1716 cordis
2497 1663 2667 1718 nostri
2703 1663 3074 1732 intentionem,
3109 1668 3400 1740 oculosque
3427 1681 3483 1725 ct
3511 1688 3625 1726 nta-

2041 1762 2142 1802 nus
2170 1748 2237 1804 ad
2277 1749 2475 1806 omlum
2500 1751 2765 1819 levantes,
2794 1757 2849 1809 in
2878 1771 3008 1812 voce
3052 1758 3227 1814 laudis
3250 1770 3305 1816 et
3330 1763 3626 1818 confessio-

2043 1839 2129 1894 nis
2152 1840 2536 1897 benodicamus
2570 1844 2668 1909 illi,
2694 1846 2785 1915 qui
2828 1848 2977 1902 misit
2999 1850 3065 1905 de
3092 1851 3253 1918 coelo,
3295 1861 3351 1907 ct
3379 1853 3629 1909 liberavit

1974 1942 2021 2004 Β
2047 1946 2165 1997 nos,
2187 1941 2243 1986 et
2270 1932 2419 1988 dedit
2445 1935 2496 1988 in
2524 1937 2877 2005 opprobrium
2911 1941 3292 1998 conculcantcs
3317 1960 3433 1998 nos.
3468 1944 3627 2000 Dica-

2047 2036 2169 2078 mus
2206 2022 2284 2077 illi
2331 2025 2683 2081 concordanti
2731 2029 2894 2083 corde
2924 2048 2936 2083 :
2971 2030 3233 2087 Exaltabo
3272 2044 3345 2099 te,
3385 2035 3625 2100 Domine,

2045 2114 2294 2184 quoniam
2309 2118 2581 2188 suscepisti
2605 2135 2709 2183 me;
2733 2135 2824 2173 nec
2843 2119 3111 2177 delectasti
3126 2124 3364 2180 inimicos
3384 2144 3526 2182 meos
3540 2146 3631 2183 su-

2046 2219 2142 2274 per
2157 2220 2258 2259 me.
2274 2204 2344 2260 Et
2364 2209 2716 2279 consequenti
2738 2212 3125 2269 conscientiam
3141 2214 3308 2286 (locus
3330 2222 3630 2289 corruptus)

2047 2294 2165 2363 eius
2190 2310 2364 2367 usque
2387 2298 2441 2352 in
2474 2298 2637 2354 finem
2661 2302 3039 2359 continuemus
3065 2306 3115 2361 ei
3141 2322 3154 2358 :
3178 2306 3493 2364 Benedicarn
3519 2309 3629 2363 Do-

2048 2387 2191 2441 mino
2218 2388 2273 2441 in
2294 2388 2436 2442 omni
2459 2399 2717 2461 tempore;
2741 2390 2977 2449 Jubilate
2994 2395 3102 2468 33
3125 2397 3232 2452 Deo
3254 2401 3423 2454 omnis
3445 2411 3586 2456 terra
3611 2416 3629 2454 :

2051 2478 2323 2535 Psalmum
2352 2483 2511 2538 dicite
2532 2486 2733 2540 nomini
2754 2486 2902 2557 ejus;
2928 2487 3048 2543 Nisi
3078 2491 3217 2561 quod
3241 2491 3498 2549 Dominus
3516 2507 3632 2549 erat

2048 2572 2103 2627 in
2134 2575 2305 2641 nobis,
2343 2576 2486 2630 dicat
2510 2594 2650 2632 nunc
2674 2577 2881 2643 Israel;
2909 2578 3210 2651 Conﬁtebor
3242 2584 3358 2651 tibi,
3383 2585 3631 2651 Domine.

2047 2662 2105 2717 in
2147 2672 2254 2718 toto
2295 2666 2452 2720 corde
2502 2683 2650 2733 meo;
2680 2670 2928 2740 quoniam
2963 2672 3229 2727 exaudiin
3263 2676 3442 2729 omnia
3479 2677 3634 2733 verba

2050 2755 2156 2807 oris
2206 2756 2327 2809 mei.
2365 2755 2661 2813 Considera
2697 2769 2899 2827 tamen,
2931 2762 3025 2831 qui
3063 2762 3215 2836 legis,
3245 2773 3302 2819 et
3344 2770 3631 2841 perapicue

2050 2843 2258 2900 videbis
2287 2846 2341 2901 in
2370 2847 2517 2903 nullo
2559 2850 2911 2919 psalmorum,
2952 2867 3116 2923 quam
3157 2853 3211 2909 in
3238 2853 3324 2911 his
3370 2856 3629 2928 quinque,

2052 2936 2248 2992 melius
2294 2947 2419 3010 post
2490 2941 2894 2998 tribulationem
2972 2945 3039 2999 de
3093 2955 3352 3017 percepto
3416 2948 3630 3019 gaudio,

2054 3030 2300 3099 aptiusve
2327 3047 2485 3103 posse
2510 3034 2715 3105 gratias
2745 3035 2973 3092 Domino
3002 3042 3364 3109 compensari.

2296 3139 2423 3197 Post
2456 3141 2787 3198 Dominicam
2823 3144 3128 3202 Orationem
3163 3165 3337 3204 uersus
3369 3190 3381 3207 .

2123 3252 2257 3309 Cum
2296 3255 2604 3312 invocarem
2660 3268 2732 3325 te,
2782 3260 3053 3316 exaudisti
3098 3275 3185 3318 me
3228 3262 3373 3320 Deus
3408 3266 3636 3335 iustitiae

2053 3361 2208 3413 mem,
2250 3348 2305 3401 in
2330 3348 2677 3405 tribulatione
2703 3350 2941 3407 dilatasti
2981 3351 3134 3408 mihi.
3173 3352 3484 3410 Confltebor
3516 3357 3635 3419 tibi,

2053 3440 2302 3507 Domine,
2335 3442 2390 3496 iu
2422 3450 2537 3497 toto
2561 3443 2724 3498 corde
2747 3459 2891 3511 meo,
2914 3446 3146 3501 narrabo
3168 3446 3351 3501 omnia
3375 3447 3640 3503 mirabilia

2053 3545 2164 3593 tua.
2196 3536 2446 3595 Laetabor
2479 3547 2536 3595 et
2564 3539 2849 3597 exsultabo
2890 3541 2945 3595 in
2993 3549 3063 3605 te,
3096 3550 3151 3597 et
3180 3541 3405 3611 psallam
3436 3545 3643 3598 nomini

2051 3636 2168 3694 tuo,
2195 3628 2492 3685 Altissime.
2523 3630 2825 3685 Exsultavit
2855 3646 2950 3689 cor
2972 3648 3150 3688 meum
3172 3633 3227 3688 in
3260 3633 3481 3689 salutari
3507 3644 3598 3689 tuo
3624 3650 3639 3687 ε

2051 3710 2284 3775 cantabo
2326 3721 2577 3787 Domino,
2604 3724 2697 3791 qui
2728 3723 2869 3777 bona
2906 3722 3094 3779 tribuit
3141 3724 3307 3791 mihi,
3336 3734 3390 3780 et
3419 3726 3645 3796 psallam

2054 3810 2257 3865 nomini
2271 3809 2777 3866 DominiAltissimi.
2799 3812 3038 3869 Narrabo
3059 3830 3255 3870 nomen
3282 3824 3433 3871 tuum
3459 3816 3645 3871 fratri-

2053 3902 2156 3957 bus
2198 3902 2353 3967 meis,
2404 3904 2460 3958 in
2499 3903 2678 3959 medio
2707 3904 2964 3960 Ecclesia:
3006 3906 3234 3962 laudabo
3265 3916 3335 3963 te.
3376 3908 3641 3975 Quoniam

2052 3993 2340 4063 reapexisti
2389 3993 2749 4049 humilitatem
2796 4011 2977 4051 meam
3005 4036 3019 4061 ,
3066 3998 3297 4053 servasti
3339 3999 3408 4054 de
3456 4014 3643 4054 neces-

2054 4084 2309 4139 sitatibus
2363 4087 2600 4156 animam
2663 4101 2875 4152 meam;
2924 4102 3027 4143 nec
3080 4088 3392 4145 conclusisti
3440 4106 3526 4148 me
3588 4094 3640 4145 in

2053 4192 2249 4233 manus
2303 4178 2527 4233 inimici.
2588 4178 2903 4235 Coulitebor
2942 4182 3076 4247 tibi,
3139 4181 3384 4251 Domine,
3424 4186 3479 4241 in
3536 4201 3640 4242 sm-

2054 4269 2198 4336 cula,
2253 4271 2383 4342 quia
2432 4269 2655 4327 fecisti:
2701 4280 2758 4328 et
2814 4276 3144 4345 exspectabo
3189 4290 3386 4331 nomen
3443 4287 3639 4346 tuum,

2057 4365 2314 4434 quoniam
2383 4365 2586 4421 bonum
2660 4375 2747 4421 est
2824 4374 2953 4423 ante
3015 4377 3366 4440 conspectum
3428 4381 3644 4427 sancto-

2058 4470 2177 4509 rum
2221 4464 2457 4510 tuorum.
2502 4455 2795 4511 Protexisti
2843 4473 2928 4512 me
2971 4472 3002 4513 a
3048 4468 3313 4516 conventu
3344 4462 3640 4534 malignan-

2056 4550 2215 4615 tium,
2270 4558 2325 4605 et
2384 4564 2415 4604 a
2474 4550 2819 4607 multitudine
2878 4554 3220 4623 operantium
3281 4555 3640 4626 iniquitatem.

1928 4638 2353 4734 gDProptcrca
2404 4640 2704 4734 coutitebor
2746 4641 2843 4697 tibi
2900 4643 2958 4734 in
3008 4644 3251 4713 populis,
3290 4643 3544 4709 Domine,
3594 4657 3650 4701 et

2064 4732 2267 4787 nomini
2292 4740 2387 4789 tuo
2415 4732 2684 4804 psalmum
2708 4734 2908 4789 dicam.
2937 4733 3080 4790 Deus
3106 4735 3161 4789 in
3192 4746 3378 4791 sancto
3407 4737 3492 4791 via
3536 4746 3643 4797 tua,

2063 4825 2186 4895 quis
2212 4825 2354 4882 Deus
2393 4839 2620 4895 magnus
2666 4826 2808 4882 sicut
2843 4826 2987 4881 Deus
3029 4828 3252 4881 noster?
3295 4826 3373 4881 Tu
3398 4843 3457 4883 es
3490 4829 3647 4892 Deus,

2064 4920 2154 4989 qui
2186 4919 2321 4975 facis
2360 4920 2633 4976 mirabilia
2662 4920 2828 4977 solus.
2878 4920 2991 4991 Ego
3027 4929 3209 4976 autem
3240 4937 3456 4992 semper
3497 4923 3553 4976 in
3595 4933 3649 4978 te

2068 5012 2303 5081 Speravi,
2346 5011 2594 5077 Domine,
2637 5021 2693 5066 et
2749 5010 3002 5081 adjiciam
3062 5027 3226 5083 super
3277 5029 3491 5068 omnem
3537 5015 3652 5070 lau-

2065 5101 2189 5155 dem
2229 5107 2396 5155 tuam.
2457 5101 2585 5155 Mihi
2624 5110 2807 5157 autem
2847 5102 3125 5156 adlimrere
3180 5101 3407 5157 Domino
3455 5104 3651 5159 bonum

2066 5199 2171 5256 est,
2203 5206 2407 5261 ponere
2430 5191 2485 5245 in
2511 5191 2740 5245 Domino
2770 5190 2882 5247 Deo
2915 5206 3067 5261 spem
3106 5208 3303 5247 meam.
3336 5193 3442 5248 Per
3464 5195 3654 5266 singu-

2067 5281 2148 5338 los
2182 5283 2298 5338 dies
2326 5283 2642 5339 benedicam
2674 5292 2745 5350 te,
2795 5291 2852 5341 et
2880 5283 3113 5341 laudabo
3154 5302 3351 5342 nomen
3400 5297 3552 5343 tuum
3597 5296 3653 5344 in

2068 5384 2354 5441 mternum,
2403 5382 2459 5429 et
2497 5374 2551 5430 in
2580 5374 2838 5431 sarculum
2886 5376 3089 5431 saeculi.
3123 5375 3389 5444 Quoniam
3435 5388 3514 5445 tu,
3545 5379 3653 5435 Do-

2072 5467 2235 5532 mine,
2268 5466 2525 5537 adiuvisti
2553 5483 2670 5535 me,
2697 5476 2752 5521 et
2781 5469 3092 5523 consolatus
3120 5485 3181 5524 es
3208 5484 3313 5524 me.
3348 5470 3431 5525 Sit
3458 5488 3655 5528 nomen

2077 5557 2290 5613 Domini
2332 5560 2698 5625 benedictum,
2740 5575 2806 5615 ex
2838 5562 2939 5617 hoc
2966 5578 3107 5618 nunc
3133 5571 3189 5617 et
3210 5581 3379 5635 usque
3406 5566 3458 5620 in
3490 5581 3660 5621 sarcu-

2079 5647 2209 5703 lum.

2761 5720 2966 5777 Oratio.

2154 5812 2503 5873 Benedictum
2551 5830 2747 5871 nomen
2792 5825 2962 5883 tuum,
3005 5816 3231 5873 Domine
3260 5817 3404 5872 Deus
3442 5826 3658 5887 patrum

2081 5912 2422 5961 nostrorum:
2452 5906 2542 5976 qui
2574 5923 2697 5963 cum
2722 5908 2893 5963 iratus
2929 5907 3096 5966 fueris
3126 5909 3553 5975 misericordiam
3580 5910 3660 5967 εὼς
