4122 6576
495 419 604 475 ὅθεν
1370 407 1430 460 Β.
1468 403 1532 459 F.
1575 398 1800 456 ALBlNl
1839 394 1970 450 SEU
2004 393 2103 447 AL'

2198 390 2289 445 lNl
2327 385 2614 445 OPERUM
2648 383 2829 440 PARS
2864 380 2932 437 IV
3669 376 3784 433 £86

495 536 596 596 eis.
624 542 679 589 et
705 533 758 589 in
786 541 1027 601 tempore
1052 525 1423 582 tribulationis
1451 529 1678 592 peccata
1706 514 1939 571 dimittis
1977 511 2084 572 his.
2117 516 2164 572 Α
2195 522 2393 562 meam.
2421 506 2605 576 Dirige
2646 521 2733 560 me
2775 505 2830 559 in
2849 503 3088 559 veritate
3121 511 3240 587 tua,
3264 509 3319 555 et
3337 499 3468 554 doce
3491 514 3575 554 me
3610 515 3623 551 :
3648 499 3787 568 quia

497 592 593 696 qui
640 592 1116 680 invocantmomen
1162 627 1335 672 tuum.
1373 615 1456 668 Ad
1499 620 1573 678 te,
1617 609 1863 670 Domine,
1892 605 2088 660 faciem
2191 608 2248 652 ttt
2271 615 2333 653 es
2351 598 2495 652 Deus
2517 596 2774 650 salutaris
2799 609 2970 657 meus,
2993 602 3048 650 et
3069 603 3121 648 te
3149 593 3380 647 sustinui
3404 602 3519 647 tota
3546 593 3652 647 die.
3679 592 3790 645 De-

501 685 676 772 meam
722 720 1008 775 converto,
1042 710 1139 764 tibi
1165 709 1348 762 omnia
1392 712 1618 774 peccata
1646 715 1766 754 mea
1802 699 2086 753 conﬁteor.
2191 692 2296 746 duc
2333 706 2438 755 me,
2479 689 2704 744 Domine
2757 689 2812 743 in
2851 689 2937 741 via
2977 695 3101 750 tua;
3139 694 3196 740 et
3235 685 3524 740 ambulabo
3549 686 3601 739 in
3637 685 3790 738 veri-

500 810 580 862 'l‘u
607 807 747 862 nosti
777 805 981 870 omnia,
1028 811 1322 872 antequam
1357 799 1506 852 ﬁant.
1547 796 1625 849 Tu
1657 796 1785 857 scis,
1823 795 1948 861 quia
1971 797 2093 860 post
2193 791 2306 836 tate
2339 793 2451 836 tua.
2479 782 2680 836 Averte
2701 781 2888 834 oculos
2903 795 3073 842 meos,
3103 794 3171 832 ne
3198 778 3415 833 videant
3439 777 3737 832 vanitate'n
3769 817 3784 829 .

503 903 830 971 baptismum
857 867 1127 967 praecepta
1159 867 1248 948 tua
1274 889 1596 959 contempsi,
1633 897 1688 941 et
1721 887 1973 939 mandata
2001 892 2092 936 tua
2194 873 2250 925 in
2290 873 2376 924 via
2409 881 2501 924 tua
2535 870 2748 925 viviﬁca
2774 883 2879 924 me.
2911 869 3107 939 Legem
3147 868 3278 922 mihi
3301 867 3572 922 constitue
3598 868 3651 920 in
3702 867 3788 920 tia

503 1007 609 1046 non
671 987 982 1052 custodivi;
1042 994 1098 1039 et
1131 983 1333 1038 bonum
1366 980 1512 1050 quod
1554 978 1701 1048 potui
1751 976 1951 1038 facere,
1999 990 2095 1043 per

2198 970 2304 1025 tua,
2332 970 2387 1015 et
2408 960 2581 1030 dirige
2604 975 2691 1014 me
2716 960 2771 1013 in
2792 959 3040 1014 semitam
3059 967 3268 1013 rectam
3295 966 3517 1028 propter
3538 957 3791 1012 inimicos

503 1079 888 1151 negligentiam
915 1050 1020 1130 non
1049 1074 1192 1129 feci:
1221 1081 1277 1127 et
1305 1072 1506 1126 malum
1530 1070 1801 1139 quodnon
1833 1067 1990 1121 debui
2017 1065 2096 1118 fa-
2195 1067 2366 1106 "1005-
2410 1051 2591 1106 Πράυο
2625 1067 2712 1104 me
2738 1050 2790 1104 in
2829 1050 3078 1104 semi'vam
3110 1050 3489 1105 mandammm
3536 1057 3790 1115 ιυοτυων

503 1141 773 1239 cere,vper
811 1169 1096 1226 audaciam
1123 1163 1455 1237 perpetravi.
1485 1161 1550 1216 Et
1577 1177 1676 1232 per
1712 1160 2096 1227 concupiscen—
2196 1143 2321 1212 Quia
2373 1142 2547 1212 ipsam
2576 1141 2740 1195 volui.
2771 1141 2838 1194 Et
2875 1141 3247 1195 misericordia
3283 1150 3374 1196 tua
3422 1141 3794 1210 subsequatur

506 1233 642 1318 tiam
670 1233 841 1316 multa
875 1259 1016 1314 mala
1047 1233 1152 1312 feci
1180 1233 1240 1310 in
1264 1255 1405 1318 visu,
1438 1253 1490 1306 in
1521 1253 1731 1316 auditu,
1759 1251 1813 1305 in
1838 1258 2019 1319 gustu,
2043 1251 2097 1304 in
2197 1252 2306 1302 ιιιοι
2352 1236 2605 1290 omnibus
2632 1235 2824 1290 diebus
2864 1233 2990 1289 νῖιέε
3031 1249 3186 1289 med?-
3217 1233 3324 1288 Sed
3360 1241 3415 1288 ει
3451 1235 3629 1305 lingua
3666 1250 3795 1291 mea

505 1357 821 1421 odoratu,et
841 1361 989 1409 tactu
1015 1367 1029 1406 :
1059 1349 1475 1421 incogitatione,
1492 1357 1546 1402 et
1567 1349 1620 1401 in
1644 1344 1935 1405 locutione,
1963 1343 2096 1396 etin
2198 1325 2550 1421 'jledimbiu"
2577 1323 2849 1397 δυεῑίῑίδτη
2895 1332 3065 1384 ῑυθῐην
3091 1331 3204 1378 ῑοιίι
3235 1323 3326 1379 die
3367 1323 3581 1378 '3“de
3617 1334 3791 1380 luam-

507 1461 692 1516 opere.
713 1416 781 1500 Et
804 1444 948 1514 quod
963 1445 1017 1498 in
1032 1416 1713 1508 sacrosanctoltaptismate
1736 1451 1920 1490 coram
1937 1449 2101 1505 ange-
2201 1418 2286 1516 _Sil
2313 1433 2510 1472 nomen
2533 1417 2745 1471 υοωίηί
2765 1417 3134 1482 δεηθάίειυῐην
3159 1431 3226 1470 οἱ
3251 1416 3354 1470 hoc
3375 1430 3520 1470 nunc
3541 1422 3596 1472 ει
3619 1431 3794 1486 ιιεψιε

513 1538 583 1594 lis
603 1547 659 1593 et
672 1538 877 1592 sanctis
901 1535 1007 1590 tuis
1026 1532 1276 1604 promisi,
1304 1547 1412 1584 non
1439 1529 1704 1584 custodivi
1723 1570 1737 1594 ,
1754 1527 2096 1590 sieuttlebui;
2201 1509 2256 1563 in
2285 1509 2559 1564 Simulum-

512 1645 615 1686 nec
659 1627 967 1698 adimplevi,
1006 1624 1102 1680 sed
1141 1622 1454 1690 consumpsi
1497 1618 1716 1692 [Forte,
1752 1616 2099 1687 contempsi},

512 1727 571 1775 et
621 1719 908 1791 prmeeptis
945 1716 1052 1771 tuis
1085 1730 1190 1768 non
1225 1707 1462 1777 obedivi,
1515 1712 1657 1765 sicut
1705 1711 1864 1765 debui
1890 1723 1914 1750 ει
1952 1752 1963 1761 .
2007 1707 2103 1763 sed

514 1811 893 1882 superbiendo,
933 1806 1238 1870 irascendo,
1289 1802 1706 1867 contemnendo,
1757 1800 2097 1872 negligendo,

513 1905 761 1974 proprias
809 1901 1112 1956 voluntates
1145 1896 1417 1961 faciendo,
1465 1895 1872 1958 murmuraudo,
1919 1895 2103 1948 detrao

516 1997 711 2061 bendo,
740 1992 1082 2064 dijudicando
1108 1991 1294 2060 culpas
1318 1987 1542 2043 incurri.
1576 1988 1737 2053 Deus,
1761 1995 1818 2040 tu
1842 1986 1949 2040 scis
1973 1985 2103 2040 insi-

516 2087 776 2156 pientiam
803 2099 1003 2148 meam,
1027 2091 1082 2137 c-t
1106 2081 1300 2135 delicta
1325 2095 1442 2133 mea
1466 2087 1571 2132 ate
1592 2092 1699 2131 non
1727 2085 1854 2130 sunt
1876 2075 2106 2130 abscon-

515 2178 652 2232 dita.
691 2177 887 2247 Aspice
915 2176 968 2230 in
1001 2190 1088 2229 me
1122 2173 1470 2228 confitentem
1503 2178 1725 2240 peccata
1757 2183 1876 2223 mea
1917 2182 2102 2222 coram

520 2278 594 2330 te,
633 2277 687 2324 et
721 2267 980 2322 miserere
1033 2265 1159 2318 mel.
1201 2262 1450 2318 Concede
1490 2260 1624 2315 mibi
1677 2261 1730 2314 iu
1771 2259 1875 2313 hoc
1910 2257 2107 2314 strculo

519 2376 682 2432 agere
727 2375 913 2415 veram
939 2358 1332 2429 paenitentiam,
1363 2364 1417 2410 et
1443 2355 1498 2409 in
1541 2352 1726 2408 futuro
1753 2349 1822 2406 da
1852 2351 1983 2404 mihi
2022 2350 2106 2402 in-

521 2453 878 2524 dulgentiam,
902 2451 1029 2520 quia
1073 2458 1129 2503 tu
1172 2449 1425 2519 dignatus
1447 2462 1507 2502 es
1535 2445 1717 2502 dicem
1749 2464 1760 2498 :
1807 2442 1945 2498 Nolo
1970 2458 2110 2497 mor-

2895 1576 3101 1632 Oratio.

2273 1671 2494 1726 Gratias
2525 1671 2623 1725 tibi
2647 1685 2768 1740 ago,
2793 1669 3142 1738 omnipotens
3165 1669 3346 1734 Pater,
3373 1668 3465 1738 qui
3493 1684 3579 1723 me
3600 1668 3797 1738 digna-

2210 1777 2298 1820 tus
2323 1781 2384 1820 es
2413 1766 2466 1820 in
2505 1767 2607 1818 hac
2635 1773 2793 1818 nocte
2829 1762 3124 1818 custodire.
3153 1762 3424 1832 Deprecor
3451 1763 3800 1818 clementiam

2133 1864 2178 1925 Β
2208 1869 2377 1924 tuam,
2443 1855 2686 1927 piissime
2729 1854 2975 1920 Domine,
3039 1861 3101 1907 ut
3153 1853 3422 1908 concedas
3465 1854 3599 1907 mibi
3645 1855 3797 1908 diem

2207 1960 2493 2005 venturum
2535 1948 2613 2002 sic
2649 1961 2909 2017 peragere
2935 1945 2988 2000 in
3033 1953 3128 1999 tuo
3159 1952 3348 2000 sancto
3382 1944 3626 2006 servitio,
3672 1961 3803 2000 cum

2206 2041 2510 2097 humilitate
2547 2047 2602 2093 et
2646 2038 2970 2093 discretione
2995 2081 3010 2102 ,
3053 2037 3288 2106 qualiter
3325 2037 3423 2090 tibi
3467 2037 3806 2108 complaceat

2207 2132 2443 2190 servitus
2471 2138 2700 2184 nostra:
2739 2137 2794 2183 et
2816 2137 3016 2198 prtcsta
3063 2127 3194 2182 mibi
3240 2127 3401 2181 hodie
3428 2142 3553 2182 cum
3590 2142 3807 2181 Stnnma

2209 2227 2468 2296 patientia
2507 2225 2605 2279 tibi
2638 2233 2851 2296 gratum
2877 2222 3135 2277 exhibere
3184 2221 3488 2276 servitium.
3527 2220 3765 2275 lmmitte
3789 2261 3809 2285 ,

2209 2333 2418 2389 quaeso,
2461 2317 2709 2380 Domine,
2751 2314 3002 2384 angelum
3043 2321 3196 2367 tuum
3237 2313 3288 2367 in
3312 2313 3544 2367 circuitu
3580 2320 3808 2375 nostro,

2210 2421 2267 2465 et
2301 2410 2452 2480 eripe
2490 2425 2590 2464 nos
2627 2409 2696 2463 ab
2736 2407 2937 2476 impiis,
2974 2404 3067 2476 qui
3105 2404 3158 2458 in
3207 2404 3439 2460 circuitu
3476 2403 3761 2458 ambulant
3791 2419 3808 2466 ;

523 2499 648 2601 tento
673 2499 980 2616 peccatoris,
1029 2541 1119 2596 sed
1169 2499 1580 2593 utoconvertatur
1627 2547 1675 2591 et
1718 2535 1850 2591 vitiat
1886 2534 2106 2606 (Ezech.
2214 2515 2273 2559 ¹¹ί
2309 2505 2451 2558 Viam
2477 2502 2856 2616 '"angawmm
2883 2509 3111 2616 Florum
3142 2499 3345 2616 absqu‘e
3370 2499 3518 2553 omni
3554 2510 3813 2616 errorxm

2218 2597 2466 2616 _-__.,._
2513 2597 2597 2616 ,μ
2649 2608 2770 2616 ,ηη
2810 2607 2872 2616 ..-
2919 2606 2944 2616 η
2977 2605 3199 2616 _.......,._..
3237 2606 3297 2616 ....
3326 2604 3507 2616 Mm..-
3571 2603 3671 2616 υ..
3755 2603 3789 2616 ..

524 2588 629 2601 η...
673 2588 980 2616 ,ην-...μη
1029 2588 1116 2596 η-
1632 2588 1670 2591 --
2513 2597 2524 2606 _

524 2653 721 2700 χχχιιι,
764 2636 874 2705 ll).
924 2632 1146 2687 Ell‘unde
1167 2645 1329 2700 super
1352 2646 1438 2684 me
1474 2629 1909 2685 misericordiam
1937 2634 2108 2689 tuam,
2214 2597 2473 2701 ⁸⁰ξ¹¹¹⁴¹ί¹¹⁰
2513 2593 2775 2705 ¹¹¹Ῡ¹Ϊθ¹¹⁵ῗ
2810 2591 2946 2661 pede
2965 2605 3200 2705 ξξτξθιτθ
3237 2589 3530 2705 “iam”,
3570 2603 3671 2659 Ρθτ
3707 2588 3818 2646 Do‘

528 2679 721 2700 -.......,
770 2679 823 2688 ..
861 2679 874 2687 .
925 2679 1144 2687 ..υ---.η
1169 2679 1319 2700 --τη
2095 2679 2108 2689 ,
3082 2684 3094 2694 .

527 2737 584 2785 et
610 2728 816 2782 dimitte
835 2679 1017 2780 [omnia
1043 2730 1270 2791 peccata
1299 2736 1438 2786 mea,
1466 2734 1590 2790 qua:
1624 2716 1953 2772 conscientia
1994 2729 2112 2768 mea
2217 2691 2424 2744 mim'm
2461 2695 2708 2742 "osum"
2741 2683 2926 2740 ’esum
2965 2684 3265 2738 Chr'swm°
3304 2679 3500 2736 Amen-

531 2817 746 2880 metuit,
781 2823 837 2870 et
873 2813 1044 2883 adjiee
1064 2811 1206 2882 quod
1235 2811 1411 2866 oratio
1451 2825 1560 2864 non
1601 2808 1896 2878 prtesumit.
1948 2806 2014 2860 Et
2049 2803 2114 2858 da
2982 2797 3090 2857 XI.

530 2910 662 2965 mihi
695 2905 1155 2979 perseverantiam
1190 2903 1242 2956 in
1279 2903 1436 2957 bonis
1463 2902 1739 2972 operibus,
1781 2908 1842 2953 ut
1881 2906 1933 2952 te
1957 2898 2118 2952 mise—
2219 2902 2384 2960 Laus
2418 2898 2648 2978 psalmi
2676 2897 2931 2959 CXVII.
2973 2903 3026 2955 ct
3059 2891 3214 2979 quid
3245 2912 3284 2951 tt
3311 2892 3486 2979 nobis
3526 2893 3820 2971 frequen»

533 3010 687 3055 rante
720 2997 1002 3068 pervenire
1039 3010 1252 3050 merear
1279 2994 1345 3048 ad
1368 2993 1596 3063 gloriam
1625 2992 1775 3062 regni
1799 2990 1898 3054 tui,
1933 2987 2100 3041 Salva
2302 2972 2560 3068 tandum
2597 2981 2679 3068 sit
2710 2980 2912 3053 [LL-3.,
2942 2983 2995 3033 et
3044 2973 3212 3054 quod
3246 2991 3284 3031 a
3311 2972 3492 3032 nobis
3516 2973 3821 3051 frequen-

533 3101 621 3145 tor
644 3091 863 3153 mundi,
897 3088 988 3158 qui
1017 3087 1151 3141 vivis
1172 3095 1227 3140 ct
1253 3099 1448 3156 regnas
1470 3085 1521 3138 in
1548 3081 1743 3138 saecula
1773 3081 2114 3136 szeculornm.
2307 3057 2534 3118 ίαηάαε
2566 3059 2695 3133 SUI-

535 3184 727 3238 Amen.
2146 3222 2194 3249 η
2297 3181 2426 3249 Legi
2451 3187 2710 3248 prmtet-ea
2749 3181 2803 3234 in
2828 3177 3107 3246 cujusdam
3134 3175 3382 3231 monachi
3409 3176 3637 3236 visione,
3676 3176 3824 3244 quod

2297 3222 2426 3249 μη,-
2451 3222 2710 3248 rum“..-
2829 3222 3107 3246 νυν-νη...
3136 3222 3382 3231 ...νη-ν-.-
3606 3222 3637 3236 .,
3676 3222 3824 3244 Γ--

1301 3249 1382 3310 Χ·
2145 3222 2196 3285 c
2229 3273 2299 3326 ab
2337 3272 2528 3342 angelo
2564 3271 2698 3325 lucis
2733 3271 2963 3324 sollicite
2985 3269 3054 3322 sit
3091 3267 3417 3332 admonitus,
3456 3275 3516 3320 ut
3551 3267 3825 3336 psalmum

538 3352 724 3433 Quod
751 3354 903 3412 satis
934 3349 1204 3443 sitnutile
1230 3349 1572 3443 [immugire
1598 3346 1939 3439 ⁸Ποηιὶηιιηι
1972 3362 2103 3403 ora-

2228 3366 2585 3420 centesimum
2606 3373 2858 3418 octavum
2903 3361 3194 3423 decimum,
3227 3361 3278 3414 id
3321 3368 3424 3424 est,
3458 3359 3609 3412 Beati
3633 3360 3828 3410 imma-

844 3429 1124 3490 “ombus
1159 3447 1225 3489 m
1260 3446 1398 3507 Ψδθ
1432 3426 1554 3488 Δία
1586 3435 1798 3486 mmo'
2229 3458 2424 3525 culati,
2470 3460 2523 3512 in
2559 3473 2667 3527 quo
2707 3455 2929 3510 moralis
2966 3454 3141 3509 virtus
3179 3451 3525 3515 describitur,
3567 3466 3709 3520 szepe
3763 3449 3824 3502 in

606 3556 810 3610 Doceat
868 3571 965 3610 nos
1024 3554 1196 3609 sancti
1260 3554 1538 3624 prephette
1598 3552 1712 3607 suis
1774 3549 2126 3604 imitabilibus
2230 3557 2474 3605 oratione
2529 3557 2818 3617 repeteret.
2860 3547 2927 3600 Et
2966 3560 3156 3600 revera
3193 3544 3337 3599 idem
3387 3542 3620 3597 diversis
3657 3540 3822 3610 spiri-

538 3647 824 3719 exemplis,
860 3648 1157 3716 prtevenire
1183 3645 1375 3701 faciem
1414 3643 1628 3699 Domini
1667 3659 1826 3698 mane
1867 3640 2127 3696 oratioui-
2232 3641 2467 3695 tualibus
2502 3639 2779 3694 confertur
2817 3635 3126 3700 virtutibus,
3186 3643 3245 3688 ut
3296 3636 3340 3689 si
3385 3633 3563 3687 nullus
3601 3632 3822 3687 adesset

538 3743 641 3797 bus
677 3742 897 3797 nostris.
941 3737 1006 3794 Et
1033 3739 1199 3793 David
1224 3737 1468 3808 quidem,
1500 3735 1678 3799 Mane,
1709 3735 1884 3803 inquit
1916 3733 1984 3788 ad
2026 3732 2129 3785 Do—
2233 3735 2393 3800 alius,
2439 3734 2492 3786 in
2515 3733 2760 3788 oratione
2779 3731 2928 3787 solus
2954 3728 3244 3786 sullicerct.
3273 3728 3492 3796 Absque
3526 3727 3670 3781 enim
3695 3741 3824 3797 pro-

540 3835 772 3898 minum,
797 3833 969 3885 oratio
997 3847 1112 3884 mea
1139 3829 1416 3900 prati-enin
1441 3837 1489 3881 te
1517 3824 1690 3898 (Psal.
1735 3841 1977 3890 Lxxxvn,
2017 3823 2126 3894 14).
2231 3829 2429 3897 pbetize
2464 3827 2765 3897 mysteriis,
2805 3825 2986 3878 omnia
3025 3822 3276 3877 humanae
3313 3822 3438 3874 vitae
3475 3817 3821 3880 necessaria,

540 3924 710 3983 Isaias
728 3934 911 3980 autem
933 3923 1012 3978 sic
1041 3940 1054 3976 :
1093 3921 1284 3975 Anima
1310 3936 1425 3973 mea
1451 3917 1764 3972 desideravit
1788 3926 1836 3971 te
1862 3918 1918 3970 in
1940 3925 2089 3972 nocte
2111 3933 2128 3968 :
2236 3935 2356 3990 qum
2392 3919 2446 3974 in
2484 3919 2697 3974 cmteris
2731 3918 2956 3989 psalmis
2993 3916 3153 3971 latius
3189 3915 3588 3978 describuntur,
3629 3911 3682 3966 in
3720 3911 3828 3966 isto

545 4018 634 4074 sed
658 4020 714 4072 in
743 4018 931 4089 spiritu
960 4032 1094 4079 meo,
1128 4015 1184 4068 in
1210 4011 1517 4085 pra'cordiis
1555 4011 1684 4065 meis
1713 4009 1778 4064 de
1820 4025 1972 4062 mane
2009 4007 2132 4078 rigi—
2235 4011 2380 4066 velut
2419 4011 2474 4064 in
2507 4009 2741 4080 quodam
2776 4006 2981 4063 ferculo
3017 4015 3275 4077 congesta
3305 4005 3459 4061 nobis
3494 4003 3819 4059 offeruntur.

543 4109 664 4165 tabo
689 4109 757 4163 ad
779 4120 828 4163 te
859 4105 1016 4178 (Isai.
1062 4121 1212 4169 xxvi,
1239 4103 1319 4176 9).
1345 4103 1480 4159 Cum
1516 4103 1602 4158 bis
1628 4117 1760 4172 ergo
1799 4101 1976 4155 tribus
2002 4115 2131 4155 con-
2237 4101 2378 4174 Ergo
2426 4103 2581 4171 juxta
2633 4099 2860 4170 angelici
2898 4098 3134 4152 numinis
3189 4095 3405 4152 salubre
3459 4101 3821 4164 praeceptum,

546 4200 949 4273 gruentissimis
976 4197 1200 4266 psalmis
1220 4196 1402 4267 vigilet
1435 4194 1505 4249 ad
1530 4193 1828 4249 Dominum
1845 4208 2006 4247 mane
2023 4192 2134 4262 spi—
2237 4201 2519 4266 quousque
2555 4192 2683 4247 huic
2706 4190 2917 4246 mortali
2953 4192 3076 4244 vitae
3115 4187 3406 4242 terminum
3445 4186 3653 4248 demus,
3681 4185 3828 4240 hunc

550 4295 688 4348 ritus
718 4307 888 4353 meus.
923 4305 1253 4357 oretnusque
1275 4289 1330 4341 in
1360 4294 1480 4341 ortu
1508 4287 1778 4356 surgentis
1802 4299 2042 4348 aurorae;
2077 4292 2135 4338 ut
2237 4285 2528 4357 singularis
2564 4282 2814 4338 beneﬁcii
2845 4281 3111 4353 psalmum
3147 4277 3337 4333 diebus
3371 4276 3596 4347 singulis
3629 4278 3828 4330 decan-

551 4399 582 4438 a
620 4383 740 4437 luce
777 4383 951 4453 prima
982 4383 1036 4436 in
1062 4394 1341 4450 vesperam
1368 4379 1478 4434 sint
1503 4378 1646 4434 oculi
1675 4376 1791 4446 ejus
1836 4375 1947 4448 34
1972 4390 2136 4445 super
2239 4386 2432 4432 temus.

550 4489 672 4540 nos,
699 4481 755 4526 et
802 4488 962 4528 aures
1000 4469 1117 4540 ejus
1151 4471 1217 4525 ad
1269 4485 1460 4540 preces
1499 4479 1709 4524 nostras
1748 4486 1760 4521 :
1816 4478 2136 4536 nostrosque
2312 4467 2443 4521 Post
2486 4467 2649 4538 Kyrie
2687 4465 2910 4526 eleison,
2949 4473 2996 4516 et
3037 4460 3342 4516 Orationem
3375 4459 3832 4518 Dominicuu.di-

551 4566 749 4638 dirigat
787 4580 1006 4636 gressus
1045 4563 1098 4618 in
1140 4563 1280 4616 viam
1311 4562 1480 4632 pacis,
1524 4569 1584 4614 ut
1621 4561 1826 4630 absque
1863 4559 2010 4614 omni
2050 4573 2103 4612 er

2198 4574 2429 4654 'cantur
2463 4580 2641 4618 uersus
2679 4562 2992 4633 supradicti.

554 4675 738 4714 rorum
788 4656 1042 4714 seandalo
1080 4657 1423 4726 gradientes,
1462 4669 1567 4708 non
1613 4653 1922 4707 dominetur
1967 4651 2137 4706 nostri
2167 4651 2204 4658 '
2931 4669 3139 4723 omn-0.

552 4751 735 4807 omnis
757 4749 1036 4818 iujustitia.
1069 4748 1178 4801 llos
1198 4760 1326 4814 ergo
1349 4758 1606 4798 canamus
1630 4743 1682 4796 in
1711 4743 1826 4811 ipso
1849 4741 1953 4796 diei
1984 4741 2137 4795 initio
2315 4765 2410 4819 pie
2442 4762 2767 4819 exaudibms
2805 4763 3031 4816 nomine
3063 4759 3190 4816 Jesu
3229 4759 3478 4824 Christe,
3517 4758 3710 4814 eundi
3745 4772 3833 4814 mo

554 4844 830 4914 psalmos:
883 4839 1046 4894 Verba
1091 4855 1226 4891 mea.
1282 4835 1518 4890 Clamavi
1557 4833 1612 4887 in
1651 4843 1756 4886 toto
1798 4832 1953 4924 corde
1983 4847 2094 4924 nteo
2117 4872 2134 4895 ,
2243 4855 2678 4924 indignissimum
2707 4862 3049 4921 peccawrem
3081 4851 3509 4920 supplicantem,
3535 4865 3632 4919 per
3667 4849 3836 4904 iam.

556 4934 750 4990 exaudi
799 4949 898 4997 me,
945 4929 1186 4992 Domine,
1235 4941 1406 4997 usque
1443 4925 1552 4980 :In
1603 4934 1854 4978 retentum
1900 4923 2137 4993 fundasti
2242 4923 2462 5001 venmm
2498 4953 2554 4998 et
2589 4943 2844 4997 meritum
2881 4943 3053 4996 beam
3089 4952 3144 4997 et
3183 4940 3430 5011 ειοτίοεω
3466 4955 3681 5010 semper
3716 4939 3834 4992 νὴ,

555 5043 705 5091 eam;
735 5025 975 5090 Domine,
1001 5022 1196 5076 exaudi
1237 5021 1525 5073 orationem
1568 5032 1759 5080 meam,
1785 5015 2003 5068 auribus
2022 5031 2140 5086 per-
2243 5037 2385 5110 ginis
2423 5035 2605 5089 Maria3
2643 5033 2921 5103 genitricis
2965 5042 3092 5098 ωε,
3132 5042 3187 5088 οι
3223 5033 3467 5087 omnium
3507 5031 3706 5086 civium
3744 5045 3838 5086 ευ,

557 5120 668 5190 cipe
698 5118 1110 5172 obsecrationem
1143 5129 1328 5166 meam.

2243 5142 2558 5199 pernoram.
2617 5125 2871 5181 Ecclesiae
2932 5133 3038 5178 tua:
3095 5135 3297 5181 sancta:
3334 5123 3615 5178 catholicae
3671 5121 3837 5177 ﬁdem

806 5225 934 5282 Post
973 5225 1306 5281 Dominicam
1345 5219 1650 5275 Orationem
1691 5234 1900 5273 versus.
2251 5233 2407 5293 auge,
2462 5231 2652 5288 pacem
2693 5215 2870 5271 tribue
2919 5230 3074 5285 papa:
3133 5224 3320 5270 nostro
3361 5213 3439 5276 il.,
3477 5215 3838 5284 episcopoque

627 5323 901 5378 Conserva
927 5335 1036 5384 me,
1059 5317 1306 5378 Domine,
1331 5314 1584 5383 quoniam
1608 5314 1661 5366 in
1685 5320 1738 5365 te
1761 5309 2004 5380 speravi;
2029 5306 2144 5363 dixi
2252 5319 2442 5363 nostro
2479 5307 2560 5370 il.,
2603 5306 2784 5361 abbati
2821 5315 3008 5360 nostro
3042 5306 3129 5371 il.,
3165 5315 3222 5361 et
3256 5305 3404 5360 omni
3431 5304 3572 5373 huic
3607 5317 3832 5373 congre-

556 5411 804 5472 Domino,
843 5409 986 5463 Deus
1023 5421 1174 5460 meus
1219 5419 1280 5458 es
1312 5413 1389 5468 tu,
1427 5403 1684 5472 quoniam
1730 5400 1997 5454 bonorum
2038 5413 2144 5452 non
2254 5400 2488 5473 gationi;
2528 5399 2862 5469 principibus
2900 5412 3116 5467 quoque
3153 5397 3373 5461 nostris,
3400 5395 3835 5468 consanguineis,

557 5518 706 5572 eges.
745 5500 1002 5554 Auditam
1035 5497 1118 5550 fac
1145 5495 1277 5549 mihi
1317 5510 1474 5547 mane
1503 5491 1932 5546 misericordiam
1970 5496 2145 5554 tuam,
2252 5490 2589 5558 parentibus,
2629 5497 2685 5543 et
2713 5500 2800 5541 tua
2837 5488 2970 5542 mihi
3007 5489 3271 5543 eltaritate
3305 5486 3638 5555 conjunctis;
3668 5488 3837 5546 etiam

560 5595 688 5662 quia
717 5593 768 5645 in
801 5602 852 5644 te
881 5588 1112 5658 speravi,
1147 5587 1388 5640 Domine.
1435 5584 1630 5636 Notam
1665 5582 1792 5636 mihi
1823 5580 1908 5635 fac
1929 5579 2069 5633 viam
2094 5579 2147 5633 in
2255 5597 2354 5636 sua
2419 5582 2573 5635 nobis
2608 5592 2834 5634 munera
2889 5579 3261 5650 largientibus,
3306 5579 3756 5648 persequentibus
3784 5585 3842 5631 et

562 5699 670 5754 qua
703 5679 996 5744 ambulem,
1024 5678 1150 5747 quia
1191 5677 1260 5730 ad
1291 5685 1364 5739 te,
1405 5674 1650 5737 Domine,
1697 5673 1867 5726 levavi
1911 5671 2147 5724 animam
2255 5671 2867 5729 calumniantibusnOS'
2902 5673 3181 5739 omnibus,
3217 5673 3309 5744 qui
3346 5688 3445 5743 pro
3471 5673 3628 5729 nobis
3651 5671 3841 5744 implo—

638 5813 664 5844 ι
699 5800 760 5856 In
798 5799 944 5855 Etlit.
1020 5791 1209 5856 Colon.
1255 5818 1274 5850 ε
1329 5797 1396 5851 Et
1433 5797 1574 5866 quod
1650 5803 1773 5848 ante
1812 5801 2218 5847 sacrosanctum
2256 5794 2428 5850 altare
2465 5795 2656 5850 coram‘
2693 5803 2743 5848 te
2799 5802 2855 5848 et
2906 5809 3091 5848 coram
3146 5792 3352 5864 angelis
3407 5793 3726 5863 promisi....
3783 5803 3842 5849 et

559 5881 836 5946 prtepr
871 5872 1074 5946 prioris
1109 5886 1216 5926 non
1255 5868 1467 5926 obetlivi
1511 5870 1652 5922 sicut
1689 5866 1868 5928 debui,
1911 5871 2014 5918 etc.
2068 5883 2087 5916 ι
