4122 6644
252 483 359 539 ιεδ

1130 474 1524 533 LITURGICA.
1556 506 1627 517 --
1664 477 1753 533 DE
1791 473 2039 532 PSALM.
2084 472 2244 529 USU.
2283 504 2349 514 -—-
2383 473 2564 530 PARS
2602 474 2642 527 l.

3420 470 3535 525 486-

256 612 377 658 rant
412 608 657 658 sanctum
696 611 889 654 nomen
935 605 1110 663 tuum,
1151 596 1235 651 vel
1262 598 1354 668 qui
1384 610 1483 666 pro
1518 608 1580 650 se
1616 608 1717 648 nos
1738 593 1836 646 mi—
1864 596 1914 654 Α
1940 599 2026 646 tus
2047 591 2103 647 in
2131 590 2346 669 szecula.
2372 591 2697 646 Benedictus
2713 605 2795 657 es,
2826 592 2919 660 qui
2944 591 3171 645 intueris
3196 589 3442 659 abyssos,
3470 600 3528 643 et

255 712 408 753 seros
442 694 582 765 apud
621 702 768 748 tuam
805 689 1153 746 clementiam
1190 687 1495 758 supplicare
1530 685 1836 739 voluerunt.

256 785 422 842 Nobis
473 799 687 854 quoque
742 778 1120 853 peccatoribus
1160 777 1533 833 remissionem
1572 783 1630 829 et
1667 773 1844 828 indul-

257 880 493 953 gentiam
536 878 715 932 tribue
752 874 996 930 omnium
1041 877 1410 942 peccatorum,
1441 865 1671 921 inﬁrmis
1698 863 1846 919 salu-

259 983 390 1036 tem,
433 970 600 1041 lapsis
637 966 1058 1037 reparationem,
1098 961 1243 1017 aeris
1279 958 1719 1015 commoditatem
1750 968 1850 1008 na-

259 1063 585 1134 vigantibus,
625 1068 680 1115 et
717 1055 1101 1113 itinerantibus
1153 1054 1257 1107 iter
1292 1063 1613 1122 prosperum
1656 1062 1722 1101 ac
1759 1061 1849 1101 sa-

260 1151 389 1209 luus
426 1159 662 1221 portum,
703 1145 979 1202 tribulatis
1015 1144 1288 1212 gaudium,
1327 1139 1602 1211 oppressis
1640 1136 1848 1192 releva-

271 1244 500 1309 tionem,
541 1240 772 1312 captivis
798 1280 815 1304 ,
852 1239 1080 1302 vinctis,
1119 1244 1176 1290 et
1210 1232 1512 1305 peregrinis
1566 1229 1845 1285 remissio-

263 1348 410 1399 nem,
444 1332 861 1396 absolutionem,
901 1329 971 1387 ad
1006 1327 1272 1399 patriam,
1313 1324 1680 1380 reversionem
1721 1335 1849 1390 pro-

262 1425 429 1498 pitius
464 1424 721 1481 concede.
756 1420 949 1477 Amen.
986 1417 1254 1489 Angelum
1288 1423 1442 1470 tuum
1477 1420 1725 1469 sanctum
1750 1425 1849 1464 no—

264 1517 351 1574 bis
386 1518 477 1575 hic
514 1524 571 1573 et
602 1515 803 1585 ubique
841 1512 1043 1583 largire
1079 1509 1357 1569 custodem
1392 1513 1448 1561 et
1483 1503 1844 1561 defensorem,

266 1617 510 1665 mutuam
545 1602 980 1662 discordantibus
1016 1602 1359 1664 charitatem,
1394 1594 1700 1652 infidelibus
1754 1606 1849 1646 ve-

265 1714 384 1755 ram
435 1695 618 1762 lidem,
673 1695 781 1767 35
837 1692 1106 1749 defunctis
1137 1690 1454 1761 parentibus
1490 1684 1715 1749 nostris,
1756 1699 1849 1753 pa-

268 1789 460 1855 tribus,
498 1786 779 1853 fratribus,
813 1800 908 1842 seu
928 1783 1182 1841 omnibus
1210 1782 1265 1836 in
1288 1788 1381 1835 tua
1418 1777 1524 1834 fide
1561 1776 1841 1848 quiescen-

266 1880 411 1937 tibus
449 1878 831 1951 indulgentiam
865 1875 1046 1931 tribue
1080 1873 1419 1929 delictorum.
1453 1869 1625 1923 Amen
1654 1875 1702 1920 ι.

982 1983 1129 2047 ΧΠ.

267 2090 435 2154 Laus
462 2088 678 2169 hymni
704 2088 1277 2169 trium_puerorurn
1303 2126 1320 2155 ,
1353 2090 1407 2141 et
1449 2076 1618 2169 quod
1646 2078 1713 2169 in
1742 2076 1855 2169 Dei

308 2169 491 2232 laude
505 2155 958 2251 ~frequentanda
979 2165 1149 2242 [Leg.
1163 2207 1179 2235 ,
1204 2155 1711 2243 frequentandus]
1742 2158 1849 2216 sit.

338 2290 567 2362 Oportet
608 2302 709 2344 nos
744 2296 991 2343 sanctum
1030 2283 1232 2339 imitari
1285 2280 1615 2352 Prophetam
1668 2276 1857 2333 dicen-

270 2391 379 2438 tem
410 2400 424 2435 :
462 2378 777 2436 Benedicam
821 2376 1044 2431 Domino
1084 2376 1138 2428 in
1189 2374 1333 2428 omni
1372 2381 1623 2443 tempore,
1657 2385 1859 2440 semper

270 2472 391 2528 laus
440 2471 557 2543 ejus
594 2471 651 2526 in
688 2486 779 2525 ore
822 2485 936 2523 meo
986 2466 1160 2540 (Psal.
1218 2480 1415 2530 xxxnt,
1449 2464 1529 2536 2).
1576 2462 1643 2518 Et
1682 2461 1855 2517 illud:

273 2562 343 2619 In
370 2564 513 2619 omni
556 2562 672 2617 loco
722 2560 1097 2616 dominationis
1142 2558 1257 2628 ejus
1294 2557 1505 2611 benedic
1530 2556 1708 2610 anima
1744 2572 1861 2609 mea

274 2656 560 2712 Dominum
608 2653 785 2727 (Psal.
824 2669 921 2719 cn,
950 2651 1065 2723 22).
1119 2650 1187 2705 Et
1221 2649 1268 2705 si
1310 2650 1453 2705 Dens
1482 2649 1686 2719 ubique
1712 2654 1862 2703 recte

274 2749 519 2808 creditur
547 2762 688 2813 esse,
719 2746 974 2807 omnibus
1008 2759 1134 2799 eum
1182 2743 1316 2799 locis
1354 2741 1625 2798 dominari
1672 2741 1864 2797 rectis-

276 2845 413 2902 sime
436 2841 785 2900 confitemur.
824 2837 1219 2894 Dencdieamus
1237 2851 1373 2908 ergo
1387 2834 1442 2891 ei
1470 2835 1525 2903 in
1549 2834 1696 2891 omni
1728 2845 1864 2887 tem-

273 2952 428 3010 pore,
452 2937 547 3009 qui
574 2949 680 2991 nos
717 2934 772 2989 in
796 2934 947 2989 omni
970 2932 1092 2987 loco
1123 2938 1180 2985 et
1212 2930 1269 2985 in
1306 2929 1454 2984 omni
1484 2937 1730 3000 tempore
1777 2942 1862 2981 re-

276 3028 518 3104 git;'qui
547 3043 646 3083 nos
669 3024 875 3084 creavit
894 3032 952 3079 et
978 3024 1264 3089 recreavit,
1292 3021 1532 3079 custodit
1574 3029 1633 3076 et
1658 3021 1862 3085 nutrit;

276 3122 337 3180 in
365 3137 475 3193 quo
499 3118 751 3184 vivimus,
796 3125 850 3172 et
880 3129 1184 3182 movemur,
1208 3122 1263 3170 et
1292 3128 1501 3179 sumus.
1528 3112 1869 3183 Quapropter

278 3231 387 3273 una
417 3227 583 3285 parva
600 3219 657 3268 et
676 3224 869 3282 magna
895 3208 1012 3263 laus
1041 3221 1256 3276 semper
1276 3205 1460 3265 in.ore
1478 3214 1665 3260 nostro
1687 3216 1867 3256 verse-

1946 686 2102 740 sedes
2130 701 2293 756 super
2320 685 2640 749 cherubim;
2668 693 2724 738 et
2745 683 3051 747 laudabilis,
3073 690 3129 736 et
3156 682 3496 751 superexalta
3518 713 3530 722 -

1947 785 2035 831 tus
2056 776 2109 830 in
2136 776 2352 831 saecula.
2381 773 2705 829 Benedictus
2723 789 2805 839 es,
2830 773 3075 838 Domine,
3109 773 3241 828 doce
3265 788 3352 828 me
3367 772 3532 840 justi-

1946 867 2231 921 ficationes
2271 874 2413 919 tuas.

2183 971 2453 1046 Confessio
2503 985 2551 1028 et
2596 974 2714 1028 laus
2755 986 2953 1029 sancta:
2998 974 3290 1028 Trinitatis.

2019 1067 2223 1132 Laudo,
2255 1076 2307 1122 et
2345 1066 2608 1123 benedice
2632 1075 2704 1129 te,
2729 1066 2878 1135 juste
2917 1073 2973 1118 et
3001 1065 3140 1117 bone
3168 1063 3331 1129 Deus,
3365 1065 3534 1121 totius

1947 1168 2213 1214 creatura:
2235 1165 2536 1228 parentem,
2553 1158 2607 1211 in
2630 1156 2876 1226 personis
2894 1156 3117 1218 trinum,
3146 1155 3199 1209 in
3224 1158 3529 1211 substantia

1947 1266 2133 1314 unum,
2170 1242 2360 1306 verum
2386 1249 2604 1305 Patrem
2635 1248 2927 1319 unigenita:
2942 1246 3265 1317 majestatis,
3289 1265 3357 1303 ex
3383 1249 3533 1303 nullo

1948 1343 2236 1397 ducentem
2253 1340 2487 1407 initium,
2501 1342 2754 1395 omnibus
2772 1339 2986 1394 initium
3008 1340 3259 1404 dantem;
3282 1354 3390 1393 non
3414 1354 3534 1394 cor-

1945 1434 2119 1505 porali
2141 1434 2417 1506 progenie,
2444 1448 2618 1503 neque
2643 1433 3012 1497 extrinsecus;
3044 1447 3153 1487 non
3183 1434 3532 1497 necessitate,

1947 1529 2429 1599 nequevoluntate,
2454 1530 2548 1584 sed
2576 1538 2769 1583 natura
2803 1527 3001 1582 Filium
3027 1538 3399 1599 generantem.
3422 1528 3531 1582 Ve-

1947 1637 2068 1677 rum
2096 1620 2293 1676 Filium
2312 1635 2379 1676 ex
2406 1621 2565 1678 Patre
2588 1622 2705 1677 sine
2736 1621 2911 1691 spatio
2942 1621 3221 1690 temporis,
3247 1619 3537 1674 inell‘abili-

1948 1720 2034 1767 ter
2048 1719 2172 1767 ante
2192 1720 2434 1783 tempora
2459 1722 2669 1767 natum.
2684 1712 2883 1767 Verum
2901 1711 3163 1783 Spiritum
3192 1719 3441 1767 sanctum
3466 1727 3537 1766 ex

1946 1798 2107 1855 Patre
2122 1809 2177 1855 et
2191 1800 2326 1858 Filio
2343 1803 2778 1856 inenarrabiliter
2803 1802 3203 1871 procedentem,
3222 1801 3275 1855 in
3297 1800 3457 1855 Patre
3482 1809 3539 1853 et

1953 1890 2091 1947 Filio
2118 1892 2547 1947 substantialiter
2566 1901 2992 1963 permanentem.
3014 1890 3299 1946 [Eternum
3322 1890 3538 1946 Patrem

1884 1959 2076 2038 Bsine
2111 1982 2438 2051 nativitate,
2483 1993 2749 2039 mternum
2798 1983 3063 2056 Spiritum
3112 1994 3360 2039 sanctum
3416 1999 3547 2038 cum

1954 2074 2302 2143 processione
2339 2074 2457 2129 sine
2489 2074 2794 2129 nativitate.
2843 2075 3040 2130 Totum
3066 2074 3287 2129 Patrem
3317 2074 3369 2129 in
3403 2075 3542 2129 Filio

1956 2171 2014 2218 et
2044 2162 2249 2234 Spiritu
2286 2172 2493 2219 sancto.
2526 2163 2721 2219 Totum
2774 2163 2971 2220 Filium
3024 2165 3080 2219 in
3134 2162 3297 2219 Patre
3324 2172 3380 2219 et
3415 2163 3539 2234 Spi-

1959 2255 2066 2309 ritu
2120 2262 2327 2309 sancto.
2387 2253 2582 2309 Totum
2629 2253 2893 2324 Spiritum
2920 2264 3171 2311 sanctum
3202 2254 3259 2309 in
3302 2253 3461 2309 Patre
3487 2264 3547 2309 et

1960 2347 2072 2402 filio
2118 2354 2448 2411 manentem,
2481 2361 2587 2401 una
2634 2355 2905 2417 potestate
2955 2362 3172 2417 unoque
3215 2361 3404 2418 regno,
3434 2361 3553 2401 una-

1960 2440 2199 2512 potentia
2223 2480 2239 2506 ,
2283 2448 2341 2494 et
2380 2448 2489 2493 una
2531 2441 2855 2494 aeternitate.
2888 2439 2954 2495 Et
2984 2450 3136 2505 tunc,
3165 2448 3221 2495 et
3248 2453 3395 2495 nunc
3427 2439 3548 2493 ubi-

1962 2546 2068 2604 que
2129 2541 2469 2605 regnantem.
2542 2533 2648 2588 Per
2709 2534 2891 2588 omnia
2945 2534 3142 2589 szecula
3200 2533 3551 2591 saeculorum.

1962 2626 2156 2682 Amen.

2669 2717 2823 2779 XIII

1967 2839 2149 2917 Quod
2179 2837 2489 2931 orandum
2519 2822 2702 2931 nobis
2732 2840 2814 2931 sit
2845 2840 3128 2931 quotidie
3174 2860 3313 2931 cum
3348 2841 3565 2925 laom-

2104 2920 2222 2980 mis
2246 2936 2369 2998 pro
2402 2919 2667 2981 diversis
2689 2918 2903 2999 plagis
2929 2938 3083 3001 quas
3103 2922 3411 3002 patimur.

2038 3038 2174 3106 Quia
2209 3038 2457 3094 videmus
2488 3053 2588 3094 nos
2616 3038 2671 3093 in
2712 3038 2844 3094 illud
2885 3038 3145 3096 Jcremise
3175 3041 3432 3098 incidisse
3469 3041 3560 3097 la-

1969 3139 2233 3197 mentum,
2265 3131 2409 3201 quod
2456 3129 2588 3185 dicit
2634 3130 2743 3186 :Si
2790 3148 3029 3202 egressus
3061 3133 3209 3201 fuero
3261 3134 3331 3188 ad
3378 3152 3560 3206 agros,

1970 3243 2086 3281 ecce
2138 3225 2299 3279 occisi
2327 3223 2504 3295 gladio
2531 3240 2549 3277 :
2580 3233 2630 3279 et
2659 3224 2706 3280 si
2733 3225 3016 3279 introivero
3044 3227 3101 3280 in
3128 3226 3410 3291 civitatem,
3442 3244 3560 3284 ecce

284 3318 374 3363 tur
401 3325 413 3360 :
447 3306 501 3362 in
532 3318 638 3374 qua
664 3301 844 3357 omnis
870 3308 1118 3355 0"?an
1141 3313 1239 3367 ρετ
1261 3312 1429 3369 genus
1454 3305 1510 3352 θί
1538 3295 1771 3366 θβθθίθηι
1801 3294 1867 3348 ad
1894 3317 1942 3380 C
1974 3316 2231 3371 attenuati
2271 3294 2413 3384 [ante
2440 3312 2661 3386 (Jerem.
2691 3331 2803 3380 xxv,
2855 3314 2942 3386 l8)
2976 3333 2990 3369 :
3037 3328 3139 3371 nec
3170 3330 3276 3370 non
3313 3326 3368 3372 et
3412 3316 3563 3373 illam

282 3400 496 3457 laudem
513 3394 779 3454 creatoris
806 3395 1079 3450 hortatur.
1105 3393 1172 3447 Et
1195 3404 1305 3447 non
1330 3391 1507 3446 solum
1536 3390 1728 3447 diebus
1752 3389 1863 3443 sin-

280 3490 443 3563 gulis,
478 3488 575 3545 sed
619 3494 677 3540 et
712 3499 966 3555 vespere,
993 3498 1151 3538 mane
1189 3491 1243 3537 et
1272 3481 1521 3547 meridie,
1551 3480 1661 3536 imo
1692 3478 1871 3548 singu-

285 3584 352 3638 lis
401 3579 706 3652 quibusque
756 3576 905 3632 horis
956 3574 1062 3630 diei
1089 3614 1105 3638 ,
1160 3581 1274 3629 tota
1327 3570 1509 3631 cordis
1572 3568 1872 3626 intentione

285 3691 408 3731 eam
441 3673 671 3728 Domino
709 3669 1020 3725 aderamus.
1051 3667 1179 3724 Haec
1196 3680 1436 3735 namque
1460 3664 1713 3735 omnibus
1753 3663 1873 3718 lau-

287 3766 448 3823 dibus
476 3760 818 3825 laudabilior,
864 3768 920 3814 et
962 3758 1074 3813 Deo
1117 3772 1228 3827 prae
1276 3755 1531 3812 omnibus
1565 3753 1870 3810 amabilior.

291 3860 416 3915 llaec
444 3871 677 3927 namque
700 3864 783 3909 cst
804 3854 895 3909 illa
935 3851 1223 3922 singularis
1252 3849 1393 3915 laus,
1418 3864 1526 3921 qua
1558 3862 1667 3903 nos
1684 3846 1873 3901 lauda-

292 3968 433 4018 mus,
465 3950 622 4005 melle
642 3957 699 4003 et
726 3947 848 4002 favo
877 3946 1087 4001 dulcior
1115 3942 1383 4015 :hymnus
1409 3941 1679 4004 videlicet,
1713 3953 1875 4010 quem

295 4055 408 4100 tres
436 4045 547 4100 Deo
577 4041 760 4098 dilecti
797 4038 974 4110 pueri,
1008 4038 1151 4092 inter
1175 4035 1385 4091 medias
1411 4035 1607 4091 edaces
1628 4031 1879 4087 ﬂammas

295 4137 655 4207 tripudiantes
686 4134 956 4198 luserunt,
986 4132 1038 4186 id
1067 4138 1151 4186 est
1170 4147 1183 4184 :
1203 4128 1499 4186 Benedicite
1518 4128 1697 4181 omnia
1721 4140 1880 4194 opera

296 4228 513 4283 Domini
548 4225 799 4281 Domino.
840 4224 918 4281 De
965 4238 1076 4293 quo
1126 4221 1360 4278 ﬁdenter
1404 4220 1544 4282 dico,
1583 4219 1711 4288 quia
1741 4217 1882 4272 sicut

299 4320 532 4375 dicimus
563 4333 578 4371 :
622 4314 821 4374 Sancta
862 4325 1165 4372 sanctorum
1190 4320 1248 4369 et.
1284 4311 1505 4367 Cantica
1534 4311 1880 4373 canticorum,

304 4409 378 4465 ita
418 4417 476 4464 et
516 4409 619 4464 iste
671 4408 778 4463 dici
819 4415 999 4476 potest
1044 4404 1290 4476 Hymnus
1316 4405 1653 4474 hymnorum.
1691 4401 1748 4457 lu
1778 4416 1887 4471 quo

303 4502 575 4558 succincte
602 4510 658 4556 et
700 4498 903 4555 aﬂatim
957 4497 1149 4552 melius
1192 4512 1357 4565 quam
1393 4495 1448 4552 in
1483 4495 1736 4550 omnibus
1767 4494 1884 4548 lauo

303 4594 463 4653 datur
494 4593 638 4650 Deus
661 4593 908 4658 deorum,
935 4591 1029 4661 qui
1054 4588 1414 4659 personaliter
1456 4587 1654 4652 trinus,
1679 4597 1734 4642 et
1757 4601 1889 4641 con-

305 4684 738 4744 substantialiter
792 4699 931 4739 unus
984 4682 1117 4736 vivit
1171 4688 1229 4735 et
1280 4688 1472 4752 regnat
1521 4679 1723 4749 ubique
1789 4694 1888 4749 per
1920 4695 1968 4755 ι)

306 4780 489 4836 omnia
514 4776 709 4835 saecula
733 4774 1076 4831 sazculorum.
1110 4770 1306 4827 Amen.

563 4888 687 4944 Post
718 4887 1049 4942 Dominicam
1077 4872 1390 4939 Orationem
1410 4900 1590 4940 uersus
1618 4897 1635 4935 :

379 5000 705 5058 Benedictus
736 5013 818 5063 es,
847 4997 1075 5054 Domine
1120 4994 1266 5051 Deus
1304 5003 1523 5066 patrum
1558 5002 1891 5061 nostrorum,

311 5101 369 5153 tt
396 5090 706 5156 laudabilis,
730 5098 785 5145 ct
824 5088 1116 5160 gloriosus,
1139 5096 1197 5141 et
1238 5085 1675 5157 superexaltatus
1704 5087 1759 5141 in
1788 5102 1894 5141 sae-

312 5186 457 5244 cuia.
482 5184 551 5239 Et
576 5182 920 5239 benedictum
943 5196 1137 5235 nomen
1163 5179 1349 5251 gloria:
1394 5187 1503 5236 tuae
1542 5188 1812 5244 sanctum,
1840 5187 1900 5235 et

316 5277 605 5342 laudabile,
635 5275 1174 5347 superexaltatumin
1224 5274 1477 5330 omnibus
1522 5274 1753 5330 smculis.
1797 5273 1901 5328 Be-

316 5374 567 5431 nedictus
588 5386 651 5427 es
692 5371 747 5425 in
776 5368 974 5439 templo
1016 5368 1204 5439 gloriae
1248 5374 1390 5433 tute,
1414 5375 1469 5420 et
1496 5366 1902 5437 superlaudabi-

319 5466 408 5532 lis,
455 5473 513 5520 et
554 5461 982 5534 supergloriosus
1012 5461 1065 5514 in
1112 5458 1327 5515 szecula.
1382 5457 1707 5513 Benedictus
1740 5472 1802 5514 es
1846 5458 1902 5512 in

322 5560 520 5617 throno
541 5558 690 5629 regni
714 5558 812 5621 tui,
851 5565 907 5611 et
934 5554 1417 5627 superlaudahilis,
1444 5562 1499 5610 et
1529 5554 1902 5625 superexalta-

397 5728 422 5757 ι
462 5715 561 5770 Hic
588 5713 710 5767 linis
735 5713 990 5767 statuitur
1019 5712 1208 5781 primae
1248 5709 1421 5779 partis
1452 5710 1591 5781 apud
1608 5707 1910 5781 iQuereeta-

328 5802 457 5843 nunt
482 5794 539 5841 et
562 5787 615 5839 in
645 5784 881 5839 editione
912 5779 1251 5846 Coloniensi;
1292 5781 1387 5836 sed
1423 5779 1582 5834 male.
1606 5780 1725 5849 lpse
1760 5780 1908 5835 enim

329 5857 562 5924 scriptor
586 5854 808 5917 codicis,
844 5869 953 5924 quo
977 5869 1109 5908 usus
1150 5861 1234 5905 est
1259 5851 1465 5924 primus
1491 5850 1687 5924 editor,
1728 5858 1912 5924 monet

331 5920 546 5983 laudem
573 5926 757 5996 hymni
788 5920 948 5984 trium
975 5920 1271 5998 puerorum
1289 5921 1562 5992 pertinere
1583 5920 1650 5974 ad
1677 5921 1916 5990 priorem

1974 3408 2194 3463 Domini
2225 3407 2525 3463 terribilem
2548 3407 3025 3463 comminationem
3056 3408 3111 3463 in
3142 3409 3298 3466 nobis
3326 3410 3563 3481 comples

1973 3513 2107 3568 tam,
2133 3502 2246 3575 36
2272 3517 2377 3572 qua
2405 3502 2669 3559 Dominus
2690 3502 2891 3575 gladio,
2905 3510 2963 3559 et
2977 3501 3145 3569 fame,
3170 3512 3229 3559 et
3247 3511 3399 3575 peste
3424 3518 3567 3559 con-

1975 3603 2153 3652 sumat
2180 3611 2276 3651 eos
2308 3614 2321 3649 :
2352 3604 2604 3666 petamus
2627 3604 2683 3651 et
2722 3611 2848 3651 cum
2876 3595 3065 3652 eodem
3092 3595 3364 3667 Propheta
3392 3594 3581 3664 capiti.

1974 3697 2166 3744 nostro
2187 3704 2412 3759 aquam,
2433 3696 2488 3763 et
2506 3680 2680 3743 Oculis
2710 3688 2911 3744 nostris
2936 3686 3142 3745 fontem
3170 3687 3565 3759 lacrymarum,

1976 3790 2031 3837 et
2059 3779 2335 3851 ploremus
2364 3780 2450 3836 die
2482 3794 2547 3835 ac
2584 3786 2744 3835 nocte
2786 3778 3100 3836 interfectos
3143 3779 3324 3850 populi
3372 3781 3564 3835 nostri.

1977 3872 2132 3941 Quod
2180 3888 2457 3942 nunquam
2498 3871 2693 3927 melius
2733 3886 3021 3943 possumus
3070 3872 3368 3941 deplorare,
3401 3888 3572 3943 quam

1979 3968 2027 4023 si
2060 3966 2297 4022 contrito
2324 3975 2381 4021 et
2408 3964 2694 4021 humiliato
2721 3965 2886 4022 corde
2912 3965 3016 4020 hos
3056 3964 3298 4034 quinque
3327 3964 3565 4033 psalmos

1980 4075 2163 4117 coram
2197 4058 2424 4114 Domino
2454 4058 2856 4127 frequentemus
2889 4075 2902 4109 :
2936 4056 3080 4111 Deus
3103 4056 3322 4111 auribus
3355 4055 3568 4110 nostris.

1983 4154 2147 4219 Deus,
2178 4152 2419 4223 repulisti
2459 4169 2591 4214 nos;
2635 4149 2702 4204 Ut
2725 4151 2853 4222 quid
2880 4150 3117 4220 repulisti
3148 4168 3275 4215 nos,
3322 4148 3487 4215 Deus,
3513 4150 3574 4203 in

1982 4247 2181 4317 ﬁnem?
2228 4245 2401 4305 Deus,
2446 4253 2695 4298 venerunt
2724 4254 2933 4314 gentes;
2977 4242 3084 4310 Qui
3114 4246 3259 4317 regis
3291 4242 3464 4298 Israel
3488 4244 3574 4296 in-

1985 4340 2157 4393 tende.

2226 4426 2353 4482 Post
2393 4427 2725 4483 Dominicam
2762 4426 3073 4483 Orationem
3108 4441 3327 4481 versus:

2057 4544 2170 4615 Ego
2198 4544 2311 4598 dixi
2338 4562 2351 4596 :
2382 4541 2609 4597 Domine
2631 4582 2646 4607 ,
2678 4541 2936 4595 miserere
2962 4539 3105 4605 mei;
3155 4553 3287 4593 sana
3337 4539 3576 4592 animam

1989 4655 2186 4702 meam,
2212 4641 2336 4709 quia
2366 4638 2584 4710 peccavi
2614 4637 2728 4692 tibi.
2768 4636 3120 4693 Peccavimus
3155 4650 3282 4690 cum
3331 4634 3583 4703 patribus

1995 4733 2217 4797 nostris,
2270 4732 2467 4801 injuste
2518 4731 2750 4802 egimus,
2801 4730 3141 4799 iniquitatem
3195 4726 3438 4782 fecimus.
3497 4724 3586 4784 Ne

1994 4824 2308 4880 memineris
2336 4821 2649 4893 iniquitates
2674 4828 2890 4876 nostras
2931 4819 3205 4889 antiquas,
3235 4817 3342 4871 cito
3362 4832 3461 4871 nos
3484 4832 3587 4870 an—

1995 4916 2179 4986 ticipet
2208 4904 2579 4970 misericordia
2610 4922 2724 4979 tua,
2754 4911 3001 4966 Domine.
3036 4910 3241 4978 Adjuva
3283 4924 3399 4973 nos,
3437 4908 3584 4963 Deus

1996 5008 2252 5062 salutaris
2280 5015 2486 5071 noster,
2516 5012 2574 5061 et
2612 5012 2833 5076 propter
2877 5005 3139 5058 honorem
3191 5003 3426 5057 nominis
3474 5003 3581 5066 tui,

1999 5102 2251 5160 Domine.
2312 5100 2484 5154 libera
2534 5113 2653 5152 nos.
2715 5097 2985 5151 Memento
3041 5095 3253 5159 nostri,
3310 5093 3585 5160 Domine,

2006 5192 2061 5246 in
2109 5189 2444 5261 beneplacito
2495 5187 2677 5257 populi
2732 5187 2828 5249 tui,
2867 5194 2920 5240 et
2968 5185 3130 5239 visita
3184 5199 3285 5239 nos
3330 5183 3385 5238 in
3435 5184 3586 5239 saluo

2009 5283 2111 5337 tari
2159 5291 2279 5336 tuo.
2327 5280 2594 5335 Converte
2639 5294 2755 5344 nos,
2806 5277 2949 5333 Deus
2994 5276 3249 5331 salutaris
3297 5284 3589 5342 noster,.et

2010 5384 2196 5429 averte
2225 5375 2363 5429 iram
2415 5382 2566 5428 tuam
2610 5387 2640 5426 a
2682 5372 2855 5426 nobis.
2902 5370 3211 5441 Eripe-nos
3248 5370 3314 5425 de
3351 5370 3588 5425 inimici;

2012 5466 2233 5531 nostris,
2266 5465 2407 5520 Deus
2453 5472 2659 5529 noster,
2706 5470 2761 5517 et
2816 5463 2884 5518 ab
2936 5462 3337 5532 insurgentibus
3385 5461 3439 5515 in
3489 5478 3595 5515 nos

2014 5560 2182 5616 libera
2220 5574 2335 5615 nos.
2389 5556 2634 5622 Domine,
2684 5570 2752 5609 ne
2781 5555 2939 5625 longe
2980 5570 3073 5610 eas
3118 5571 3148 5608 a
3192 5552 3374 5620 nobis;
3420 5553 3589 5621 Deus,

2012 5724 2254 5786 partem,
2283 5721 2339 5786 e_t
2364 5711 2525 5766 finem
2564 5710 2726 5786 hujus
2748 5710 3108 5786 statuendum
3159 5724 3278 5786 esse
3312 5715 3437 5786 post
3466 5722 3591 5786 ora-

2015 5778 2218 5841 tionem
2242 5778 2262 5837 7:
2297 5781 2406 5837 Pro
2429 5778 2686 5853 seruanda
2712 5781 2903 5837 silendi
2946 5780 3294 5852 loquendique
3324 5778 3599 5853 discretio—

2017 5874 2110 5924 ne,
2150 5865 2211 5911 ut
2238 5852 2568 5925 infra,§l7.
3080 5860 3086 5865 '
