4122 6608
481 404 585 462 487

1325 410 1387 467 Β.
1423 412 1488 467 F.
1524 411 1753 469 ALBINI
1793 411 1928 472 SEU
1969 412 2246 472 ALCUINI
2285 413 2572 473 OPERUM
2606 412 2788 473 PARS
2824 414 2911 472 ιν.

3664 420 3770 474 688

480 522 538 577 in
584 521 843 578 auxilium
893 531 1142 580 nostrum
1191 525 1423 596 respice.
1476 526 1847 595 Convertere,
1882 528 2071 584 Domi-
2102 533 2147 587 Λ
2176 543 2348 597 usque
2398 528 2451 583 in
2499 530 2776 585 smcnlum.
2832 529 3101 587 Memento
3143 532 3577 601 congregationis
3624 541 3768 601 tuae,

483 633 574 679 ne,
614 612 1030 685 aliquantulum,
1057 625 1115 673 et
1152 618 1447 689 deprecare
1487 634 1651 691 super
1691 635 1881 677 servos
1924 630 2067 676 tuos.

483 708 676 764 Salvos
704 708 791 763 {ac
824 724 946 774 nos,
978 707 1227 775 Domine,
1252 709 1397 766 Deus
1433 722 1643 777 noster,
1693 720 1750 768 et
1798 725 2071 784 congrega

484 815 584 856 nos
608 801 675 856 de
715 802 1023 856 nationibus
1050 819 1063 856 :
1095 810 1155 856 ut
1194 803 1557 859 conﬁteantur
1592 804 1799 860 nomini
1830 812 1924 858 tuo
1947 820 2073 859 san-

482 906 606 961 cto,
658 908 716 952 et
768 896 1069 968 gloriemur
1119 896 1173 951 in
1230 896 1389 951 laude
1452 906 1564 952 tua.
1623 896 1910 969 Exsurge,
1966 897 2069 951 Do-

481 990 658 1054 mine,
713 987 913 1058 adjuva
959 1003 1094 1054 nos,
1144 995 1203 1043 et
1244 988 1417 1044 libera
1456 1004 1556 1044 nos
1601 998 1823 1061 propter
1873 1004 2070 1045 nomen

481 1088 654 1134 tuum.

1197 1147 1383 1204 Oratio

548 1258 785 1315 Oramus
826 1268 903 1326 te,
932 1260 1022 1333 pie
1061 1260 1391 1317 exaudibilis
1428 1260 1659 1317 Domine
1681 1260 1810 1317 Jesu
1851 1262 2072 1319 Christe

480 1349 625 1405 Deus
649 1360 856 1416 noster,
877 1359 934 1407 ct
955 1365 1082 1407 cum
1111 1351 1259 1407 omni
1290 1352 1685 1422 supplicatione
1712 1368 1989 1423 rogamus,
2014 1361 2075 1410 ut

477 1461 575 1517 per
604 1447 967 1503 interventum
997 1446 1173 1502 beata:
1198 1455 1256 1502 et
1301 1447 1552 1517 gloriosae
1596 1464 1816 1518 semper
1845 1447 2073 1519 virginis

481 1539 685 1605 Marize,
711 1540 1064 1609 omniumque
1092 1547 1406 1595 sanctorum
1450 1540 1787 1611 angelorum,
1835 1541 2069 1595 archan-

478 1633 720 1705 gelorum
742 1674 760 1699 ,
800 1632 1236 1704 patriarcharum
1259 1673 1277 1699 ,
1323 1634 1713 1703 prophetarum
1738 1673 1754 1700 ,
1809 1633 2074 1703 apostolo-

480 1740 623 1791 rum,
650 1732 988 1796 martyrum,
1018 1722 1417 1791 conl'essorum,
1451 1726 1749 1795 virginum,
1779 1727 2075 1782 monacho-

478 1832 622 1883 rum,
651 1825 708 1873 et
733 1816 979 1873 omnium
1018 1816 1222 1873 civium
1246 1830 1630 1887 supernorum,
1676 1815 1935 1873 Ecclesiae
1964 1825 2073 1871 tuae

2174 634 2337 689 quam
2366 622 2563 675 creasti
2591 622 2659 675 ab
2688 622 2861 675 initio.
2895 620 3161 678 Liberasti
3194 625 3402 695 virgam
3437 626 3769 682 hmreditatis

2174 716 2301 765 tute.
2327 708 2404 765 Ne
2433 710 2622 765 tradas
2647 711 2837 767 bestiis
2861 712 3071 768 animas
3099 712 3473 769 confitentium
3498 715 3626 770 tibi:
3654 715 3743 770 ani

2172 817 2292 857 mas
2316 817 2617 873 pauperum
2655 811 2871 858 tuorum
2904 818 2972 859 ne
3000 802 3344 860 obliviscaris
3372 806 3427 860 in
3453 804 3635 862 finem.
3665 808 3771 862 Do-

2174 892 2341 958 mine,
2358 890 2503 948 Deus
2524 893 2811 961 virtutum,
2833 903 3088 951 converte
3111 910 3233 961 nos,
3259 904 3317 951 et
3333 899 3561 952 ostende
3575 897 3766 954 faciem

2174 991 2344 1047 tuam,
2361 990 2418 1039 et
2441 983 2577 1039 salvi
2611 984 2836 1039 erimus.
2859 984 3097 1041 Ostende
3126 985 3305 1054 nobis,
3335 986 3585 1054 Domine,
3612 990 3770 1044 mise-

2174 1073 2467 1129 ricordiam
2491 1082 2659 1139 tuam,
2691 1083 2747 1129 et
2767 1074 3008 1130 salutare
3029 1083 3182 1131 tuum
3210 1075 3280 1131 da
3313 1076 3491 1134 nobis.
3521 1076 3766 1144 Domine,

2174 1163 2317 1221 Deus
2339 1164 2621 1231 virtutum,
2645 1165 2841 1221 exaudi
2868 1180 3060 1236 preces
3081 1174 3317 1233 nostras,
3346 1166 3570 1224 auribus
3596 1170 3770 1241 perci-

2170 1270 2261 1325 pe,
2280 1254 2424 1311 Deus
2447 1253 2634 1311 Jacob.
2664 1256 2732 1311 Et
2759 1266 2839 1322 tu,
2854 1256 3360 1324 Domine,Domine,
3379 1256 3466 1317 fac
3486 1261 3769 1317 nobiscum

2172 1344 2606 1402 misericordiam
2634 1355 2855 1418 propter
2875 1362 3074 1404 nomen
3115 1359 3289 1417 tuum,
3321 1351 3451 1421 quia
3477 1352 3658 1409 suavis
3684 1363 3771 1408 est

2173 1437 2549 1493 misericordia
2580 1446 2693 1493 tua.
2720 1438 2950 1512 Prutege
2976 1455 3077 1495 nos
3111 1454 3143 1495 a
3168 1451 3437 1497 conventu
3464 1443 3769 1515 malignan-

2175 1530 2329 1595 tium,
2360 1538 2417 1586 et
2442 1545 2473 1585 a
2496 1530 2840 1588 multitudine
2860 1533 3207 1603 cperantium
3232 1534 3601 1606 iniquitatem.
3617 1534 3772 1590 Mitte

2172 1621 2328 1676 nobis
2374 1620 2637 1676 auxilium
2687 1621 2754 1678 de
2794 1629 3019 1689 sancto,
3052 1625 3222 1680 et-de
3269 1622 3403 1681 Sion
3438 1633 3594 1682 tuere
3644 1640 3765 1682 nos.

2173 1711 2379 1768 Exaudi
2413 1728 2532 1781 nos,
2566 1712 2813 1779 Domine,
2862 1714 3122 1783 quoniam
3172 1716 3405 1787 benigna
3436 1726 3524 1772 est
3555 1717 3774 1773 miseri-

2171 1802 2360 1859 cordia
2404 1811 2535 1859 tua:
2563 1803 2863 1859 secundum
2901 1803 3305 1861 multitudinem
3353 1806 3770 1862 miserationnm

476 1908 760 1964 catholica:
779 1907 942 1963 fidem
964 1922 1182 1979 augeas,
1209 1885 1399 1978 pacem
1429 1908 1661 1974 tribuas,
1683 1906 2070 1978 indulgentiam
2100 1885 2149 1945 Β
2179 1907 2398 1952 tuarum
2427 1897 2640 1967 respice
2682 1897 2739 1951 in
2766 1911 2874 1953 meo
2922 1896 3235 1966 mende,
3266 1899 3517 1967 Domine,
3552 1899 3770 1955 miseri-

478 2000 636 2055 nobis
659 2009 715 2055 et
754 1999 1130 2056 remissionem
1158 2007 1511 2070 peccatorum
1539 1999 1831 2055 concedas.
1870 1997 2068 2054 Amen.

477 2093 712 2150 lnlirmis
743 2094 991 2157 salutem,
1025 2094 1193 2163 lapsis
1226 2095 1630 2164 reparationem
1655 2133 1672 2161 ,
1724 2093 1872 2149 aeris
1915 2107 2073 2147 com-

476 2187 794 2243 moditatem
846 2186 1245 2257 navigantibus,
1285 2195 1342 2241 et
1391 2185 1774 2242 itinerantibus
1826 2183 2074 2241 ﬁdelibus

476 2279 583 2334 iter
636 2292 954 2349 pmSperum
1005 2293 1071 2332 ac
1122 2277 1314 2332 salutis
1376 2286 1632 2348 portum,
1687 2275 2075 2332 tribulantibus

479 2369 690 2444 [ποι-ιε,
721 2367 1017 2443 tribulatis]
1040 2369 1330 2441 gaudium,
1353 2368 1630 2439 oppressis
1658 2366 2071 2435 relevationem,

476 2461 729 2533 captivis,
763 2460 981 2525 vinctis,
1009 2468 1069 2515 et
1093 2458 1421 2532 peregrinis,
1468 2459 1868 2523 remissionem,
1913 2460 2077 2515 abso-

477 2559 739 2615 lutionem
761 2567 818 2614 ct
838 2556 907 2613 ad
922 2558 1158 2629 patriam
1188 2556 1578 2614 reversionem.
1594 2553 1789 2610 Amen.
1806 2552 2071 2625 Angelum

479 2662 631 2708 tuum
678 2659 930 2707 sanctum
964 2650 1056 2706 hic
1101 2657 1158 2706 et
1205 2648 1408 2720 ubique
1453 2648 1767 2710 custodem,
1825 2653 2073 2701 mutuam

478 2742 919 2801 discordantibus
947 2744 1292 2807 charitatem,
1325 2740 1631 2798 infidelibus
1670 2755 1857 2795 veram
1884 2736 2070 2805 fidem,

480 2848 539 2892 et
568 2834 843 2891 defunctis
881 2833 1129 2891 ﬁdelibus
1180 2833 1421 2906 requiem
1452 2831 1718 2904 propitius
1750 2831 1956 2886 donare
1986 2830 2072 2886 di-

477 2928 662 2995 gneris
690 2934 970 2984 :eternam.

1177 3038 1349 3101 Χιν.

477 3160 665 3238 Quod
690 3161 1026 3243 secundum
1039 3168 1421 3243 prtepeptum
1443 3158 1739 3243 Apostoli
1762 3158 2071 3222 orandum

776 3243 860 3303 sit
891 3242 966 3303 ab
1000 3240 1282 3304 omnibus
1308 3258 1433 3322 pro
1470 3240 1779 3303 omnibus.

553 3358 820 3430 Przecepit
846 3360 1003 3416 nobis
1024 3376 1205 3416 sermo
1231 3360 1561 3430 apostolicus
1589 3375 1603 3415 :
1648 3360 1828 3426 Orate,
1861 3361 2068 3427 dicens,

477 3466 572 3521 pro
602 3450 920 3516 invicem,ut
942 3448 1218 3505 salvemini
1236 3449 1448 3522 (Jac.v,
1469 3449 1579 3522 i6).
1609 3448 1708 3505 Cui
1726 3465 1827 3505 nos
1849 3464 2071 3506 necesse

476 3549 562 3597 est
607 3539 664 3595 in
715 3539 1089 3596 saluberrimis
1142 3540 1432 3612 praeceptis
1483 3542 1706 3597 obedire
1731 3582 1747 3608 ,
1806 3548 1862 3597 et
1907 3555 2072 3596 orare

475 3645 669 3688 omnes
687 3646 787 3703 pro
818 3631 1092 3696 omnibus,
1114 3641 1174 3686 ut
1203 3632 1484 3687 salventur
1523 3647 1714 3689 omnes
1741 3648 1866 3688 cum
1896 3631 2072 3686 omni-

477 3726 598 3780 bus.
646 3723 865 3796 Septem
905 3733 1031 3780 sunt
1072 3734 1337 3796 praeterea
1387 3723 1601 3796 psalmi,
1658 3739 1726 3779 ex
1779 3724 1979 3795 quibus
2023 3724 2071 3779 si

477 3832 645 3871 unum
689 3831 887 3886 corpus
932 3816 1221 3881 eilicimur,
1251 3832 1351 3887 pro
1387 3818 1535 3872 omni
1584 3832 1811 3887 prorsus
1838 3831 2074 3888 corpore

474 3918 698 3971 oramus
721 3907 995 3965 Ecclesiae.
1029 3907 1386 3965 Considerato
1439 3917 1642 3974 tamen,
1669 3909 1765 3979 qui
1814 3908 1970 3980 legis,
2015 3916 2073 3963 et

477 4000 646 4069 proba
671 3999 815 4069 quod
835 3998 1085 4054 dicimus.
1112 4000 1169 4053 ln
1196 3999 1281 4055 his
1314 4014 1549 4070 namque
1584 4000 1848 4054 memoria
1887 4013 2070 4055 sacer-

475 4091 685 4155 dotum,
719 4104 1036 4161 regumque,
1066 4099 1122 4145 et
1164 4098 1544 4160 potentatuum
1569 4132 1585 4157 ,
1624 4091 1809 4161 populi
1854 4100 2073 4160 quoque

476 4192 534 4236 et
575 4181 748 4252 plebis
790 4183 973 4237 simul.
1016 4182 1355 4237 Psalmorum
1400 4197 1563 4254 ergo,
1622 4198 1761 4254 quos
1811 4182 2066 4246 diximus,

479 4274 581 4329 ista
603 4283 729 4329 sunt
748 4275 924 4344 capita
958 4290 974 4327 :
1006 4272 1291 4339 Memento,
1323 4273 1569 4340 Domine,
1596 4273 1797 4339 David;
1825 4273 2070 4338 Domine,

476 4382 533 4419 m
562 4366 751 4421 virtute
792 4375 920 4431 tua;
949 4365 1031 4420 Ad
1071 4376 1142 4429 te,
1179 4364 1419 4430 Domine,
1446 4365 1671 4421 clamavi
1718 4364 1860 4419 Deus
1889 4380 2072 4429 meus;

482 4453 624 4513 Deus
651 4459 965 4513 misereatur
988 4458 1170 4523 nobis}
1208 4457 1553 4521 Benediatisti,
1602 4456 1858 4523 Domine;
1889 4455 2074 4511 Domi-

478 4567 573 4615 ne,
622 4550 923 4620 refugium;
949 4547 1252 4618 Conﬁtebor
1275 4551 1392 4617 tibi,
1422 4550 1667 4616 Domine,
1692 4552 1749 4605 in
1779 4561 1887 4606 toto
1917 4551 2073 4607 corde

2177 1988 2424 2045 cordiam
2461 1999 2613 2043 tuam
2642 1988 2941 2046 scientibus
2978 1998 3050 2055 te,
3085 1999 3142 2046 et
3180 1989 3455 2060 justitiam
3504 1999 3653 2047 tuam
3682 1991 3772 2047 bis

2176 2081 2271 2154 qui
2309 2091 2458 2139 recto
2478 2092 2607 2139 sunt
2631 2085 2815 2141 corde.
2851 2083 3201 2157 Complaceat
3246 2087 3369 2153 tibi,
3418 2087 3668 2155 Domine,
3710 2098 3772 2144 ut

2175 2175 2378 2247 eripias
2400 2191 2525 2232 me:
2559 2177 2809 2246 Domine,
2838 2179 2896 2234 in
2935 2180 3201 2235 auxilium
3248 2190 3501 2237 nostrum
3536 2181 3768 2250 respice.

2176 2267 2711 2340 Exsurge,Domine,
2739 2267 2934 2340 adjuva
2968 2285 3086 2336 nos,
3128 2279 3185 2327 et
3218 2270 3389 2329 libera
3422 2286 3524 2328 nos
3548 2278 3774 2345 propter

2175 2371 2372 2414 nomen
2394 2363 2564 2412 tuum.

2872 2469 3083 2529 Oratio.

2244 2587 2575 2659 Propitiare,
2621 2588 2871 2654 Domine,
2916 2604 3136 2660 quaeso,
3191 2591 3460 2645 universae
3514 2588 3774 2645 Ecclesia:

2175 2690 2283 2738 tua:
2304 2680 2607 2747 catholicae,
2647 2689 2763 2737 toto
2789 2682 2925 2737 orbe
2954 2690 3224 2737 terrarum
3266 2681 3493 2738 diffusa.
3544 2681 3776 2757 Largire

2174 2774 2254 2833 illi
2298 2774 2460 2830 ﬁdem
2491 2782 2725 2841 rectam,
2773 2789 2910 2845 opus
2946 2776 3275 2846 pmcipuum
3298 2816 3314 2842 ,
3353 2792 3542 2848 pacem
3579 2790 3776 2847 perpe-

2176 2878 2347 2924 tuam.
2392 2866 2699 2937 Propitiare
2742 2866 2997 2923 omnibus
3045 2866 3298 2923 ﬁdelibus
3343 2868 3454 2923 tuis
3502 2869 3604 2925 sub
3640 2867 3777 2941 iugo

2174 2957 2520 3013 ethnicorum
2561 2956 2954 3014 laborantibus.
3004 2958 3308 3028 Propitiare
3345 2956 3552 3014 famulo
3578 2967 3671 3014 tuo
3700 2958 3771 3016 Ν.

2176 3049 2311 3124 [Αι.,
2336 3047 2435 3123 ιι.]
2466 3066 2642 3121 papae,
2668 3060 2724 3106 et
2762 3051 3015 3108 omnibus
3043 3051 3421 3108 sacerdotibus
3463 3060 3627 3123 atque
3666 3053 3771 3107 mi~

2174 3143 2388 3211 nistris,
2434 3150 2741 3213 cunctaque
2782 3142 2932 3199 clero
2974 3158 3184 3199 eorum.
3225 3141 3529 3215 Propitiare
3567 3143 3775 3199 famulo

2096 3241 2142 3306 c
2177 3247 2269 3292 tuo
2300 3238 2362 3291 Ν.
2395 3236 2601 3303 abbati,
2637 3243 2697 3292 et
2723 3237 2991 3293 universa:
3019 3236 3147 3292 huic
3187 3236 3595 3309 congregationi
3637 3244 3772 3303 tua,

2171 3332 2533 3403 omnibusque
2583 3345 2681 3402 per
2724 3338 2898 3387 totum
2928 3332 3117 3388 orbem
3165 3331 3223 3386 in
3266 3339 3359 3400 tuo
3386 3332 3608 3388 nomine
3634 3346 3771 3387 con-

2171 3424 2429 3497 grcgatis.
2460 3423 2764 3494 Propitiare
2806 3422 3009 3480 famulo
3043 3432 3135 3480 tuo
3165 3422 3230 3478 N.
3258 3439 3407 3496 regi,
3450 3424 3769 3495 cunctisque

2170 3515 2497 3572 Christianis
2521 3516 2877 3587 principibus,
2903 3526 2961 3571 et
2987 3517 3244 3573 universo
3263 3518 3530 3573 exercitui
3550 3533 3762 3574 eorum.

2172 3607 2476 3679 PrOpitiare
2502 3608 2775 3664 universis
2803 3607 3067 3667 fratribus
3088 3610 3246 3676 meis,
3274 3609 3389 3667 sive
3409 3610 3515 3677 eis,
3551 3611 3645 3681 qui
3675 3619 3767 3668 tua

2171 3700 2463 3763 charitate,
2496 3698 2577 3754 vel
2620 3699 2786 3755 etiam
2809 3701 3281 3771 consanguinitate
3315 3698 3591 3770 conjuncti
3617 3711 3765 3758 sunt.

2169 3791 2477 3863 Propitiare
2522 3792 2799 3858 omnibus,
2845 3792 2938 3863 qui
2982 3807 3081 3863 pro
3128 3807 3215 3847 me
3243 3792 3534 3864 implorant
3571 3808 3773 3851 nomen

2172 3894 2419 3941 sanctum
2446 3892 2618 3951 tuum,
2650 3884 2856 3955 velqui
2890 3899 2976 3939 me
3018 3884 3279 3940 miserum
3314 3885 3459 3955 apud
3484 3894 3635 3941 tuam
3663 3885 3776 3943 cle-

2170 3976 2434 4030 mentiam
2454 3974 2759 4046 supplicare
2780 3974 3089 4031 voluerunt.
3112 3974 3415 4047 Propitiare
3439 3974 3769 4047 virginibus,

2173 4068 2497 4139 conjugatis,
2525 4082 2589 4124 ac
2616 4068 2814 4133 viduis,
2853 4068 3136 4138 orphanis,
3172 4068 3423 4138 captivis,
3452 4069 3769 4139 paenitenti-

2172 4159 2297 4226 bus,
2322 4159 2575 4226 inﬁrmis,
2616 4158 2851 4225 afﬂictis,
2900 4159 3315 4233 navigantibus,
3364 4160 3769 4227 itinerantibas,

2175 4251 2553 4315 incarceratis,
2600 4260 2658 4307 et
2686 4252 2741 4307 in
2781 4250 3195 4324 quibuscunque
3240 4250 3661 4308 necessitatibus
3690 4261 3773 4307 at-

2174 4358 2281 4414 que
2331 4343 2566 4399 miseriis
2620 4343 2933 4399 constitutis
2956 4383 2973 4409 ,
3029 4350 3087 4399 et
3125 4342 3381 4398 universo
3427 4342 3626 4413 populo
3679 4351 3773 4400 tuo

2174 4433 2510 4500 Christiano,
2539 4448 2701 4504 quem
2742 4434 2984 4504 pretioso
3014 4433 3278 4506 sanguine
3302 4435 3600 4492 redemisti.
3639 4436 3772 4491 Pro-

2176 4525 2373 4595 pitiare
2396 4525 2563 4579 etiam
2604 4523 2822 4580 miseris
2848 4524 3093 4596 paganis,
3121 4523 3324 4582 ludatis
3364 4536 3528 4598 atque
3554 4526 3771 4584 haereti-

477 4614 624 4705 meo,
650 4614 1186 4712 q'uo'niamexaudisti
1206 4614 1387 4697 omnia
1410 4645 1566 4698 verba
1605 4614 1713 4698 oris
1741 4645 1864 4699 mei.
1903 4642 2069 4709 Sane,
2104 4617 2154 4677 θ
2178 4616 2280 4680 eis’
2306 4615 2422 4671 Sive
2447 4614 2633 4686 laPSis’
2657 4625 2716 4671 ut
2743 4618 2969 4712 creda'f‘
3010 4616 3064 4712 ί¹ξ
3093 4625 3145 4673 ιθ
3174 4617 3463 4712 nomian
3491 4619 3770 4691 Deumque

479 4750 549 4790 ne
573 4736 695 4806 quis
717 4750 815 4790 nos
845 4737 1229 4805 reprehendat,
1256 4738 1403 4808 quod
1445 4739 1599 4808 prius
1621 4739 1903 4809 posuimus
1923 4738 2071 4808 psal-

478 4844 627 4884 mum
646 4870 663 4895 ,
706 4827 965 4885 Memento
984 4871 999 4894 ,
1038 4830 1288 4896 Domine,
1312 4832 1484 4886 David
1508 4873 1524 4896 ,
1567 4832 1658 4902 qui
1686 4833 1955 4901 posterior
1989 4840 2073 4887 est

480 4920 706 4985 ordine,
739 4921 990 4975 dabimus
1018 4936 1364 4990 responsum,
1394 4923 1520 4991 quia
1569 4937 1676 4977 non
1721 4931 1809 4977 est
1839 4938 2073 4995 pensan-

480 5013 582 5069 dus
606 5014 739 5068 ordo
767 5014 822 5067 in
852 5014 1097 5082 psalmis,
1131 5013 1227 5071 sed
1254 5015 1449 5069 virtus.
1482 5014 1551 5069 Et
1577 5015 1703 5085 quia
1738 5014 1947 5084 primus
1990 5023 2073 5070 est

480 5103 626 5158 intra
654 5102 955 5159 Ecelesiam
989 5105 1125 5161 ordo
1154 5105 1533 5171 sacerdotalis,
1550 5107 1693 5162 hunc
1715 5107 1951 5177 primum
1976 5121 2073 5175 po-

481 5192 691 5247 suimus
724 5193 773 5246 in
801 5194 1080 5263 precibus.

719 5304 844 5361 Post
882 5306 1216 5363 Dominicam
1257 5309 1564 5364 Orationem
1610 5325 1828 5365 versus:

554 5416 667 5484 Ego
694 5417 803 5470 dixi
834 5432 849 5471 :
883 5417 1131 5483 Domine,
1188 5422 1448 5477 miserere
1497 5424 1632 5487 mei,
1665 5439 1797 5476 sana
1836 5424 2073 5477 animam

481 5525 690 5575 meam,
743 5512 870 5582 quia
924 5516 1145 5583 peccavi
1192 5516 1310 5569 tibi.
1353 5516 1677 5571 Sacerdotes
1724 5518 1801 5571 tui
1851 5517 2076 5570 induant

477 5602 768 5672 justitiam,
804 5610 862 5657 et
906 5606 1079 5660 sancti
1110 5607 1189 5661 tui
1244 5608 1535 5662 exsultent.
1590 5608 1835 5674 Domine,
1866 5608 2075 5663 salvum

482 5693 568 5749 fac
589 5709 794 5763 regem,
823 5706 879 5751 et
913 5700 1110 5754 exaudi
1153 5715 1251 5755 nos
1278 5701 1330 5754 in
1365 5702 1471 5765 die,
1504 5718 1607 5772 qua
1640 5703 2075 5759 invocaverimus

481 5797 555 5843 te.
586 5786 808 5843 Salvum
850 5789 933 5846 fac
981 5793 1233 5863 populum
1257 5794 1362 5864 37
1391 5803 1565 5859 tuum,
1595 5782 1856 5859 Domine,
1903 5804 1958 5849 et
1984 5796 2075 5850 bc-

485 5878 640 5935 nedic
663 5880 1037 5940 hmreditatcm
1081 5894 1251 5953 tuam,
1281 5896 1333 5943 et
1364 5903 1490 5959 rege
1521 5903 1632 5954 eos,
1660 5897 1712 5943 et
1756 5887 1950 5944 extolle
1979 5903 2073 5944 eos

2174 4720 2386 4772 verum,
2409 4712 2467 4761 et
2505 4713 2849 4761 revertantur
2874 4707 2942 4761 ad
2967 4714 3020 4763 te
3048 4707 3102 4763 in
3132 4716 3245 4765 toto
3282 4710 3446 4767 corde
3480 4725 3600 4767 suo.
3645 4712 3769 4769 Tri-

2178 4795 2305 4860 bue,
2336 4810 2541 4865 quaeso,
2568 4794 2819 4861 Domine,
2857 4796 3004 4851 omni
3028 4798 3201 4864 sexui,
3223 4807 3281 4854 et
3306 4800 3574 4856 universa:
3596 4804 3769 4870 tutati,

2177 4897 2340 4957 atque
2397 4886 2696 4943 conditioni
2748 4888 2958 4943 ordinis
3005 4887 3335 4956 Christiani,
3389 4893 3768 4950 mandatorum

2177 4987 2394 5035 tuorum
2439 4978 2745 5034 custodiam
2766 5020 2782 5044 ,
2825 4987 2880 5033 et
2914 4995 3137 5036 suorum
3166 4982 3409 5041 omnium
3436 4984 3648 5042 veniam
3674 4986 3771 5042 de-

2176 5071 2450 5136 lictorum,
2471 5078 2527 5124 et
2554 5067 2712 5125 nobis
2740 5071 3025 5127 miserere.
3050 5070 3246 5127 Amen.

2177 5300 2362 5376 Quod
2387 5301 2620 5361 bonum
2653 5302 2737 5362 sit
2771 5204 3096 5383 orarEZro
3121 5303 3431 5385 defunctis
3453 5304 3766 5388 ﬁdelibus.

2248 5421 2443 5491 Arguit
2468 5430 2691 5477 sanctus
2722 5422 3011 5493 Apostolus
3038 5425 3300 5495 quosdam
3330 5426 3649 5485 Corinthios
3688 5433 3771 5485 in—

2178 5517 2476 5582 fidelitatis,
2522 5519 2651 5587 quia
2682 5520 2748 5574 dc
2776 5522 3192 5577 resurrectionis
3218 5523 3387 5595 gloria
3415 5525 3723 5583 titubabant
3752 5541 3771 5559 ο

2179 5607 2239 5663 Si
2291 5608 2555 5674 Christus,
2610 5611 2817 5680 inquit,
2862 5611 3187 5682 pradicatur
3214 5615 3357 5684 quod
3409 5619 3693 5673 resurrexit
3736 5636 3773 5672 α

2176 5703 2424 5767 mortuis,
2468 5703 2730 5773 quomodo
2764 5704 2981 5775 quidam
3013 5705 3196 5761 dicunt
3224 5708 3278 5762 in
3316 5708 3489 5776 vobis,
3519 5712 3769 5781 quoniam

2180 5793 2489 5846 resurrectio
2539 5794 2795 5848 bonorum
2828 5793 2948 5867 [ΑΙ.
2976 5836 2992 5861 ,
3049 5799 3412 5873 mortuorum]
3454 5818 3559 5856 non
3599 5811 3676 5856 est
3714 5801 3770 5873 (1

2180 5884 2303 5942 Cor.
2331 5902 2425 5953 xv,
2452 5884 2709 5957 i2)?Nos
2752 5901 2903 5958 ergo,
2954 5889 3044 5957 qui
3076 5890 3280 5961 absque
3322 5893 3469 5949 omni
3518 5892 3771 5964 scrupulo
