4122 6624
293 516 397 574 489

1183 505 1576 564 LITURGICA.
1612 534 1684 544 —
1720 502 1809 557 DE
1847 497 2098 555 PSALM.
2141 492 2298 552 USU.
2338 524 2409 534 ——
2444 491 2646 549 PARS.
2690 492 2728 548 l.

3478 488 3584 548 490

292 630 753 688 resurrectionem
799 626 1070 682 veraciter
1109 624 1384 680 credimus
1405 632 1465 692 _et
1490 628 1889 692 exspectamus,
1927 625 1966 680 Α
1995 612 2134 682 ροτίο
2172 610 2406 666 Ροεειηη
2450 620 2659 672 tamen,
2694 605 3062 680 sicutH'artc,
3088 609 3131 662 si
3162 607 3270 681 cui]
3299 608 3495 678 placet,
3533 621 3589 667 et

290 734 510 777 oremus
541 717 781 789 quotidie
818 731 917 787 pro
939 714 1331 771 resurrecturis
1354 690 1747 768 ddrmientibus
1777 707 1889 761 fra-

290 816 467 870 tribus
495 811 717 868 nostris.
748 809 805 865 ln
844 810 930 866 his
956 822 1193 879 namque
1222 806 1461 879 quinque
1496 803 1740 875 psalmis,
1768 816 1894 873 pos-

289 923 480 965 sumus
514 905 699 978 aliquo
728 904 890 960 modo
928 918 1117 960 eorum
1157 900 1475 957 memoriam
1522 898 1723 962 facere,
1764 895 1890 965 quia

289 1002 623 1074 praedicatur
656 999 711 1055 in
742 999 823 1054 eis
853 995 1254 1068 quodammodo
1282 991 1611 1050 resurrectio
1648 997 1891 1045 mortuo-

292 1109 414 1149 rum
438 1112 452 1147 :
474 1090 725 1148 Miserere
745 1091 869 1156 mei,
896 1088 1057 1151 Deus,
1083 1085 1371 1141 secundum
1388 1097 1667 1155 magnam;
1689 1078 1889 1144 Dilezri,

289 1185 541 1258 quoniam
582 1181 851 1238 exaudivit
891 1180 1184 1241 Dominus;
1226 1176 1461 1241 Credidi,
1504 1185 1717 1247 propter
1748 1173 1891 1246 quod

297 1277 499 1333 lwutus
539 1292 657 1331 sum
680 1292 700 1341 ;
731 1271 1067 1344 Conﬁtemini
1113 1270 1341 1326 Domino
1393 1268 1642 1341 quoniam
1685 1266 1889 1332 bonus,

293 1369 541 1438 quoniam
580 1367 637 1422 in
680 1364 935 1421 secutum
965 1362 1329 1418 misericordia
1369 1360 1519 1431 ejus;
1566 1359 1723 1414 Dicat
1754 1374 1891 1415 nunc

292 1457 498 1524 Israel;
529 1456 771 1512 Laudate
802 1455 1085 1511 Dominum
1108 1455 1164 1508 in
1192 1452 1387 1507 sanctis
1414 1452 1550 1522 ejus.

561 1570 691 1626 Post
712 1568 1049 1626 Dominicam
1070 1566 1377 1624 Orationem
1406 1583 1603 1621 versus.

361 1684 574 1742 Animae
629 1684 977 1740 morientium
1024 1681 1259 1738 fratrum
1296 1689 1607 1737 nostrorum
1646 1681 1700 1737 in
1734 1680 1894 1737 bonis

292 1777 669 1841 demorentur,
716 1782 773 1832 et
814 1789 1000 1831 semen
1038 1787 1228 1829 eorum
1260 1772 1578 1828 btereditate
1616 1772 1894 1843 possideat

292 1878 519 1927 terram.
550 1867 671 1924 Non
696 1868 880 1923 veniat
907 1867 989 1922 eis
1011 1882 1110 1938 pes
1145 1865 1434 1937 superbiae,
1466 1876 1521 1920 et
1549 1880 1746 1929 manus
1766 1881 1893 1938 pec-

289 1971 538 2019 catorum
565 1977 673 2017 non
702 1967 958 2018 moveant
990 1976 1105 2016 eos.
1134 1959 1417 2029 Aceipiant
1458 1959 1888 2016 benedictionem
1922 1995 1967 2054 Β

288 2071 319 2110 a
344 2056 597 2121 Domino,
628 2061 685 2109 et
720 2052 1156 2109 misericordiam
1185 2068 1214 2105 a
1242 2052 1354 2107 Deo
1383 2051 1607 2107 salutari
1641 2066 1758 2109 suo.
1784 2052 1892 2115 Ex:

289 2146 500 2203 sultent
526 2146 582 2202 in
621 2152 915 2217 conspectu
958 2143 1076 2208 Dei,
1104 2152 1160 2198 et
1202 2141 1541 2198 delectentur
1581 2144 1637 2197 in
1675 2142 1887 2198 laetitia.

290 2236 375 2293 'l'u
417 2245 624 2301 autem,
664 2234 923 2299 Domine,
976 2249 1043 2288 ne
1088 2234 1245 2305 longe
1294 2232 1462 2287 facias
1487 2231 1892 2288 misericordias

291 2337 417 2395 tuas
441 2344 473 2383 a
494 2343 583 2383 me
617 2344 630 2381 :
663 2326 1038 2382 misericordia
1070 2335 1161 2381 tua
1190 2334 1246 2380 et
1264 2324 1470 2381 veritas
1493 2332 1583 2379 tua
1626 2321 1890 2394 suscipiat

294 2435 406 2478 eos.
439 2420 517 2477 Da
545 2420 649 2487 eis,
698 2420 951 2486 Domine,
995 2419 1388 2491 protectionem
1433 2417 1627 2473 salutis
1673 2424 1807 2483 mae,
1833 2426 1891 2474 et

291 2515 514 2574 dextera
541 2522 633 2571 tua
661 2514 924 2585 suscipiat
955 2528 1069 2569 eos.
1111 2513 1311 2567 Emitte
1338 2510 1515 2566 lucem
1541 2518 1693 2566 tuam
1724 2517 1782 2565 et
1799 2524 1892 2566 vc.

289 2612 507 2667 ritatem
561 2618 751 2665 tuam:
796 2610 913 2681 ipsa
956 2624 1051 2664 eos
1098 2609 1210 2680 38
1251 2607 1487 2663 deducat
1533 2606 1591 2661 in
1647 2614 1889 2662 montem

288 2710 539 2756 sanctum
571 2710 744 2763 tuum,
785 2699 840 2755 in
863 2699 1215 2756 tabernacula
1248 2709 1361 2754 tua.
1390 2698 1461 2756 Et
1499 2698 1806 2754 inhabiteut
1835 2700 1889 2754 in

288 2792 641 2849 tabernacula
682 2800 773 2848 tua
827 2792 883 2846 in
934 2791 1172 2858 saecula;
1227 2798 1587 2863 protegantur
1634 2791 1691 2846 in
1738 2790 1890 2851 vela-

289 2893 479 2939 mento
506 2882 719 2938 alarum
743 2892 980 2939 tuarum.
1010 2877 1089 2937 Tu
1113 2890 1321 2949 autem,
1349 2881 1596 2947 Domine,
1629 2881 1893 2939 miserere

289 2974 393 3039 eis,
415 2983 474 3031 et
500 2974 767 3029 ‘resuscita
793 2987 908 3039 eos,
956 2983 1011 3028 et
1052 2974 1319 3030 conﬁrma
1353 2987 1450 3030 eos
1495 2973 1551 3028 in
1594 2981 1890 3045 conspectu

291 3074 389 3122 tuo
414 3066 470 3121 in
494 3073 758 3120 aeternum
790 3082 803 3118 :
835 3074 897 3120 ut
936 3066 1240 3123 inbabitent
1267 3065 1323 3121 in
1352 3066 1512 3121 domo
1538 3073 1653 3130 tua,
1689 3065 1744 3121 in
1774 3062 1892 3123 lon-

289 3156 535 3231 gitudine
563 3156 791 3211 dierum.

995 3268 1201 3325 Oratio.

1997 718 2103 758 non
2136 702 2279 757 cedit
2306 702 2562 775 pigritiae,
2585 700 2889 756 continuari
2921 700 3045 755 huic
3065 700 3307 770 psalmus
3335 701 3590 758 duodeci-

1997 812 2116 852 mus
2144 814 2157 850 :
2185 795 2497 868 Usqucquo,
2556 794 2817 858 Domine;
2863 801 2919 848 ct
2963 794 3291 849 centesimus
3340 803 3393 849 ct
3443 782 3585 867 rigc}

1996 893 2167 948 simus
2191 910 2204 946 ε
2236 890 2426 947 Levavi
2454 890 2632 947 oculos
2655 906 2795 945 meos
2823 889 2893 944 ad
2923 898 3145 944 montes.

2247 1002 2373 1060 Post
2404 1002 2736 1058 Dominicam
2768 999 3071 1056 Orationem
3114 1018 3310 1056 versus.

2071 1097 2223 1154 Mitte
2268 1096 2445 1162 nobis,
2478 1095 2728 1160 Domine,
2777 1093 3036 1149 auxilium
3081 1094 3145 1149 de
3185 1105 3393 1167 sancto,
3438 1098 3589 1155 etde

1995 1188 2127 1245 Sion
2143 1198 2295 1244 tuere
2310 1204 2428 1245 nos.
2451 1187 2679 1259 Protege
2703 1202 2801 1242 nos
2820 1202 2850 1241 a
2867 1196 3133 1243 conventu
3154 1188 3589 1260 malignantium,

1994 1288 2051 1335 ct
2095 1296 2127 1335 a
2166 1278 2511 1335 multitudine
2554 1278 2897 1349 operantium
2934 1278 3294 1349 iniquitatem.
3342 1279 3589 1337 lllumina

1996 1369 2189 1426 faciem
2222 1377 2369 1424 tuam
2414 1384 2578 1441 super
2605 1384 2822 1425 servum
2856 1377 3028 1434 tuum,
3060 1377 3115 1424 et
3140 1369 3347 1425 salvum
3389 1388 3475 1428 me
3504 1372 3593 1429 fac

1996 1463 2051 1517 in
2089 1469 2181 1517 tua
2221 1461 2616 1517 misericordia.
2654 1460 2905 1526 Domine,
2936 1476 3043 1515 non
3092 1459 3416 1529 confundar,
3457 1480 3594 1536 quo-

1994 1553 2143 1608 niam
2168 1551 2414 1609 invocavi
2452 1560 2525 1609 te.
2557 1551 2776 1608 Faciem
2813 1558 2961 1606 tuam
2995 1550 3238 1607 illumina
3278 1569 3441 1625 super
3478 1570 3594 1628 scr-

1994 1658 2122 1701 vum
2152 1652 2325 1710 tuum,
2356 1651 2412 1701 et
2444 1643 2577 1701 doce
2604 1658 2691 1700 me
2710 1642 3125 1716 iustificationes
3154 1653 3294 1702 tuas.
3325 1645 3593 1714 Quoniam

1996 1745 2054 1792 tu
2082 1735 2357 1793 illuminas
2389 1735 2638 1792 lucernas
2668 1750 2841 1802 meas,
2870 1733 3097 1790 Domine
3130 1734 3274 1792 Deus
3314 1753 3489 1804 meus,
3530 1738 3594 1793 il-

1996 1830 2202 1887 lumina
2233 1830 2481 1887 tenebras
2501 1844 2670 1887 meas.

2270 1941 2456 1998 Oratio
2487 1942 2658 2015 prima
2686 1942 2740 1997 in
2769 1941 3065 1997 dormitorii
3103 1941 3313 1998 cellula.

2067 2035 2324 2104 Benedic,
2350 2035 2596 2101 Domine,
2626 2051 2834 2108 qureso,
2882 2035 3131 2093 cellulam
3155 2035 3176 2111 [
3204 2036 3314 2105 AL,
3366 2038 3592 2113 cellam]

1996 2131 2177 2196 istam,
2204 2138 2266 2187 ut
2286 2130 2379 2202 qui
2403 2130 2456 2185 in
2484 2130 2679 2185 umbra
2705 2130 2915 2185 alarum
2946 2139 3161 2186 tuarum
3187 2144 3492 2202 speramus,
3522 2135 3592 2189 ab

1993 2225 2248 2282 omnibus
2289 2222 2503 2280 insidiis
2536 2222 2879 2290 damonum,
2925 2223 3146 2279 virtutis
3188 2232 3296 2281 tua
3350 2227 3593 2297 potentia

1994 2324 2264 2372 tueamur.
2314 2316 2419 2372 Per
2448 2314 2737 2371 Dominum
2774 2323 3018 2372 nostrum
3055 2314 3241 2374 Jesum
3288 2316 3585 2383 Christum,

1994 2412 2088 2483 qui
2113 2410 2247 2466 vivit
2280 2419 2333 2464 et
2361 2418 2550 2482 regnat
2581 2408 2634 2464 in
2660 2408 2856 2466 saecula
2882 2408 3224 2466 saeculorum.
3257 2411 3453 2467 Amen.

2716 2520 2857 2576 Alia.

2065 2614 2204 2670 lluic
2235 2613 2467 2689 cellulae,
2493 2627 2702 2683 qumso,
2722 2611 2968 2679 Domine,
2996 2627 3237 2682 prtesens
3277 2613 3485 2680 adesto,
3529 2622 3593 2671 ut

1995 2712 2214 2760 caterva
2236 2705 2542 2758 dzemonum
2573 2700 2807 2757 contrita
2828 2699 3114 2773 eﬂ‘ugetur.

2606 2813 2745 2868 Item
2794 2812 2985 2869 oratio.

2067 2907 2317 2972 Domine,
2343 2921 2505 2980 quem
2526 2921 2703 2978 neque
2732 2905 2908 2976 spatia
2936 2888 3181 2969 dilatant,
3213 2922 3312 2965 nec
3347 2908 3589 2967 brevitas

1993 2999 2236 3057 locorum
2268 3007 2542 3073 angustat,
2585 3000 2729 3057 hanc
2755 2998 3028 3067 cellulam,
3056 3014 3262 3074 quaeso,
3292 3005 3596 3074 pnesentiae

1994 3099 2101 3147 tua:
2130 3091 2252 3148 luce
2295 3090 2578 3163 perfunde,
2621 3098 2681 3146 ut
2727 3088 3077 3147 tenebrarum
3104 3073 3307 3148 auctor
3340 3079 3597 3153 confusus

1995 3186 2274 3244 abscedat.
2307 3185 2411 3242 Per
2431 3184 2721 3241 Dominum
2744 3192 2994 3240 nostrum
3016 3182 3201 3241 Jesum
3229 3185 3531 3244 Christum.

2724 3294 2867 3350 Alia.

343 3382 443 3466 .Ne
472 3393 712 3456 reputes,
757 3384 1000 3456 piissime
1031 3385 1280 3452 Domine,
1320 3394 1546 3458 peccata
1596 3358 1965 3462 quiescen-_c
2064 3391 2109 3447 A
2160 3388 2300 3445 facie
2347 3387 2658 3460 impiorum,
2708 3402 2915 3458 quaeso,
2965 3386 3213 3455 Domine,
3255 3391 3356 3446 sub
3402 3391 3595 3450 umbra

291 3479 429 3533 tium
484 3476 715 3533 fratrum
762 3492 1029 3545 meorum,
1074 3478 1161 3534 vel
1209 3495 1403 3535 eorum
1438 3479 1531 3550 qui
1581 3480 1715 3535 mihi
1760 3466 1906 3539 con?

288 3569 460 3639 juncti
501 3581 591 3625 tua
622 3572 892 3626 charitate
923 3571 1288 3638 exsziterunt;
1322 3579 1382 3626 ut
1409 3572 1497 3626 his
1524 3579 1688 3644 atque
1716 3573 1889 3629 omni-

296 3661 397 3717 bus
437 3661 491 3716 in
533 3669 621 3716 tua
654 3661 759 3716 ﬁde
787 3659 1058 3718 defunctis
1098 3662 1336 3734 digneris
1385 3670 1646 3718 aeternam
1696 3679 1889 3721 conce-

294 3752 423 3809 dere
452 3753 715 3824 requiem.

920 3845 1041 3899 Alia
1070 3847 1261 3900 oratio.

305 4032 311 4038 ι
365 3954 466 4019 Da,
497 3970 703 4027 quaeso,
747 3954 999 4021 Domine,
1045 3954 1290 4027 requiem
1336 3958 1590 4015 omnibus
1627 3956 1891 4015 fratribus

296 4047 522 4112 nostris,
563 4048 655 4119 qui
687 4047 750 4103 de
777 4048 881 4103 hac
921 4046 1042 4103 luce
1080 4048 1134 4102 in
1168 4046 1510 4104 confessione
1544 4051 1620 4102 tui
1656 4050 1890 4105 nominis

298 4143 684 4210 migraverunt,
714 4150 768 4194 et
797 4140 956 4195 nobis
976 4139 1253 4197 miserere.
1286 4139 1479 4193 Amen.

1015 4253 1189 4314 XVI.

337 4379 524 4457 Quod
570 4378 880 4443 orandum
926 4377 1008 4439 sit
1055 4379 1123 4439 in
1169 4376 1538 4457 dormitorii
1595 4377 1847 4453 cellula,

428 4460 807 4540 priusquam
841 4456 1290 4536 corpusculum
1328 4456 1511 4523 detur
1542 4458 1763 4538 quieti.

364 4586 497 4641 Post
540 4585 826 4640 decursum
859 4597 989 4639 vero
1026 4582 1190 4637 totius
1235 4581 1341 4636 diei
1374 4580 1629 4650 spatium,
1670 4595 1793 4634 cum
1819 4579 1885 4636 ad

297 4676 526 4734 lectulos
554 4676 861 4731 accedimus
902 4675 1231 4738 dormitum,
1272 4673 1413 4728 votis
1442 4672 1695 4728 omnibus
1738 4687 1889 4744 roge-

1992 3485 2201 3542 alarum
2229 3489 2448 3537 tuarum
2477 3494 2577 3536 nos
2602 3489 2848 3552 protege,
2875 3487 2935 3534 ut
2959 3480 3028 3536 ad
3067 3479 3281 3536 laudem
3310 3483 3384 3538 tui
3418 3485 3595 3540 nomi-

1992 3576 2078 3630 nis
2104 3571 2425 3633 surrecturi,
2459 3577 2517 3625 te
2542 3584 2709 3639 super
2732 3583 2833 3625 nos
2858 3569 3115 3641 vigilante
3138 3572 3314 3627 securi
3352 3574 3593 3629 dormia-

1993 3682 2133 3722 mus.
2199 3665 2303 3718 Per
2367 3661 2655 3717 Dominum
2731 3670 2979 3716 nostrum
3043 3658 3226 3718 Jesum
3291 3661 3591 3721 Christum.

1992 3758 2184 3813 Amen.

2726 3844 2869 3900 Alia.

2062 3940 2281 3995 Gratias
2324 3937 2421 3992 tibi
2452 3951 2575 4009 ago,
2624 3933 2855 3991 Domine
2902 3943 3090 3991 sancte
3130 3935 3312 4001 Pater,
3348 3939 3590 4011 omnipo-

1993 4041 2113 4088 tens
2140 4040 2342 4087 mterue
2385 4028 2547 4094 Deus,
2600 4029 2692 4099 qui
2736 4042 2824 4084 me
2869 4028 3123 4101 dignatus
3169 4044 3229 4085 es
3268 4029 3321 4086 in
3361 4031 3463 4089 hac
3504 4033 3594 4088 die

1991 4127 2267 4183 custodire
2294 4140 2393 4197 per
2419 4132 2567 4179 tuam
2592 4132 2837 4181 sanctam
2859 4124 3321 4191 misericordiam;
3352 4128 3592 4183 concede

1992 4220 2124 4274 mihi
2153 4219 2293 4273 hanc
2317 4227 2533 4274 noctem
2564 4214 2856 4287 tranquillo
2884 4223 2939 4271 et
2963 4216 3164 4273 mundo
3196 4217 3360 4273 corde
3393 4227 3449 4275 et
3467 4234 3593 4275 cor-

1990 4327 2121 4382 pore
2166 4312 2246 4366 sic
2293 4309 2665 4381 pcrtransirc,
2711 4316 2774 4363 ut
2811 4323 2948 4379 pure
2996 4308 3066 4364 ad
3106 4308 3321 4381 vigilias
3361 4325 3593 4381 surgens

1990 4414 2201 4476 gratum
2232 4403 2325 4458 tibi
2356 4401 2639 4458 servitium
2668 4397 2951 4456 exsolvere
2984 4400 3209 4469 possim.

2060 4516 2171 4588 39
2201 4516 2385 4571 Oratio
2431 4517 2600 4570 sancti
2644 4513 2954 4596 Hieronymi
2986 4530 3081 4585 pro
3130 4513 3369 4569 custodia
3405 4515 3512 4571 diei

2608 4594 2871 4655 sequentis
2916 4598 2964 4637 δ.

2064 4678 2274 4734 Mecum
2302 4689 2440 4743 esto,
2464 4677 2692 4733 Domine
2711 4676 2983 4741 Sabaoth;
3012 4690 3170 4731 mane
3192 4691 3314 4732 cum
3340 4690 3593 4731 surrexe-

294 4784 420 4826 mus
458 4767 769 4833 Dominum.
817 4781 943 4822 cum
990 4765 1260 4837 Ρνοῐιὶιειδ
1311 4766 1553 4821 dicem“
1584 4782 1598 4818 ε
1631 4743 1889 4818 Numina
1921 4743 1967 4802 υ
1994 4788 2075 4835 ro,
2109 4770 2329 4827 intende
2351 4770 2420 4826 ad
2456 4784 2566 4835 me,
2593 4777 2647 4824 et
2675 4768 2914 4838 guberna
2949 4782 3140 4822 omnes
3162 4775 3315 4823 actus
3343 4782 3515 4832 meos,
3536 4779 3595 4823 et

294 4860 477 4917 oculos
501 4875 664 4925 meas,
688 4875 751 4913 ne
772 4874 1003 4929 unquam
1026 4859 1353 4913 obdormiam
1381 4858 1438 4911 in
1470 4867 1635 4912 morte
1656 4854 1884 4927 (Psalm.

295 4970 398 5019 xu,
427 4952 501 5025 4).
531 4951 717 5023 Neque
742 4950 887 5007 enim
916 4950 1108 5006 melior
1128 4958 1212 5006 est
1254 4959 1467 5005 mortuo
1491 4949 1767 5006 dormiens
1797 4949 1889 5019 qui

298 5063 330 5101 a
359 5059 585 5115 vespere
619 5059 789 5113 usque
836 5043 905 5097 ad
950 5056 1110 5099 mane
1156 5043 1428 5098 obdurato
1458 5041 1478 5114 [
1509 5041 1693 5108 Forte,
1734 5043 1891 5096 obtu-

298 5135 463 5209 rato]
513 5151 608 5191 ore
636 5135 790 5191 laude
820 5134 1116 5202 Creatoris,
1154 5150 1263 5189 non
1300 5142 1412 5189 tam
1459 5150 1670 5198 somno,
1726 5148 1888 5203 quam

299 5229 565 5299 lethargia
593 5229 880 5300 depressus
910 5226 1198 5298 resupinus
1235 5227 1416 5281 stertit
1442 5226 1498 5280 in
1532 5225 1748 5281 lectulo.
1784 5225 1887 5281 Ve-

299 5336 420 5375 rum
467 5319 592 5389 quia
633 5328 824 5374 contra
852 5327 1102 5374 naturam
1133 5326 1217 5372 est
1244 5317 1541 5371 insomnem
1576 5316 1761 5371 vivere
1791 5315 1890 5369 bo-

299 5412 523 5474 tninem,
571 5409 719 5463 illum
760 5425 1010 5479 rogemus
1039 5407 1356 5471 dormituri,
1409 5407 1503 5477 qui
1547 5422 1653 5460 non
1683 5404 1890 5460 dormi—

303 5502 439 5556 tabit
476 5515 652 5569 neque
696 5500 964 5563 dormiet;
1005 5506 1065 5551 ut
1106 5496 1507 5553 satisfaciamus
1557 5496 1889 5550 dormientes

301 5606 411 5648 non
449 5592 734 5657 voluntati,
780 5590 875 5646 sed
925 5590 1254 5645 necessitati.
1305 5588 1577 5644 Canamus
1622 5596 1888 5656 prtetcrea

302 5699 487 5741 coram
514 5683 709 5739 lectulo
745 5682 1011 5752 psalmum
1041 5692 1274 5745 sextum,
1326 5682 1380 5736 id
1404 5690 1508 5746 est,
1540 5681 1783 5744 Domine,
1827 5696 1891 5733 ne

300 5778 357 5830 in
398 5777 481 5830 ira
509 5785 602 5830 tua
628 5790 822 5845 arguas
868 5789 981 5839 me;
1013 5774 1264 5843 congruit
1298 5772 1444 5827 enim
1473 5780 1528 5825 et
1563 5770 1641 5825 rei
1670 5778 1726 5824 et
1754 5778 1892 5823 tem—

1992 4864 2157 4917 verba
2198 4876 2342 4926 mea,
2376 4867 2428 4915 el
2467 4860 2822 4930 cogitationes
2850 4873 2999 4913 meas
3036 4858 3121 4913 vel
3151 4873 3312 4928 opera
3352 4874 3496 4925 mea,
3534 4869 3595 4915 ut

1994 4961 2165 5008 totum
2209 4952 2351 5007 diem
2399 4952 2697 5021 transigam
2740 4949 2795 5003 in
2836 4956 2929 5003 tua
2966 4949 3262 5005 voluntate.
3313 4948 3389 5003 Da
3438 4950 3590 5015 mihi,

1994 5043 2255 5109 Domine,
2314 5043 2566 5098 timorem
2617 5051 2805 5103 tuum,
2866 5041 3050 5097 cordis
3097 5043 3588 5109 compunctionem,

1994 5135 2191 5189 mentis
2213 5134 2598 5197 humilitatem,
2637 5133 2984 5187 conscientiae
3021 5133 3335 5203 puritatem,
3378 5141 3435 5186 ut
3475 5142 3587 5187 ter-

1992 5241 2107 5280 ram
2136 5227 2453 5295 despiciam,
2493 5224 2689 5282 celum
2728 5224 3042 5294 suspiciam,
3094 5234 3315 5294 peccata
3360 5224 3585 5286 oderim,

1988 5328 2044 5375 ct
2075 5317 2348 5388 justitiam
2390 5318 2630 5389 diligam.
2676 5316 2948 5373 Abscinde
2973 5333 3004 5373 a
3031 5334 3138 5383 me,
3171 5319 3412 5383 Domine,
3452 5319 3585 5390 gula~

1991 5409 2312 5480 appetitum,
2362 5409 2857 5478 concupiscentiam
2904 5408 3299 5474 fornicationis,
3345 5426 3587 5465 amorem

1991 5500 2251 5569 pecuniae,
2284 5508 2489 5567 pestem
2517 5499 2832 5564 iracundiae,
2861 5500 3138 5554 tristitiam
3161 5501 3365 5567 saeculi,
3388 5501 3588 5556 mentis

1996 5591 2275 5653 accidiam,
2330 5605 2525 5644 vanam
2574 5589 2849 5655 lmtitiam,
2902 5591 3242 5662 tyrannidem
3300 5589 3585 5661 superbius.

1997 5682 2186 5736 Planta
2214 5682 2266 5735 in
2292 5697 2401 5746 me,
2431 5682 2680 5746 Domine,
2709 5683 2965 5736 virtutem
2995 5683 3354 5745 abstinentiae,
3381 5691 3435 5737 et
3460 5697 3587 5736 cort-

1999 5774 2281 5828 tinentiam
2314 5773 2517 5839 carnis,
2550 5780 2607 5827 et
2634 5773 2939 5827 castitatem
2970 5774 3188 5837 mentis,
3227 5773 3588 5829 voluntariam

375 5905 401 5933 ι
448 5892 643 5961 Exstat
678 5887 820 5961 apud
855 5888 1107 5952 Martem,
1148 5888 1383 5958 Antiqua
1421 5875 1677 5942 Ecclesiae
1714 5883 2030 5953 Disciplina,
2059 5900 2179 5955 pag.
2217 5885 2339 5945 621,
2376 5884 2427 5939 ἱη
2494 5882 2699 5938 Libello
2758 5882 2933 5938 Caroli
2990 5882 3160 5947 Calvi,
3227 5898 3347 5954 pag.
3381 5883 3434 5951 6,
3464 5899 3586 5939 eum

304 5964 538 6033 quadam
563 5960 888 6018 differentia.

628 6053 907 6114 ΡΑτιιοι..
954 6049 1054 6113 CI.

3078 6041 3152 6101 16
