4122 6558
571 349 671 406 Mil

1421 333 1481 387 Β.
1517 330 1578 385 F.
1625 326 1851 383 ALBINI
1891 323 2019 380 SEU
2061 318 2337 377 ALCUINI
2376 316 2660 376 ΟῬΕΒΙΞΜ
2692 312 2879 371 PARS
2917 310 3005 367 ιγ..

3778 301 3805 352 4
3818 298 3888 351 1⁵2

571 467 1159 535 paupertatem,veram
1183 448 1523 520 patientiam,
1546 444 1786 500 laetitiam
1812 436 2166 511 spiritualem,
2203 439 2245 498 Α
2275 451 2411 489 unus
2434 444 2511 489 est
2535 432 2714 505 (Deut.
2742 446 2817 495 vi,
2847 429 2924 499 4).
2955 425 3057 482 nisi
3090 424 3331 479 Trinitas
3360 433 3497 474 unus
3524 417 3671 471 Deus
3705 423 3882 469 esset.

2276 530 2313 535 _
2408 529 2420 535 -
2460 530 2471 535 -
2588 527 2622 535 ..
2766 523 2805 535 π,
2853 532 2859 535 .
2971 522 2981 531 ο
3136 532 3267 535 γη--
3343 523 3387 535 _.
3427 511 3594 535 nun...
3634 507 3882 535 \'....l......

573 533 741 613 animi
767 551 1141 613 stabilitatem,
1168 543 1350 603 cordis
1375 540 1780 603 contritionem,
1805 533 2169 592 humilitatem

575 663 684 706 non
712 645 912 710 fictam,
943 641 1236 697 fraternam
1272 634 1608 691 charitatem.
1648 628 1870 684 Custodi
1899 640 1961 680 os
1989 638 2170 678 meum

574 752 646 796 ne
680 737 871 808 loquar
892 748 1053 797 vana,
1088 747 1157 786 ne
1191 726 1398 783 fabuler
1436 720 1737 783 saecularia,
1780 733 1848 773 ne
1888 714 2169 772 detraham

575 829 921 894 absentibus,
976 842 1047 882 ne
1086 822 1405 879 maledicam
1447 815 1808 888 praesentibus
1854 809 2174 882 parentibus

580 919 726 996 (Vox
762 918 1073 991 parentibus
1107 907 1419 981 redundat};
1462 922 1529 961 ne
1560 902 1913 975 respondeam
1948 896 2173 953 maledi-

574 984 724 1069 ctum
748 984 848 1081 pro
876 1005 1190 1069 maledicto;
1224 998 1316 1055 sed
1344 1014 1374 1054 e
1399 993 1674 1052 contrario
1711 987 2023 1046 benedicam
2064 984 2172 1040 Do-

578 1109 788 1165 minum
818 1105 871 1160 in
909 1101 1056 1157 omni
1098 1108 1358 1168 tempore,
1411 1103 1625 1160 semper
1668 1086 1787 1141 laus
1824 1081 1944 1151 ejus
1982 1080 2036 1135 in
2079 1092 2176 1133 ore

582 1218 725 1260 meo.
781 1198 1003 1257 Custodi
1032 1194 1219 1252 oculos
1248 1204 1420 1253 meos,
1447 1200 1516 1241 ne
1543 1182 1762 1237 videant
1791 1177 2075 1233 mulierem
2108 1171 2179 1227 ad

587 1295 1070 1366 concupiscendam
1114 1302 1257 1351 eam,
1303 1299 1369 1338 ne
1411 1278 1710 1335 desiderem
1755 1286 1873 1328 rem
1918 1266 2175 1340 proximi,

585 1406 689 1448 nec
734 1360 955 1446 delicias
1002 1382 1163 1453 huius
1209 1374 1422 1440 seaculi;
1454 1371 1551 1428 sed
1593 1368 1773 1425 dicam
1823 1379 1947 1421 cum
1986 1360 2179 1432 spiritu

585 1484 757 1542 David
784 1498 798 1538 :
828 1479 1080 1538 lllumina
1112 1471 1290 1531 oculos
1318 1484 1478 1533 meos,
1506 1482 1570 1519 ne
1600 1476 1830 1533 unquam
1853 1455 2179 1512 obdormiuit:

587 1578 645 1633 in
669 1584 854 1639 morte,
887 1588 949 1627 ne
980 1566 1191 1642 quando
1230 1562 1372 1616 dicat
1412 1557 1656 1613 inimicus
1693 1568 1836 1608 meus
1866 1564 1882 1601 :
1912 1545 2181 1603 Prteualni

592 1670 846 1724 adversus
893 1638 1012 1718 eum
1049 1655 1223 1731 (Psal.
1267 1670 1363 1719 xu,
1400 1649 1477 1723 4).
1517 1649 1583 1704 Et
1616 1647 1792 1703 dicam
1834 1657 1850 1697 :
1894 1638 2047 1698 Oculi
2081 1638 2185 1693 mei

597 1776 797 1831 semper
821 1755 888 1811 ad
917 1752 1221 1813 Dominum,
1261 1755 1317 1801 et
1353 1743 1582 1813 reliqua.
1626 1739 1694 1795 Et
1726 1737 1924 1795 iterum
1959 1734 2134 1790 dicam
2167 1746 2181 1785 :

2274 530 2342 585 Et
2368 529 2474 584 nisi
2506 537 2560 583 lu
2588 527 2730 582 Dens
2766 523 2929 578 Pater
2971 522 3083 590 ipse
3122 532 3295 581 esses,
3337 523 3392 569 ct
3427 511 3597 565 Filius
3634 507 3887 563 Verbum

2275 632 2424 677 tuum
2455 619 2613 675 Jesus
2638 616 2889 674 Christus
2932 614 3047 683 ipse
3088 618 3256 673 esset,
3297 616 3352 661 et
3390 606 3593 659 donum
3630 609 3889 657 vestrum

2276 710 2509 782 Spiritus
2547 708 2724 764 sancti
2769 703 2842 778 [F
2845 714 2977 769 orte,
3015 697 3294 771 sanctus];
3338 714 3444 752 non
3484 696 3800 768 legeremus
3831 692 3881 746 in

2274 804 2470 858 litteris
2496 800 2753 855 Veritatis
2789 817 2799 851 :
2838 796 2983 849 Misit
3012 793 3154 848 Dens
3184 790 3381 844 Filium
3425 805 3579 842 suum
3620 783 3773 859 (Gal.
3812 799 3896 850 tv,

2273 895 2351 967 4).
2397 892 2508 949 Nec
2556 902 2613 947 ιιι
2665 889 2942 961 unigenite
2998 887 3209 941 diceres
3260 883 3325 936 de
3373 880 3579 951 Spiritu
3634 884 3879 933 sancto:

2278 987 2446 1054 Quem
2471 986 2634 1039 mittet
2668 980 2829 1035 Pater
2850 982 2902 1033 in
2941 979 3149 1032 nomine
3180 992 3326 1039 meo;
3365 983 3411 1028 et
3455 987 3611 1044 quem
3644 987 3745 1042 ego
3778 967 3887 1022 mit-

2278 1089 2386 1132 tam
2411 1078 2554 1132 vobis
2577 1094 2608 1130 a
2633 1073 2794 1129 Patre
2827 1073 3009 1145 (Joun.
3047 1088 3157 1136 xw,
3199 1069 3299 1135 26;
3344 1083 3432 1133 xv,
3461 1066 3575 1137 26).
3622 1064 3707 1118 Ad
3744 1064 3887 1118 hanc

2280 1170 2519 1242 regulam
2549 1167 2673 1224 ﬁdei
2705 1167 2943 1238 dirigens
2974 1163 3332 1219 intentionem
3371 1174 3571 1222 meam,
3614 1165 3888 1227 quantum

2280 1276 2369 1316 me
2397 1274 2557 1331 posse
2588 1256 2787 1322 fecisti,
2820 1256 3044 1327 qutesivi
3074 1262 3147 1320 te,
3179 1263 3236 1308 et
3261 1250 3565 1307 desideravi
3604 1249 3896 1304 intellectu

2280 1356 2390 1428 40
2418 1355 2623 1420 videre,
2664 1355 2807 1426 quod
2841 1352 3075 1418 credidi,
3107 1358 3163 1406 et
3183 1364 3401 1407 mecum
3429 1347 3695 1418 disputavi
3729 1353 3792 1399 et
3818 1343 3903 1399 la-

2281 1449 2490 1504 boravi.
2540 1447 2768 1504 Domine
2810 1447 2950 1502 Deus
2984 1461 3158 1510 meus,
3191 1459 3300 1498 una
3341 1458 3465 1513 spes
3508 1457 3644 1503 mea,
3682 1439 3904 1495 exaudi

2285 1555 2391 1603 me,
2435 1554 2504 1595 ne
2543 1537 2798 1610 fatigatus
2831 1538 2997 1593 nolim
3029 1546 3081 1592 te
3100 1551 3373 1607 quzcrerc,
3415 1535 3508 1592 sed
3544 1548 3786 1605 quisi-am
3825 1531 3910 1588 fa-

2286 1634 2427 1689 ciem
2467 1642 2611 1687 tuam
2645 1647 2860 1701 semper
2885 1631 3183 1686 ardentem.
3213 1627 3291 1684 Tu
3320 1630 3387 1684 da
3416 1628 3691 1699 quaerendi
3719 1628 3903 1692 vires,

2289 1729 2380 1799 qui
2415 1726 2663 1782 invenire
2695 1735 2747 1779 te
2775 1724 2971 1789 fecisti,
3004 1732 3059 1779 et
3085 1723 3258 1795 magis
3288 1724 3571 1795 magisque
3609 1722 3905 1777 invenien-

598 1805 945 1909 ’ἴθ”ιεζξᾷυξ
967 1805 1145 1903 oculos
1170 1805 1331 1906 meos,
1359 1840 1449 1913 qui
1473 1805 1679 1893 itabitas
1702 1837 1757 1890 in
1788 1831 1947 1888 caelis.
1993 1829 2187 1886 Custo-
2219 1805 2267 1866 Β
2292 1823 2344 1878 di
2374 1831 2426 1878 te
2449 1836 2601 1893 spem
2633 1820 2829 1876 dedisti
2856 1816 3026 1891 [Edit.
3052 1814 3257 1882 Colon.,
3293 1816 3489 1873 Coram
3523 1826 3572 1872 te
3599 1825 3684 1872 est
3717 1814 3893 1869 firmi-

595 1947 647 1999 rii
672 1957 832 2000 aures
858 1952 1030 2003 meas,
1062 1950 1130 1990 ne
1167 1931 1386 1987 audiant
1412 1930 1645 2000 linguam
1670 1923 2064 1985 detrahentem,
2088 1933 2186 1974 nec

582 2037 815 2093 audiant
842 2029 1205 2092 mendacium,
1235 2039 1333 2080 nec
1361 2021 1586 2078 verbum
1612 2018 1847 2074 otiosum
1880 2033 1892 2068 :
1921 2013 2013 2070 sed
2046 2026 2189 2067 sem-

596 2147 693 2201 per
723 2136 924 2199 aperta:
948 2123 1057 2177 sint
1082 2118 1324 2191 quotidie
1353 2115 1420 2170 ad
1455 2110 1781 2168 audiendum
1816 2108 2042 2163 verbum
2068 2102 2186 2158 Dei.

601 2224 823 2280 Custodi
858 2218 1021 2291 pedes
1062 2230 1227 2276 meos,
1273 2227 1338 2267 ne
1371 2211 1702 2265 circumeant
1742 2203 1963 2258 domum
2005 2198 2189 2261 otiosi,

589 2320 692 2374 sed
733 2324 875 2371 stent
908 2313 959 2367 in
996 2310 1241 2366 oratione
1280 2305 1397 2360 Dei.
1436 2300 1658 2359 Custodi
1699 2312 1888 2352 manus
1924 2309 2095 2357 meas,
2129 2308 2196 2346 ne

599 2410 946 2480 porrigantur
971 2418 1110 2473 smpe
1150 2401 1216 2455 ad
1245 2398 1555 2469 accipienda
1596 2409 1844 2456 munera,
1884 2389 1977 2445 sed
2015 2388 2195 2457 potius

600 2503 879 2556 cicvcntur
905 2497 958 2551 in
984 2494 1233 2566 precibus
1262 2489 1476 2545 Domini
1523 2486 1733 2541 mund-.e
1766 2492 1821 2536 et
1860 2496 2028 2552 pnrze,
2077 2478 2196 2532 sine

604 2596 683 2647 ira
707 2599 762 2644 et
787 2587 1191 2658 disceptatione.
1227 2598 1333 2652 quo
1362 2579 1563 2651 possim
1586 2578 1765 2631 dicere
1794 2574 1943 2629 illum
1965 2569 2198 2644 prophe-

605 2686 770 2740 ticum
802 2694 1104 2738 sermoncm
1136 2697 1149 2731 :
1183 2677 1455 2746 Dirigatur
1492 2673 1659 2726 oratio
1698 2688 1809 2723 mea
1847 2670 1980 2722 sicut
2021 2667 2197 2720 inccn-

606 2794 723 2832 sum
753 2774 806 2829 in
830 2780 1104 2844 conspectu
1131 2780 1242 2823 tuo.
1285 2765 1523 2820 Elevatio
1561 2778 1813 2817 manuum
1852 2774 2086 2814 mearum
2119 2774 2201 2811 sa—

609 2871 866 2941 criﬁcium
908 2866 1271 2936 vespertinum.
1320 2858 1465 2914 Fiat.
1512 2858 1693 2912 Amen.

1292 2973 1495 3035 XVII.

609 3087 739 3149 Pro
772 3078 1073 3146 servanda
1101 3074 1326 3139 silendi
1359 3067 1771 3152 loquendique
1802 3062 2198 3127 discretione.

681 3208 955 3276 Scriptum
1001 3210 1103 3265 est,
1155 3195 1455 3268 aliirmante
1498 3189 1764 3263 apostolo,
1816 3184 1955 3253 Quia
2008 3184 2112 3238 vita

613 3316 754 3354 mors
774 3298 829 3351 in
848 3311 1007 3349 manu
1030 3290 1221 3361 lingua:
1244 3296 1316 3341 est
1341 3282 1525 3358 (Prov.
1558 3298 1714 3346 ιιι-ιιι,
1739 3278 1853 3349 21).
1880 3277 1946 3331 Et
1969 3276 2163 3329 iterum
2188 3288 2201 3324 :

617 3392 873 3461 Linguam
894 3384 1071 3442 nullus
1102 3383 1370 3436 hominum
1394 3378 1607 3430 domare
1625 3382 1788 3446 potest
1824 3371 1963 3444 (Jac.
2004 3384 2081 3430 ιιι,
2126 3366 2204 3436 8).

616 3482 769 3549 Quod
800 3494 929 3550 ergo
953 3494 1056 3532 non
1082 3483 1258 3548 potest
1285 3473 1507 3528 domare
1532 3483 1698 3540 purus
1726 3467 1908 3531 homo,
1934 3475 2207 3533 rogemus,

619 3584 679 3629 ut
693 3574 872 3628 domet
896 3570 1036 3625 Deus
1052 3578 1106 3622 et
1134 3568 1312 3622 homo.
1333 3562 1474 3633 Ergo
1491 3561 1556 3615 ad
1583 3557 1928 3615 obtinendam
1951 3555 2211 3609 virtutem

655 3664 841 3722 iscreti
869 3661 1086 3725 silentii,
1119 3656 1343 3728 supplici
1377 3654 1661 3710 devotione
1691 3651 1790 3705 hos
1819 3661 2079 3703 canamus
2104 3644 2213 3699 Do-

651 3758 777 3811 nino
814 3752 1097 3823 psalmos:
1133 3746 1303 3802 Verba
1352 3760 1503 3808 mea;
1552 3739 1680 3795 Dixi
1706 3780 1719 3803 ,
1767 3734 2061 3791 custodiam
2102 3733 2215 3787 vias

631 3864 805 3914 meas;
827 3843 1068 3907 Domine,
1098 3837 1319 3896 clamavi
1344 3834 1413 3888 ad
1443 3844 1511 3897 te,
1548 3829 1739 3885 exaudi
1767 3844 1868 3881 me.

874 3933 1002 3990 Post
1040 3929 1370 3987 Dominicam
1411 3923 1718 3979 Orationem
1752 3934 1948 3973 versus.

699 4030 940 4092 Domine,
976 4022 1172 4081 exaudi
1195 4019 1495 4075 orationem
1532 4029 1728 4077 meam,
1759 4010 1981 4065 auribus
2007 4006 2223 4079 percipe

628 4121 790 4176 verba
818 4117 929 4171 oris
966 4114 1093 4170 mei.
1138 4109 1362 4166 Custodi
1411 4122 1516 4169 me,
1571 4102 1815 4164 Domine,
1864 4108 1922 4152 ut
1966 4097 2223 4168 pupillam

630 4212 769 4266 oculi
797 4228 809 4263 :
840 4208 939 4263 sub
965 4206 1157 4259 umbra
1181 4202 1389 4255 alarum
1422 4207 1636 4251 tuarum
1668 4202 1889 4264 protege
1917 4205 2022 4244 me.
2056 4188 2222 4253 Pone,

634 4304 880 4367 Domine,
905 4296 1201 4355 custodiam
1231 4292 1314 4348 ori
1343 4303 1485 4353 meo,
1507 4296 1563 4343 et
1585 4287 1783 4343 ostium
1806 4280 2228 4338 circumstantias

658 4393 794 4448 abiis
839 4390 990 4444 meis.
1044 4385 1116 4442 Ut
1155 4398 1261 4438 non
1299 4379 1533 4435 declinet
1578 4391 1673 4433 cor
1711 4388 1889 4429 meum
1920 4372 1975 4426 in
2004 4371 2228 4425 verbum

641 4485 858 4540 malum,
891 4475 985 4531 sed
1013 4472 1283 4541 repleatur
1311 4483 1373 4525 os
1400 4481 1577 4521 meum
1628 4463 1787 4518 laude
1834 4471 1954 4526 tua;
2002 4467 2062 4514 ut
2107 4473 2229 4528 pos-

2155 3159 2275 3235 etc

2293 1920 2377 1966 tas
2421 1919 2477 1967 et
2513 1910 2803 1965 infirmitas
2843 1923 3009 1974 mea;
3060 1906 3204 1963 illam
3258 1922 3451 1973 serva,
3503 1908 3663 1962 istam
3709 1902 3891 1975 sana).

2291 2001 2487 2058 Coram
2519 2010 2571 2057 te
2607 2010 2691 2057 est
2721 2001 2947 2056 scientia
2986 2010 3039 2055 et
3084 2001 3388 2072 ignorantia
3424 2015 3569 2054 mea.
3621 1998 3720 2054 Ubi
3762 1998 3897 2052 milii

2293 2095 2571 2167 aperuisti,
2604 2094 2817 2165 suscipe
2848 2094 3173 2157 intrantem;
3200 2093 3286 2147 ubi
3311 2092 3579 2155 clausisti,
3605 2092 3754 2161 aperi
3778 2089 3905 2161 pul-

2294 2190 2458 2254 santi,
2498 2196 2559 2241 ut
2597 2186 2933 2241 meminerim
2972 2186 3078 2251 tui,
3119 2185 3414 2257 intelligam
3452 2193 3525 2249 te,
3566 2184 3794 2254 diligam
3832 2191 3905 2237 te.

2294 2286 2444 2356 Auge
2478 2284 2533 2338 in
2575 2296 2661 2336 me
2695 2281 2820 2345 ista,
2864 2279 3039 2335 donec
3078 2294 3166 2334 me
3201 2278 3463 2335 reformes
3501 2278 3568 2331 ad
3608 2277 3909 2348 integrum.

2298 2376 2424 2433 Scio
2444 2375 2705 2445 scriptum
2735 2387 2856 2429 esse
2885 2391 2896 2425 :
2924 2370 2989 2425 In
3024 2370 3353 2441 multiloquio
3394 2387 3496 2424 non
3529 2369 3750 2438 eﬁ‘ngies
3790 2382 3906 2437 pcr-

2297 2479 2473 2525 catum
2506 2465 2688 2539 (Prov.
2714 2481 2765 2530 ς,
2795 2463 2900 2536 l9).
2932 2461 3039 2518 Sed
3066 2463 3274 2517 utinam
3297 2459 3639 2532 pratdicando
3670 2459 3911 2512 verbum

2300 2570 2471 2625 tuum,
2507 2568 2563 2614 et
2587 2556 2859 2612 laudando
2879 2564 2954 2620 te,
2986 2552 3359 2609 tantummodo
3385 2551 3638 2622 loquerer
3666 2570 3679 2603 :
3710 2558 3773 2605 et
3806 2566 3915 2605 non

2300 2652 2474 2708 solum
2509 2650 2751 2721 fugerem
2783 2654 3085 2719 peccatum,
3120 2646 3214 2701 sed
3253 2644 3505 2699 meritum
3535 2642 3911 2713 acquirerem,

2300 2740 2597 2814 quamlibet
2620 2739 2846 2795 multum
2869 2737 2947 2793 sic
2967 2736 3236 2807 loquerer.
3270 2735 3456 2806 Neque
3485 2736 3627 2790 enim
3656 2734 3761 2788 hoc
3795 2748 3912 2787 mo-

2303 2837 2373 2893 do
2410 2836 2478 2890 de
2529 2842 2582 2889 te
2620 2832 2814 2888 beatus
2856 2830 3055 2886 Paulus
3091 2828 3412 2901 praeciperet
3451 2827 3739 2882 Timotheo
3766 2825 3915 2880 Filio

2309 2942 2430 2992 suo,
2460 2926 2547 2979 cui
2579 2924 2820 2995 scripsit,
2854 2922 3040 2979 dicens
3075 2940 3086 2974 :
3121 2916 3367 2972 Prodico
3398 2919 3625 2981 verbum,
3658 2917 3798 2969 insta
3831 2932 3921 2986 0p-

2304 3029 2545 3091 portune,
2578 3016 2868 3087 importune
2898 3012 3058 3085 (Tim.
3096 3025 3168 3076 tv,
3199 3010 3275 3082 ἢ).
3324 3008 3556 3064 Verbum
3589 3018 3756 3073 tmun,
3802 3008 3917 3061 Do-

2309 3112 2473 3175 mine,
2511 3107 2752 3177 nunquid
2775 3104 3064 3159 dicendum
3094 3111 3197 3167 est,
3236 3102 3397 3155 istum
3428 3115 3537 3154 non
3570 3099 3799 3153 multum
3836 3099 3921 3152 lo-

2312 3210 2515 3266 cutum,
2542 3199 2800 3271 quoniam
2833 3213 2940 3252 non
2975 3195 3146 3251 solum
3176 3202 3495 3264 opportune,
3531 3209 3720 3249 verum
3750 3194 3919 3248 etiam

2314 3296 2616 3365 importune
2645 3290 2879 3346 Verbum
2918 3298 3089 3353 tuum,
3118 3287 3360 3351 Domine,
3390 3301 3494 3339 non
3521 3285 3781 3339 tacebat?
3810 3282 3915 3340 Sed

2315 3388 2436 3443 ideo
2462 3403 2567 3441 non
2590 3393 2708 3441 erat
2729 3382 2979 3448 multum,
3002 3382 3131 3451 quia
3157 3388 3367 3434 tantum
3387 3385 3507 3431 erat
3519 3379 3915 3434 necessarium.

2315 3479 2509 3535 Libera
2548 3493 2655 3545 me,
2697 3478 2839 3532 Deus
2872 3490 3051 3539 meus,
3088 3489 3116 3527 a
3152 3470 3509 3539 multiloquio,
3554 3471 3699 3540 quod
3745 3469 3918 3540 patior

2315 3571 2464 3627 intus
2512 3571 2568 3625 in
2613 3569 2795 3625 anima
2844 3582 2984 3631 mea,
3028 3565 3230 3620 misera
3273 3565 3324 3617 in
3366 3571 3666 3633 conspectu
3704 3570 3817 3627 tuo,
3870 3570 3922 3617 et

2317 3663 2666 3736 confugiente
2698 3662 2764 3718 ad
2804 3658 3236 3717 misericordiam
3280 3666 3463 3712 tuam:
3491 3670 3599 3710 non
3642 3656 3789 3709 enim
3830 3670 3917 3710 co-

2321 3756 2671 3829 gitationibus
2698 3764 2870 3819 taceo,
2903 3753 3066 3807 etiam
3098 3758 3291 3804 tacens
3321 3748 3563 3804 vocibus.
3606 3746 3670 3809 Et
3698 3747 3926 3818 quidem

2322 3850 2371 3903 si
2401 3863 2508 3904 non
2541 3847 2859 3916 cogitarem,
2893 3841 2995 3896 nisi
3036 3837 3177 3911 quod
3216 3837 3462 3909 placeret
3497 3836 3618 3901 tibi;
3665 3851 3771 3890 non
3812 3836 3926 3889 titi-

2323 3957 2430 4012 que
2458 3953 2725 4010 rogarem,
2768 3944 2829 3989 ut
2860 3949 2946 3990 me
2986 3933 3054 3988 ab
3097 3934 3198 3987 hoc
3251 3930 3589 4000 multiloquio
3631 3928 3921 3986 liberares.

2327 4030 2434 4085 Sed
2466 4030 2644 4083 multm
2665 4035 2793 4081 sunt
2818 4025 3340 4097 cogitationes'meae
3371 4022 3529 4086 tales,
3558 4020 3745 4092 quales
3778 4021 3927 4074 nosti

2326 4122 2685 4193 cogitationes
2740 4119 3041 4181 hominum,
3079 4131 3199 4187 qua:
3229 4129 3385 4170 vanae
3418 4122 3561 4169 sunt.
3607 4112 3758 4166 Dona
3793 4112 3922 4166 mihi

2329 4228 2437 4268 non
2466 4212 2547 4266 eis
2585 4209 2926 4274 consentire;
2968 4217 3023 4263 et
3054 4209 3099 4264 si
3130 4207 3350 4276 quando
3381 4219 3465 4259 me
3496 4203 3791 4269 delectant,
3833 4218 3919 4257 eas

2331 4302 2682 4357 nihilominus
2708 4299 3035 4370 improbare,
3068 4312 3170 4355 nec
3201 4298 3254 4352 in
3287 4298 3367 4353 eis
3402 4294 3549 4349 velut
3584 4295 3921 4351 dormitando

2333 4393 2611 4449 immorari
2644 4410 2655 4445 :
2684 4405 2785 4446 nec
2815 4399 2992 4445 tamen
3017 4388 3235 4443 valeant
3265 4388 3403 4458 apud
3424 4402 3532 4453 me,
3560 4396 3623 4440 ut
3645 4385 3845 4457 aliquid
3869 4385 3923 4438 in

2332 4501 2496 4556 opera
2522 4500 2642 4540 mea
2666 4484 2927 4555 procedat
2948 4497 3015 4537 ex
3044 4481 3179 4547 illis;
3216 4482 3311 4539 sed
3351 4481 3417 4536 ab
3457 4480 3539 4537 eis
3580 4496 3702 4536 mea
3733 4480 3925 4535 saltem

640 4577 743 4629 Sim
783 4579 1004 4626 “mare
1038 4563 1263 4637 gloriam
1313 4570 1483 4623 “mni
1522 4565 1634 4613 tota
1665 4555 1757 4648 ξ’ίο
1798 4550 2228 4648 ,ωθεῗίωδῘ-ηθω
2256 4532 2309 4594 D
2336 4532 2541 4648 (Ilione,
2572 4532 2745 4648 salia]
2774 4575 2845 4630 sit
2866 4582 2978 4630 tota
3007 4532 3301 4640 sententia,
3336 4580 3448 4629 tota
3483 4532 3927 4635 conscientia—te

641 4673 810 4718 tuam.
843 4660 907 4714 Et
934 4663 1112 4717 erunt,
1140 4662 1199 4707 ut
1226 4649 1599 4719 complaceant
1632 4645 1846 4714 eloquia
1871 4641 1984 4697 oris
2009 4641 2132 4703 mei,
2176 4647 2231 4694 et

642 4754 920 4812 meditatio
950 4750 1129 4807 cordis
1152 4747 1257 4801 mei
1282 4747 1334 4800 in
1361 4750 1651 4812 conspectu
1674 4748 1767 4793 tuo
1789 4750 2021 4805 semper.
2055 4732 2160 4788 Sed
2179 4741 2233 4787 et

643 4849 824 4921 lingua
850 4862 968 4902 mea
998 4842 1345 4899 meditabitur
1366 4836 1632 4907 justitiam
1670 4841 1837 4897 tuam,
1863 4839 1975 4885 tota
2010 4830 2096 4883 die
2125 4828 2237 4881 lau-

646 4920 766 4999 dem
791 4949 959 4993 tuam.
1010 4934 1257 4997 Domine,
1280 4929 1474 4985 exaudi
1504 4928 1807 4983 orationem
1833 4937 2032 4985 meam,
2054 4930 2109 4975 ct
2129 4920 2237 4973 cla-

648 5049 769 5090 mor
796 5047 950 5088 meus
973 5029 1038 5083 ad
1069 5037 1121 5081 te
1145 5024 1445 5098 perveniat.

1338 5137 1545 5194 Oratio.

724 5259 950 5316 Domine
980 5256 1122 5311 Deus
1157 5262 1365 5316 noster,
1397 5249 1669 5305 credimus
1702 5254 1755 5301 te
1789 5244 2025 5305 Patrem,
2060 5250 2113 5298 et
2149 5242 2241 5296 Fi-

655 5351 809 5413 lium,
835 5355 889 5403 et
916 5346 1176 5417 Spiritum
1199 5350 1466 5397 sanctum.
1522 5339 1705 5409 Neque
1732 5337 1877 5391 enim
1904 5335 2109 5390 diceret
2144 5334 2244 5389 Ve-

658 5444 795 5499 ritas
819 5458 832 5493 :
859 5438 959 5502 Ite,
989 5436 1245 5505 baptizata
1271 5449 1449 5488 omnes
1476 5441 1650 5502 gentes
1692 5430 1747 5484 in
1795 5427 2001 5481 nomine
2045 5423 2245 5489 Patris,

660 5544 709 5592 et
740 5532 889 5596 Filii,
923 5540 971 5585 et
1011 5530 1240 5599 Spiritus
1279 5526 1448 5581 sancti
1490 5522 1707 5595 (Matth.
1757 5536 1949 5583 xxvm,
1993 5516 2105 5587 i9),
2145 5516 2248 5571 nisi

662 5626 904 5682 Trinitas
930 5631 1092 5677 esset.
1143 5619 1253 5676 Nec
1296 5617 1572 5687 baptizare
1614 5628 1712 5669 nos
1746 5610 1988 5681 iuberes,
2025 5606 2252 5662 Domine

666 5717 825 5777 heus,
861 5715 913 5769 in
944 5713 1059 5781 ejus
1088 5712 1327 5772 nomine,
1355 5709 1444 5778 qui
1471 5723 1574 5763 non
1607 5712 1751 5760 esset
1781 5704 1951 5765 Deus;
1987 5712 2084 5756 nec
2110 5698 2253 5754 dice-

671 5814 819 5860 retur
863 5819 992 5858 vocr
1036 5801 1148 5869 ejus
1176 5819 1185 5854 :
1216 5801 1370 5867 Audi,
1406 5799 1599 5861 Israel,
1648 5796 1898 5851 Dominus
1946 5791 2083 5846 Deus
2133 5799 2258 5843 tuus

2335 4677 2540 4723 tuente.
2584 4666 2814 4738 Sapiens
2840 4667 3083 4736 quidam,
3114 4682 3239 4721 cum
3268 4668 3335 4722 de
3366 4676 3417 4721 te
3445 4666 3753 4737 loqueretur
3781 4664 3835 4719 in
3866 4663 3930 4719 li-

2335 4761 2434 4816 bro
2460 4777 2577 4827 suo,
2608 4761 2699 4832 qui
2730 4758 3149 4815 Ecclesiasticus
3178 4758 3397 4829 proprio
3426 4758 3647 4815 nomine
3679 4763 3927 4810 vocatur:

2339 4852 2533 4917 Multa,
2560 4852 2751 4922 inquit,
2784 4850 3028 4914 dicimus,
3057 4858 3106 4903 et
3135 4849 3407 4918 deﬁcimus
3437 4849 3622 4905 verbis.
3672 4847 3935 4902 Consum-

2339 4946 2501 5000 matio
2538 4953 2712 4998 autem
2748 4957 3045 4997 sermonum
3084 4942 3445 4995 universorum
3485 4942 3591 5009 ipse
3622 4950 3698 4993 est
3740 4938 3929 5007 (Eccli.

2341 5052 2495 5101 xuii,
2522 5034 2633 5106 29).
2684 5033 2821 5089 Cum
2847 5047 2977 5103 ergo
3003 5032 3413 5102 pervenerimus
3442 5031 3509 5084 ad
3541 5038 3610 5092 te,
3643 5029 3937 5084 cessabunt

2344 5127 2509 5182 multa
2543 5126 2645 5180 ista
2675 5138 2795 5194 qua:
2815 5122 3065 5185 dicimus,
3089 5129 3144 5177 et
3165 5135 3273 5176 non
3303 5119 3701 5190 permanebunt
3726 5137 3737 5171 :
3766 5118 3860 5172 sed
3881 5126 3930 5171 tu

2345 5218 2592 5273 manebis
2623 5216 2770 5272 solus
2808 5215 2989 5269 omnia
3032 5213 3085 5268 in
3123 5213 3393 5267 omnibus.
3437 5212 3505 5266 Et
3541 5226 3641 5265 nos
3678 5210 3797 5263 sine
3832 5208 3935 5263 line

2347 5310 2611 5373 dicemus,
2645 5321 2844 5367 unum;
2877 5304 3162 5360 laudantes
3198 5309 3270 5365 te,
3302 5316 3497 5363 unum;
3530 5307 3587 5352 et
3614 5299 3668 5351 in
3703 5306 3757 5352 te
3791 5296 3935 5359 facti,

2348 5402 2513 5457 ctiam
2543 5415 2640 5454 nos
2667 5414 2851 5452 unum.
2902 5395 3125 5450 Domine
3156 5394 3299 5449 Deus
3335 5408 3460 5456 une,
3500 5392 3644 5445 Deus
3680 5390 3937 5455 Trinitas,

2349 5504 2684 5562 quaecunque
2709 5489 2819 5542 dixi
2850 5488 2902 5542 in
2924 5487 3010 5541 his
3033 5486 3183 5543 libris
3206 5485 3270 5539 dc
3299 5493 3407 5545 tuo.
3435 5489 3738 5553 agnoscant
3759 5488 3815 5535 et
3834 5479 3939 5533 tui:

2353 5584 2399 5638 si
2445 5595 2550 5651 qua
2590 5580 2656 5635 de
2695 5595 2838 5645 meo,
2880 5587 2933 5633 et
2976 5586 3030 5633 tu
3071 5588 3304 5648 agnosce
3342 5569 3548 5645 [Forte,
3589 5566 3857 5645 ignosce],
3892 5575 3945 5627 et

2357 5674 2453 5730 tui.
2505 5672 2695 5728 Amen.
