4122 6634
198 509 306 569 493

1049 496 1442 557 ΕΙΤΕΠΟΙΕᾹ.
1483 527 1551 536 --
1588 494 1675 549 DE
1712 492 1962 547 PSALM.
2007 488 2162 551 USU.
2202 521 2269 530 —-
2303 489 2486 545 PARS
2519 489 2579 546 ll.

3356 486 3461 545 £35

213 633 3461 676 Wa

1420 767 1670 847 PARS
1750 765 2242 842 SECUNDA.

1280 914 1759 978 ORATIONES
1809 913 1963 969 PER
1999 910 2393 971 ORDINEM.

965 1159 1013 1218 ι,
1812 1150 1856 1205 Α
1891 1155 2124 1211 tuarum,
2148 1148 2358 1204 illorum
2384 1153 2433 1201 ct
2459 1144 2797 1213 illarum,qui
2819 1145 2968 1199 nobis
2992 1161 3117 1200 suas
3143 1145 3318 1229 largiti
3347 1159 3473 1205 sunt

202 1262 427 1326 Oratio
463 1257 546 1320 ad
593 1254 896 1319 cattendos
928 1259 1097 1347 [post
1157 1254 1461 1318 cantatas]
1511 1245 1789 1325 psalmos

788 1354 911 1416 pro
946 1351 1175 1415 διείρεο.

275 1463 559 1521 Liberator
595 1459 896 1514 animarum
940 1464 998 1511 et
1045 1454 1231 1510 mundi
1278 1452 1623 1521 Redemptor,
1665 1445 1791 1507 Jesn

203 1555 443 1619 Christe,
477 1552 703 1608 Domine
730 1549 873 1605 Deus
900 1556 1122 1613 aeterne,
1165 1562 1259 1602 rex
1296 1541 1633 1607 immortalis,
1670 1555 1796 1610 sup-

202 1648 349 1721 plico
369 1658 470 1718 ego
493 1652 747 1716 peccator
769 1642 1089 1697 immensam
1108 1648 1165 1693 et
1183 1649 1433 1709 magnam
1451 1633 1795 1689 clementiam

205 1749 377 1803 tuam,
409 1744 471 1791 ut
489 1750 586 1806 per
605 1732 1023 1790 modulationem
1039 1729 1391 1801 psalmorum,
1417 1738 1553 1797 quos
1575 1737 1673 1796 ego
1697 1721 1798 1776 mi-

207 1840 299 1883 ser
325 1826 575 1897 indignus
604 1822 853 1888 cantavi,
884 1821 1078 1875 liberes
1108 1820 1344 1874 animam
1373 1831 1549 1871 meam
1582 1814 1648 1869 de
1676 1828 1801 1885 pec-

198 1907 352 1982 'cato,
380 1927 435 1973 et
455 1916 693 1971 abducas
721 1930 817 1971 cor
845 1928 1025 1969 meum
1059 1912 1126 1967 de
1152 1911 1308 1965 ntalis
1337 1918 1392 1965 et
1426 1909 1608 1979 pravis
1644 1904 1801 1976 perfi-

207 2008 401 2079 disque
428 2004 869 2076 cegitationibus,
900 2012 956 2058 et
991 2003 1279 2058 abstrahas
1315 2016 1513 2072 corpus
1550 2012 1728 2053 meum
1770 2012 1799 2049 a

208 2102 475 2158 servitute
503 2101 731 2171 peccati,
772 2108 827 2153 et
866 2097 1095 2168 repellas
1132 2111 1163 2149 a
1201 2110 1287 2150 me
1324 2093 1572 2149 carnales
1610 2104 1805 2145 concu-

204 2193 529 2265 piscentias,
568 2198 622 2245 et
648 2191 849 2261 eripias
877 2205 965 2245 me
994 2190 1061 2244 de
1094 2188 1241 2243 omni
1285 2186 1669 2256 impedimento
1709 2182 1805 2236 Sa—

208 2293 375 2349 tanae,
414 2292 576 2351 atque
615 2281 981 2335 ministrorum
1017 2278 1133 2348 ejus
1160 2277 1451 2334 visibilium
1479 2286 1640 2345 atque
1668 2272 1805 2326 invi-

214 2373 469 2438 sibilium,
498 2381 552 2427 et
574 2371 869 2427 infidelium
900 2378 1134 2437 tuorum,
1165 2369 1258 2440 qui
1279 2365 1805 2439 quteruntimpedire

208 2466 452 2519 animam
484 2479 683 2518 meam.

990 2582 1070 2644 ll.

213 2678 440 2743 Oratio
478 2680 730 2762 quando
764 2699 886 2762 pro
931 2681 1082 2762 aliis
1130 2679 1362 2760 psalmi
1397 2680 1811 2742 decantantur

736 2760 1072 2837 [dsco-ntali
1099 2763 1288 2837 sunt].

292 2878 519 2936 Domine
549 2879 689 2936 Deus
729 2880 1093 2950 omnipotens,
1125 2886 1339 2934 creator
1379 2879 1500 2933 caeli
1539 2887 1596 2934 et
1635 2886 1810 2947 terrm,

217 2974 419 3030 exaudi
443 2971 707 3043 propitius
725 2973 1029 3028 orationem
1055 2987 1254 3039 meam,
1283 2971 1337 3026 in
1368 2987 1473 3042 qua
1500 2987 1599 3045 ego
1623 2987 1816 3043 pecca-

224 3075 312 3122 tor
348 3062 805 3136 magnificentiam
847 3074 994 3119 tuam
1033 3079 1203 3121 exoro
1237 3079 1337 3135 pro
1368 3062 1568 3118 famulo
1608 3070 1700 3118 tuo
1746 3062 1812 3117 Ν.

220 3154 476 3226 Suscipe,
505 3152 755 3218 obsecro,
784 3168 883 3223 per
908 3169 1159 3227 magnam
1188 3154 1617 3210 misericordiam
1645 3160 1813 3220 tuam,

220 3256 284 3303 et
308 3261 409 3318 pro
434 3244 798 3302 modulatione
830 3244 1185 3316 psalmorum,
1206 3261 1342 3317 quos
1369 3244 1555 3300 infelix
1578 3246 1815 3311 cantavi,

222 3340 542 3414 petitionem
572 3351 782 3399 meam;
814 3346 871 3391 et
898 3336 1138 3393 concede
1164 3338 1212 3392 ei
1240 3338 1294 3392 in
1333 3337 1587 3407 praesenti
1622 3335 1821 3394 mulo

226 3431 396 3485 vitam
416 3436 472 3483 et
498 3428 810 3492 sanitatem,
840 3435 897 3483 et
920 3427 1155 3497 spatium
1178 3428 1231 3482 in
1263 3428 1367 3483 ista
1403 3427 1514 3483 vita
1550 3428 1618 3483 ad
1650 3426 1823 3497 poeni-

228 3522 457 3576 tentiam
496 3519 782 3591 agendam,
811 3508 867 3572 et
894 3518 948 3572 in
975 3515 1156 3573 futuro
1187 3518 1383 3574 saeculo
1412 3518 1479 3573 da
1505 3520 1556 3575 ei
1582 3518 1820 3585 veniam,

225 3622 287 3667 et
325 3609 711 3682 indulgentiam
747 3606 833 3663 vel
879 3609 1254 3665 remissionem
1296 3611 1537 3666 omnium
1575 3621 1825 3681 peccato-

230 3717 371 3769 rum,
404 3711 460 3759 et
488 3716 611 3757 cum
647 3700 899 3756 omnibus
930 3701 1135 3756 sanctis
1170 3700 1295 3767 tuis,
1342 3703 1505 3757 vitam
1542 3704 1824 3773 percipere

230 3797 640 3869 sempiternam.
697 3794 889 3850 Amen.

887 3916 988 3989 ω
1025 3906 1132 3969 Ill.

236 4006 463 4073 Oratio
499 4028 620 4088 pro
643 4016 831 4089 patre
858 4053 878 4082 ,
941 4016 995 4145 ett
1018 4017 1272 4147 lmatre,
1322 4017 1375 4069 et
1409 4008 1575 4070 omni
1598 4028 1825 4088 paren-

986 4106 1013 4146 ε
1041 4107 1096 4147 a.

986 4106 1096 4147 ειη.

312 4212 628 4269 Dominator
661 4210 886 4266 Domine
931 4208 1069 4264 Deus
1090 4210 1449 4281 omnipotens,
1485 4214 1573 4282 qui
1606 4212 1827 4267 mirabi-

239 4303 366 4360 liter
410 4309 603 4356 cuncta
646 4298 955 4361 condidisti,
1002 4307 1058 4353 et
1113 4307 1201 4354 tua
1250 4300 1599 4371 dispositione
1644 4304 1826 4356 omnia

238 4393 457 4459 creasti,
490 4392 689 4464 quique
718 4390 929 4461 iussisti
952 4390 1317 4446 conditionem
1351 4394 1711 4463 prepaganda:
1742 4409 1829 4448 so-

238 4485 378 4540 bolis
406 4499 473 4540 ex
509 4484 628 4538 viro
656 4490 711 4537 et
740 4482 937 4537 femina
971 4496 1111 4547 esse,
1146 4490 1201 4537 et
1246 4486 1546 4555 praecepisti
1589 4485 1829 4542 dilectio-

239 4593 365 4634 nem
393 4585 448 4633 et
475 4590 715 4630 amorem
762 4574 905 4629 circa
933 4584 1145 4645 patrem
1176 4584 1514 4645 matremque
1538 4578 1828 4643 exhibere;

239 4667 436 4723 exaudi
485 4681 571 4720 me
620 4665 931 4720 misericors
961 4666 1103 4721 Deus
1151 4666 1475 4721 clannntem
1518 4667 1583 4720 ad
1634 4677 1685 4722 te
1734 4684 1831 4738 pro

240 4760 487 4830 genitore
533 4772 653 4811 meo
700 4755 761 4809 Ν.
794 4765 847 4810 et
889 4771 986 4825 pro
1015 4758 1277 4825 genitrice
1322 4771 1441 4812 mea
1487 4755 1571 4823 N.,
1600 4775 1831 4830 quorum

243 4856 534 4920 utrumque
563 4860 629 4901 ex
658 4854 747 4901 tua
771 4845 1111 4916 providentia
1137 4848 1267 4902 mihi
1293 4848 1591 4904 humillimo
1624 4863 1835 4919 praepa-

243 4956 369 5000 rare
393 4941 643 5013 dignatus
664 4953 754 5006 es;
784 4952 877 4993 seu
905 4947 959 4992 et
991 4938 1249 4994 fratribus
1276 4940 1411 4995 meis
1443 4949 1605 5011 atque
1627 4942 1832 4997 sorori-

241 5033 367 5100 btts,
395 5032 650 5101 omnique
675 5030 972 5102 parentela,
997 5032 1089 5102 qui
1117 5031 1244 5086 mihi
1270 5033 1542 5101 peccatori
1565 5048 1630 5087 ex
1656 5035 1837 5088 carnis

243 5127 715 5198 consanguinitate
756 5125 1034 5196 conjuncti
1081 5135 1225 5189 sunt,
1256 5132 1365 5181 tam
1411 5127 1550 5182 vivis
1589 5142 1752 5198 quam
1781 5138 1835 5183 et

245 5218 536 5282 defunctis,
568 5231 799 5288 quorum
847 5216 1066 5271 nomina
1103 5224 1158 5270 et
1212 5217 1404 5271 merita
1464 5218 1555 5271 tibi
1607 5216 1835 5273 Domino
1869 5240 1921 5300 υ

1892 1237 2295 1308 cleemosynas,
2323 1245 2378 1292 ct
2425 1250 2655 1306 quorum
2704 1235 2921 1289 nomina
2952 1236 3151 1306 scripta
3180 1245 3303 1292 sunt
3331 1240 3471 1308 apud

1896 1337 2073 1392 nos,et
2098 1329 2191 1399 qui
2209 1342 2266 1382 se
2282 1328 2334 1381 in
2355 1326 2555 1381 nostris
2578 1324 3093 1381 commcndaverunt
3113 1327 3473 1392 orationibus,

1896 1420 2050 1475 uteis
2072 1427 2161 1473 tua
2191 1418 2561 1474 misericordia
2582 1416 2844 1472 beneficia
2881 1418 3178 1487 impendas,
3197 1426 3250 1473 et
3279 1422 3329 1473 in
3358 1421 3479 1475 loco

1899 1512 1993 1566 tibi
2035 1511 2361 1582 placentium
2387 1510 2652 1566 collocare
2696 1510 2953 1582 digneris,
2984 1510 3242 1566 Servatur
3267 1512 3475 1576 mundi,

1897 1604 1987 1673 qui
2034 1616 2155 1657 eum
2182 1602 2292 1657 Deo
2317 1601 2476 1657 Patre
2505 1612 2557 1656 et
2589 1600 2793 1671 Spiritu
2821 1609 3008 1656 sancto
3038 1602 3174 1656 vivis
3200 1613 3254 1658 et
3282 1619 3478 1674 regnas

1901 1692 1953 1745 in
1981 1692 2174 1746 amcitia
2205 1691 2543 1747 steculorum.
2571 1691 2761 1746 Amen.

2648 1806 2757 1867 IV.

2064 1905 2282 1967 Oratio
2316 1925 2436 1985 pro
2474 1905 2689 1967 abbate
2725 1905 2818 1965 vel
2848 1911 3348 1988 congregatione.

1974 2023 2199 2079 Domine
2224 2023 2366 2081 Deus
2395 2034 2595 2080 aeterne
2624 2034 2680 2080 et
2708 2026 3287 2096 incomprehensibilis,
3316 2036 3371 2082 tu
3396 2042 3486 2083 so-

1903 2116 1986 2169 lus
2020 2116 2162 2170 nosti
2194 2116 2358 2170 corda
2397 2115 2626 2171 filiorum
2660 2116 2957 2171 hominum.
2990 2115 3068 2171 Tu
3101 2117 3210 2172 scis
3237 2119 3378 2186 quod
3408 2117 3491 2171 in-

1905 2207 2255 2261 numerabilis
2285 2215 2369 2261 est
2394 2206 2650 2276 iniquitas
2681 2220 2819 2269 mea,
2846 2213 2903 2260 et
2930 2220 3037 2276 quo
3060 2206 3220 2272 modo
3248 2221 3346 2276 pro
3372 2206 3494 2261 aliis

1906 2314 2102 2370 rogare
2122 2299 2295 2364 valeo,
2318 2300 2412 2368 qui
2435 2314 2532 2368 pro
2561 2314 2645 2353 me
2676 2298 2793 2368 ipso
2819 2297 3044 2353 idoneus
3071 2314 3178 2353 non
3207 2298 3364 2353 sum?
3391 2298 3495 2354 Ta-

1908 2404 2052 2456 men,
2082 2391 2506 2446 elementissime
2552 2392 2736 2456 Pater,
2767 2390 3064 2446 secundum
3095 2391 3494 2447 multitudinem

1836 2500 1886 2564 B
1910 2480 2295 2539 miSericordiac
2336 2491 2441 2538 tute
2480 2484 2695 2553 suscipe
2722 2497 2914 2553 preces
2956 2484 3097 2539 servi
3142 2484 3239 2549 tui,
3273 2500 3409 2556 quas
3441 2485 3498 2540 in

1915 2584 2205 2646 conspectu
2250 2576 2550 2644 majestatis
2577 2585 2680 2630 tuae
2704 2574 2923 2632 elfundo
2946 2592 3046 2647 pro
3076 2575 3278 2631 famulo
3308 2588 3399 2633 tuo
3430 2575 3496 2632 N.

1916 2666 2129 2733 abbate,
2154 2668 2236 2723 vel
2262 2668 2473 2723 cunctis
2500 2666 2777 2733 fratribus,
2801 2668 2893 2737 qui
2915 2668 3015 2724 sub
3044 2669 3304 2740 regimine
3332 2670 3500 2739 ipsius

1913 2772 2035 2815 esse
2062 2759 2323 2823 videmus,
2355 2768 2416 2813 ut
2442 2759 2537 2813 des
2569 2759 2723 2814 nobis
2767 2759 3020 2815 omnibus
3057 2760 3379 2814 charitatcm
3411 2775 3503 2815 ve—

1915 2866 2032 2906 ram
2066 2851 2134 2906 ad
2180 2851 2413 2906 invicem
2438 2858 2491 2905 et
2519 2850 2882 2916 concordiam,
2914 2866 3034 2920 quae
3064 2851 3156 2905 tibi
3187 2851 3257 2906 sit
3284 2850 3503 2922 placita.

1916 2943 2085 3001 Aufer
2110 2960 2141 2999 a
2169 2944 2344 3010 nobis,
2388 2943 2634 3009 Domine,
2665 2943 2847 2999 omnia
2894 2943 3055 3008 mala,
3083 2952 3137 2999 et
3173 2944 3325 2997 mitte
3353 2943 3507 2999 nobis

1916 3036 2097 3091 omnia
2126 3037 2267 3090 bona
2296 3049 2415 3105 quae
2444 3036 2561 3090 sine
2592 3043 2642 3090 te
2678 3050 2837 3090 nemo
2871 3036 3071 3090 habere
3101 3042 3313 3105 potest:
3343 3043 3398 3089 et
3440 3035 3507 3090 da

1918 3127 2075 3182 nobis
2102 3126 2559 3197 perseverantiam
2585 3127 2639 3181 in
2665 3125 2823 3181 bonis
2860 3126 3135 3197 operibus,
3162 3134 3222 3180 ut
3253 3135 3305 3181 te
3344 3127 3509 3182 mise-

1920 3230 2073 3274 rante
2118 3218 2405 3289 pervenire
2449 3233 2759 3273 mereamur
2803 3220 2871 3275 ad
2917 3218 3143 3290 gloriam
3199 3221 3347 3290 regni
3406 3221 3506 3284 tui,

1920 3308 2181 3366 Servator
2211 3310 2416 3377 mundi,
2446 3311 2541 3380 qui
2567 3310 2704 3365 vivis
2732 3317 2786 3365 et
2810 3325 3009 3382 regnas
3034 3310 3085 3365 in
3117 3309 3308 3366 saecula
3343 3326 3511 3366 saecu-

1920 3403 2117 3460 lorum.
2150 3403 2344 3458 Amen.

2539 3472 2659 3527 Alia
2701 3475 2892 3528 oratio.

1993 3565 2310 3622 Dominator
2334 3564 2560 3620 Domine
2588 3566 2729 3619 Deus
2753 3565 3094 3636 omnipotens
3110 3606 3126 3630 ,
3154 3566 3207 3619 in
3236 3565 3516 3620 voluntate

1924 3666 2013 3711 tua
2042 3658 2295 3712 universa
2328 3667 2451 3710 sunt
2489 3657 2684 3727 posita,
2719 3664 2774 3709 tu
2806 3657 2947 3712 nosti
2989 3658 3190 3721 omnia,
3223 3666 3512 3726 antequam

1925 3748 2077 3802 fiant.
2101 3748 2297 3818 Aspice
2328 3749 2527 3818 ianos,
2560 3752 2612 3799 ct
2638 3747 2901 3801 miserere
2928 3748 3118 3801 nostri.
3154 3746 3232 3801 Tu
3279 3746 3510 3800 clemen-

1853 3866 1899 3929 ο
1932 3842 2138 3897 tissime
2180 3841 2353 3906 Deus,
2381 3840 2474 3908 qui
2506 3841 2645 3894 hanc
2685 3840 3156 3909 congregationem
3203 3837 3270 3891 ad
3316 3838 3518 3910 glorill-

1931 3934 2159 3990 cautium
2182 3948 2377 3988 nomen
2398 3942 2548 3988 tuum
2571 3940 2816 3986 sanctum
2836 3932 2890 3985 in
2911 3934 3056 3987 hunc
3079 3932 3255 3985 locum
3277 3934 3518 3985 adunare

1930 4025 2243 4096 permisisti,
2275 4025 2340 4080 da
2392 4024 2719 4092 adjutorium
2768 4033 2916 4078 tuum
2967 4032 3215 4079 sanctum
3255 4024 3321 4079 de
3366 4024 3519 4078 caelis

1932 4117 2084 4171 nobis
2111 4118 2284 4171 servis
2325 4117 2456 4181 tuis,
2490 4130 2557 4170 ne
2586 4115 2857 4185 patiamur
2898 4115 3281 4170 detrimentum
3326 4117 3518 4169 animae

1932 4216 2161 4274 nostrae;
2195 4216 2251 4262 et
2276 4222 2343 4263 ne
2365 4208 2460 4263 des
2486 4208 2627 4262 hanc
2650 4208 3122 4279 congregationem
3150 4207 3203 4261 in
3232 4207 3520 4277 dispersio-

1933 4312 2077 4361 nem,
2096 4299 2189 4353 sed
2211 4312 2472 4354 conserva
2489 4312 2605 4351 eam
2623 4306 2845 4368 propter
2865 4312 3057 4351 nomen
3078 4305 3323 4352 sanctum
3350 4307 3519 4362 tuum,

1932 4397 1987 4441 et
2004 4387 2149 4458 reple
2166 4389 2328 4443 corda
2351 4397 2535 4445 nostra
2561 4386 2684 4451 fide,
2699 4402 2792 4456 spe
2814 4397 2867 4441 et
2890 4387 3176 4453 cliaritate,
3192 4388 3520 4451 obedientia,

1933 4488 1988 4535 et
2017 4480 2341 4546 humilitate,
2369 4490 2532 4550 atque
2556 4480 2852 4550 patientia;
2885 4488 2939 4533 et
2968 4478 3052 4533 fac
3081 4487 3323 4533 nostrum
3353 4489 3524 4533 recto-

1938 4590 2049 4629 rem
2098 4582 2262 4644 atque
2305 4573 2523 4629 Patrem
2572 4577 2868 4631 secundum
2918 4590 3013 4630 cor
3052 4583 3222 4640 tuum,
3255 4583 3314 4628 ut
3365 4574 3525 4628 facint

1938 4667 2267 4721 voluntatem
2289 4676 2434 4722 tuam
2459 4666 2527 4721 ad
2553 4667 2783 4722 salutem
2816 4683 2966 4723 suam
2993 4676 3047 4721 ct
3078 4676 3320 4721 nostram
3348 4686 3358 4719 :
3390 4681 3523 4734 qua-

1938 4760 2061 4813 liter
2105 4768 2173 4822 te,
2206 4757 2453 4823 Domine,
2479 4774 2695 4830 semper
2742 4775 3051 4814 mereamur
3100 4758 3301 4813 habere
3345 4769 3525 4828 pasto-

1940 4866 2077 4915 rem,
2107 4861 2163 4904 et
2193 4851 2246 4904 in
2274 4851 2527 4906 omnibus
2555 4858 2936 4919 protectorem.
2987 4849 3124 4913 Fiat,
3158 4850 3400 4911 Domine,
3431 4864 3526 4899 vo-

1940 4943 2118 4997 luntas
2158 4950 2246 4997 tua
2281 4941 2334 4996 in
2363 4942 2615 4998 omnibus
2642 4942 2819 5004 nobis,
2848 4951 2907 4995 ut
2935 4950 2986 4994 te
3016 4943 3305 4995 miserante
3333 4956 3525 5010 pervo-

1941 5035 2058 5089 nire
2083 5048 2389 5088 mereamur
2412 5034 2479 5089 ad
2502 5034 2724 5103 gloriam
2751 5034 2897 5104 regni
2924 5033 3023 5095 tui,
3042 5033 3298 5087 Servator
3322 5033 3528 5093 mundi,

1942 5129 2032 5197 qui
2064 5128 2198 5180 vivis
2225 5137 2278 5180 et
2310 5142 2502 5197 regnas
2534 5128 2587 5179 in
2617 5125 2809 5179 saecula
2836 5126 3176 5180 seculorum.
3210 5125 3399 5177 Amen.

2708 5240 2758 5296 ν

244 5310 360 5365 Deo
390 5309 767 5366 universorum
796 5307 1015 5378 cognita
1044 5315 1204 5388 sunt,
1235 5315 1295 5361 ut
1319 5315 1571 5379 protegas
1612 5322 1704 5362 eos
1754 5318 1823 5361 at

1943 5320 2164 5381 Oratio
2192 5337 2320 5409 pro
2353 5317 2779 5409 familiaribus
2817 5325 2870 5377 et
2912 5316 3196 5409 omnibus
3236 5314 3532 5375 Christia-

244 5417 351 5471 que
389 5401 458 5455 ab
502 5402 648 5455 omni
690 5400 832 5453 malo
880 5396 1158 5464 defendas,
1189 5407 1245 5453 et
1287 5401 1341 5453 in
1380 5402 1465 5454 via
1508 5400 1697 5456 salutis
1741 5416 1836 5454 eos

246 5494 532 5564 disponas;
561 5501 616 5547 et
644 5508 711 5548 ne
739 5493 857 5547 dies
882 5508 1071 5547 eorum
1118 5501 1245 5545 ante
1290 5492 1429 5549 finiri
1476 5496 1644 5557 sinas,
1675 5508 1837 5563 quam

247 5601 345 5654 per
393 5600 576 5639 veram
625 5584 1044 5649 confessionem,
1078 5599 1373 5653 veramque
1409 5587 1839 5639 emendationem

247 5690 469 5732 suorum
485 5676 725 5730 omnium
740 5674 1080 5738 delictorum,
1095 5685 1316 5745 peccata
1331 5675 1658 5739 ditnittas,ut
1680 5690 1845 5731 carne

246 5778 445 5821 exutos
479 5766 684 5821 caelesti
714 5766 1128 5837 participatione
1159 5767 1350 5836 dignos
1384 5764 1603 5821 ellicias.
1642 5766 1847 5822 Exaudi

249 5874 338 5913 me
370 5860 537 5916 etiam
582 5860 969 5922 miserrimum,
998 5859 1418 5913 clementissime
1448 5857 1617 5925 Deus,
1651 5862 1848 5931 suppli-

251 5955 469 6007 amem
493 5948 559 6004 ad
584 5957 637 6003 te
648 5964 748 6019 pro
766 5949 1049 6004 animabus
1076 5948 1397 6005 famulorum
1424 5948 1852 6021 famularumque

2250 5394 2374 5470 nis,
2429 5396 2710 5459 omnibus
2761 5394 3219 5457 commendatis.

2018 5496 2241 5551 Domine
2262 5495 2406 5550 Deus
2427 5495 2787 5564 omnipotens,
2808 5495 2895 5563 qui
2918 5494 3215 5548 Ecclesium
3245 5502 3390 5547 tuam
3419 5501 3533 5547 toto

1948 5592 2079 5645 orbe
2119 5599 2391 5646 terrarum
2422 5588 2471 5641 in
2505 5589 2714 5642 curetis
2742 5588 2990 5656 gentibus
3034 5588 3256 5640 dilatare
3288 5587 3537 5657 dignatus

1902 5702 1908 5707 λ
1950 5697 2028 5745 es,
2059 5692 2114 5735 et
2139 5680 2205 5734 ab
2234 5680 2486 5734 omnibus
2508 5680 2765 5751 gradibus
2796 5679 2884 5747 qui
2922 5679 2973 5731 in
3012 5692 3072 5731 ea
3103 5675 3332 5731 fideliter
3361 5673 3537 5730 conti-

1953 5782 2171 5836 nentur,
2204 5772 2299 5827 tibi
2332 5772 2521 5827 serviri
2542 5772 2774 5841 iussisti,
2804 5783 2857 5825 et
2886 5772 2968 5826 cui
2993 5770 3321 5839 singulorum
3344 5769 3535 5822 merita

1955 5863 2167 5934 cognita
2198 5872 2343 5925 sunt,
2368 5864 2628 5918 miserere
2650 5864 2917 5918 universis
2940 5861 3290 5916 familiaribus
3314 5858 3533 5913 uostris-

1958 5962 2009 6006 et
2032 5953 2282 6008 erunibus
2299 5954 2614 6009 orthodoxis
2638 5955 2920 6025 episcopis,
2944 5953 3249 6018 abbatibus,
3267 5952 3373 6022 42
3391 5966 3538 6021 pres-
