4122 6598
521 346 630 405 495

1382 346 1546 405 Β.Ῥ.
1588 346 1817 405 ALBlNl
1858 344 1994 403 SEU
2030 345 2309 405 ALCUINI
2348 347 2633 406 OPERUM
2672 346 2852 406 PARS
2895 347 2984 405 IV.

3713 348 3823 409 496

520 460 1011 533 byteris,diaconis
1040 468 1093 516 et
1126 461 1496 529 subdiaconis,
1526 462 1773 535 acolytis,
1805 463 2111 529 exorcistis,
2145 469 2188 524 Α
2218 462 2400 533 penis
2428 461 2655 531 inferni,
2688 472 2746 521 et
2769 465 2840 522 ab
2865 465 3118 522 omnibus
3143 465 3358 522 insidiis
3385 464 3592 524 inimici
3622 471 3823 526 mentis

518 558 835 623 lectoribus,
868 555 1218 627 janitoribus,
1253 561 1566 624 monachis,
1599 561 1835 627 clericis,
1886 562 2112 632 virgini-

517 653 638 715 bus,
670 651 868 717 viduis,
890 650 1213 722 conjugatis,
1239 651 1665 717 continentibus,
1695 652 2112 722 paenitentibus,

516 745 756 817 regibus,
804 742 1167 815 principibus,
1218 742 1467 810 ducibus,
1512 744 1823 816 iudicibus,
1856 746 2114 812 tribunis,

514 835 938 899 centurionibus,
964 835 1444 907 quinquagenariis
1478 846 1535 890 et
1575 836 1817 901 decanis,
1844 837 2115 893 universis

513 927 769 997 gradibus
796 926 889 996 qui
912 928 964 981 in
998 926 1104 981 ﬁde
1128 934 1336 981 sanctae
1360 926 1646 982 Trinitatis
1670 927 1725 982 in
1744 927 1988 983 Ecclesia
2021 939 2113 984 tua

512 1018 778 1073 catholica
827 1018 1187 1073 communiter
1216 1017 1585 1073 continentur.
1632 1016 1890 1076 Miserere
1911 1028 1975 1075 'et
1999 1034 2115 1075 om-

511 1112 672 1167 nibus
699 1112 791 1183 qui
823 1112 877 1166 in
904 1111 1009 1167 ﬁde
1037 1118 1092 1167 et
1119 1127 1306 1168 amore
1343 1112 1520 1167 sancti
1565 1113 1803 1169 nominis
1830 1114 1909 1168 tui
1953 1115 2113 1171 nobis

508 1206 884 1278 cleemosynas
902 1221 1029 1262 suas
1048 1205 1337 1271 dederunt,
1356 1221 1449 1262 seu
1474 1206 1529 1262 in
1549 1206 1888 1264 orationibus
1909 1208 2111 1264 nostris

509 1312 569 1354 se
613 1298 1162 1363 commcndaverunt,
1200 1306 1256 1353 et
1284 1298 1369 1354 bis
1397 1313 1535 1369 quos
1577 1298 1867 1355 admisceri
1899 1298 1953 1354 in
1986 1314 2111 1354 ora-

509 1387 747 1443 tionibus
778 1389 979 1444 nostris
1013 1388 1383 1460 promisimus,
1418 1398 1528 1444 tam
1556 1389 1695 1444 vivis
1722 1405 1887 1460 quam
1918 1388 2109 1445 defun-

508 1481 634 1545 ctis,
664 1480 1023 1536 incolumibus
1064 1490 1229 1552 atque
1260 1479 1510 1547 infirmis,
1539 1496 1774 1552 quorum
1805 1484 2025 1538 nomina
2052 1492 2109 1538 ct

508 1573 704 1628 merita
757 1572 849 1627 tibi
891 1572 1119 1627 Domino
1164 1572 1272 1627 Deo
1302 1570 1681 1629 universorum
1715 1581 1841 1629 sunt
1865 1574 2104 1646 cognita,

506 1664 633 1733 quia
680 1664 960 1733 sapientia:
993 1672 1097 1718 tuae
1126 1677 1233 1718 non
1280 1672 1369 1719 est
1409 1680 1687 1720 numerus.
1742 1665 1949 1721 Exaudi
1993 1680 2102 1732 me,

407 1827 410 1831 _
505 1757 746 1829 piissime
790 1766 847 1811 et
888 1758 1201 1812 misericors
1249 1757 1412 1823 Deus,
1446 1766 1501 1813 et
1546 1758 1807 1813 miserere
1850 1758 2104 1815 omnibus

2218 563 2276 611 et
2309 557 2576 627 corporis.
2624 556 2793 624 Deus,
2819 557 2911 629 qui
2954 573 3063 614 non
3103 558 3188 615 vis
3231 568 3463 616 mortem
3491 562 3819 633 peccatoris,

2217 646 2316 702 sed
2339 656 2400 702 ut
2423 657 2773 705 convertatur
2798 659 2855 704 et
2881 649 3054 716 vivat,
3077 648 3271 720 adjuva
3301 666 3413 717 me,
3439 659 3501 708 ut
3523 658 3636 709 toto
3654 655 3821 710 cordo

2216 747 2506 796 conveer
2532 740 2601 797 ad
2632 749 2707 807 te,
2736 750 2794 797 et
2833 741 2941 797 tuis
2970 755 3185 798 merear
3220 741 3491 799 inhaerere
3521 744 3816 801 mandatis.

2216 829 2382 897 Deus,
2412 831 2508 903 qui
2537 831 2832 889 mortiﬁcas
2865 840 2922 890 ct
2948 832 3195 890 viviﬁcas
3216 873 3233 901 ,
3262 834 3487 892 deducis
3514 836 3584 893 ad
3615 835 3819 894 inferos

2214 935 2281 977 ac
2318 923 2555 990 reducis,
2581 923 2650 979 da
2677 924 2814 980 mihi
2850 923 3334 984 mortificationem
3362 930 3567 995 carnis,
3591 937 3651 987 et
3680 931 3819 987 vivi-

2184 1010 2530 1069 ‘ﬁcationem
2566 1014 2810 1085 spiritus.
2854 1016 2999 1074 Deus
3022 1057 3037 1084 ,
3080 1019 3173 1090 qui
3214 1021 3452 1077 suscitas
3490 1021 3558 1077 de
3594 1023 3817 1094 pulvere

2212 1117 2469 1175 egenum,
2495 1112 2552 1160 et
2578 1105 2647 1161 de
2676 1112 2921 1162 stercore
2967 1107 3149 1165 efevas
3186 1122 3513 1181 pauperem;
3543 1112 3691 1185 erige
3729 1127 3814 1169 me

2212 1193 2281 1249 de
2308 1193 2430 1250 lacu
2454 1195 2711 1263 miseria,
2743 1204 2802 1253 et
2838 1197 2908 1254 de
2936 1197 3050 1254 luto
3078 1197 3228 1256 faecis
3268 1200 3339 1257 ad
3367 1207 3419 1257 te
3463 1201 3812 1270 clamantem,

2211 1292 2269 1341 et
2305 1293 2484 1342 s‘tatue
2521 1302 2685 1359 supra
2702 1295 2925 1359 petram
2966 1290 3134 1361 pedes
3179 1306 3360 1358 meos;
3391 1300 3446 1349 et
3488 1293 3721 1352 immitte
3755 1295 3816 1351 in

2208 1391 2328 1443 eos,
2356 1386 2412 1433 et
2445 1379 2499 1435 in
2530 1395 2593 1435 os
2632 1396 2814 1437 meum
2847 1382 3119 1438 canticum
3162 1400 3388 1452 novum,
3415 1386 3674 1459 hymnum
3702 1388 3820 1462 glo-

2210 1470 2305 1526 riae
2351 1479 2474 1526 tuae.
2510 1472 2672 1538 Deus,
2708 1474 2799 1545 qui
2847 1474 2995 1531 solus
3033 1475 3201 1533 habes
3238 1478 3722 1548 immortalitatem,
3755 1490 3817 1539 et

2209 1557 2386 1617 lucem
2410 1562 2622 1620 habitas
2648 1566 3104 1634 inaccessibilem,
3131 1567 3301 1625 libera
3327 1586 3413 1626 me
3439 1583 3470 1625 a
3492 1580 3665 1630 morte
3689 1589 3815 1645 perb

2207 1664 2392 1725 petua,
2416 1659 2731 1714 etostende
2758 1659 2889 1714 mihi
2922 1659 3096 1716 lucem
3125 1662 3536 1719 miscrationum
3568 1674 3809 1732 tuarum,

2207 1758 2264 1806 et
2292 1751 2409 1808 dele
2437 1753 2758 1824 iniquitates
2785 1769 2959 1821 meas,
2990 1764 3046 1810 et
3072 1756 3210 1813 doce
3237 1772 3325 1813 me
3352 1758 3531 1815 facere
3555 1754 3828 1816 volunta-°

505 1847 786 1903 catholicis
807 1846 982 1901 adhuc
1004 1846 1056 1901 in
1082 1862 1312 1918 corpore
1340 1848 1839 1916 commorantibus;
1868 1859 1924 1904 et
1950 1864 2105 1905 aver-
2137 1831 2183 1893 Β
2211 1851 2319 1900 tem
2352 1853 2501 1901 tuam
2537 1847 2750 1902 cunctis
2784 1847 2974 1903 diebus
3002 1848 3128 1904 vita;
3151 1864 3304 1905 meae.
3352 1848 3519 1917 Deus,
3546 1851 3639 1921 qui
3667 1853 3807 1907 nosti

504 1956 594 1998 sos
634 1957 665 1998 a
703 1941 790 1995 via
837 1940 1085 1996 veritatis
1120 1940 1346 2012 dignare
1382 1940 1452 1998 ad
1493 1949 1545 1996 te
1583 1948 1922 2007 convertere,
1949 1948 2011 1996 ut
2049 1949 2102 1997 te

503 2042 620 2089 toto
648 2034 812 2090 corde
855 2034 1254 2104 requirantzet
1279 2042 1483 2089 aeterna
1530 2035 1870 2106 protectione
1913 2049 2105 2091 omnes

503 2141 788 2193 conserva,
818 2135 880 2180 ut
907 2124 1070 2181 nullis
1095 2126 1485 2181 tentationibus
1513 2140 1544 2179 a
1572 2133 1625 2181 te
1666 2133 2018 2197 separentur;
2048 2134 2107 2182 et

503 2226 696 2289 praesta
749 2225 810 2271 ut
858 2216 1089 2272 mortuis
1127 2217 1302 2286 prosit
1348 2216 1467 2272 haec
1508 2215 1684 2271 oratio
1734 2217 1879 2272 servi
1908 2216 1988 2271 tui
2033 2215 2104 2271 ad

498 2307 936 2366 emendationem
962 2306 1310 2374 delictorum,
1335 2323 1429 2363 seu
1455 2306 1840 2363 alienationem
1868 2306 2002 2382 [Αι.,
2026 2307 2104 2363 al-

501 2399 869 2474 leviationem]
901 2416 1207 2472 poenarum.
1241 2400 1321 2455 Tu
1349 2399 1495 2456 Deus
1513 2414 1709 2472 magne
1735 2408 1792 2457 et
1819 2398 2099 2466 terribilis,

502 2496 815 2551 misericors
842 2502 901 2549 et
926 2502 1137 2549 amator
1166 2493 1465 2557 hominum,
1498 2500 1554 2548 tu
1582 2492 1691 2549 scis
1716 2492 1847 2563 quid
1876 2492 2104 2564 singulis

499 2585 769 2656 expediat.
819 2583 1185 2640 Obsecramus
1232 2581 1576 2639 clementiam
1616 2592 1765 2638 tuam
1792 2624 1809 2649 ,
1838 2593 1902 2639 ut
1942 2583 2102 2655 juxta

500 2675 834 2731 voluntatem
865 2681 1012 2728 tuam
1041 2672 1138 2729 ﬁat
1156 2672 1311 2729 nobis
1340 2672 1611 2739 omnibus,
1627 2682 1740 2728 tam
1771 2673 1909 2730 vivis
1936 2689 2102 2744 quam

498 2767 768 2825 defunctis
798 2764 1065 2831 ﬁdelibus,
1098 2763 1357 2819 Servator
1383 2763 1602 2832 mundi,
1634 2765 1727 2836 qui
1754 2764 1894 2820 vivis
1923 2772 1977 2821 et
2009 2779 2099 2820 re-

499 2875 636 2933 gnas
665 2860 719 2915 in
751 2858 946 2915 secula
973 2857 1314 2914 saeculorum.
1345 2856 1537 2912 Amen.

1253 2970 1358 3033 Vl.

1253 2970 1303 3031 V
1342 3018 1358 3033 .

890 3074 1112 3137 Oratio
1138 3092 1262 3155 pro
1304 2970 1703 3154 :leemosyna.

564 3195 797 3254 Domine
840 3198 982 3254 Deus
1026 3197 1386 3268 omnipotens,
1424 3212 1619 3270 magne
1652 3205 1709 3253 et
1752 3205 1955 3253 aeterne
1984 3195 2097 3253 lle-
2121 3198 2169 3264 ο

503 3292 643 3357 dice,
669 3291 764 3363 qui
813 3290 1112 3346 remedium
1157 3290 1467 3346 animarum
1523 3290 1579 3345 in
1625 3289 2096 3363 eleemosynarum

499 3384 879 3440 distributione
910 3382 1157 3440 ﬁdelibus
1187 3384 1295 3438 tuis
1323 3381 1713 3455 indulgentiam
1736 3390 1791 3439 et
1821 3382 2099 3438 remissio-

504 3492 627 3532 nem
670 3480 1017 3546 peccatorum
1054 3472 1481 3530 misericorditcr
1525 3472 1865 3543 promisisti;
1896 3472 2097 3528 exaudi

502 3581 611 3631 me,
641 3564 881 3621 clemens
908 3573 964 3620 et
992 3564 1243 3637 benigne,
1263 3579 1365 3636 pro
1386 3564 1659 3621 universis
1691 3563 1944 3622 ﬁdelibus
1967 3563 2095 3631 tuis,

502 3658 594 3727 qui
625 3658 780 3713 nobis
808 3656 1183 3728 eleemosynas
1211 3671 1339 3712 suas
1360 3655 1649 3724 dederunt,
1671 3656 1757 3713 vel
1780 3657 1834 3713 in
1857 3655 1966 3713 ﬁde
1990 3664 2099 3714 tua:

503 3745 804 3817 maiestatis
848 3747 903 3803 in
941 3747 1281 3804 orationibus
1328 3748 1532 3804 nostris
1574 3762 1634 3804 se
1681 3748 2100 3805 commendave-

502 3847 659 3906 runt,
685 3846 800 3893 tam
824 3838 965 3894 vivis
993 3852 1155 3908 quam
1190 3837 1483 3904 defunctis,
1526 3838 1890 3896 incolumibus
1935 3847 2101 3909 atque

502 3929 853 3985 inﬁrmiszet
878 3928 1198 4001 perveniant
1244 3926 1314 3984 ad
1358 3943 1521 3983 aures
1566 3929 1954 3985 misericordiae
1995 3939 2100 3985 tuae

500 4038 694 4094 preces
737 4038 903 4089 mem,
930 4037 1065 4092 quas
1093 4037 1193 4092 pro
1237 4021 1410 4077 salute
1458 4022 1676 4078 illorum
1710 4039 1898 4079 coram
1929 4032 1983 4079 te
2020 4023 2099 4078 ef-

502 4113 686 4168 fundo.
722 4112 800 4167 Ne
840 4113 1092 4183 aspicias,
1121 4112 1366 4177 Domine,
1395 4121 1619 4183 peccata
1645 4129 1786 4179 mea,
1811 4115 1907 4171 sed
1937 4114 2097 4171 ﬁdem

504 4207 718 4261 illorum
746 4215 909 4276 atque
949 4206 1182 4272 illarum,
1216 4207 1307 4276 qui
1348 4208 1505 4262 nobis
1533 4207 1587 4263 in
1620 4208 1725 4264 ﬁde
1754 4207 1832 4263 tui
1863 4208 2099 4266 nominis

504 4298 681 4369 largiti
709 4307 832 4352 sunt
858 4299 996 4353 bona
1020 4298 1355 4369 temporalia,
1378 4309 1437 4353 ut
1463 4308 1520 4354 tu
1552 4300 1694 4355 Deus
1722 4311 2099 4357 remunerator

504 4390 747 4445 omnium
773 4390 1037 4444 bonorum
1063 4388 1363 4444 retribuere
1394 4390 1500 4445 illis
1521 4391 1763 4460 digneris
1789 4406 1891 4461 pro
1915 4392 2099 4463 parvis

506 4495 722 4552 magna,
748 4489 803 4535 et
832 4496 928 4551 pro
956 4480 1187 4535 terrenis
1209 4481 1433 4550 praemia
1455 4480 1809 4550 sempiterna,
1832 4481 2099 4538 Servator

508 4572 712 4637 mundi,
748 4571 840 4641 qui
888 4571 1024 4627 vivis
1064 4578 1121 4627 et
1165 4586 1357 4643 regnas
1402 4571 1456 4626 in
1503 4572 1701 4628 saecula
1748 4572 2093 4628 smculorum.
2126 4564 2178 4627 Ι)

508 4664 698 4719 Amen.

1234 4754 1372 4815 Vll.

577 4876 892 4957 Confessio
926 4874 1290 4954 majestatis,
1328 4882 1382 4934 et
1404 4874 1765 4955 postulatio
1802 4877 2015 4938 venite.

578 4996 822 5059 Domine,
854 4994 1049 5050 exaudi
1072 4993 1376 5050 orationem
1397 5008 1597 5061 meam,
1624 4994 1846 5051 auribus
1880 4996 2101 5067 percipe

506 5092 669 5147 verba
697 5090 807 5144 oris
835 5088 960 5143 mei.
996 5089 1159 5152 Deus,
1190 5087 1357 5142 intret
1386 5087 1439 5142 in
1466 5096 1761 5159 conspectu
1790 5097 1884 5143 tuo
1924 5089 2102 5144 oratio

510 5194 650 5237 mea.
682 5180 883 5235 inclina
911 5194 1098 5234 aurem
1128 5187 1275 5233 tuam
1306 5179 1373 5233 ad
1398 5194 1590 5249 preces
1630 5194 1804 5244 meas,
1851 5180 2097 5236 Domine.

512 5272 650 5326 Deus
680 5270 930 5340 quijusta
958 5266 1295 5338 postulantes
1324 5271 1570 5335 exaudis,
1598 5285 1667 5326 ne
1701 5272 1775 5327 sis
1802 5271 2107 5329 inexorabi-

512 5364 576 5423 lis
604 5370 822 5437 propter
849 5361 1014 5415 nimia
1061 5370 1282 5430 peccata
1320 5368 1376 5414 et
1410 5362 1643 5416 crimina
1684 5378 1825 5427 mea,
1854 5365 1951 5419 sed
1984 5380 2105 5435 pro-

508 5464 629 5523 pter
683 5454 1003 5507 immensam
1058 5450 1315 5521 pietatem
1367 5460 1513 5506 tuam
1556 5454 1751 5508 exaudi
1794 5456 2101 5513 orationem

511 5559 712 5610 meam,
742 5550 797 5596 et
830 5543 1047 5597 auribus
1074 5541 1289 5611 percipe
1319 5541 1585 5613 lacrymas
1613 5559 1782 5608 meas,
1803 5553 1862 5600 ct
1887 5549 2103 5603 remitto

515 5634 664 5697 mihi,
706 5642 764 5687 ut
803 5632 1093 5703 refrigerer
1130 5630 1280 5701 prius
1315 5646 1478 5701 quam
1517 5634 1732 5699 abeam,
1772 5644 1829 5690 et
1867 5638 2101 5707 amplius

514 5742 622 5794 non
664 5739 774 5779 cro.
807 5722 966 5785 Deus,
1010 5722 1101 5791 qui
1141 5735 1331 5777 omnes
1377 5721 1625 5780 homines
1654 5726 1736 5781 vis
1779 5740 2021 5793 servare,
2046 5739 2102 5785 et

519 5816 788 5887 neminem
820 5814 896 5867 vis
927 5814 1125 5881 perire,
1156 5826 1310 5866 serva
1345 5828 1432 5868 me
1469 5827 1499 5868 a
1532 5813 1722 5885 laqueo
1753 5819 1966 5885 mortis,
1992 5828 2045 5874 ct
2070 5835 2100 5874 a

2204 1935 2480 2006 praeterita
2510 1946 2567 1992 et
2590 1936 2790 2004 futura,
2822 1937 2892 1993 da
2918 1939 3051 1996 mihi
3081 1940 3296 1997 veniam
3317 1940 3640 1997 delictorum
3666 1959 3808 1998 meo-

2204 2043 2325 2084 rum
2350 2030 2771 2103 prazteritorum,
2800 2038 2858 2086 et
2882 2031 2948 2084 de
2980 2032 3339 2101 praesentibus
3367 2041 3422 2087 et
3442 2030 3639 2089 futuris
3662 2035 3802 2089 dona

2204 2121 2341 2177 mihi
2385 2122 2807 2189 continentiam,
2850 2132 2911 2179 ut
2953 2122 3022 2179 ad
3054 2133 3202 2179 tuam
3249 2139 3463 2179 merear
3498 2125 3810 2181 misericor-

2206 2211 2351 2268 diam
2396 2213 2705 2284 pervenire.
2739 2212 2903 2280 Deus,
2941 2215 3033 2285 qui
3070 2214 3241 2287 magis
3269 2229 3371 2271 nos
3416 2214 3524 2287 43
3570 2216 3651 2271 vis
3683 2231 3814 2273 esse

2204 2310 2481 2359 correctos
2513 2318 2679 2376 quam
2700 2303 2881 2375 perire
2908 2304 3206 2377 neglectos,
3237 2304 3350 2361 noli
3376 2320 3464 2361 me
3491 2306 3722 2377 perdere
3753 2306 3815 2363 in

2203 2394 2418 2453 delictis
2446 2396 2585 2452 meis
2610 2395 2795 2453 multis
2816 2404 2873 2453 et
2897 2398 3184 2466 maximis;
3211 2398 3309 2455 sed
3331 2401 3631 2456 secundum
3654 2410 3815 2458 tuam

2204 2487 2635 2544 misericordiam
2666 2497 2723 2543 et
2751 2489 3157 2547 miserationem
3186 2492 3398 2562 corripe
3434 2507 3544 2557 me,
3572 2501 3630 2548 et
3653 2509 3683 2548 a
3719 2501 3816 2549 tua

2204 2577 2583 2635 misericordia
2626 2594 2695 2635 ne
2739 2580 2971 2651 repellas
2998 2596 3109 2649 me,
3141 2597 3243 2638 nec
3288 2597 3540 2638 corruam
3582 2583 3638 2638 in
3678 2597 3820 2640 con-

2203 2678 2395 2742 spectu
2421 2670 2862 2729 adversariorum
2892 2688 3171 2741 meorum;
3200 2681 3257 2730 et
3282 2689 3349 2730 ne
3378 2673 3525 2730 dicat
3552 2674 3814 2733 inimicus

2202 2776 2390 2829 meus,
2433 2762 2697 2819 Praevalui
2741 2763 3005 2822 adversus
3050 2779 3196 2821 eum.
3248 2765 3427 2833 Deus,
3468 2766 3624 2836 cujus
3661 2766 3810 2823 oculi

2203 2852 2504 2923 respiciunt
2527 2854 2645 2910 vias
2674 2853 2909 2911 filiorum
2937 2854 3251 2923 hominum,
3292 2857 3502 2928 respice
3531 2856 3587 2914 in
3614 2872 3730 2925 me,
3752 2865 3815 2914 et

2202 2944 2465 3000 miserere
2484 2945 2613 3011 mei,
2629 2953 2685 3000 et
2699 2944 2900 3017 repelle
2911 2961 2943 3003 a
2958 2960 3048 3002 me
3066 2947 3211 3018 quod
3224 2947 3410 3014 odisti,
3424 2956 3481 3003 et
3492 2948 3811 3005 misericors

2203 3032 2457 3105 impende
2483 3035 2628 3107 quod
2655 3035 2854 3109 diligis.
2887 3034 3108 3107 Repelle
3136 3052 3165 3091 a
3195 3053 3305 3104 me,
3336 3036 3587 3105 Domine,
3608 3052 3811 3095 omnes

2200 3127 2561 3199 cogitationes
2584 3128 2802 3196 noxias,
2831 3135 2887 3184 et
2906 3144 3068 3186 omne
3087 3145 3150 3185 os
3170 3146 3421 3203 pravum,
3443 3141 3498 3187 et
3518 3148 3652 3204 opus
3679 3146 3815 3207 per-

2201 3232 2450 3288 versum;
2482 3228 2540 3275 et
2569 3221 2780 3277 dimitte
2800 3237 2923 3292 qua:
2942 3223 3280 3279 conscientia
3303 3239 3424 3279 mea
3458 3226 3660 3282 misera
3692 3241 3812 3283 rne-

2202 3313 2324 3379 tuit,
2355 3323 2411 3369 et
2435 3314 2612 3387 adjice
2636 3315 2782 3387 quod
2808 3315 2987 3371 oratio
3012 3330 3123 3371 non
3153 3316 3455 3387 praesumit.
3486 3317 3654 3385 Deus,
3679 3319 3811 3391 quia

2200 3405 2300 3462 tibi
2337 3407 2405 3463 de
2435 3408 2693 3464 omnibus
2727 3423 2857 3463 cura
2885 3416 2995 3475 est,
3044 3407 3159 3464 noli
3202 3424 3290 3464 me
3328 3408 3712 3482 derelinquere
3750 3410 3805 3467 in

2200 3514 2365 3554 manu
2395 3498 2610 3557 consilii
2642 3500 2773 3566 mei,
2804 3507 2860 3556 et
2888 3495 2943 3555 in
2966 3498 3191 3557 arbitrio
3215 3515 3338 3556 meo
3361 3500 3485 3557 sine
3513 3500 3807 3571 adiutorio,

2199 3591 2330 3662 quia
2371 3606 2481 3647 non
2514 3590 2908 3662 justifieabitur
2944 3591 3001 3646 in
3047 3599 3342 3663 conspectu
3377 3600 3473 3647 tuo
3512 3594 3695 3649 omnis
3730 3593 3812 3649 vi-

2202 3697 2338 3739 vens
2363 3701 2375 3736 :
2399 3691 2455 3738 et
2480 3683 2607 3754 quia
2633 3681 2754 3739 sine
2777 3689 2829 3737 te
2852 3681 3054 3737 labitur
3082 3680 3320 3737 humana
3342 3681 3673 3748 mortalitas,
3697 3683 3812 3739 tuis

2199 3787 2421 3844 semper
2464 3771 2705 3837 auxiliis,
2756 3780 2812 3827 et
2857 3769 3208 3827 abstrahatur
3253 3785 3285 3825 a
3332 3771 3513 3829 noxiis
3550 3770 3810 3829 omnibus

2202 3861 2470 3935 fragilitas
2499 3876 2644 3927 mea,
2682 3870 2740 3916 et
2780 3860 2849 3917 ad
2889 3860 3149 3917 salutaria
3196 3859 3482 3932 dirigatur.
3514 3859 3676 3926 Deus,
3707 3862 3805 3932 qui

2201 3968 2263 4010 es
2290 3954 2539 4010 cordium
2569 3954 2867 4024 inspector,
2896 3954 2962 4009 da
2996 3952 3130 4007 mibi
3169 3966 3267 4008 cor
3309 3954 3456 4025 quod
3494 3962 3545 4008 te
3585 3954 3804 4019 timeat,

2200 4057 2426 4100 sensum
2463 4043 2557 4115 qui
2587 4050 2641 4099 te
2685 4042 2971 4115 intelligat,
2997 4057 3135 4113 opus
3166 4044 3312 4113 quod
3345 4045 3441 4102 tibi
3471 4046 3713 4118 placeat;
3744 4058 3809 4103 ut

2203 4143 2256 4191 te
2278 4134 2525 4191 timendo
2548 4149 2767 4207 semper
2796 4135 3064 4191 declinem
3093 4151 3125 4191 a
3146 4135 3312 4204 male,
3335 4146 3391 4193 et
3434 4146 3488 4194 te
3534 4138 3810 4212 diligendo

2201 4242 2420 4298 semper
2444 4233 2552 4281 ate
2580 4225 2862 4282 custodiar
2890 4224 2945 4280 in
2979 4225 3124 4283 bono
3148 4244 3160 4279 :
3187 4234 3245 4281 et
3272 4226 3341 4282 da
3374 4227 3504 4282 mihi
3545 4228 3803 4284 virtutem

2200 4319 2493 4375 resistendi
2541 4328 2733 4374 contra
2774 4318 2907 4374 vitia
2946 4327 3003 4374 et
3040 4319 3389 4375 insidiatores
3418 4321 3667 4397 omnium
3698 4323 3800 4378 vir-

2199 4415 2395 4464 tutum.
2428 4407 2594 4474 Deus,
2629 4408 2722 4480 qui
2748 4423 2809 4464 es
2840 4407 3065 4480 largitor
3094 4410 3337 4466 omnium
3368 4410 3663 4479 bonorum,
3691 4412 3798 4467 lar-

2202 4502 2318 4574 gire
2356 4500 2491 4556 mihi
2535 4500 2716 4567 ﬁdem,
2745 4508 2803 4556 et
2832 4514 2969 4571 opus
3008 4501 3253 4557 scientiae
3289 4510 3345 4558 ct
3381 4502 3801 4572 continentiam,

2200 4593 2525 4650 cbaritatem
2550 4601 2606 4648 et
2629 4593 2961 4659 castitatem,
2986 4609 3174 4650 veram
3200 4596 3526 4667 patientiam
3557 4610 3615 4655 et
3632 4599 3801 4655 humi-

2200 4684 2431 4750 litatem,
2460 4692 2518 4740 et
2540 4683 2905 4738 voluntariam
2930 4692 3327 4754 paupertatem,
3351 4694 3408 4741 et
3445 4702 3797 4757 perseveran-

2204 4776 2334 4830 tiam
2359 4775 2559 4831 bonam
2590 4774 2647 4828 in
2677 4782 2773 4828 tuo
2799 4772 3082 4829 famulatu.
3127 4774 3292 4842 Deus,
3323 4776 3415 4846 qui
3439 4792 3499 4830 es
3525 4778 3629 4841 via,
3662 4778 3801 4833 veri-

2203 4876 2287 4922 tas
2316 4874 2371 4921 et
2397 4864 2537 4930 vita,
2569 4864 2747 4920 deduc
2776 4880 2865 4920 me
2894 4865 2949 4919 in
2981 4865 3126 4921 viam
3160 4873 3330 4930 tuam,
3353 4874 3413 4920 ut
3441 4866 3709 4938 ingrediar
3740 4868 3800 4924 in

2202 4958 2431 5014 veritate
2476 4962 2600 5022 tua;
2634 4954 2847 5010 laetetur
2886 4969 2985 5010 cor
3031 4969 3234 5020 meum,
3262 4964 3325 5010 ut
3371 4956 3561 5011 timeat
3600 4972 3800 5013 nomen

2203 5059 2377 5114 tuum,
2406 5054 2462 5103 et
2488 5047 2692 5118 perduc
2719 5061 2806 5101 me
2832 5046 2901 5102 ad
2929 5046 3097 5102 vitam
3125 5054 3406 5101 aeternam.

2274 5180 2442 5247 Deus,
2474 5180 2568 5252 qui
2599 5193 2661 5236 es
2690 5178 2785 5234 lux
2822 5192 2954 5234 vera
2991 5177 3306 5234 illuminans
3343 5179 3510 5235 corda
3537 5178 3796 5247 ﬁdelium,

2204 5271 2445 5327 illumina
2487 5286 2585 5325 cor
2622 5284 2806 5325 meum
2841 5267 3048 5324 lumine
3087 5268 3455 5341 intelligentiae
3494 5278 3621 5336 tuae,
3652 5281 3709 5327 et
3733 5274 3795 5328 da

2203 5363 2337 5418 mihi
2364 5362 2650 5418 scientiam
2680 5375 2886 5425 veram.
2919 5368 2977 5414 et
3002 5359 3204 5430 repelle
3237 5374 3267 5413 a
3301 5375 3389 5416 me
3424 5376 3615 5417 omnes
3652 5372 3799 5419 tene-

2203 5453 2329 5508 bras
2377 5451 2717 5523 ignorantizn,
2757 5458 2814 5503 et
2857 5450 3113 5505 tenebras
3161 5457 3511 5519 peccatorum
3558 5465 3800 5507 meorum

2204 5544 2412 5615 expelle
2442 5558 2472 5596 a
2504 5558 2613 5607 me,
2642 5542 2897 5607 Domine,
2930 5552 2991 5597 ut
3038 5543 3092 5597 in
3141 5540 3430 5613 splendore
3466 5544 3684 5600 luminis
3724 5544 3799 5598 tui

2204 5653 2420 5708 semper
2459 5635 2737 5690 ambulare
2774 5649 3007 5689 merear.
3041 5634 3205 5699 Deus,
3237 5634 3331 5704 qui
3368 5634 3501 5689 facis
3530 5636 3800 5691 mirabilia

2205 5743 2397 5801 magna
2427 5728 2576 5783 solus
2604 5767 2618 5793 ,
2650 5725 2735 5782 fac
2763 5741 2977 5782 mecum
3026 5725 3241 5798 signum
3280 5726 3335 5781 in
3374 5726 3600 5793 bonum,
3628 5738 3687 5781 ut
3715 5730 3800 5781 vi-

2203 5818 2369 5874 deant
2405 5819 2498 5887 qni
2549 5832 2645 5892 me
2675 5818 2928 5882 oderunt,
2976 5824 3031 5872 et
3074 5814 3508 5885 confundantur;
3540 5820 3801 5890 quoniam
