4122 6618
337 510 439 565 497

1191 508 1586 568 LITURGICA.
1623 539 1695 550 -—
1732 509 1823 565 DE
1859 505 2112 566 PSALM.
2153 507 2315 566 USU.
2357 539 2427 551 --
2459 508 2642 566 PARS
2679 510 2742 566 II.

3517 519 3622 572 498

336 623 944 694 t.:i,Domine,adjuvisti
983 639 1091 690 me,
1110 631 1164 680 et
1197 624 1508 681 consolatus
1538 639 1599 680 es
1628 631 1807 691 me,et
1846 622 1919 678 di-
1948 626 1998 686 Α
2024 619 2307 688 Miserere,
2339 622 2624 688 miserere,
2654 623 2895 679 Trinitas
2920 633 2975 679 et
3004 625 3217 682 Unitas.
3253 627 3328 683 Te
3358 627 3536 695 laudo,
3575 643 3626 686 te

332 730 461 776 cant
483 737 495 774 :
520 717 645 775 Ilaec
682 717 910 774 mutatio
939 717 1176 774 dexterae
1216 717 1454 781 Excelsi,
1485 726 1623 773 esto.
1674 715 1926 780 Domine,

332 812 419 871 fac
460 829 584 870 cum
625 828 785 868 servo
824 819 918 868 tuo
946 812 1247 867 secundum
1289 811 1722 867 misericordiam
1753 819 1924 878 tuam,

327 912 386 960 et
425 903 852 976 iustiﬁcationes
897 911 1020 958 tuas
1067 903 1200 958 doce
1238 916 1344 958 me.
1397 901 1600 958 Servus
1642 911 1767 958 tuus
1803 918 1925 960 sum

327 1013 448 1071 ego,
473 997 542 1052 da
571 997 704 1052 mihi
745 995 1098 1061 intellectum,
1127 1003 1189 1050 ut
1211 994 1416 1050 discam
1446 995 1700 1051 mandata
1730 1001 1842 1060 tua,
1871 1005 1929 1051 et

324 1099 484 1146 custo
502 1090 630 1145 iiam
659 1089 749 1145 illa
779 1089 832 1144 in
867 1096 981 1144 toto
1005 1087 1171 1144 corde
1193 1103 1335 1151 meo,
1367 1088 1493 1158 quia
1520 1087 1576 1142 i‘n
1605 1087 1923 1143 custodien-

327 1181 413 1238 dis
450 1180 556 1236 illis
594 1179 882 1235 retributio
926 1177 1096 1234 multa
1124 1185 1227 1233 est.
1277 1176 1543 1241 Domine,
1572 1176 1659 1232 fac
1709 1193 1924 1235 mecum

326 1272 629 1329 secundum
651 1269 1084 1326 misericordiam
1116 1279 1285 1333 tuam,
1317 1269 1445 1340 quia
1483 1270 1668 1325 suavis
1708 1277 1796 1326 est
1823 1269 1928 1326 mi-

327 1364 622 1423 sericordia
652 1371 764 1420 tua.
814 1363 1012 1420 Libera
1059 1378 1168 1428 me,
1200 1364 1328 1435 quia
1371 1379 1576 1436 egenus
1625 1371 1681 1419 et
1720 1379 1928 1436 pauper

327 1475 428 1531 ego
468 1474 612 1524 sum,
642 1465 698 1514 et
725 1472 822 1514 cor
865 1472 1049 1514 meum
1077 1456 1462 1513 conturbatum
1503 1466 1589 1514 est
1630 1458 1772 1513 intra
1814 1474 1920 1515 me.

325 1555 518 1611 Libera
565 1567 652 1608 me
698 1567 729 1606 a
777 1549 1234 1623 persequentibus
1284 1565 1404 1615 me,
1453 1550 1582 1620 quia
1630 1548 1922 1607 confortati

323 1655 454 1704 sunt
479 1661 642 1718 super
669 1660 773 1700 me.
804 1643 997 1700 Libera
1039 1659 1148 1711 me,
1179 1642 1323 1700 Deus
1353 1642 1537 1709 Israel,
1571 1659 1639 1700 ex
1670 1645 1924 1702 omnibus

325 1737 708 1810 iniquitatibus
733 1737 889 1793 meis.
922 1734 1119 1792 Libera
1140 1750 1228 1791 me
1256 1734 1324 1790 de
1351 1736 1728 1808 sanguinibus,
1754 1735 1922 1802 Deus,

326 1829 471 1884 Deus
498 1827 689 1884 salutis
726 1841 882 1892 mere,
909 1832 967 1880 et
993 1824 1255 1882 exaltabit
1289 1824 1473 1898 lingua
1500 1841 1621 1881 mea
1653 1825 1924 1897 justitiam

325 1927 493 1975 tuam.
541 1917 733 1973 Libera
764 1931 853 1972 me
897 1914 964 1970 de
993 1930 1088 1972 ore
1117 1914 1314 1982 leonis,
1359 1923 1416 1972 et
1442 1930 1474 1971 a
1505 1915 1762 1973 cornibus
1802 1918 1925 1974 uni-

323 2009 572 2065 cornium
618 2005 756 2080 (.41.,
799 2003 1281 2077 unicorniorum],
1320 2011 1382 2061 ut
1429 2019 1684 2062 enarrem
1721 2022 1923 2064 nomen
1959 1987 2002 2048 Β

324 2109 476 2156 tuum
523 2098 781 2156 fratribus
830 2098 990 2155 meis.
1039 2097 1328 2153 Liberator
1374 2111 1530 2153 meus
1573 2097 1640 2153 de
1689 2097 1925 2154 inimicis

324 2191 464 2247 meis
514 2189 825 2255 iracundis,
855 2187 925 2244 ab
971 2186 1377 2259 insurgentibus
1422 2187 1481 2242 in
1524 2201 1612 2242 me
1661 2185 1926 2242 exaltabis

326 2299 434 2350 me,
466 2300 496 2339 a
532 2283 650 2338 viro
679 2282 868 2352 iniquo
895 2279 1096 2351 eripies
1122 2293 1210 2334 me
1229 2319 1244 2344 ,
1275 2293 1378 2334 nec
1416 2293 1505 2334 me
1533 2277 1762 2349 patiaris
1803 2285 1926 2334 ten-

327 2374 430 2430 tari
477 2389 640 2445 supra
683 2372 736 2428 id
762 2370 907 2442 quod
934 2385 1191 2442 possum,
1219 2370 1348 2441 quia
1379 2376 1437 2424 tu
1465 2369 1575 2424 scis
1605 2366 1923 2441 figmentum

327 2483 530 2535 meum,
561 2476 619 2524 tu
650 2467 758 2523 scis
785 2465 1134 2538 fragilitatem
1162 2463 1409 2537 corporis
1448 2471 1504 2520 et
1537 2464 1737 2521 mentis
1767 2479 1920 2522 mem.

327 2562 406 2618 Tu
432 2561 540 2618 scis
568 2559 939 2632 insipientiam
974 2572 1176 2625 meam,
1199 2565 1256 2615 et
1288 2557 1486 2615 delicta
1524 2572 1645 2614 mea
1673 2571 1704 2611 a
1733 2565 1786 2612 te
1812 2573 1923 2613 non

323 2662 454 2711 sunt
499 2654 838 2711 abscondita.
870 2651 1018 2709 Deus
1059 2666 1234 2717 meus,
1275 2650 1427 2722 eripe
1467 2663 1554 2706 me
1575 2648 1644 2706 de
1670 2647 1926 2705 manibus

325 2747 669 2804 inimicorum
715 2759 984 2810 meorum,
1033 2750 1091 2799 et
1135 2758 1167 2799 a
1211 2740 1671 2814 persequentibus
1717 2755 1806 2796 me
1825 2781 1847 2807 ,.
1870 2747 1928 2797 et

326 2840 503 2896 deduc
532 2856 618 2896 me
645 2840 713 2896 de
741 2839 937 2910 laqueo
963 2853 1128 2910 quem
1173 2835 1580 2894 absconderunt
1613 2835 1771 2902 mihi,
1789 2837 1926 2907 quia

327 2941 386 2989 tu
408 2947 470 2990 es
495 2941 774 3005 protector
795 2947 950 2988 meus
976 2949 990 2985 :
1015 2938 1072 2986 et
1094 2928 1334 2986 illumina
1362 2927 1559 2986 faciem
1589 2936 1739 2984 tuam
1761 2943 1926 3002 super

327 3039 546 3080 servum
575 3034 749 3089 tuum,
771 3030 827 3079 et
852 3021 1062 3079 salvum
1091 3036 1180 3078 me
1209 3019 1296 3077 fac
1323 3021 1379 3076 in
1408 3019 1921 3076 tuamisericordia.

328 3115 578 3182 Domine,
608 3129 716 3171 non
737 3111 1063 3180 confundor,
1091 3113 1348 3184 quoniam
1380 3111 1629 3168 invocavi
1659 3120 1732 3168 te.

1042 3225 1212 3287 VIII.

2029 712 2219 776 adoro,
2251 721 2305 768 te
2345 713 2628 781 confiteor,
2653 731 2767 786 pan
2799 731 2943 781 mea,
2973 733 3098 786 spes
3133 735 3275 781 mea,
3317 719 3456 786 laus,
3489 724 3621 787 vita,

2026 802 2371 874 pulchritudo
2399 814 2457 862 et
2483 807 2761 863 beatitudo
2812 823 2956 874 mea,
2974 809 3312 867 confidentia
3347 823 3402 868 et
3431 814 3626 871 ﬁducia

2027 909 2173 958 mea,
2200 896 2455 953 remissio
2493 895 2820 954 facinorum:
2849 908 2904 954 et
2955 897 3281 972 ﬂagitiorum
3329 919 3572 960 meorum
3607 929 3622 962 ι

2026 1001 2182 1042 amor
2215 1003 2280 1042 ac
2322 987 2725 1043 firmamentum
2772 1005 2950 1044 meum
2973 1032 2986 1056 ,
3018 989 3312 1064 refugium,
3343 993 3623 1062 liberator,

2028 1075 2346 1149 [protector]
2374 1087 2430 1133 et
2477 1086 2764 1148 susceptor
2801 1078 2945 1134 Deus
2988 1095 3139 1136 meus
3167 1100 3180 1135 :
3207 1082 3418 1147 doctor,
3452 1086 3624 1142 medi-

2024 1167 2170 1232 cina,
2202 1167 2532 1238 gubernator
2571 1183 2634 1222 ae
2664 1168 2978 1239 redemptor
3004 1184 3179 1236 meus,
3220 1172 3439 1243 requies
3480 1189 3622 1238 mea.

2024 1261 2235 1316 sanitas
2263 1269 2319 1316 et
2342 1261 2632 1316 delectatio
2659 1276 2803 1326 mea,
2835 1262 2990 1317 testis
3019 1261 3254 1332 etjudex
3294 1280 3470 1332 meus,
3497 1283 3625 1322 san-

2025 1357 2110 1405 cta
2139 1350 2400 1417 Trinitas,
2429 1350 2809 1422 inseparabilis
2836 1350 3050 1408 Unitas.
3084 1351 3226 1410 Deus
3255 1355 3620 1426 omnipotens,

2023 1457 2112 1498 me
2141 1445 2211 1498 ab
2244 1443 2394 1498 omni
2443 1443 2586 1498 malo
2632 1443 2865 1499 liberare
2905 1444 3178 1517 digneris,
3201 1455 3257 1502 et
3296 1455 3382 1503 tua
3433 1448 3627 1522 sempi-

2023 1541 2182 1589 terna
2213 1534 2590 1590 benedictione
2636 1534 2980 1602 benedicere,
3011 1537 3101 1607 qui
3129 1556 3192 1596 es
3217 1543 3361 1598 Deus
3403 1539 3625 1596 benedi-

2024 1632 2166 1692 ctus,
2203 1624 2495 1682 incfi‘abilis
2529 1632 2586 1682 et
2615 1625 3040 1700 incorruptibilis
3074 1631 3128 1684 in
3159 1629 3354 1686 saecula
3400 1633 3623 1690 saeculo-

2023 1731 2167 1772 rum.
2197 1716 2397 1774 Amen.

2771 1833 2886 1894 IX.

2426 1952 2752 2037 Confessio
2787 1963 3213 2034 peccatorum.

2096 2101 2212 2160 Sub
2235 2103 2635 2161 confessionem
2673 2112 2820 2160 tuam
2841 2103 3100 2161 futuram
3127 2105 3360 2162 viriliter
3398 2123 3516 2179 age,
3549 2117 3621 2165 te

2023 2209 2130 2267 que
2177 2196 2230 2250 in
2280 2195 2512 2252 Domino
2552 2195 2884 2263 confortare,
2930 2205 2988 2252 et
3033 2195 3143 2252 noli
3189 2197 3538 2263 erubescere,
3567 2211 3622 2257 ct

2024 2289 2150 2359 quia
2178 2287 2306 2344 inde
2335 2293 2484 2344 venit
2512 2287 2880 2360 indulgentia,
2907 2305 3032 2345 cum
3077 2288 3132 2345 in
3175 2305 3272 2362 spe
3313 2290 3622 2349 misericor-

2025 2377 2128 2433 ὧδε
2177 2376 2273 2433 Dei
2320 2377 2600 2433 humiliter
2639 2376 2924 2435 confessus
2954 2377 3124 2436 fueris
3168 2388 3392 2451 peccata
3423 2388 3536 2448 tua,
3567 2395 3625 2439 et

2023 2468 2312 2540 reliqueris
2352 2484 2447 2536 ea;
2481 2469 2609 2540 quia
2644 2469 2764 2524 sine
2795 2469 3142 2528 confessione
3181 2487 3290 2528 non
3315 2480 3424 2528 est
3448 2472 3623 2528 indul-

2025 2560 2227 2632 gentia.
2252 2558 2310 2614 ln
2338 2559 2530 2630 primis
2553 2568 2839 2631 prosterne
2869 2568 2924 2618 te
2941 2559 3222 2618 humiliter
3250 2562 3304 2617 in
3327 2574 3622 2636 conspectu

2025 2650 2121 2708 Dei
2152 2653 2207 2707 in
2235 2658 2380 2708 terra
2406 2652 2475 2708 ad
2504 2653 2828 2719 orationem,
2859 2663 2916 2710 et
2938 2669 3066 2727 roga
3095 2654 3310 2711 beatam
3346 2655 3442 2712 Dei
3461 2659 3622 2730 geni-

2026 2745 2218 2801 tricem
2252 2744 2501 2812 Mariam,
2526 2753 2594 2801 ut.
2631 2745 2747 2818 ipsa
2788 2747 3106 2804 intercedat.
3133 2764 3232 2820 pro
3262 2757 3316 2806 te
3345 2750 3413 2806 ad
3440 2750 3624 2807 Domi-

2026 2855 2178 2907 num,
2210 2855 2334 2896 cum
2383 2841 2637 2897 omnibus
2690 2840 2896 2897 sanctis
2943 2841 3223 2913 apostolis,
3271 2844 3620 2914 martyribus,

2025 2931 2434 2989 confessoribus
2483 2940 2539 2988 et
2584 2931 2916 3004 virginibus;
2970 2940 3033 2988 ut
3081 2931 3226 2990 Deus
3275 2934 3624 3006 omnipotens

2027 3025 2281 3096 dignetur
2320 3023 2414 3080 tibi
2458 3023 2590 3080 dare
2632 3024 2958 3095 sapientiam
3001 3023 3321 3096 perfectam,
3352 3034 3410 3083 et
3445 3027 3625 3083 indul-

2027 3117 2266 3190 gentiam
2313 3133 2521 3184 veram,
2553 3125 2610 3174 et
2653 3119 2910 3175 virtutem
2964 3117 3135 3174 animi
3181 3127 3526 3176 constantem
3554 3122 3622 3178 ad

2027 3208 2397 3266 conﬁtendum
2422 3211 2695 3268 veraciter
2729 3225 2797 3266 ex
2839 3211 3032 3267 intimo
3061 3211 3227 3268 corde
3250 3219 3476 3285 peccata
3507 3221 3619 3280 tua,

327 3327 554 3417 Ονιξιξᾳ
603 3344 723 3406 pro
755 3325 1078 3406 agnitione
1107 3324 1242 3417 Dei,
1292 3333 1348 3386 et
1373 3342 1492 3417 pro
1528 3322 1925 3417 indulgentia
1949 3344 1997 3411 ε
2110 3309 2311 3406 Ρίξδίθδο
2344 3318 2527 3417 ευτξξο
2555 3313 2610 3408 (ξε
2638 3319 2760 3408 (Eum
2807 3303 3004 3417 adlidi“
3032 3313 3089 3362 θί
3126 3320 3257 3417 ξξη
3298 3306 3623 3417 οτξδυηιθξθ

405 3402 817 3550 [defiet—orum,
847 3411 902 3466 et
930 3402 1778 3486 peremptione’diversarunt
1804 3404 1924 3466 tri-

450 3508 490 3549 u
518 3495 826 3548 attonum.

450 3495 826 3549 ulatt‘onum.

397 3585 691 3650 Miserere,
720 3582 978 3650 Domine,
1009 3581 1304 3649 miserere,
1332 3580 1578 3647 Christe;
1612 3588 1670 3637 tu
1711 3582 1923 3639 miseri-

329 3679 511 3736 cordia
543 3692 662 3732 mea
694 3676 952 3732 miserere
989 3674 1114 3731 mei.
1159 3673 1439 3740 Miserere,
1471 3673 1722 3740 Domine,
1753 3673 1922 3731 mise-

328 3785 468 3836 rere,
497 3767 736 3828 Christe.
770 3773 831 3822 ut
857 3766 1000 3822 bene
1028 3781 1213 3838 rogem
1242 3777 1314 3821 te.
1351 3764 1608 3822 Miserere
1628 3805 1645 3833 ,
1669 3764 1922 3832 Domine,

329 3863 620 3927 miserere,
650 3859 894 3925 Christe,
941 3865 1003 3913 ut
1045 3858 1268 3931 dignum
1314 3873 1401 3914 me
1440 3856 1611 3914 facias
1653 3857 1932 3915 exaudiri-

330 3953 603 4018 Miserere,
637 3952 882 4018 Domine,
927 3952 1210 4017 miserere,
1242 3949 1476 4007 Christe.
1511 3949 1785 4006 Exaudias
1811 3963 1922 4016 me,

328 4059 389 4106 ut
416 4050 588 4106 sciam
620 4047 952 4104 voluntatem
982 4053 1164 4111 tuam;
1210 4045 1408 4101 doceas
1446 4053 1640 4110 me,.ut
1663 4044 1718 4100 in
1746 4043 1924 4100 chari-

331 4154 440 4201 tate
471 4153 562 4200 tua
591 4142 837 4201 enutrias
869 4157 975 4197 me.
1021 4139 1326 4205 Miserere,
1354 4137 1603 4202 Domine,
1636 4139 1920 4205 miserere,

333 4242 565 4304 Christe,
598 4248 656 4296 ut
692 4237 912 4296 credam
952 4235 1008 4292 in
1050 4243 1137 4301 te,
1165 4244 1229 4290 ut
1252 4247 1581 4306 cognoscam
1612 4242 1688 4299 te,
1718 4241 1778 4288 ut
1803 4231 1924 4288 dili-

332 4351 450 4406 gam
499 4341 570 4388 te.
625 4331 917 4396 Miserere,
962 4327 1211 4392 Domine,
1256 4327 1539 4391 miserere,
1579 4323 1818 4390 Christe,
1863 4334 1925 4381 ut

341 4437 540 4497 iperem
568 4424 621 4478 in
663 4430 738 4478 te.
921 4417 1179 4474 Miserere
1199 4457 1214 4482 ,
1243 4414 1491 4480 Domine,
1522 4413 1648 4485 quia
1677 4415 1924 4486 coinqui-

332 4523 515 4570 uatum
565 4527 789 4570 sensum
837 4511 1013 4567 habeo
1063 4509 1120 4565 in
1169 4507 1424 4565 omnibus
1462 4506 1922 4578 concupiscentiis

325 4607 553 4671 illicitis,
590 4613 647 4661 et
669 4619 740 4661 ex
767 4603 914 4660 omni
943 4602 1177 4659 elatione
1206 4609 1264 4658 et
1288 4601 1394 4667 ira,
1425 4608 1484 4656 ct
1516 4600 1829 4672 suspicione
1865 4611 1922 4658 et

2028 3393 2116 3450 die
2135 3394 2209 3461 ei,
2226 3393 2314 3450 cui
2339 3394 2587 3450 confiteri
2616 3395 2697 3452 vis
2721 3403 2946 3468 peccata
2977 3404 3070 3453 tua
3099 3415 3112 3452 :
3138 3397 3255 3454 Mea
3283 3397 3463 3471 culpa,
3493 3402 3621 3472 quia

2027 3486 2246 3558 peccavi
2273 3485 2438 3542 nimis
2467 3487 2524 3542 in
2550 3486 2902 3572 cogitatione,
2932 3487 3205 3545 locutione
3223 3497 3281 3545 et
3305 3503 3492 3563 opere.-

2747 3595 2889 3652 Alia.

2096 3705 2372 3766 Confiteor
2398 3722 2582 3764 coram
2607 3706 2720 3764 Deo
2738 3708 3119 3780 omnipotenti,
3142 3717 3391 3770 creatore
3416 3711 3540 3768 coeli
3567 3723 3634 3768 et

2023 3808 2204 3865 terrae,
2226 3806 2284 3855 et
2308 3812 2495 3854 coram
2521 3797 2625 3854 hoc
2644 3796 2804 3854 altari
2831 3807 3044 3864 sancto,
3071 3807 3126 3854 et
3142 3801 3348 3858 sanctis
3372 3800 3618 3875 reliquiis

2023 3905 2146 3962 quae
2183 3888 2240 3946 in
2267 3889 2374 3946 hoc
2398 3887 2516 3946 loco
2547 3897 2740 3946 sancto
2764 3896 2924 3956 sunt;
2953 3890 3082 3961 quia
3112 3890 3279 3948 nimis
3306 3894 3527 3966 peccavi
3562 3895 3618 3954 in

2023 3969 2445 4053 cogitationibus
2489 3979 2920 4048 nefandissimis,
2948 3981 3267 4042 delectando
3291 3991 3350 4040 et
3387 4000 3619 4046 consen-

2024 4072 2207 4128 tiendo
2244 4071 2372 4140 illis,
2410 4079 2466 4130 et
2503 4071 2838 4140 meditando,
2879 4070 3219 4146 disponendo
3252 4075 3309 4131 in
3347 4092 3536 4144 sensu,
3563 4088 3622 4133 et

2023 4166 2312 4232 memoria,
2337 4181 2404 4223 ac
2427 4165 2709 4223 voluntate
2736 4180 2880 4233 mea,
2902 4164 3140 4238 qualiter
3166 4165 3385 4240 explere
3417 4169 3620 4240 potuis.

2021 4274 2141 4317 sem
2171 4273 2358 4331 opere;
2379 4274 2502 4332 quae
2529 4257 2672 4314 male
2699 4257 3021 4333 cogitabam.

2754 4375 2897 4432 Alia.

2093 4487 2386 4555 Confiteor,
2412 4489 2539 4560 quia
2566 4489 2792 4562 peccavi
2821 4489 2984 4546 nimis
3005 4489 3060 4546 in
3087 4490 3434 4548 sermonibus
3460 4492 3636 4548 vanis.

2022 4591 2080 4639 et
2105 4581 2399 4638 immundis
2426 4588 2484 4636 et
2505 4581 2776 4653 turpibus,
2801 4580 2996 4638 otiosis
3021 4589 3078 4638 et
3097 4583 3304 4640 nocuis.
3337 4582 3631 4642 Confiteor

326 4695 622 4770 hypocrisi.
678 4693 968 4758 Miserere,
1010 4692 1237 4748 Domine
1277 4689 1420 4748 Deus
1463 4671 1922 4762 omnipotens,.ut

2025 4675 2144 4731 odia
2170 4673 2352 4730 cordis
2375 4673 2504 4741 mei,
2528 4681 2584 4730 et
2603 4671 2944 4741 dolositates,
2976 4681 3032 4730 et
3057 4672 3316 4741 invidias,
3331 4672 3616 4733 detractio-

327 4763 656 4858 eognoscam
685 4789 741 4838 et
767 4781 983 4852 diligam
1026 4781 1302 4837 vinculum
1345 4779 1630 4838 charitatis
1669 4796 1924 4851 perseve-

2025 4779 2143 4830 nes,
2174 4763 2592 4836 impatientiam,
2622 4765 2890 4831 convicia,
2922 4765 3320 4830 contentiones,
3352 4765 3622 4836 dijudica-

331 4885 533 4932 :anter.
571 4860 848 4938 Miserere,
880 4871 1046 4936 Deus,
1077 4879 1192 4927 uta
1217 4880 1393 4928 morte
1432 4879 1693 4944 perpetua
1719 4872 1922 4943 eripias

351 4982 437 5021 ne.
471 4964 753 5028 Miserere,
785 4960 950 5026 Deus,
981 4969 1042 5016 ut
1069 4962 1136 5018 de
1173 4963 1426 5020 omnibus
1453 4963 1692 5034 peccatis
1723 4973 1780 5019 et
1811 4965 1921 5019 cri-

354 5058 570 5113 niuibus
607 5053 745 5111 meis
794 5068 977 5108 veram
1019 5055 1397 5125 pcenitentiam
1437 5061 1496 5109 et
1532 5053 1921 5127 indulgentiam

357 5138 538 5202 ribuas
578 5144 730 5200 mihi.
764 5143 1042 5208 Miserere,
1074 5143 1252 5208 Deus,
1283 5151 1342 5198 ut
1380 5144 1757 5200 remissionem
1807 5161 1924 5200 om-

354 5240 484 5296 nium
538 5245 890 5311 peccatorum
935 5249 1183 5291 meorum
1235 5235 1506 5291 concedas
1553 5235 1704 5302 mihi,
1755 5245 1816 5291 ut
1855 5235 1925 5291 ab

361 5328 480 5383 mni
510 5326 855 5388 tribulatione
878 5325 1078 5396 eripias
1107 5339 1216 5389 me,
1241 5324 1384 5379 etab
1410 5324 1555 5380 omni
1585 5325 1923 5380 immunditia

366 5421 512 5475 erilis
537 5427 591 5475 et
610 5418 854 5488 corporis
877 5415 1075 5472 liberes
1101 5431 1208 5482 me,
1236 5424 1515 5485 totumque
1541 5413 1782 5471 fomitem
1805 5415 1926 5470 libi-

373 5512 475 5569 inis
505 5510 820 5582 exstinguas
851 5509 905 5568 in
933 5523 1041 5573 me,
1072 5523 1137 5563 ac
1174 5508 1242 5562 ab
1271 5507 1524 5562 omnibus
1564 5505 1776 5562 insidiis
1810 5505 1924 5560 dia-

374 5604 444 5659 oli
466 5610 523 5659 et
535 5601 683 5658 omni
701 5599 1055 5656 maloliberes
1079 5614 1183 5654 me.
1205 5597 1484 5660 Miserere,
1511 5594 1735 5651 Domine
1758 5595 1922 5660 Deus,

375 5696 621 5760 riserere,
649 5700 710 5750 ut
750 5691 931 5747 anima
980 5706 1100 5746 mea
1148 5690 1296 5744 vivat
1347 5689 1400 5744 in
1446 5695 1520 5752 te,
1554 5697 1609 5742 et
1647 5687 1756 5742 vita
1806 5702 1925 5742 mea

377 5787 585 5844 reficiat
610 5787 664 5843 in
705 5794 777 5841 te.
811 5783 1092 5848 Miserere,
1125 5782 1353 5838 Domine
1383 5780 1526 5835 Deus
1552 5779 1733 5843 Pater,
1757 5779 1924 5852 gloria

376 5893 482 5943 ica,
521 5877 630 5932 vita
677 5890 819 5938 mea,
865 5873 1013 5930 salus
1057 5887 1122 5926 ac
1168 5867 1427 5927 fortitudo
1455 5882 1594 5923 mea.
1646 5865 1927 5934 Miserere,

383 5971 575 6044 piritus
630 5967 918 6043 paraclete,
965 5963 1264 6022 consolatio
1317 5971 1369 6017 et
1423 5958 1741 6017 illuminatio
1781 5973 1919 6014 mea.

2023 4859 2220 4923 tiones,
2250 4855 2636 4928 blasphemias,
2664 4856 3010 4929 turpiloquia,
3051 4856 3432 4924 scurrilitates,
3461 4874 3614 4915 men-

2022 4947 2198 5014 dacia,
2238 4946 2546 5013 maledicta,
2581 4947 2847 5020 periuria,
2878 4946 3105 5002 consilia
3150 4947 3610 5019 iniqua,.excusa-

2024 5039 2199 5096 tiones
2251 5048 2598 5111 peccatorum
2641 5054 2907 5106 meorum,
2959 5039 3278 5107 irrisiones,
3307 5041 3611 5098 dissimula-

2028 5134 2242 5199 tiones,
2292 5131 2657 5199 adulationes,
2706 5125 3190 5203 improperationes
3217 5173 3232 5197 ,
3286 5130 3610 5199 inﬂationes,

2032 5224 2496 5288 tumultuaticnes,
2525 5223 2955 5290 malevolentias,
2978 5223 3343 5300 seductiones,
3377 5224 3612 5291 furores,

2028 5318 2453 5392 indignationes,
2481 5316 2828 5381 ambitiones,
2858 5317 3328 5387 concupiscentias
3353 5318 3534 5374 carnis
3559 5327 3612 5373 et

2028 5412 2336 5477 oculorum,
2414 5419 2470 5467 et
2536 5411 2850 5482 superbias,
2914 5411 3161 5467 tristitias
3193 5451 3206 5475 ,
3272 5412 3608 5477 timiditates,

2029 5503 2284 5560 mollities
2321 5503 2510 5568 animi,
2543 5503 2697 5558 taedia
2727 5502 2922 5567 multa,
2947 5503 3324 5574 negligentias,
3350 5503 3612 5559 securita-

2026 5601 2130 5658 tes,
2152 5594 2360 5665 vigilias
2383 5591 2624 5658 inutiles,
2647 5599 2703 5648 et
2723 5592 2833 5646 Deo
2851 5591 3202 5663 displicentes
3217 5591 3534 5659 edacitates,
3556 5600 3611 5649 et

2023 5685 2417 5747 bibitiones,et
2441 5683 2763 5748 locutiones,
2793 5691 2848 5738 et
2885 5681 3241 5738 dormitiones
3282 5681 3607 5755 superfluas,

2025 5783 2081 5831 et
2110 5774 2443 5832 inordinatas
2473 5773 2721 5830 carnales
2763 5774 3251 5844 concupiscentias,
3279 5781 3336 5830 et
3365 5772 3610 5845 tyranni-

2025 5867 2122 5922 des
2160 5867 2339 5923 cordis
2379 5866 2482 5922 mei
2519 5865 2765 5936 iniquas,
2797 5872 2850 5920 et
2886 5879 3100 5920 amaras
3140 5871 3302 5936 atque
3345 5861 3604 5935 impiissi-

2026 5974 2164 6015 mas.
