4122 6556
641 328 749 388 499

1367 447 1502 501 Alia.

710 535 1008 600 Conﬁteor,
1045 537 1167 605 quia
1213 547 1432 610 propter
1469 543 1713 611 corporis
1755 544 1860 597 mei
1908 545 2231 600 suavitatem

640 637 698 684 et
724 628 1170 695 delectationem,
1206 631 1302 688 Dei
1350 642 1615 704 praecepta
1662 637 1965 705 postposui,
1999 647 2054 692 et
2092 653 2235 708 saepe

639 720 854 792 vigilias
899 729 1115 778 sanctas
1145 722 1347 784 dimisi,
1376 730 1432 777 et
1477 726 1894 780 somnolentiam
1939 741 2117 782 meam
2147 742 2236 782 ex-

638 813 837 885 plevi:
885 815 1168 881 desidiam,
1223 816 1537 879 mollitiem,
1587 819 1883 890 pigritiam,
1937 824 2233 891 torporem,

642 904 935 976 ignaviam,
965 906 1157 976 plenus
1187 904 1406 961 fastidio
1433 906 1540 980 ἥδ
1568 909 1796 979 spiritali
1843 918 2062 968 secutus
2091 928 2229 968 sum.

637 994 745 1052 Per
768 997 1077 1068 superbiam
1103 1005 1158 1054 et
1193 997 1483 1055 elationem
1513 1000 1608 1054 Dei
1636 1010 1903 1073 prmcepla
1937 1011 2237 1076 transgres-

638 1105 732 1146 sus
765 1105 910 1155 sum,
931 1098 986 1146 et
1014 1105 1101 1146 me
1140 1090 1416 1148 meliorem
1442 1096 1658 1150 czcteris
1702 1097 1886 1167 putavi
1915 1117 1926 1151 :
1955 1097 2022 1154 dc
2050 1099 2232 1156 multis

637 1182 801 1238 rebus
848 1182 1150 1253 voluptates
1177 1182 1445 1250 carnales,
1475 1192 1529 1247 et
1569 1187 1960 1252 immunditias,
1991 1189 2232 1259 pollutio-

638 1291 757 1341 nes,
785 1276 1102 1344 ebrietates,
1146 1279 1596 1345 comessationes,
1638 1282 1910 1348 convivia,
1959 1281 2228 1355 crapulas.

637 1364 925 1423 manifeste
946 1376 1002 1423 et
1018 1369 1248 1436 occulte,
1278 1385 1564 1442 perperam
1587 1370 1705 1444 [F.,
1734 1375 2062 1448 perpetravi]
2091 1385 2146 1432 et
2175 1376 2228 1431 in

638 1453 724 1510 his
771 1455 899 1511 totis
946 1456 1201 1513 sensibus
1247 1459 1406 1526 meis,
1436 1469 1694 1532 tanquam
1748 1463 1802 1516 in
1852 1462 2061 1520 deliciis
2089 1465 2231 1523 delc—

636 1554 792 1602 ctans
827 1547 967 1602 male
987 1549 1334 1622 suaviterque
1356 1553 1618 1622 requievi.
1651 1553 2056 1611 Dominicorum
2089 1555 2224 1624 dies,

636 1645 693 1693 et
727 1647 948 1694 sanctas
987 1639 1084 1695 Dei
1114 1639 1509 1706 solemnitates,
1539 1653 1596 1701 et
1625 1655 1937 1702 sanctorum
1970 1645 2232 1704 festivita-

640 1739 721 1787 tes
751 1729 989 1801 indigne,
1021 1740 1077 1786 et
1112 1732 1232 1788 sine
1261 1733 1357 1789 Dei
1387 1735 1581 1792 timore
1616 1738 1846 1804 deduxi,
1872 1747 1927 1794 et
1955 1739 2089 1794 nihil
2120 1743 2229 1811 spi-

638 1820 795 1876 ritale
832 1821 890 1876 in
937 1821 1022 1876 bis
1067 1824 1372 1880 meditatus"
1404 1842 1545 1893 sum,
1577 1828 1674 1882 sed
1725 1838 1892 1884 totum
1938 1831 2229 1887 carnaliter
2262 1808 2304 1867 Β

634 1910 744 1980 egi,
775 1909 1016 1967 intentus
1060 1913 1128 1968 ad
1177 1923 1517 1972 saturitatem
1548 1919 1783 1986 ventris,
1815 1929 1871 1975 et
1905 1920 1972 1975 ad
1999 1921 2228 1978 dissolu-

641 2002 844 2057 tionem
885 2000 1051 2070 risus,
1101 2013 1159 2059 et
1201 2005 1312 2074 joci
1367 2008 1487 2063 vani
1539 2009 1866 2066 discursus:
1913 2011 2225 2084 religiosum

636 2103 838 2151 statum
855 2110 979 2152 cum
1006 2098 1198 2153 timore
1227 2098 1322 2154 Dei
1354 2111 1689 2170 reverenter,
1716 2115 1875 2176 prout
1903 2106 2085 2171 debui,
2117 2123 2224 2163 non

635 2185 924 2242 custodiri.
955 2185 1013 2242 in
1043 2197 1232 2244 sancta
1264 2190 1516 2258 ecclesia,
1549 2194 1675 2249 dum
1718 2196 1808 2251 ad
1833 2210 1967 2267 opus
1994 2194 2091 2253 Dei
2137 2211 2226 2254 ac—

635 2278 778 2334 cessi
807 2286 863 2334 et
908 2277 1152 2347 interfui,
1181 2283 1350 2338 multa
1379 2301 1519 2340 vana
1551 2296 1605 2343 et
1633 2290 1774 2346 mala
1820 2291 2075 2364 cogitavi,
2106 2305 2227 2364 per—

635 2372 838 2444 petrari
871 2379 926 2430 et
953 2372 1162 2433 loeutus
1189 2392 1337 2443 sum;
1369 2388 1424 2435 et
1450 2397 1592 2452 saepe
1620 2384 1789 2440 nimio
1812 2399 2004 2440 somno
2031 2400 2190 2457 grava
2207 2416 2225 2428 -

637 2473 723 2520 tus
747 2463 942 2521 multas
971 2469 1177 2536 perdidi
1207 2475 1501 2540 orationes,
1532 2477 1792 2535 lectiones
1816 2487 1869 2534 et
1899 2477 2227 2549 psalmodias

635 2571 760 2610 cum
801 2553 1010 2614 ciliciis.
1065 2560 1200 2616 Nam
1245 2573 1300 2620 et
1352 2567 1579 2636 vigilans
1633 2568 1944 2641 frequenter
1991 2571 2226 2629 alienata

637 2649 898 2704 memoria
955 2651 1209 2710 discurrit
1241 2659 1388 2715 visus
1425 2677 1576 2718 meus
1621 2665 1849 2719 interior
1881 2681 1979 2736 per
2029 2667 2224 2726 multas

637 2751 816 2792 rerum
847 2747 1183 2806 terrenarum
1219 2747 1626 2820 dispositiones,
1651 2763 1705 2809 et
1741 2771 1838 2825 per
1885 2754 2098 2814 illicitas
2128 2759 2226 2815 ob-

636 2827 974 2898 lectationes,
1000 2849 1167 2891 vanas
1194 2852 1258 2894 ac
1290 2848 1471 2911 turpes
1506 2845 1908 2913 meditationes,
1936 2849 2223 2923 variosque

636 2936 876 2986 errores;
913 2927 1055 2982 unde
1103 2939 1394 3001 occupatus
1446 2952 1641 2994 sensus
1687 2955 1839 2997 meus
1880 2943 1998 2998 sine
2043 2942 2220 3001 fructu

635 3014 862 3083 spiritali
894 3015 1139 3074 cliicitur.

1211 3116 1329 3170 Alia
1361 3120 1636 3188 confessio.

705 3201 1032 3258 Consecuta
1064 3205 1155 3261 Dei
1191 3208 1510 3276 ministeria,
1540 3223 1594 3270 et
1619 3226 1836 3274 sanctas
1862 3220 2136 3291 reliquias,
2165 3232 2220 3280 et

637 3299 852 3347 sanctos
881 3294 1112 3362 ροιίἰοεξς,
1133 3307 1189 3353 et
1215 3310 1402 3354 sancta
1447 3318 1573 3359 vasa
1609 3307 1861 3380 indignus
1899 3321 1953 3368 et
1989 3314 2223 3383 pollutus

639 3384 812 3458 tetigi.
843 3395 898 3441 et
923 3387 1138 3445 sordide
1164 3400 1323 3461 atque
1348 3395 1680 3466 negligenter
1715 3406 2064 3462 contrectavi.
2092 3406 2224 3464 Cor-

637 3491 738 3543 pus
765 3485 819 3532 et
847 3481 1160 3550 sanguinem
1195 3483 1406 3539 Domini
1435 3488 1638 3557 polluto
1677 3495 1839 3551 corde
1875 3507 1930 3552 et
1973 3515 2220 3570 corpore,

637 3567 752 3621 sine
779 3568 1116 3628 confessione
1152 3584 1208 3629 et
1245 3577 1581 3646 pceuitentia,
1621 3585 1855 3643 scienter
1889 3567 2105 3660 indigne
2133 3605 2223 3647 ae-

634 3659 774 3728 cnpi,
804 3675 902 3716 nec
930 3660 1193 3730 judicium
1240 3666 1334 3724 Dei
1381 3684 1543 3741 super
1591 3690 1676 3729 me
1722 3659 2225 3739 venturumiextcr-

636 3749 772 3804 ritus
818 3753 992 3820 timui,
1042 3764 1105 3809 ut
1151 3757 1342 3814 timere
1387 3761 1566 3819 debui.
1617 3764 1803 3822 Oiiicia
1849 3773 2126 3837 canonica,
2167 3784 2222 3830 ct

635 3845 910 3901 orationes
939 3857 1100 3919 atque
1128 3851 1453 3918 psalmodias
1490 3857 1573 3912 vel
1607 3857 1864 3916 lectiones
1892 3864 2222 3936 negligenter

635 3945 799 4004 atque
828 3936 1186 3996 irreverenter
1217 3943 1268 3998 in
1308 3957 1596 4016 conspectu
1626 3947 1720 4004 Dei
1760 3950 1942 4018 ell‘udi,
1972 3964 2027 4010 et
2052 3956 2219 4015 multa

637 4026 837 4088 dimisi,
884 4044 1002 4097 qua:
1049 4047 1152 4086 non
1197 4034 1348 4089 solvi.
1396 4036 1614 4094 Patrem
1659 4057 1838 4097 meum
1879 4054 1935 4101 et
1969 4056 2216 4112 matrem,

634 4117 831 4173 fratres
862 4136 1009 4177 meos
1040 4133 1094 4178 et
1121 4139 1355 4192 sorores,
1399 4137 1453 4182 et
1479 4144 1667 4186 omnes
1709 4134 2036 4205 propinquos
2071 4153 2221 4193 meos

634 4218 690 4260 et
713 4207 1066 4276 Christianos,
1104 4230 1230 4278 non,
1259 4216 1398 4270 sicut
1425 4221 1679 4290 prmeepit
1713 4222 1874 4290 Deus,
1902 4225 2061 4282 dilexi
2089 4245 2216 4298 pro-

635 4307 756 4364 pter
785 4298 976 4365 Dcum,
1023 4311 1079 4355 et
1117 4319 1216 4357 nec
1257 4305 1336 4360 eis
1366 4307 1585 4364 honoris
1614 4311 1930 4382 obsequium
1960 4317 2214 4382 exhibui;

636 4388 729 4441 sed
760 4405 970 4459 semper
1007 4392 1257 4450 omnibus
1297 4397 1586 4454 carnaliter
1627 4401 1837 4471 placere
1881 4405 2044 4470 volui,
2093 4411 2215 4479 quia

634 4494 755 4545 quc
794 4495 908 4532 mea
942 4490 1088 4544 sunt,
1120 4484 1338 4550 quaasivi
1381 4489 1580 4554 potius,
1612 4506 1773 4560 quam
1804 4511 1922 4564 qua:
1965 4497 2078 4552 Dei.
2109 4499 2215 4556 Ad-

633 4577 913 4623 versantcs
962 4581 1013 4624 et
1053 4573 1446 4631 calumniantes
1476 4594 1559 4634 me
1591 4597 1694 4635 non
1723 4585 1891 4638 solum
1921 4590 2212 4644 secundum

635 4657 728 4714 Dei
772 4671 1097 4730 prteccptum
1149 4680 1254 4719 non
1296 4665 1474 4730 dilexi,
1517 4686 1617 4724 nec
1653 4675 1921 4743 patienter
1945 4682 2210 4746 sustinui;

634 4753 728 4805 sed
765 4754 983 4823 insuper
1004 4756 1206 4810 malum
1234 4773 1331 4825 pro
1364 4759 1505 4815 tnalo
1531 4765 1845 4835 ampliatum
1877 4769 1957 4823 eis
1988 4772 2212 4838 reddidi,

635 4852 848 4914 etsepe
885 4846 1079 4901 malum
1115 4865 1210 4919 pro
1238 4852 1378 4906 bono
1407 4854 1630 4910 reddere
1672 4858 1964 4915 decertavi.
2000 4863 2214 4934 Episco-

633 4952 758 5007 p'is,
806 4941 1170 5011 presbyteros,
1215 4945 1454 5008 abbrttes,
1498 4951 1808 5016 monachos,
1847 4959 2215 5013 canonicoset

632 5046 844 5084 oannem
864 5031 1068 5087 clerum
1092 5035 1344 5092 Ecclesia:
1366 5040 1478 5103 Dei,
1507 5058 1721 5098 necnon
1749 5055 1799 5100 et
1814 5049 2021 5116 priores
2045 5068 2212 5118 meos,

633 5137 726 5174 seu
776 5123 826 5175 in
865 5125 1192 5182 sublimitate
1237 5132 1441 5198 positos
1482 5149 1585 5189 non
1629 5139 1827 5201 amavi,
1884 5157 1979 5196 nec
2028 5144 2212 5210 dilexi,

634 5229 811 5282 neque
851 5216 1070 5274 honoris
1128 5221 1444 5293 obsequium
1493 5230 1695 5297 prtebui
1745 5231 1843 5297 eis,
1892 5236 2031 5290 sicut
2075 5239 2215 5294 Deus

635 5309 908 5376 praecepit,
940 5313 1032 5366 sed
1068 5313 1286 5384 insuper
1315 5319 1614 5388 vituperari
1657 5339 1772 5389 eos,
1801 5335 1856 5379 et
1890 5328 2098 5385 detraxi
2135 5342 2214 5385 at-

633 5413 738 5465 que
768 5399 1071 5470 dijudicavi.
1097 5403 1342 5460 Decimas
1373 5409 1455 5462 vel
1483 5410 1748 5479 primitias
1774 5415 2035 5472 bonorum
2065 5437 2212 5478 meo-

633 5509 751 5547 rum
775 5510 879 5550 non
897 5497 1123 5561 reddidi,
1143 5501 1560 5570 hospitalitatem
1586 5520 1688 5560 non
1709 5507 2086 5575 dilexi,veram
2109 5513 2212 5571 fra-

635 5583 940 5639 ternitatem
981 5601 1116 5656 puro
1154 5591 1315 5646 corde
1345 5607 1447 5645 non
1483 5596 1766 5661 custodiri,
1801 5599 2212 5659 latrociniumet

634 5675 832 5732 furtum
881 5680 1136 5736 abscondi
1184 5692 1237 5737 et
1282 5687 1517 5748 comedi,
1568 5689 2115 5766 latrocinantibusque
2159 5708 2213 5753 et

633 5768 1084 5826 abst-cudentibus
1130 5776 1394 5830 consensi.
1441 5775 1686 5835 infirmos
1741 5792 1794 5839 et
1849 5780 2211 5843 incarceratos

1497 336 1554 393 B.
1600 338 1660 392 F.
1701 339 1927 396 ALBlNl
1967 340 2097 399 εει]
2140 339 2418 398 ALCUINI
2453 341 2738 401 OPERUM
2774 343 2955 404 PARS
2993 349 3079 405 Ν.

3831 358 3945 415 500

2262 457 2307 514 Α
2337 466 2444 509 non
2469 457 2707 522 visitavi,
2739 461 2979 518 nudosvc
3006 467 3219 532 operui,
3250 474 3312 521 ut
3352 466 3628 527 debebam.
3679 472 3953 546 Hospites

2338 553 2392 600 et
2415 546 2731 618 peregrinos
2766 559 2989 622 propter
3013 552 3181 611 Deum
3211 571 3317 614 non
3355 564 3588 634 suscepi.
3617 564 3958 624 Esurientes

2335 649 2392 696 et
2419 640 2667 699 sitientes
2690 656 2797 700 non
2827 643 3010 703 reieci.
3057 646 3310 710 Dolentes
3345 662 3402 709 et
3449 654 3638 715 nentes
3660 676 3782 718 non
3827 679 3954 720 sum

2329 733 2667 790 consolatus.
2697 736 3078 797 Diseordantes
3119 743 3264 821 inter
3285 759 3345 803 se
3368 748 3490 819 plus
3517 750 3586 807 ad
3609 753 3755 810 iram
3780 771 3953 828 quant

2337 824 2404 879 ad
2441 838 2631 894 pacem
2673 831 2982 898 provocavi.
3033 831 3230 890 Malum
3267 848 3325 892 et
3377 840 3600 898 credere
3641 852 3699 900 et
3750 824 3956 903 audire

2335 915 2497 970 malui
2525 931 2689 987 quam
2714 919 2945 988 bonum;
2976 931 3033 980 et
3060 927 3398 985 mendacium
3441 933 3602 1003 prius,
3635 951 3813 1005 quam
3857 951 3956 994 ve-

2337 1007 2548 1064 ritatem
2582 1023 2597 1064 :
2628 1019 2684 1065 et
2722 1012 2867 1082 quod
2898 1017 3133 1073 maxime
3169 1022 3391 1079 credere
3437 1025 3615 1095 debui,
3658 1045 3778 1087 non
3827 1047 3955 1089 cre-

2334 1100 2466 1167 didi,
2511 1103 2733 1173 etquod
2779 1119 2887 1161 non
2918 1107 3078 1164 debui
3122 1112 3366 1180 credere,
3418 1118 3642 1176 eri-didi.
3679 1120 3853 1196 Saepe
3879 1125 3950 1180 ad

2332 1189 2531 1246 malum
2579 1197 2849 1265 consensi,
2894 1197 3242 1260 detrahentes
3269 1205 3504 1266 libenter
3530 1213 3714 1269 audivi
3757 1189 3797 1270 ε⁷
3825 1232 3948 1274 me-

2333 1284 2506 1352 ipsum
2549 1300 2648 1356 per
2692 1289 2931 1344 carnalia
2961 1290 3248 1360 desideria,
3283 1305 3337 1352 et
3369 1300 3541 1357 malas
3572 1306 3950 1375 cogitationes

2330 1387 2395 1428 ac
2418 1374 2738 1448 voluntates,
2770 1385 2824 1434 et
2851 1380 2992 1438 mala
3019 1397 3183 1454 opera
3210 1393 3567 1449 contaminavi
3598 1374 3654 1450 et
3695 1400 3950 1467 perdidi,

2329 1473 2383 1518 et
2413 1465 2498 1523 cui
2541 1482 2736 1528 nocere
2774 1474 2944 1545 potui,
2975 1479 3157 1546 nocui,
3197 1492 3253 1540 et
3295 1483 3508 1543 diabolo
3551 1465 3839 1556 consensi,
3889 1465 3946 1552 et

2330 1555 2591 1628 voluptati
2616 1558 2762 1620 illius
2786 1567 3062 1656 peccando
3101 1586 3187 1627 me
3209 1573 3442 1633 subdidi.
3472 1577 3776 1650 Conﬁteor,
3807 1587 3940 1656 quia

2329 1648 2556 1707 multum
2596 1655 2817 1724 peccavi
2849 1655 2906 1712 in
2945 1659 3085 1728 visu,
3117 1664 3325 1734 auditu,
3368 1677 3552 1739 gustu,
3583 1648 3846 1744 odoratu;
3885 1686 3942 1733 et

2331 1749 2506 1808 tactu;
2533 1741 2589 1798 in
2619 1746 2847 1842 pedibus
2875 1761 2929 1842 et
2971 1751 3026 1808 in
3054 1756 3303 1816 manibus
3345 1761 3501 1827 meis,
3550 1775 3605 1820 et
3645 1767 3698 1824 in
3746 1741 3934 1842 lingua

2331 1845 2469 1922 mea,
2503 1841 2664 1905 atque
2690 1834 2744 1892 in
2773 1840 3098 1912 genitalibus
3122 1849 3380 1908 membris
3417 1854 3577 1922 meis,
3621 1866 3674 1913 et
3709 1858 3766 1916 in
3807 1834 3927 1917 om—

2328 1920 2488 1978 nibus
2514 1924 2650 1981 meis
2674 1929 2922 1987 sensibus
2943 1933 3110 1992 multa
3144 1936 3283 1993 mala
3310 1920 3634 2012 perpetrari.
3658 1946 3918 2020 Repletus

2325 2013 2474 2068 omni
2497 2014 2803 2087 iniquitate,
2827 2021 3032 2080 malitia
3054 2033 3110 2082 et
3133 2030 3396 2100 nequitia,
3424 2033 3527 2093 feci
3551 2013 3916 2114 sacrilegium,

2327 2101 2700 2176 homicidium,
2741 2108 3086 2182 adulterium,
3128 2114 3320 2175 falsum
3369 2101 3776 2196 testimonium:
3811 2101 3925 2186 iur;

2326 2204 2464 2260 tum,
2497 2197 2761 2270 rapinam,
2801 2201 3100 2274 periurium
3129 2226 3140 2261 :
3168 2225 3362 2269 usuras
3411 2217 3555 2274 tenui
3583 2218 3750 2293 longo
3791 2229 3929 2278 tem-

2325 2299 2478 2355 pore,
2507 2288 2714 2345 reddidi
2739 2293 2940 2350 malum
2986 2312 3085 2367 pro
3110 2300 3293 2368 bonis;
3333 2315 3390 2360 ct
3440 2323 3544 2362 non
3585 2288 3768 2368 solum
3801 2315 3928 2380 is'a,

2326 2379 2422 2434 sed
2447 2389 2499 2434 et
2526 2379 2629 2435 alia
2655 2387 2792 2438 mala
2832 2384 2934 2442 feci
2981 2391 3171 2459 multa,
3212 2403 3268 2450 et
3304 2395 3623 2457 facientibus
3642 2379 3929 2465 consensi.

2326 2465 2438 2541 Ego
2469 2469 2635 2528 miser
2661 2480 2878 2546 peccavi
2925 2481 3107 2546 nimis,
3138 2486 3262 2555 quia
3295 2490 3683 2564 cleemosynas,
3716 2505 3781 2553 et
3814 2500 3928 2570 pri-

2326 2561 2528 2629 mitias,
2545 2572 2707 2635 atque
2721 2568 2979 2638 decimas,
2997 2588 3131 2642 quas
3151 2575 3250 2631 sub
3263 2577 3480 2634 obzentu
3504 2561 3932 2644 sacerdotii‘su-

2325 2655 2490 2725 scepi,
2532 2656 2958 2732 malecxpendi,
2981 2673 3036 2719 et
3073 2665 3127 2720 in
3166 2671 3397 2741 propriis
3439 2675 3628 2734 usibus
3669 2681 3818 2736 meis
3864 2698 3927 2740 ea

2324 2749 2655 2819 consumpsi,
2688 2760 2744 2806 et
2771 2751 2900 2809 illud
2924 2755 3068 2825 quod
3098 2758 3223 2814 inde
3249 2760 3406 2817 debui
3428 2762 3627 2834 facere,
3651 2783 3765 2826 non
3787 2769 3924 2831 feci.

2324 2837 2568 2905 Peccavi,
2599 2842 2742 2910 quod
2769 2845 3049 2916 negligens
3077 2847 3152 2903 fui
3183 2850 3250 2904 de
3276 2868 3399 2913 meo
3420 2870 3608 2928 cursu,
3630 2873 3798 2931 quem
3830 2877 3926 2937 per

2324 2929 2487 2986 horas
2499 2933 2787 2990 canonicas
2801 2935 3084 2994 exsolvere
3094 2939 3257 2996 debui
3276 2957 3290 3008 ;
3313 2953 3371 2998 et
3384 2945 3450 3000 de
3471 2961 3588 3003 mea
3599 2929 3928 3022 psalmodia,

2321 3023 2465 3081 etde
2484 3025 2619 3083 meis
2636 3029 2992 3097 orationibus,
3011 3033 3142 3091 etde
3163 3051 3283 3093 meo
3301 3039 3628 3110 ministerio,
3641 3047 3791 3116 quod
3816 3064 3927 3108 non

2245 3165 2293 3231 ϐ
2323 3115 2588 3172 eustodivi
2619 3121 2922 3176 secundum
2954 3123 3227 3182 ordinem.
3259 3125 3482 3187 Peccavi
3507 3131 3572 3188 de
3601 3115 3708 3192 illis
3744 3140 3925 3210 pani-

2327 3211 2566 3269 tentibus
2593 3215 2685 3285 qui
2714 3215 2782 3270 ad
2811 3230 2898 3272 me
2925 3227 3146 3289 propter
3169 3221 3280 3296 46
3306 3223 3704 3287 confessionem
3747 3246 3915 3288 vene-

2326 3312 2472 3370 runt,
2513 3319 2650 3376 quos
2681 3321 2782 3376 ego
2811 3322 2910 3363 nec
2957 3312 3252 3368 secundum
3294 3317 3618 3374 canonicum
3653 3319 3914 3393 judicium

2318 3391 2577 3462 judicavi.
2607 3411 2712 3454 nec
2735 3397 2996 3456 sollicitus
3027 3398 3104 3457 fni
3135 3403 3200 3458 de
3227 3403 3352 3472 illis,
3399 3407 3545 3464 sicut
3572 3391 3755 3470 debui.
3787 3413 3922 3472 Peo-

2323 3485 2442 3542 cavi
2466 3502 2593 3558 erga
2613 3488 2857 3547 subditos
2877 3493 3033 3560 mihi,
3059 3496 3185 3566 quia
3207 3497 3350 3554 circa
3376 3499 3714 3574 negligentes
3740 3505 3920 3563 zelum

2325 3582 2665 3638 rectitudinis
2685 3581 2836 3652 justo
2864 3586 3233 3648 moderamine
3274 3605 3382 3647 non
3429 3595 3601 3661 tenui,
3633 3603 3690 3651 ut
3717 3596 3916 3666 debui;

2323 3678 2378 3724 et
2402 3683 2543 3742 stepe
2571 3686 2667 3742 per
2692 3673 2938 3730 inutilem
2979 3677 3357 3735 remissionem
3401 3683 3481 3738 eis
3527 3685 3923 3754 condescendi,

2322 3761 2537 3830 quando
2558 3777 2665 3819 non
2696 3763 2874 3819 debui.
2921 3763 3145 3822 Peccavi
3197 3778 3485 3842 postquam
3519 3773 3799 3832 confessus
3831 3777 3914 3833 fui

2322 3851 2547 3906 crimina
2579 3869 2698 3910 mea
2743 3871 2862 3926 quae
2892 3860 3218 3928 perpetravi.
3269 3861 3498 3919 Peccavi
3542 3865 3592 3921 in
3636 3865 3918 3927 desiderio

2321 3942 2621 3997 alienarum
2669 3960 2874 4010 rerum,
2930 3955 2984 4001 et
3027 3963 3127 4018 per
3175 3951 3552 4010 curiositatem
3595 3953 3763 4014 multa
3802 3957 3916 4012 vidi

2321 4034 2490 4090 oculis
2521 4036 2676 4102 meis,
2708 4045 2762 4091 et
2789 4037 2956 4093 multa
2983 4040 3162 4096 audivi
3199 4042 3422 4100 auribus
3458 4047 3615 4110 meis,
3657 4061 3778 4116 qua:
3815 4063 3914 4104 nec

2322 4126 2504 4182 videre
2538 4142 2641 4182 nec
2689 4129 2877 4183 audire
2925 4139 3255 4200 Oportuerat.
3302 4133 3456 4206 Smpe
3500 4137 3647 4192 volui
3699 4138 3905 4208 publica

2321 4217 2694 4289 increpatione
2720 4235 2844 4276 eum
2871 4222 2962 4292 qui
2989 4223 3123 4279 mihi
3151 4240 3258 4281 non
3283 4225 3506 4296 placuit,
3553 4227 3896 4295 confundere,

2319 4321 2373 4367 et
2397 4312 2630 4384 proximi
2665 4312 2862 4368 famam
2889 4314 3218 4372 mordaciter
3245 4332 3488 4389 carpere,
3519 4327 3577 4376 et
3599 4321 3801 4390 passim
3826 4321 3902 4375 ri-

2322 4411 2588 4472 tuperare.
2617 4402 2769 4474 Saepe
2799 4404 3010 4459 occulta
3049 4407 3226 4462 cordis
3251 4406 3411 4463 alieni
3434 4409 3576 4465 male
3597 4411 3902 4482 dijudicavi.

2320 4492 2566 4558 Peccavi,
2590 4495 2716 4563 quia
2745 4493 2974 4562 injurias
3003 4496 3133 4552 mihi
3159 4497 3332 4555 factas
3377 4499 3432 4553 in
3472 4510 3657 4556 mente
3684 4501 3908 4566 retinui,

2319 4592 2372 4638 ct
2393 4584 2740 4653 peccantibus
2758 4587 2809 4639 in
2833 4602 2919 4640 me
2944 4600 3080 4656 puro
3105 4589 3266 4644 corde
3289 4603 3394 4644 non
3419 4590 3640 4656 indulsi,
3669 4600 3722 4646 et
3748 4592 3906 4648 modo

2316 4675 2530 4730 dimitto
2551 4691 2617 4729 ex
2649 4684 2762 4732 toto
2784 4678 2947 4733 corde
2989 4679 3262 4745 omnibus,
3311 4682 3400 4752 qui
3452 4683 3504 4736 in
3538 4698 3623 4739 me
3650 4698 3902 4754 peccave-

2316 4775 2461 4820 runt.
2501 4768 2746 4835 Peccavi,
2795 4770 2920 4839 quia
2968 4771 3113 4840 ipsas
3161 4772 3499 4842 iniquitates,
3527 4791 3661 4845 quas
3700 4774 3801 4830 ieci
3849 4778 3902 4831 in

2316 4861 2471 4926 alios,
2497 4862 2618 4932 jure
2657 4861 2942 4932 dijudicavi
2974 4872 3028 4918 et
3056 4867 3440 4934 condcmnavi;
3483 4878 3540 4923 et
3587 4869 3744 4924 aliter
3791 4881 3901 4934 me,

2317 4949 2475 5005 aliter
2494 4951 2629 5006 alios
2649 4950 2906 5020 judicavi.
2938 4952 3100 5008 Multa
3131 4955 3264 5022 dixi,
3293 4972 3412 5027 quae
3453 4956 3635 5013 dicere
3671 4975 3779 5014 non
3813 4959 3903 5016 de-

2316 5041 2424 5096 bui.
2445 5040 2608 5098 !lluita
2629 5045 2857 5115 cogitavi
2886 5060 3005 5116 qtae
3032 5062 3140 5102 non
3163 5047 3346 5115 debui,
3373 5057 3423 5104 et
3446 5050 3637 5115 multa,
3665 5066 3783 5121 qua:
3810 5067 3898 5105 co—

2316 5134 2489 5205 gitare
2525 5134 2684 5189 debui
2721 5135 2857 5191 bona
2887 5176 2902 5201 ,
2944 5151 3051 5192 non
3084 5139 3334 5208 cogitavi.
3383 5138 3577 5196 Oscula
3621 5141 3809 5196 illicita
3846 5149 3897 5193 rt

2316 5225 2593 5294 amplexus
2611 5225 2872 5282 nefandos
2894 5225 3014 5282 feci.
3035 5228 3188 5300 Saepe.
3207 5231 3414 5301 palpavi
3437 5248 3557 5303 quze
3593 5249 3698 5288 non
3719 5233 3897 5294 debui,-

2317 5331 2457 5386 saepe
2483 5317 2730 5372 consensi
2761 5332 2879 5386 qum
2909 5334 3016 5373 non
3048 5323 3316 5391 oportuit;
3359 5323 3538 5379 dimisi
3569 5340 3731 5395 opera
3760 5325 3896 5380 bona

2315 5421 2434 5473 quzc
2462 5419 2566 5459 non
2594 5405 2773 5469 debui,
2803 5416 2858 5462 et
2883 5405 2988 5462 feci
3020 5409 3157 5464 mala
3197 5427 3315 5481 qua:
3347 5430 3452 5468 non
3484 5413 3642 5470 debui
3677 5433 3689 5470 :
3715 5415 3898 5472 horrui

2315 5495 2457 5563 quod
2495 5495 2718 5567 diligere
2740 5497 2921 5563 debui,
2952 5505 3005 5554 et
3034 5499 3193 5556 dilexi
3238 5504 3377 5572 quod
3419 5519 3529 5560 non
3571 5505 3750 5562 debui.
3793 5503 3900 5563 Pio

2315 5586 2507 5656 quibus
2523 5584 2774 5640 omnibus
2795 5595 2956 5655 atque
2971 5588 3093 5644 aliis
3111 5591 3408 5648 innumeris
3429 5595 3726 5652 sceleribus
3739 5596 3896 5664 meis,

2314 5693 2432 5744 quae
2475 5684 2664 5731 contra
2715 5676 2886 5747 legem
2938 5677 3031 5734 Dei
3086 5681 3350 5748 commisi,
3392 5693 3450 5738 ut
3491 5700 3708 5754 possem
3756 5688 3896 5757 apud

2316 5767 2480 5823 Deum
2511 5765 2752 5822 invenire
2775 5766 3184 5840 indulgentiam,
3216 5773 3518 5831 emnobium
3551 5776 3702 5841 petii,
3733 5777 3896 5833 vitam
