4122 6608
281 466 374 521 501

1130 465 1521 523 LITURGICA.
1557 497 1627 507 ——
1667 467 1755 521 DE
1794 466 2043 522 PSALM.
2091 468 2245 524 [731}.
2290 500 2356 509 ——
2391 468 2571 523 PARS
2611 469 2672 523 ll.

3456 470 3522 522 fill
3537 472 3559 522 Ξ

279 584 633 639 monasticam
672 583 915 653 suscepi;
967 585 1062 637 sed
1092 584 1256 638 miser
1295 599 1395 655 ego
1440 600 1579 652 sa-pe
1620 581 1862 637 involvor
1889 587 1935 645 Α
1968 581 2075 650 il).
2124 581 2191 637 Et
2234 584 2429 639 iterum
2476 607 2487 638 :
2531 582 2923 638 Caudium-cut
2956 602 3111 653 super
3155 601 3256 637 uno
3288 596 3557 653 peccatore

281 676 443 732 variis
470 677 640 731 modis
669 676 721 730 in
754 675 1087 741 levitatibus,
1108 678 1369 741 vanitate,
1401 675 1747 746 negligentia,
1779 674 1864 728 in-

276 768 592 838 quietudine
617 767 802 833 animi,
834 767 885 822 in
927 767 1312 831 amaritudine,
1355 776 1407 821 et
1438 765 1667 820 stimulis
1695 764 1865 819 mala-

275 877 398 921 rum
427 861 835 933 cogitationum,
868 860 920 915 in
948 860 1258 916 contumaci
1287 860 1589 923 eversione,
1620 859 1673 912 in
1700 859 1868 930 negli-

273 975 297 1017 ιι
313 954 458 1009 entia
486 954 613 1008 boni
642 954 847 1024 operis,
892 953 945 1007 in
995 952 1434 1023 praevaricatione
1472 952 1767 1022 religionis,
1810 950 1881 1005 in~

274 1046 626 1117 loquacitate,
659 1045 1005 1110 scurrilitate,
1036 1044 1234 1099 duritia
1279 1044 1500 1109 mentis,
1551 1045 1602 1099 in
1639 1043 1863 1104 accidia,

278 1135 332 1192 in
360 1135 748 1209 indignatione,
777 1135 1171 1199 inobedicntia,
1197 1133 1601 1203 dijudicationc,
1625 1148 1867 1188 murmu-

277 1231 488 1285 ratione
534 1240 589 1285 et
629 1229 986 1293 detractione,
1029 1226 1277 1299 superbia
1319 1234 1375 1281 et
1414 1240 1642 1279 rancore
1677 1224 1861 1279 animi.

278 1322 409 1388 Quae
432 1322 611 1381 omnia
643 1321 781 1376 mala
812 1335 996 1377 coram
1026 1319 1138 1375 Deo
1174 1319 1566 1388 omnipotente,
1595 1323 1650 1370 et
1675 1322 1867 1371 sancto

278 1416 383 1471 hoc
409 1415 585 1481 altari,
615 1423 671 1469 et
696 1415 900 1470 sanctis
928 1412 1168 1483 reliquiis
1192 1426 1312 1481 qua:
1352 1410 1407 1465 in
1437 1410 1542 1464 hoc
1570 1408 1691 1463 loco
1714 1414 1863 1472 sunt,

276 1508 539 1565 conﬁteor
564 1522 699 1578 pura
722 1513 780 1562 et
801 1521 926 1560 vera
948 1501 1326 1568 confessione;
1355 1508 1411 1558 et
1428 1499 1567 1557 bona
1589 1498 1866 1555 voluntate

274 1600 564 1656 emendare
610 1596 827 1671 [Supple
849 1611 1113 1669 pmpono,
1138 1594 1214 1650 vel
1241 1592 1454 1666 simile],
1496 1592 1552 1648 in
1601 1598 1863 1662 quantum

274 1692 369 1747 Dei
401 1690 770 1747 misericordia
810 1688 1063 1759 dignatur
1112 1700 1199 1742 me
1251 1683 1527 1754 adjuvare.
1560 1680 1680 1754 ipse
1716 1680 1877 1737 enim

272 1785 419 1841 Deus
459 1783 828 1854 omnipotens,
869 1780 961 1853 qui
1009 1778 1148 1835 dixit
1188 1795 1287 1850 per
1328 1777 1687 1850 prophetam:
1721 1772 1862 1829 Nolo

271 1887 486 1933 mortem
510 1875 820 1948 peccatoris,
848 1875 939 1931 sed
970 1883 1026 1929 ut
1054 1882 1387 1929 convertatur
1408 1881 1457 1927 et
1478 1872 1617 1925 vivat
1639 1868 1855 1941 (Ezech.

1965 672 2317 740 pmnitentiam
2363 683 2565 744 agente,
2623 691 2780 745 quam
2832 692 2989 744 super
3044 677 3331 743 nonaginta
3378 689 3557 729 norem

1957 761 2118 832 justis
2148 765 2236 834 .lui
2263 781 2367 819 non
2397 766 2628 837 indigent
2656 767 2955 837 poenitentia
2986 766 3137 838 (an.
3168 780 3256 831 xv,
3286 766 3362 837 7.).

2704 899 2818 960 XI.

2398 998 2620 1061 Oratio
2660 1000 3123 1064 monachorum.

2035 1120 2283 1185 Domine,
2323 1121 2587 1191 quidquid
2629 1136 2841 1189 errans,
2883 1125 3063 1180 sciens
3104 1134 3266 1197 atque
3305 1135 3553 1181 contem-

1966 1227 2130 1279 nens;
2171 1213 2430 1285 quidquid
2464 1213 2757 1280 voluntate,
2797 1215 2878 1272 vel
2916 1216 3263 1282 iniirmitate,
3306 1235 3399 1274 seu
3437 1230 3555 1272 sta-

1965 1301 2085 1368 dio;
2119 1301 2378 1373 quidquid
2401 1305 2749 1385 subreptione
2778 1307 2861 1361 vel
2886 1309 3257 1376 meditatione,
3296 1311 3557 1386 cogitatu,

1963 1392 2110 1449 dicto
2137 1395 2221 1449 vel
2253 1395 2415 1462 facto,
2443 1382 2663 1454 occulte"
2683 1414 2776 1455 seu
2804 1398 3090 1457 manifeste
3115 1403 3367 1472 peccavi;
3401 1382 3555 1474 quivis

1965 1485 2097 1556 quid
2125 1476 2288 1542 etiam
2320 1488 2516 1545 borum
2558 1498 2651 1545 aut
2692 1490 2822 1547 latet
2859 1493 3062 1559 animo,
3108 1504 3201 1550 aut
3238 1506 3421 1567 patet,
3463 1507 3555 1552 aut

1965 1579 2181 1635 mordet
2204 1593 2454 1649 sensum,
2489 1593 2581 1639 aut
2611 1583 2913 1641 deludendo
2942 1588 3353 1660 quibuscunque
3383 1593 3555 1646 modis

1962 1689 2061 1745 per
2089 1676 2440 1734 securitatem
2462 1679 2680 1751 decipit,
2708 1682 2939 1751 gratuita
2970 1692 3170 1754 pietate
3195 1698 3285 1740 tua
3312 1687 3554 1756 placatus

1963 1767 2264 1827 clementer
2288 1770 2531 1846 indulge;
2556 1789 2656 1830 nec
2677 1774 2796 1831 sine
2816 1790 2912 1847 spe
2935 1776 3102 1833 venia:
3121 1778 3357 1835 animam
3381 1796 3554 1836 meam

1963 1859 2206 1928 deseras,
2229 1876 2392 1933 quam
2421 1872 2545 1935 post
2572 1874 2878 1935 perpetrata
2901 1866 3127 1923 crimina
3159 1869 3325 1925 multa
3355 1879 3411 1926 et
3433 1887 3556 1944 gra-

272 1989 468 2036 xxxm,
500 1939 622 2043 il),
652 1980 708 2025 et
727 1971 924 2026 iterum
947 1987 959 2023 :
982 1967 1062 2043 71η
1084 1982 1392 2039 quacunque
1413 1966 1498 2021 die
1523 1939 1855 2035 ingentueris,
1891 1939 1938 2000 Β
1964 1954 2074 2019 via,
2104 1970 2169 2011 ac
2194 1954 2465 2023 mortalia,
2497 1958 2563 2014 ad
2593 1957 2913 2016 immensam
2943 1968 3048 2018 tuae
3077 1963 3295 2034 pietatis
3324 1939 3560 2022 clemen—

272 2065 448 2121 calvus
478 2042 797 2135 cris(1bid.,
830 2079 881 2116 v.
912 2042 1023 2134 is),
1063 2069 1118 2116 ct
1145 2062 1236 2130 qui
1288 2074 1375 2115 me
1408 2060 1659 2130 dignatus
1680 2061 1765 2113 est
1792 2058 1859 2111 ad

269 2158 669 2215 confessionem
736 2164 1085 2227 peccatorum
1139 2169 1385 2209 meorum
1438 2150 1863 2208 misericorditer

272 2253 509 2315 trahere,
560 2259 617 2306 et
663 2250 795 2305 mihi
843 2248 1097 2302 virtutem
1135 2244 1455 2301 continendi
1502 2259 1591 2300 me
1631 2259 1661 2298 a
1703 2243 1860 2299 malis

272 2343 522 2412 operibus
555 2340 775 2415 [Supple
804 2342 1023 2405 tribuat,
1053 2339 1130 2394 vel
1171 2337 1385 2411 simile],
1439 2345 1493 2393 et
1539 2337 1862 2394 misereatur

272 2436 463 2489 anima:
492 2450 646 2500 meae,
702 2442 757 2489 et
802 2444 990 2504 pareat
1027 2442 1078 2488 et
1110 2431 1353 2488 remittat
1381 2447 1446 2486 ac
1476 2429 1652 2487 deleat
1679 2431 1860 2487 omnia

270 2536 488 2598 peccata
518 2543 638 2583 mea
677 2528 973 2600 prmterita,
1022 2526 1309 2597 praesentia
1341 2533 1395 2581 et
1423 2524 1623 2589 futura,
1653 2532 1710 2578 et
1732 2539 1858 2594 per—

269 2621 429 2676 ducat
455 2636 541 2677 me
570 2628 623 2676 et
643 2620 956 2676 introducat
984 2620 1036 2675 in
1065 2619 1228 2675 vitam
1254 2618 1749 2675 mtcrnam..Amcn.

849 2731 970 2786 Alia
1019 2730 1296 2801 confessio.

339 2844 563 2917 Suscipe
583 2844 977 2902 confessionem
1017 2859 1215 2911 meam,
1263 2843 1489 2901 Domine.
1511 2845 1675 2910 Deus,
1696 2846 1858 2902 unica

265 2953 393 3008 spes
437 2936 626 2993 salutis
654 2952 805 2994 meae.
857 2936 1014 3003 Gula,
1058 2937 1345 3003 ebrietate,
1388 2935 1766 3002 fornicatione,
1797 2937 1860 2993 li-

265 3029 473 3095 lii-.line,
525 3030 769 3097 tristitia,
820 3031 1031 3095 acedia,
1084 3029 1464 3096 somnolentia,
1509 3029 1854 3103 negligentia,

265 3124 367 3185 ira.
401 3121 719 3194 cupiditate,
750 3123 973 3188 invidia,
1013 3121 1173 3189 odio,
1199 3123 1554 3189 detractione,
1596 3121 1854 3196 perjurio,

264 3212 523 3279 falsitate,
548 3214 852 3280 mendacio,
878 3229 1015 3269 vana
1039 3214 1230 3287 gloria,
1256 3215 1470 3271 levitate
1495 3231 1559 3270 ac
1580 3215 1854 3286 superbia,

262 3306 505 3377 perditus
550 3322 671 3362 sum
719 3307 959 3363 omnino.
1014 3305 1371 3379 Cogitatione,
1425 3306 1715 3373 locutione,

262 3399 413 3454 tione
438 3406 600 3467 atque
628 3397 880 3453 omnibus
909 3397 1157 3453 sensibus
1201 3397 1339 3452 meis
1363 3404 1653 3453 exsecutus
1699 3413 1850 3463 sum;

262 3490 358 3545 sed
392 3497 481 3556 tu,
524 3489 614 3561 qui
650 3488 918 3560 justificas
960 3488 1150 3559 impios
1194 3497 1252 3543 et
1288 3486 1529 3544 vivificas
1574 3495 1851 3556 mortuos,

268 3582 475 3641 vivifica
528 3599 632 3650 me,
690 3593 748 3640 et
786 3583 1024 3653 justifica
1066 3597 1175 3649 me,
1230 3583 1456 3639 Domine
1495 3581 1639 3639 Deus
1677 3596 1852 3642 meus.

264 3674 456 3731 Amen.

778 3866 924 3931 Alia
954 3769 1258 3949 eoi/:rssio
1292 3884 1342 3927 α.

332 3992 558 4049 Domine
600 3994 761 4058 Deus,
801 3991 965 4048 credo
1011 3991 1460 4062 omnipotentem,
1504 3990 1850 4057 invisibilem,

262 4085 785 4155 iacircumscriptum
807 4126 820 4149 ,
867 4084 1049 4139 omnia
1102 4091 1377 4155 regentem
1400 4126 1415 4150 ,
1453 4084 1637 4140 omnia
1672 4085 1851 4140 conti-

263 4184 502 4239 nentem,
536 4177 781 4231 omnium
806 4184 1133 4240 creatorem,
1165 4176 1509 4241 Trinitatem,
1552 4175 1848 4233 Unitatem.

262 4264 437 4321 Credo
467 4275 518 4322 te
557 4266 771 4324 misisse
818 4267 1012 4322 Filium
1042 4274 1192 4321 tuum
1226 4266 1413 4324 Jesum
1441 4268 1716 4324 Christum
1743 4267 1852 4323 Do-

260 4354 466 4410 minum
486 4362 732 4410 nostrum
748 4356 802 4412 in
834 4366 1033 4413 terram
1054 4373 1153 4428 pro
1174 4356 1346 4413 salute
1373 4356 1587 4429 generis
1606 4357 1847 4413 humani.

258 4444 387 4501 llam
406 4454 490 4502 est
516 4446 673 4512 fides,
702 4463 807 4518 qua
839 4448 893 4502 in
920 4456 970 4503 te
993 4448 1176 4504 credo.
1207 4447 1265 4503 Si
1296 4458 1445 4505 recte
1466 4449 1652 4515 credo,
1680 4450 1849 4517 bene;

257 4543 341 4599 sin
397 4552 579 4599 autem
634 4544 822 4600 minus
869 4557 1032 4615 quam
1080 4549 1315 4614 Oportet,
1360 4543 1587 4599 obsecro
1637 4550 1699 4598 ut
1740 4558 1850 4598 non

258 4634 495 4703 aspicias
541 4633 606 4687 ad
655 4634 818 4689 verba
860 4649 978 4704 qum
1014 4634 1143 4699 dixi,
1176 4633 1270 4689 sed
1313 4634 1380 4689 ad
1411 4633 1465 4689 id
1511 4633 1656 4703 quod
1681 4633 1845 4689 volui.

260 4724 487 4780 Domine
522 4723 647 4779 Jcsu
678 4724 914 4790 Christe,
946 4725 1109 4782 credo
1155 4734 1209 4781 te
1254 4741 1350 4797 per
1391 4725 1651 4797 angelum
1671 4725 1851 4781 Maria:

256 4817 454 4886 virgini
506 4816 909 4881 annuntiatum,
962 4818 1125 4873 credo
1174 4825 1226 4871 te
1280 4819 1581 4873 secundum
1630 4832 1851 4873 carnem

258 4914 472 4971 natum,
501 4904 810 4976 pastoribus
839 4906 1287 4961 demonstratum.
1332 4907 1506 4963 Credo
1560 4917 1610 4962 te
1659 4916 1853 4963 octavo

258 5000 347 5054 die
398 5000 803 5067 circumcisum,
852 5000 1016 5055 credo
1069 5009 1122 5055 te
1175 5017 1205 5055 a
1262 5001 1430 5073 Magis
1471 5003 1775 5066 adoratum,
1821 5019 1851 5057 a

255 5090 469 5146 Joanne
488 5090 816 5162 baptizatum
846 5094 897 5148 in
928 5091 1181 5157 Joriane,
1213 5102 1599 5165 praesentatum
1628 5096 1683 5149 in
1716 5104 1854 5151 tem-

256 5183 365 5244 plo.
397 5180 575 5238 Credo
602 5189 655 5239 te
677 5199 707 5238 a
729 5181 863 5239 Juda
896 5184 1153 5239 traditore
1181 5185 1459 5248 traditum,
1501 5194 1851 5256 consputam,

257 5272 608 5345 ﬂagellatam,
632 5273 804 5345 spinis
825 5282 1167 5341 coronatum,
1189 5274 1531 5342 crucifixum,
1559 5277 1852 5348 sepultum,

255 5366 419 5419 tertia
450 5365 537 5421 die
565 5368 953 5434 resurrexisse,
995 5375 1054 5423 et
1088 5368 1446 5440 quadraginta
1497 5368 1687 5423 diebus
1730 5384 1855 5424 cum

255 5456 538 5528 discipulis
584 5458 942 5515 manducasse
985 5468 1040 5515 et
1073 5459 1314 5516 bibisse:
1346 5459 1454 5532 47
1482 5461 1677 5516 deinde
1723 5478 1857 5532 qua-

258 5548 566 5619 dragesimo
596 5550 682 5605 die
712 5552 766 5605 in
797 5550 967 5606 caelos
996 5552 1304 5607 astantibus
1351 5552 1629 5623 discipulis
1658 5568 1854 5609 ascen—

257 5638 425 5705 disse,
452 5640 578 5696 inde
605 5640 768 5696 credo
788 5649 842 5697 te
862 5650 1149 5696 venturum
1166 5641 1412 5710 judicare
1453 5642 1601 5698 vivos
1630 5651 1684 5698 et
1711 5658 1856 5699 mor-

257 5740 401 5789 tuos.
425 5732 621 5791 Certus
642 5750 783 5801 sum,
812 5734 1059 5801 Domine,
1096 5745 1149 5792 te
1186 5737 1389 5793 dixisse
1421 5755 1433 5792 :
1471 5737 1610 5793 Nolo
1637 5751 1855 5795 mortem

255 5828 568 5897 peccatoris,
599 5828 689 5883 sed
716 5839 771 5884 ut
795 5840 1128 5885 convertatur
1166 5841 1213 5885 et
1244 5832 1379 5887 vivat
1414 5831 1630 5905 (Ezech.
1661 5850 1854 5902 χχχιιι,

330 5970 354 5999 ⁸
381 5964 532 6023 Fidei
560 5982 779 6039 nempe,
810 5982 918 6026 non
944 5973 1311 6039 peccatorum.

1964 2049 2094 2104 tiam
2142 2048 2401 2105 festinare
2444 2052 2733 2109 miseratus
2774 2052 3040 2125 inSpiras;
3088 2064 3143 2111 et
3185 2070 3309 2113 cum
3339 2072 3456 2113 eam
3490 2061 3559 2115 de

1963 2136 2162 2193 futuris
2196 2153 2485 2210 pmnarum
2514 2142 2799 2197 tormentis
2834 2153 3141 2215 suspectam
3172 2160 3298 2202 esse
3329 2149 3578 2219 pateris..

1961 2232 2028 2288 de
2071 2235 2346 2290 mansuris
2383 2248 2600 2305 quoque
2632 2235 2759 2291 vitae
2799 2244 3024 2293 :eternae
3062 2237 3305 2310 gaudiis,
3350 2239 3553 2297 indulta

1961 2323 2117 2379 venia
2160 2331 2539 2395 peccatorum,
2583 2340 2805 2397 semper
2850 2328 3125 2399 respirare
3155 2330 3452 2397 concedas;
3501 2341 3557 2386 et

1960 2413 2307 2471 emundatam
2347 2416 2939 2473 animiemiscientiam
2974 2433 3005 2473 τι
3040 2420 3552 2491 praevaricationum

1961 2522 2055 2563 seu
2084 2509 2325 2567 omnium
2363 2509 2620 2565 vitiorum
2656 2509 2986 2581 cogitatione
3021 2510 3215 2567 iterum
3254 2513 3552 2585 apostatari

1960 2618 2080 2659 eam
2105 2617 2136 2657 a
2167 2610 2235 2669 te,
2262 2601 2869 2673 vel‘irrecupcrabilitcr
2895 2602 3167 2673 inquinari
3195 2619 3298 2661 non
3329 2605 3553 2677 permit-

1963 2702 2064 2749 tas.
2097 2693 2359 2761 Domine,
2391 2709 2608 2749 omnem
2650 2693 2935 2749 stultitiam
2974 2693 3155 2753 cordis
3194 2697 3309 2753 mei.
3341 2697 3553 2754 miseri-

1961 2786 2200 2843 corditer
2227 2786 2451 2852 munda,
2473 2795 2527 2842 et
2556 2799 2677 2856 qua:
2706 2785 2761 2841 in
2791 2799 2877 2842 me
2905 2796 3030 2842 sunt
3059 2787 3313 2843 vitiorum
3340 2798 3551 2845 secreta

1960 2877 2209 2949 purifica,
2251 2886 2306 2933 ct
2346 2893 2439 2934 cor
2472 2892 2675 2943 meum,
2719 2877 2785 2932 ad
2824 2878 3211 2951 expugnandus
3248 2881 3551 2951 passiones,

1960 2980 2053 3027 tua
2083 2980 2272 3028 sancta
2297 2970 2556 3027 unctione
2582 2968 2770 3036 dilata,
2805 2985 3104 3041 sensusque
3145 2986 3296 3025 meos
3341 2972 3407 3027 ad
3453 2972 3552 3027 im-

1959 3062 2349 3136 pugnationum
2378 3062 2680 3118 certamina
2715 3061 3021 3133 superanda
3059 3061 3337 3129 conforta;
3378 3072 3434 3118 et
3464 3062 3553 3120 fac

1960 3169 2047 3208 me
2074 3153 2235 3227 digne
2261 3152 2410 3208 vitiis
2436 3154 2577 3210 meis
2604 3152 2793 3217 irasci,
2831 3162 2893 3208 ut
2930 3153 3169 3209 omnium
3199 3166 3548 3225 peccatorum

1960 3261 2207 3304 meorum
2254 3245 2646 3319 indulgentiam
2674 3262 2995 3317 consequar.
3046 3246 3290 3314 Domine,
3327 3248 3409 3305 fac
3455 3266 3567 3305 nos.

1762 3318 1925 3383 ac'c
1956 3339 2291 3395 incessanter
2349 3318 2475 3395 ante
2532 3340 2730 3394 mentis
2787 3338 2975 3395 oculos
3030 3341 3234 3397 habere
3301 3344 3549 3399 timorem

1957 3441 2145 3499 tuum,
2184 3439 2245 3487 ut
2279 3432 2334 3487 in
2372 3433 2518 3488 omni
2555 3432 2676 3488 loco
2713 3440 2937 3503 peccata
2977 3443 3185 3500 nostra,
3222 3444 3277 3490 et
3312 3434 3551 3493 futurum

1954 3541 2054 3597 pro
2084 3528 2163 3581 eis
2192 3524 2458 3595 judicium
2497 3524 2741 3597 cogitare
2772 3539 2836 3580 ac
2876 3525 3085 3585 timere.
3120 3527 3386 3598 simulque
3416 3544 3551 3599 prae-

1954 3625 2113 3689 ccpta
2140 3626 2254 3685 tua,
2282 3626 2336 3672 et
2360 3616 2590 3690 gloriam
2617 3615 2894 3673 caelestem
2922 3632 2953 3672 a
2982 3626 3036 3672 te
3060 3618 3239 3674 datam
3266 3621 3352 3677 his
3374 3622 3464 3691 qui
3489 3638 3573 3677 ea‘

1955 3720 2207 3778 servant,
2247 3710 2612 3773 considerare,
2648 3716 2705 3766 et
2743 3725 2958 3781 semper
2983 3712 3036 3766 in
3072 3721 3251 3768 mente
3282 3714 3551 3778 retinere;

1953 3805 2079 3876 quia
2118 3804 2457 3860 incessanter
2485 3812 2540 3857 tu
2571 3802 2734 3867 Deus,
2761 3804 2852 3873 qui
2884 3819 2982 3860 nos
3000 3803 3348 3875 judicaturus
3374 3821 3450 3870 es,
3486 3808 3552 3862 de
3642 3848 3645 3857 .

1952 3896 2090 3953 caelo
2115 3895 2342 3966 respicis
2366 3910 2555 3950 omnes
2580 3904 2735 3950 actus
2762 3903 2818 3951 et
2841 3896 3199 3966 cogitationes
3226 3908 3463 3962 nostras,
3496 3909 3550 3952 et

1952 3986 2255 4042 locutiones
2287 3994 2525 4051 nostras,
2555 3992 2611 4039 et
2636 3985 2779 4055 quod
2807 3985 2954 4040 omni
2983 3986 3115 4040 liora
3146 3986 3366 4058 angelus
3397 3989 3553 4043 nobis

1952 4079 2243 4150 deputatus
2271 4078 2325 4132 in
2357 4077 2497 4134 emlo
2522 4077 2808 4131 annuntiat
2832 4075 2972 4132 facta
3003 4087 3222 4143 nostra;
3265 4087 3320 4133 et
3350 4078 3579 4135 idcirco

1953 4173 2206 4227 timentes
2229 4185 2505 4243 nunquam
2534 4169 2849 4224 recedamus
2878 4183 2908 4222 a
2931 4168 3089 4225 bonis
3113 4169 3552 4227 meditationibus

1950 4271 2007 4319 et
2036 4262 2269 4326 actibus,
2300 4262 2392 4318 sed
2416 4273 2629 4330 semper
2652 4259 2705 4314 in
2728 4260 2982 4339 cordibus
3004 4263 3203 4317 nostris
3232 4264 3325 4318 tibi
3351 4264 3549 4333 placita

1949 4356 2250 4427 cogitemus
2287 4363 2343 4410 et
2368 4355 2735 4425 disponamus.
2774 4352 3017 4421 Domine,
3056 4354 3233 4411 tribue
3272 4357 3446 4424 nobis,
3487 4368 3548 4424 ut

1951 4450 2098 4506 nullo
2128 4458 2253 4507 actu
2285 4450 2618 4507 delectemus
2646 4458 2890 4504 nostram
2920 4450 3249 4507 voluntatem
3278 4454 3551 4524 propriam

1951 4542 2208 4614 implere;
2254 4545 2349 4599 sed
2386 4542 2567 4598 omnia
2606 4542 2901 4598 secundum
2948 4544 3219 4600 tramitem
3260 4556 3551 4617 praecepto-

1953 4648 2071 4689 rum
2102 4642 2317 4690 tuorum
2357 4632 2487 4699 tibi,
2516 4642 2571 4689 et
2608 4632 2881 4704 prioribus
2921 4635 3122 4691 nostris
3146 4618 3442 4693 obediendo
3473 4636 3551 4691 fa-

1954 4729 2181 4783 ciamus.
2227 4726 2470 4791 Domine,
2514 4725 2714 4798 largire
2759 4725 2939 4790 nobis,
2980 4736 3041 4782 ut
3086 4728 3202 4782 sine
3246 4743 3551 4783 murmura-

1954 4820 2102 4876 tione
2130 4820 2245 4875 oris
2276 4828 2330 4873 et
2360 4818 2560 4883 cordis,
2591 4817 2844 4872 omnibus
2874 4817 3064 4873 diebus
3094 4819 3218 4872 vitae
3246 4828 3446 4875 nostra:
3479 4823 3551 4876 si-

1956 4927 2077 4967 mus
2103 4910 2370 4965 veraciter
2399 4907 2625 4977 subjecti
2656 4916 2711 4962 et
2737 4907 3176 4963 obedientestibi
3197 4950 3211 4973 ,
3240 4918 3296 4963 et
3324 4911 3552 4966 seniori-

1954 5003 2056 5057 bus
2080 5001 2298 5057 nostris.
2332 5000 2359 5040 ιο
2391 4998 2635 5065 Domine,
2671 4998 2844 5054 tribue
2890 5000 3073 5065 nobis,
3108 5012 3167 5054 ut
3198 5002 3377 5055 omnia
3416 5004 3548 5058 dura

1954 5101 2010 5148 et
2037 5108 2250 5165 aspera,
2284 5104 2339 5147 et
2368 5099 2565 5145 nostra:
2586 5089 2848 5145 voluntati
2876 5093 3169 5155 contraria,
3194 5093 3356 5148 etiam
3385 5109 3551 5164 super

1954 5187 2100 5242 vires
2128 5194 2178 5241 et
2210 5185 2488 5241 scientiam
2518 5192 2757 5238 nostram
2789 5184 2944 5239 nobis
2973 5182 3232 5251 injuurta,
3266 5187 3347 5241 vel
3385 5189 3549 5244 etiam

1956 5278 2071 5333 lucc
2102 5276 2218 5349 ipsa
2246 5291 2369 5332 cum
2401 5275 2615 5347 injuriis
2639 5282 2696 5330 et
2722 5277 3063 5333 contumeliis
3091 5278 3350 5349 imperata
3371 5321 3386 5345 ,
3416 5282 3550 5336 sim-

1955 5369 2171 5441 pliciter
2194 5379 2249 5427 et
2276 5370 2553 5427 humiliter
2583 5372 2636 5426 in
2663 5386 2759 5442 spe
2783 5372 3167 5429 misericordia:
3194 5384 3321 5442 tuae,
3346 5376 3551 5448 absque

1955 5461 2062 5518 ulla
2099 5463 2441 5518 simulatione
2468 5463 2737 5534 patienter
2764 5473 2820 5519 et
2844 5465 3145 5536 gaudentes
3168 5470 3545 5541 suscipiamus,

1955 5561 2010 5608 et
2038 5569 2161 5610 cum
2189 5569 2384 5625 magno
2409 5552 2679 5609 desiderio
2707 5555 3174 5627 impleamus,.etsi
3197 5539 3549 5630 impossibilia

1956 5652 2160 5710 fuerint
2183 5654 2360 5720 nobis,
2394 5653 2670 5710 humiliter
2693 5662 2748 5710 et
2776 5656 3044 5726 patienter
3068 5672 3420 5726 suggeramus
3449 5657 3548 5711 im-

1955 5743 2168 5816 peranti
2214 5743 2701 5815 impossibilitatcm
2744 5754 3029 5801 nostram:
3076 5754 3131 5801 et
3172 5747 3217 5803 si
3264 5747 3353 5803 ille
3393 5761 3547 5801 suam

1956 5836 2280 5893 sententiam
2312 5835 2622 5892 nullatenus
2647 5846 2858 5894 mutare
2883 5838 3133 5907 voluerit,
3158 5847 3213 5896 tu
3241 5853 3466 5911 operate
3491 5839 3546 5897 in

2031 5970 2058 6010 δ
2098 5968 2174 6024 Ex
2203 5966 2405 6039 Regula
2439 5968 2612 6026 sancti
2642 5970 2932 6028 Benedicti.
