4122 6558
525 343 632 399 505

1365 339 1428 396 B.
1468 339 1526 396 F.
1572 339 1799 396 ALBINI
1839 338 1970 395 SEU
2012 338 2287 396 ALCUINI
2323 336 2610 396 OPERUM
2645 337 2826 394 PARS
2862 338 2951 393 iV.

3719 333 3838 391 59$

525 455 783 514 cordibus
817 454 1038 520 nostris,
1081 463 1139 509 ut
1176 470 1275 509 nos
1312 452 1644 509 conﬁdentes
1685 454 1738 509 in
1765 453 1968 510 auxilio
2007 463 2119 519 tuo,
2156 459 2192 514 Α
2228 459 2335 505 tem
2366 451 2602 507 discreto
2629 449 2874 517 tacendi,
2903 460 2959 506 et
2987 452 3217 508 disert-te
3246 451 3528 524 loquendi,
3567 461 3625 508 ut
3658 453 3838 510 inter-

526 548 669 604 datis
708 547 863 604 nobis
904 546 1162 602 divinitus
1203 547 1371 601 animi
1413 547 1618 603 viribus
1663 557 1716 604 et
1764 547 2013 612 scientia,
2056 563 2121 602 ex

523 641 794 699 charitate
825 640 1142 697 obediamus
1171 641 1384 706 devote,
1415 643 1544 712 quia
1578 643 1695 699 sine
1731 651 1783 698 te
1825 642 1956 698 nihil
1995 644 2124 699 boni

524 747 834 802 possumus.
877 732 953 788 Da
993 732 1167 794 nobis,
1215 733 1459 799 Domine,
1499 743 1558 790 ut
1596 735 1739 790 nulla
1781 736 2124 807 correptione

523 825 840 888 contended
910 834 1331 893 thesumamus,
1384 841 1560 899 neque
1609 828 1732 884 ullis
1778 828 2125 885 sermonibus

520 918 696 990 iustos
729 931 827 972 nos
854 931 1117 974 conemur
1144 920 1462 984 ostendere,
1497 934 1599 975 nec
1633 919 2003 976 erubescendo
2032 921 2123 976 de-

521 1009 726 1067 formes
755 1008 877 1066 aliis
900 1025 1184 1081 apparere,
1217 1011 1453 1083 aliquem
1486 1012 1706 1084 culpare
1732 1013 1993 1080 velimus;
2027 1015 2120 1070 scd

523 1111 671 1160 terra
701 1103 1030 1160 consternati
1053 1110 1165 1159 tam
1189 1103 1280 1159 diu
1309 1119 1409 1159 nos
1438 1105 1733 1176 culpabiles
1759 1114 1815 1161 et
1843 1121 1964 1161 reos
1990 1121 2121 1161 con-

523 1193 797 1260 ﬁtcamur,
828 1208 1112 1265 quousque
1131 1195 1424 1250 commotio
1455 1195 1620 1251 animi
1653 1211 1750 1251 nos
1777 1195 2120 1268 corripientis

521 1296 707 1344 nostra
737 1287 1045 1343 humilitate
1075 1285 1317 1344 sanetur.
1345 1287 1590 1354 Domine,
1617 1288 1683 1344 da
1716 1289 1891 1354 nobis,
1919 1298 1980 1346 ut
2003 1304 2121 1346 om-

522 1395 620 1437 nes
641 1388 858 1436 nostras
888 1379 1060 1436 malas
1103 1380 1478 1450 cogitationes,
1509 1388 1565 1434 ct
1591 1378 1730 1434 mala
1759 1395 1922 1452 opera
1949 1395 1980 1436 a
2021 1394 2119 1437 no-

518 1470 605 1526 bis
633 1471 898 1526 absconsa
929 1471 1204 1526 humiliter
1233 1481 1417 1527 nostro
1446 1472 1801 1528 contitcamur
1828 1471 2034 1540 abbati,
2063 1480 2119 1528 et

520 1563 614 1618 alii
656 1561 882 1618 cuilibet
911 1564 1144 1634 spiritali
1187 1564 1374 1631 fratri;
1422 1571 1482 1619 ιιι
1511 1579 1609 1635 per
1636 1566 2031 1636 correptionem
2063 1575 2118 1621 et

520 1654 944 1710 admonitionem
979 1669 1166 1710 eorum
1190 1696 1206 1722 ,
1242 1654 1438 1712 diaboli
1475 1653 1699 1725 laqueos
1735 1664 1787 1711 te
1823 1654 2117 1711 auxiliante

518 1744 844 1808 evadamus,
887 1744 980 1799 sel
1011 1752 1064 1799 et
1095 1761 1193 1799 cor
1230 1752 1472 1800 nostrum
1504 1760 1718 1815 semper
1745 1745 1817 1800 sit
1851 1743 2115 1800 confitens

2226 549 2398 620 rogati
2428 563 2552 603 cum
2593 547 2894 604 humilitate
2930 557 2984 603 et
3024 549 3324 604 reverentia
3356 551 3832 620 respondeamus;

2224 651 2280 695 et
2314 655 2436 695 cum
2475 640 2894 713 interrogamus,
2932 656 3057 696 cum
3095 642 3244 697 omni
3278 639 3612 717 subiectione
3649 649 3712 698 et
3743 657 3839 697 re-

2223 735 2464 790 verentia
2505 735 2924 808 interrogemus,
2963 743 3236 802 caventes,
3272 751 3340 792 ne
3379 736 3502 807 plus
3530 745 3621 791 aut
3663 736 3837 792 aliter

2223 828 2505 884 videamur
2547 828 2693 900 loqui
2736 843 2900 898 quam
2940 827 3159 899 expedit
3199 836 3402 884 nostra:
3446 828 3693 900 religioni
3743 827 3835 882 vel

2223 934 2433 985 causae,
2480 934 2575 976 seu
2618 919 2966 985 necessitati,
3015 921 3158 976 unde
3207 919 3512 991 loquimur;
3561 928 3616 974 et
3668 918 3834 974 muni

2221 1011 2383 1066 corda
2413 1019 2596 1065 nostra
2616 1051 2630 1074 ,
2672 1017 2732 1066 ut
2767 1025 3044 1079 nunquam
3072 1009 3403 1065 delectemur
3433 1025 3568 1064 vana
3605 1009 3689 1062 vel
3735 1024 3836 1065 su-

2219 1101 2423 1172 perﬂua
2462 1101 2655 1175 gloria,
2696 1117 2874 1172 neque
2909 1102 3118 1157 inutilia
3155 1103 3478 1175 cogitemus,
3509 1103 3830 1168 audiamus,

2221 1194 2526 1267 loquamur,
2572 1210 2666 1251 seu
2695 1195 2994 1252 videamus.
3041 1196 3290 1261 Domine,
3339 1196 3599 1252 miserere
3635 1195 3830 1262 nobis,

2219 1295 2274 1341 et
2299 1284 2385 1341 fac
2417 1293 2475 1341 ut
2501 1300 2608 1341 non
2639 1287 2811 1342 simus
2836 1285 3024 1342 faciles
3045 1301 3109 1342 ac
3129 1285 3365 1357 prompti
3401 1286 3453 1340 in
3480 1285 3611 1348 risu,
3644 1286 3746 1340 sed
3774 1293 3833 1340 te

2220 1379 2525 1443 tribuente,
2566 1378 2637 1433 sit
2669 1377 2723 1434 in
2763 1378 2919 1434 nobis
2956 1377 3212 1433 salutaris
3245 1376 3503 1432 contritio
3541 1385 3594 1432 et
3633 1376 3831 1433 cordis

2219 1471 2538 1535 bumiliatio,
2570 1479 2623 1527 et
2645 1471 3010 1542 compnnctio,
3036 1479 3091 1525 et
3121 1469 3399 1525 amuentia
3425 1468 3826 1525 laminarum.

2215 1572 2270 1620 et
2301 1565 2450 1620 utilis
2482 1564 2621 1620 tristi
2639 1563 2720 1618 .ia.
2754 1563 2917 1619 Risus
2941 1562 3172 1626 otiosus,
3203 1560 3440 1617 carnalis
3462 1559 3673 1625 latitia,
3707 1561 3828 1618 dis-

2217 1657 2415 1714 solutio
2459 1667 2515 1713 et
2553 1656 2868 1722 oblectatio,
2912 1665 3005 1710 tua
3042 1654 3243 1710 virtute
3280 1652 3470 1725 procul
3512 1651 3754 1725 pellatur
3789 1668 3822 1707 a

2219 1751 2394 1807 nobis.
2432 1751 2691 1816 Domine,
2724 1750 2790 1805 da
2831 1750 2988 1806 nobis
3016 1757 3076 1805 ut
3104 1764 3228 1805 cum
3266 1749 3554 1820 loquimur,
3596 1747 3816 1815 leviter,

520 1837 732 1903 omnia;
776 1840 861 1893 (‘tll
906 1839 1037 1893 nihil
1084 1848 1166 1894 (Si.
1203 1835 1596 1894 absconditum.
1642 1837 1896 1903 Domine,
1937 1836 2118 1892 tribue
2148 1819 2193 1883 Β
2219 1857 2341 1900 cum
2367 1841 2656 1912 gravitate,
2683 1856 2854 1913 pauca
2883 1841 3050 1897 verba
3073 1819 3353 1907 salutaria,
3386 1841 3504 1897 sine
3527 1841 3675 1898 vocis
3696 1841 3811 1898 cla-

520 1931 696 1996 nobis,
728 1940 788 1985 ut
829 1948 1042 2003 semper
1082 1933 1253 1988 simus
1287 1930 1522 1988 contenti
1561 1931 1705 1988 omni
1737 1930 1945 1988 vilitate
1983 1928 2111 1996 cibi,

518 2031 570 2075 et
601 2031 780 2093 potus,
811 2040 876 2080 ac
906 2026 1164 2091 vestium;
1210 2034 1270 2081 ιιι
1307 2040 1643 2096 quaecunque
1681 2025 1792 2081 sint
1821 2022 1948 2080 vilia
1985 2021 2110 2089 ista,

520 2113 571 2167 in
604 2122 848 2179 tantum,
889 2122 948 2169 nt
985 2131 1081 2186 per
1115 2132 1178 2172 ea
1219 2118 1391 2188 possit
1425 2131 1620 2187 corpus
1653 2123 1900 2174 nostrum
1937 2114 2114 2172 subsi-

516 2213 662 2260 stere
705 2206 774 2261 ad
818 2208 1161 2264 serviendum
1211 2209 1306 2264 tibi
1331 2252 1342 2272 ,
1395 2225 1500 2264 non
1549 2208 1704 2264 nobis
1752 2207 1823 2265 sit
1868 2224 2000 2264 cura
2043 2208 2113 2263 de

515 2295 630 2369 5.8
675 2298 1017 2366 melioribus,
1066 2303 1160 2357 sed
1205 2304 1290 2358 his
1331 2303 1500 2357 simus
1543 2299 1870 2358 sullicientes
1908 2301 2111 2372 absque

513 2388 643 2445 dolo
671 2400 726 2448 et
752 2391 1045 2463 hypocrisi.
1081 2396 1328 2463 Domine,
1355 2397 1421 2452 da
1458 2397 1613 2453 nobis
1641 2405 1700 2452 ιιι
1727 2396 1906 2452 omnis
1931 2403 2111 2452 extre.

515 2484 678 2541 mitas
702 2486 913 2558 placeat
939 2488 1114 2548 nobis.
1140 2499 1556 2561 quantocunque
1584 2489 1846 2546 fuerimus
1875 2487 2106 2554 minimi,

513 2583 570 2629 et
617 2577 950 2647 posteriores
991 2580 1240 2636 omnibus
1286 2583 1339 2637 in
1386 2580 1642 2646 sedendo,
1693 2580 1746 2636 in
1794 2581 2010 2648 stando,
2054 2589 2111 2636 et

513 2670 875 2736 ascendendo,
916 2683 974 2727 et
1015 2674 1304 2745 loquendo,
1351 2685 1405 2730 et
1446 2677 1499 2730 in
1541 2675 1795 2732 omnibus
1833 2689 1955 2749 qua:
1999 2674 2104 2732 dici

513 2770 776 2830 possunt,
820 2766 1150 2833 gaudeamus
1182 2766 1250 2823 de
1289 2769 1391 2822 hoc
1425 2785 1435 2819 :
1470 2775 1525 2822 et
1555 2773 1680 2823 tunc
1709 2780 1808 2824 nos
1835 2780 1963 2824 vere
1995 2783 2023 2822 τι
2055 2775 2107 2823 te

513 2852 940 2909 misericorditer
982 2868 1254 2928 respectas
1290 2859 1639 2927 mstimeuzus,
1672 2870 1724 2915 et
1762 2861 1814 2916 in
1852 2859 2106 2918 cordibus

513 2943 714 2999 nostris
747 2948 950 3023 gratius
979 2950 1072 3005 tibi
1111 2967 1352 3023 agamus.
1387 2951 1631 3020 Domine,
1661 2955 1724 3010 da
1757 2953 1913 3011 nobis
1941 2963 2000 3010 ut
2037 2953 2104 3010 ad

510 3033 694 3091 omnia
745 3055 865 3109 quae
907 3040 1063 3098 nobis
1110 3041 1479 3117 iniunguntur,
1529 3053 1950 3118 quantocunque
1995 3044 2106 3102 sint

511 3128 638 3184 vilia
669 3139 726 3186 et
755 3130 984 3202 abjeeta,
1025 3144 1080 3191 ct
1112 3139 1351 3193 omnium
1393 3138 1819 3196 ministeriorum
1856 3138 2098 3205 minima,
2127 3179 2172 3242 ς

514 3221 764 3292 indignos
805 3242 901 3282 nos
941 3229 1008 3284 ad
1047 3241 1154 3284 tam
1200 3231 1426 3288 honesta
1469 3230 1802 3298 faciendum,
1848 3241 1903 3288 et
1940 3234 2103 3289 corde

511 3312 800 3371 credamus
838 3333 902 3374 ac
938 3319 1255 3389 sentiamus,
1285 3336 1350 3379 ac
1374 3320 1720 3395 perﬁciamus
1748 3340 1810 3380 ea
1838 3339 1962 3380 cum
1992 3340 2104 3380 ma-

511 3416 614 3470 gna
646 3403 950 3464 devotione.
989 3410 1238 3478 Domine,
1270 3411 1336 3469 da
1367 3412 1519 3470 nobis
1556 3413 1791 3472 fructum
1820 3416 2104 3472 charitatis

512 3504 570 3549 et
596 3495 935 3567 humilitatis,
963 3509 1020 3556 et
1045 3501 1384 3568 obedientite,
1412 3515 1468 3562 ct
1499 3506 1792 3578 patientiae,
1821 3522 1943 3562 cum
1973 3522 2103 3562 vero

512 3599 699 3642 amore
741 3588 1116 3649 fraternitatis.
1169 3590 1429 3663 Domine,
1475 3599 1653 3653 tribue
1697 3597 1853 3654 nobis
1895 3607 1956 3654 ιιι
2003 3614 2104 3654 nos

511 3695 727 3754 semper
763 3699 830 3742 ex
868 3686 1056 3746 intimo
1094 3691 1256 3746 corde
1290 3693 1574 3750 credamus
1603 3694 1822 3751 viliores
1850 3696 2102 3753 omnibus

511 3779 674 3843 atque
701 3773 1009 3848 inferiores,
1039 3791 1096 3837 et
1125 3783 1203 3839 sic
1233 3785 1420 3842 haberi
1447 3799 1545 3842 nos
1573 3786 1642 3842 ab
1668 3786 1788 3844 aliis
1817 3798 1872 3845 et
1902 3789 2102 3845 consti-

512 3862 588 3916 tui
625 3865 926 3935 cupiamus,
967 3880 1127 3942 atque
1167 3873 1235 3930 ab
1273 3874 1524 3931 omnibus
1551 3876 1679 3943 dici,
1722 3879 1969 3951 quamvis
2009 3879 2098 3937 alii

510 3972 610 4013 nos
635 3959 714 4015 sic
738 3977 842 4017 non
872 3965 1155 4032 aestiment,
1187 3981 1285 4025 nec
1306 3968 1578 4037 ordinent,
1608 3987 1782 4044 neque
1805 3973 2018 4042 dicant;
2047 3983 2102 4030 et

511 4065 611 4106 nos
645 4069 750 4107 non
787 4053 934 4112 sinas
959 4072 1082 4113 esse
1120 4057 1452 4133 bypocritas,
1480 4072 1538 4119 ut
1571 4065 1725 4135 quasi
1755 4081 1853 4122 nos
1881 4081 1975 4122 ore
2003 4082 2100 4124 no—

509 4149 624 4197 stro
647 4143 914 4203 fateamur
942 4165 1041 4205 nos
1063 4165 1184 4208 esse
1210 4155 1476 4227 indignos,
1506 4166 1560 4212 et
1585 4159 1803 4216 viliores
1829 4168 1990 4231 atque
2018 4161 2099 4216 in-

509 4231 737 4289 feriores
763 4238 1015 4296 omnibus
1039 4257 1159 4298 esse
1181 4245 1393 4310 debere,
1422 4257 1478 4303 et
1507 4249 1606 4304 sub
1637 4250 1736 4304 hac
1763 4249 2099 4321 professione

509 4328 698 4384 humili
736 4332 963 4392 velimus
1004 4338 1203 4406 videri,
1243 4350 1298 4396 et
1339 4343 1527 4401 haberi
1569 4345 1635 4401 ab
1673 4345 1794 4402 aliis
1840 4353 2096 4417 tanquam

506 4418 636 4490 justi
657 4431 709 4477 et
741 4423 998 4497 religiosi,
1029 4429 1255 4488 interius
1284 4433 1442 4505 hujus
1468 4435 1649 4492 smculi
1677 4437 2011 4506 altitudines,
2042 4447 2097 4496 et

2218 1950 2368 1992 more
2393 1943 2452 1992 et
2477 1935 2683 2007 absque
2711 1935 3074 1992 concitatione
3099 1934 3404 2006 loquamur.
3436 1935 3681 2001 Domine,
3711 1935 3809 1990 tri-

2215 2029 2321 2086 bue
2349 2027 2507 2084 nobis
2538 2029 2754 2085 miseris
2780 2036 2837 2085 et
2864 2029 3102 2102 indignis
3129 2037 3193 2086 ut
3225 2029 3279 2084 in
3309 2029 3456 2085 omni
3493 2027 3612 2085 loco
3639 2029 3813 2094 omni-

2215 2139 2320 2195 que
2347 2132 2618 2196 tempore,
2649 2132 2706 2180 et
2732 2124 2880 2181 omni
2921 2138 3086 2196 opere
3121 2124 3389 2190 sedentes,
3427 2131 3658 2190 stantes,
3699 2138 3819 2178 am-

2212 2216 2492 2284 bulantes,
2536 2226 2826 2290 operantes
2863 2218 3181 2276 inclinatum
3221 2226 3279 2275 et
3321 2219 3665 2274 humiliatum
3712 2218 3820 2273 ba-

2212 2311 2437 2368 beamus
2465 2309 2606 2387 [cor]
2637 2328 2822 2370 coram
2853 2321 2926 2379 te,
2956 2322 3014 2370 et
3060 2328 3185 2370 reos
3225 2328 3327 2370 nos
3375 2313 3517 2368 omni
3567 2313 3702 2368 hora
3751 2314 3823 2369 de

2211 2401 2414 2459 nostris
2443 2405 2654 2462 actibus
2679 2404 3031 2470 aestimemus,
3061 2413 3117 2460 et
3145 2403 3335 2476 repleti
3371 2403 3564 2475 spiritu
3595 2404 3825 2460 timoris

2207 2500 2267 2550 et
2311 2493 2516 2552 amoris
2565 2495 2680 2563 tui,
2733 2494 2980 2552 dicatnus
3027 2495 3222 2566 singuli
3272 2495 3325 2550 in
3371 2502 3582 2551 secreto
3626 2495 3826 2551 cordis

2209 2589 2380 2648 nostri
2414 2607 2427 2645 :
2461 2587 2718 2656 Domine,
2762 2605 2870 2645 non
2905 2605 3026 2646 sum
3064 2590 3258 2661 dignus
3295 2604 3394 2661 ego
3433 2596 3691 2660 peccator
3733 2588 3823 2642 le-

2208 2697 2338 2738 vare
2361 2682 2548 2738 oculos
2571 2697 2723 2738 meos
2749 2680 2802 2736 in
2832 2680 3049 2738 omium.
3077 2679 3246 2746 Deus,
3268 2678 3522 2752 propitius
3541 2687 3652 2732 esto
3675 2674 3825 2733 mihi

2206 2777 2469 2847 percntari
2500 2774 2654 2847 (Luc.
2679 2790 2836 2839 xvnt,
2865 2772 2954 2847 15)
2981 2788 3214 2844 semper,
3243 2772 3335 2828 hic
3356 2778 3411 2828 et
3435 2770 3491 2826 in
3515 2777 3819 2836 :eternum,

2207 2869 2300 2941 qui
2332 2868 2468 2925 vivis
2496 2876 2551 2924 et
2579 2883 2777 2940 regnas
2806 2867 2858 2922 in
2885 2866 3083 2924 saecula
3107 2863 3449 2922 saeculorum.
3480 2860 3673 2918 Amen.

2938 2981 3087 3044 XII.

2806 3093 2848 3156 A
2863 3092 2951 3154 1ιά
2983 3093 3216 3155 oratio.

2279 3220 2501 3294 Magnus
2543 3235 2625 3284 es,
2667 3217 2914 3283 Domine,
2961 3224 3018 3272 et
3055 3213 3340 3272 laudabilis
3383 3212 3566 3278 valde,
3607 3223 3813 3286 magna

2205 3312 2379 3366 virtus
2423 3318 2542 3378 tua,
2576 3318 2633 3367 et
2665 3309 2944 3382 sapientiae
2983 3314 3089 3364 tua:
3127 3321 3233 3362 non
3271 3313 3356 3361 est
3398 3318 3684 3360 numerus.
3726 3300 3806 3360 Tu

2204 3401 2414 3459 excitae
2438 3417 2534 3458 cor
2560 3409 2831 3466 nostrum,
2860 3406 2922 3456 ut
2953 3407 3006 3454 te
3048 3397 3232 3454 laudet
3263 3403 3318 3452 et
3343 3393 3648 3467 glorificet,
3678 3392 3804 3464 quia

2204 3494 2380 3552 fecisti
2427 3511 2526 3550 nos
2566 3494 2635 3550 ad
2676 3491 3003 3548 laudandum
3034 3497 3124 3557 te,
3153 3497 3209 3546 et
3243 3487 3547 3558 inquietum
3585 3495 3670 3542 est
3709 3499 3806 3541 cor

2204 3597 2469 3654 nostrum,
2512 3587 2684 3643 donec
2722 3585 3030 3658 requiescat
3073 3583 3126 3638 in
3161 3591 3235 3639 te.
3281 3580 3533 3650 Quaeram
3579 3589 3652 3646 te,
3697 3577 3806 3635 Do-

2203 3682 2382 3747 mine,
2420 3681 2678 3736 invocans
2722 3686 2808 3744 te,
2849 3685 2905 3734 et
2953 3677 3200 3732 invocem
3245 3683 3302 3732 te
3330 3672 3560 3729 credens
3599 3671 3654 3726 in
3695 3678 3750 3725 te
3783 3688 3798 3726 :

2202 3788 2454 3845 quaerens
2480 3773 2624 3829 enim
2653 3779 2735 3838 te,
2764 3770 3035 3826 inveniam
3069 3777 3153 3836 te,
3185 3777 3242 3824 et
3278 3765 3557 3822 inveniens
3583 3762 3798 3819 laudem

2203 3871 2277 3921 te.
2328 3864 2546 3921 lnvocat
2591 3873 2663 3930 te,
2712 3862 2958 3927 Domine,
3014 3862 3148 3918 fides
3193 3875 3336 3927 mea,
3388 3873 3550 3931 quam
3593 3854 3794 3912 dedisti

2201 3955 2358 4023 mihi,
2398 3972 2559 4028 quam
2599 3955 2878 4027 inspirasti
2917 3953 3052 4010 mihi
3098 3968 3198 4026 per
3235 3952 3625 4008 humanitatem
3667 3945 3796 4002 Filii

2201 4049 2310 4116 tui,
2345 4065 2444 4123 per
2471 4048 2832 4106 ministerium
2861 4045 3236 4119 praedicatoris
3261 4043 3342 4100 tui
3371 4062 3384 4099 :
3414 4051 3471 4098 et
3492 4043 3615 4114 quis
3643 4039 3800 4097 locus

2199 4155 2283 4202 est
2323 4146 2375 4200 in
2412 4161 2520 4213 me,
2563 4160 2672 4216 quo
2705 4144 2891 4202 venias
2931 4143 2986 4197 in
3024 4156 3132 4208 me,
3176 4140 3403 4197 Domine
3439 4139 3584 4194 Deus
3618 4150 3796 4199 meus,

2198 4255 2306 4310 quo
2333 4238 2555 4294 veniens
2584 4236 2828 4292 invenias
2859 4234 2913 4290 in
2942 4249 3030 4290 me
3068 4233 3234 4299 Dens,
3263 4232 3356 4304 qui
3393 4230 3571 4286 fecisti
3596 4228 3795 4286 cmlum

2197 4341 2252 4388 et
2279 4340 2500 4387 terram.
2532 4328 2612 4384 An
2637 4343 2765 4384 vero
2791 4326 2985 4383 cmlum
3007 4333 3063 4381 et.
3092 4332 3260 4391 terra,
3289 4337 3409 4394 qua:
3435 4320 3636 4386 fecisti,
3665 4327 3720 4374 et
3741 4317 3791 4372 in

2196 4425 2394 4496 quibus
2425 4439 2511 4480 me
2539 4421 2745 4488 fecisti,
2775 4421 2997 4492 capiunt
3030 4419 3116 4475 te?
3153 4417 3264 4492 49
3302 4417 3383 4471 An
3418 4415 3544 4487 quia
3583 4415 3704 4471 siue
3742 4421 3793 4467 te

511 4508 694 4567 laudes
723 4521 883 4585 atque
912 4517 1146 4575 honores
1173 4504 1502 4593 appetentes.
1540 4525 1721 4598 Neque
1761 4529 1825 4585 de
1861 4528 1967 4585 illis
1997 4504 2095 4586 nos

2207 4534 2306 4577 non
2333 4526 2418 4576 est
2449 4516 2712 4589 quidquid
2739 4524 2853 4582 est,
2883 4513 2974 4580 fit,
3008 4523 3067 4568 ut
3092 4511 3354 4583 quidquid
3380 4517 3464 4566 est
3490 4507 3670 4578 capiat
3707 4504 3794 4561 te?

508 4604 790 4668 permittas
818 4622 937 4664 esse
965 4609 1159 4680 quibus
1183 4615 1226 4668 si
1255 4614 1392 4669 alter
1420 4616 1498 4671 eis
1520 4617 1716 4674 dixerit
1736 4622 1877 4690 quod
1907 4621 2006 4691 ipsi
2033 4623 2098 4678 de

509 4705 568 4747 se
593 4691 830 4750 fatentur
852 4712 947 4755 ore
972 4701 1214 4773 proprio,
1246 4705 1328 4758 vel
1353 4705 1396 4760 si
1429 4707 1500 4761 ita
1528 4722 1622 4764 eos
1647 4711 1779 4766 viles
1806 4721 1898 4766 aut
1923 4722 2101 4769 extre-

508 4799 625 4841 mos
659 4790 901 4858 posuerit
938 4800 999 4846 ut
1033 4792 1136 4849 illis
1171 4811 1290 4852 esse
1318 4797 1516 4856 debere
1545 4801 1750 4868 dicunt,
1777 4795 1884 4859 'aut
1914 4807 2096 4861 statim

509 4875 561 4932 in
588 4881 964 4950 contumelias,
1002 4893 1094 4941 aut
1127 4889 1349 4944 nimiam
1384 4891 1518 4945 iram
1561 4893 1896 4968 irrumpunt,
1939 4906 1997 4952 ut
2031 4898 2098 4953 ad

507 4969 609 5025 hoc
654 4986 822 5042 usque
868 4977 1185 5045 perveniant
1231 4981 1402 5049 quod,
1449 4983 1739 5054 instigante
1785 4986 2021 5053 diabolo,
2067 5005 2095 5042 a

504 5067 922 5136 congregatione
948 5069 1034 5124 cui
1063 5087 1121 5127 se
1148 5073 1489 5130 sociaverant
1513 5078 1800 5145 recedant;
1835 5091 1927 5135 aut
1951 5090 2098 5137 certe

504 5152 685 5210 dolum
729 5156 783 5212 in
827 5160 991 5217 corde
1025 5162 1289 5231 celantes,
1336 5168 1632 5224 iracundia:
1669 5179 1880 5242 tempus
1922 5189 2099 5228 reser-

505 5252 630 5300 vent
658 5263 670 5298 :
709 5247 790 5302 vel
816 5264 910 5306 eos
940 5253 1030 5323 qui
1064 5263 1209 5312 recte
1243 5258 1425 5314 vivere
1464 5261 1777 5326 decertant,
1810 5262 2099 5319 detrahere

503 5341 559 5389 et
587 5334 884 5396 dilacerare
915 5343 1126 5415 injuriis
1165 5358 1327 5420 atque
1361 5350 1625 5420 impedire
1663 5369 1770 5408 non
1809 5354 2092 5410 desistant.

502 5427 585 5483 Ab
616 5429 718 5494 itis,
753 5432 992 5497 Domine,
1028 5449 1083 5493 et
1113 5439 1418 5509 hujusmodi
1453 5446 1617 5500 nmvis
1649 5445 1937 5518 [Quercel.,
1972 5463 2098 5503 ner-

503 5520 606 5597 ῆς]
635 5525 797 5582 corda
839 5540 1021 5586 nostra
1051 5535 1270 5588 mninla.
1312 5535 1556 5600 Domine,
1587 5537 1777 5607 adjuva
1808 5554 1927 5604 nos,
1955 5548 2010 5594 et
2035 5539 2098 5595 li-

501 5611 632 5668 bera
677 5631 795 5680 nos,
839 5626 894 5674 et
938 5623 1148 5678 custodi
1190 5641 1317 5686 nos;
1364 5635 1423 5680 ut
1468 5628 1600 5682 nihil
1647 5645 1872 5698 agamus
1913 5637 2096 5684 nostra

497 5711 938 5778 praesumptione,
992 5715 1096 5770 nisi
1147 5718 1291 5786 quod
1347 5719 1614 5789 agendum
1666 5722 1717 5775 in
1763 5721 2098 5778 monasterio

499 5812 682 5857 sancta
721 5808 964 5876 praecipit
997 5809 1201 5880 regula.
1250 5811 1498 5875 Dan-line,
1535 5815 1710 5872 tribue
1745 5818 1897 5872 nobis
1928 5815 2095 5870 virtu-

2199 4612 2465 4683 Quoniam
2494 4611 2676 4682 itaque
2702 4617 2757 4665 et
2781 4624 2881 4680 ego
2917 4622 3070 4673 sum,
3110 4605 3238 4677 quid
3273 4614 3400 4675 peto
3429 4612 3490 4657 ut
3523 4601 3710 4657 venias
3735 4599 3792 4653 in

2197 4724 2316 4773 me,
2360 4706 2452 4777 qui
2497 4722 2606 4762 non
2652 4719 2828 4762 essem
2879 4702 2983 4757 nisi
3029 4716 3179 4756 esses
3224 4700 3278 4754 in
3325 4698 3446 4754 me?
3495 4696 3613 4752 Non
3661 4710 3793 4761 ergo
3873 4737 3882 4745 .

2196 4779 2396 4865 essem,
2429 4799 2572 4854 Deus
2609 4814 2781 4863 mins,
2813 4811 2922 4851 non
2953 4795 3175 4850 omnino
3201 4807 3397 4858 essem,
3425 4791 3528 4847 nisi
3556 4803 3702 4846 esses
3735 4788 3788 4842 in

2196 4911 2304 4950 me.
2332 4893 2577 4958 Summe,
2609 4890 2831 4960 optimc,
2857 4886 3256 4960 potentissime,
3285 4880 3790 4939 misericordissime

2196 4993 2250 5038 et
2270 4983 2594 5053 justissime,
2627 4978 3013 5042 sacratissime,
3043 4975 3360 5039 fortissime,
3390 4972 3600 5029 stabilis
3628 4979 3678 5026 ct
3706 4971 3790 5024 in-

2197 5074 2718 5149 comprehensibilis,
2759 5069 3114 5128 immutabilis
3152 5077 3370 5124 mutans
3406 5066 3613 5130 onmia,
3652 5078 3790 5118 nun-

2196 5184 2358 5240 quam
2386 5182 2581 5231 novus,
2612 5179 2887 5234 nunquam
2916 5169 3092 5227 vetus,
3123 5160 3384 5216 innovans
3416 5157 3619 5224 omnia,
3650 5163 3704 5211 et
3732 5154 3788 5210 in

2197 5263 2521 5313 vetustatem
2564 5253 2867 5325 perducens
2917 5251 3207 5322 superbos,
3250 5249 3416 5306 etiam
3461 5249 3782 5303 nescientes.

2199 5347 2428 5419 Semper
2470 5361 2666 5418 agens,
2718 5360 2936 5416 semper
2984 5344 3228 5416 quietus;
3280 5341 3537 5413 colligens
3581 5348 3636 5397 et
3677 5354 3785 5396 non

2196 5457 2382 5513 egens,
2426 5449 2648 5512 portans
2682 5447 2736 5494 et
2780 5438 3028 5507 impleas,
3072 5443 3128 5492 et
3168 5443 3472 5507 protegens,
3517 5449 3710 5490 creans
3735 5442 3790 5488 et

2197 5535 2479 5600 nutriens,
2521 5542 2577 5588 et
2603 5530 2892 5602 pet-ficiens
2928 5538 2986 5587 et
3013 5544 3293 5600 quaerens,
3329 5543 3453 5583 cum
3487 5526 3620 5581 nihil
3649 5525 3788 5581 desit

2197 5628 2317 5683 tibi.
2368 5626 2556 5690 Amas,
2605 5642 2703 5680 nec
2743 5632 2958 5687 aestuas,
3015 5631 3069 5677 et
3113 5620 3279 5687 zelas,
3328 5627 3384 5674 et
3433 5635 3658 5675 securus
3706 5634 3784 5674 cs.

2197 5719 2432 5776 Pmnitet
2477 5728 2551 5784 te,
2595 5727 2650 5773 et
2694 5733 2798 5771 non
2833 5715 2978 5772 dolet
3011 5732 3022 5767 :
3058 5713 3334 5779 irasceris,
3375 5720 3426 5768 et
3465 5711 3789 5782 tranquillus

2197 5828 2282 5881 es;
2317 5827 2481 5883 opera
2514 5819 2712 5876 mutas,
2741 5823 2838 5866 nec
2871 5813 3049 5863 mutas
3079 5804 3389 5862 consilium:
3423 5800 3788 5869 tantum
