4122 6532
241 418 332 474 505

1072 416 1467 475 LITURGICA.
1506 446 1576 456 ——
1614 414 1703 471 DE
1740 414 1986 472 PSALM.
2031 413 2189 470 ΕΒΗ.
2228 444 2297 453 -α
2334 410 2517 467 PARS
2552 410 2607 466 ll.

3414 407 3523 470 506

242 532 460 599 invenis,
501 539 556 587 et
599 546 876 601 nunquam
919 532 1180 600 amisisti;
1228 548 1506 603 nunquam
1548 534 1724 603 inops,
1764 542 1818 587 et
1850 537 1895 594 Α
1923 532 2204 586 ductiones
2253 546 2392 600 quas
2438 539 2657 584 secutus
2700 541 2840 591 sum,
2886 534 2939 580 et
2985 524 3246 595 amplexor
3305 538 3521 577 manum

241 624 432 695 gaudes
475 621 672 687 lucris;
722 638 997 692 nunquam
1040 638 1256 687 avarus,
1303 631 1359 678 et
1388 639 1583 679 usuras
1620 624 1820 694 exigis;

241 722 652 784 supererogatur
692 712 819 775 tibi,
866 722 926 767 ut
964 714 1184 779 debeas,
1221 721 1275 768 ct
1311 714 1433 784 quis
1473 714 1635 770 habet
1669 715 1825 785 quid-

241 804 432 874 quam?
476 804 663 862 Nonne
695 811 749 860 tu
788 804 970 859 reddis
998 806 1178 861 debita
1222 805 1355 860 nulli
1386 806 1619 870 debens,
1658 807 1826 862 donas

240 895 413 951 debita
457 896 590 951 nihil
634 896 901 965 perdens?
948 896 1014 951 Et
1052 897 1179 967 quid
1220 898 1329 953 dixi
1363 896 1499 970 [Al.,
1524 898 1616 968 qui
1643 896 1824 970 dixit],

240 984 374 1041 Deus
401 1000 579 1052 meus,
611 987 721 1040 vita
749 1001 893 1051 mea,
919 986 1145 1043 dulcedo
1170 1002 1291 1043 mea
1318 986 1542 1043 sancta?
1564 986 1673 1042 Aut
1699 986 1829 1058 quid

241 1078 361 1133 dicit
388 1076 606 1147 aliquis,
639 1092 763 1132 cum
794 1077 861 1131 de
892 1084 945 1132 te
974 1077 1139 1133 dicit?
1179 1077 1248 1132 Et
1287 1093 1370 1132 vas
1414 1077 1719 1134 tacentibus
1761 1077 1830 1132 de

240 1177 308 1235 te,
335 1169 590 1240 quoniam
614 1168 871 1240 loquaces
900 1170 1035 1225 muti
1063 1176 1209 1226 sunt.
1242 1169 1377 1238 Quis
1405 1169 1537 1224 mihi
1566 1170 1716 1225 dabit
1738 1184 1830 1225 ac—

241 1263 514 1334 quiescere
554 1263 608 1318 in
652 1263 739 1317 te?
780 1262 913 1331 Quis
940 1262 1092 1319 dabit
1129 1262 1294 1329 mihi,
1326 1270 1387 1317 ut
1416 1262 1605 1317 venias
1644 1264 1698 1317 in
1734 1276 1830 1316 cor

242 1371 440 1422 meum,
469 1363 523 1411 et
555 1355 792 1410 inebries
823 1353 975 1422 illud,
1004 1362 1066 1411 ut
1107 1354 1399 1411 obliviscar
1425 1355 1566 1410 mala
1608 1368 1749 1420 mea,
1775 1360 1835 1410 et

241 1462 401 1500 unum
449 1446 647 1501 bonum
695 1460 876 1501 meum
913 1443 1213 1516 amplectar
1256 1445 1342 1501 te?
1385 1444 1523 1513 Quid
1566 1444 1698 1500 mihi
1738 1442 1833 1501 es?

243 1535 496 1592 Miserere
524 1545 585 1592 ut
614 1536 823 1609 loquar.
861 1535 1001 1605 Quid
1032 1536 1132 1592 tibi
1157 1552 1278 1592 sum
1307 1536 1454 1607 ipse,
1494 1543 1553 1592 ut
1578 1536 1750 1592 amari
1779 1542 1834 1591 te

234 1625 427 1695 iubeas
449 1641 480 1680 a
506 1642 613 1691 me,
642 1636 698 1683 et
728 1627 833 1683 nisi
862 1626 1079 1694 faciam,
1122 1627 1378 1684 irasceris
1402 1627 1557 1693 milii,
1583 1634 1639 1683 et
1660 1625 1834 1681 mina-

242 1719 315 1771 ris
346 1717 590 1789 ingentes
622 1718 911 1775 miserias?
946 1716 1194 1775 Parvane
1230 1719 1346 1789 ipsa
1381 1726 1466 1774 est
1502 1717 1752 1783 miseria,
1785 1717 1832 1773 si

243 1824 344 1863 non
374 1825 548 1867 amem
576 1810 662 1864 te?
692 1808 792 1867 Hei
821 1810 985 1866 mihi!
1030 1811 1127 1867 Dic
1162 1811 1294 1867 mihi
1324 1826 1423 1883 per
1456 1812 1833 1869 miserationes

1927 635 2073 682 tuam
2119 626 2247 681 totis
2284 623 2600 696 praecordiis
2641 622 2798 686 meis,
2832 630 2892 676 ut
2934 637 3095 675 eruas
3138 636 3221 673 me
3264 618 3331 672 ab
3373 616 3522 671 omni

1926 720 2225 775 tentatione
2254 733 2425 788 usque
2454 717 2505 771 in
2535 715 2716 778 finem,
2742 722 2795 769 et
2826 713 3004 768 omnia
3040 721 3261 783 peccata
3289 708 3521 764 delecta-

1927 811 2134 866 tionum
2171 823 2415 864 mearum
2452 807 2717 863 malarum
2756 806 2997 861 dimittas
3030 805 3182 859 mihi.
3224 801 3365 856 Erue
3398 814 3519 866 me,

1926 902 2172 966 Domine,
2225 902 2291 956 de
2346 898 2739 955 imxnauissimo
2786 896 3048 968 profundo
3110 893 3522 972 delectationum

1926 994 2256 1066 iniquarum,
2290 1000 2344 1048 et
2374 991 2542 1046 libera
2596 1005 2682 1045 me
2717 996 3049 1060 qurerentem
3085 995 3134 1041 te
3168 994 3223 1041 ct
3251 984 3522 1041 sitientem

1927 1068 2314 1143 delectationes
2340 1091 2463 1138 tuas
2490 1101 2502 1135 :
2533 1090 2589 1136 et
2615 1082 2758 1137 dicat
2787 1081 2881 1135 tibi
2907 1095 3003 1134 cor
3035 1093 3214 1134 meum
3245 1097 3257 1131 :
3295 1075 3525 1143 Ωιιωεὶιή

1927 1174 2128 1231 uultum
2160 1183 2329 1238 tuum,-
2357 1171 2556 1227 vultum
2588 1179 2757 1235 tuum,
2784 1170 3025 1235 Domine,
3055 1168 3317 1239 requiram
3350 1164 3522 1237 (Paul.

1928 1282 2076 1333 xxvr,
2104 1264 2182 1339 8).
2216 1263 2351 1321 Nam
2374 1263 2530 1335 longe
2556 1280 2587 1319 a
2611 1262 2762 1317 vultu
2795 1272 2886 1317 tuo
2911 1262 2963 1316 in
2991 1260 3187 1317 affectu
3214 1260 3524 1324 tenebroso,

1929 1374 2035 1416 non
2066 1357 2297 1430 pedibus
2318 1363 2411 1412 aut
2436 1355 2625 1426 spatiis
2655 1356 2893 1410 locorum
2926 1355 3034 1409 itur
3066 1354 3165 1409 abs
3200 1361 3273 1418 te,
3310 1360 3404 1407 aut
3437 1365 3527 1407 re-

1930 1449 2077 1513 ditu;
2115 1448 2183 1502 ad
2214 1456 2305 1515 te;
2353 1454 2447 1501 aut
2476 1462 2602 1502 vero
2639 1446 2805 1501 Filius
2841 1453 2964 1500 tuus
3008 1444 3098 1500 ille
3128 1444 3307 1499 minor
3330 1456 3524 1513 equos,

1930 1541 2016 1597 vel
2046 1556 2259 1605 currus,
2297 1539 2380 1593 vri
2417 1553 2582 1594 naves
2624 1537 2891 1607 qumsivit,
2939 1545 3033 1591 aut
3074 1535 3305 1590 avolavit
3349 1549 3523 1604 penna

1931 1631 2153 1698 visibili,
2199 1638 2291 1687 aut
2331 1640 2478 1686 moto
2510 1627 2711 1700 poplite
2739 1630 2841 1683 iter
2876 1627 3003 1697 egit,
3045 1635 3104 1682 ut
3143 1626 3198 1681 in
3234 1626 3524 1695 longinqua

1906 1723 2154 1795 regione
2186 1723 2375 1777 vivens
2409 1720 2515 1791 50
2550 1720 2772 1791 prodige
2807 1719 3093 1788 dissiparet
3126 1715 3269 1787 quod
3300 1715 3526 1771 dederas

1933 1811 2318 1885 proficiscenti,
2357 1811 2529 1868 dulcis
2558 1809 2739 1874 Pater,
2777 1816 2833 1864 et
2860 1824 3028 1879 regno
3054 1806 3186 1881 [Al.,
3215 1804 3409 1878 egeno]
3438 1821 3529 1861 re-

242 1910 376 1963 tnas,
410 1901 636 1959 Domine
665 1901 830 1967 Deus,
861 1902 991 1972 quid
1021 1902 1098 1959 sis
1127 1902 1281 1958 mibi.
1313 1902 1409 1957 Dic
1436 1904 1629 1958 anima:
1655 1918 1784 1958 mete
1810 1915 1829 1954 :
1864 1895 1908 1953 Β
1937 1905 2120 1961 deunti
2152 1904 2381 1961 dulcior.
2428 1901 2488 1958 In
2531 1900 2726 1957 affectu
2771 1916 2901 1972 ergo
2949 1900 3234 1955 libidinoso
3273 1905 3329 1953 et
3374 1906 3528 1952 tene-

242 1991 399 2047 Salus
430 2002 523 2046 tua
564 2009 658 2064 ego
689 2010 807 2048 sum
837 1990 1009 2065 (l’sal.
1060 2008 1246 2060 XXtW.
1286 1994 1378 2065 5);
1408 1993 1505 2049 sed
1539 1993 1626 2048 dic
1653 2001 1713 2049 ιιι
1740 2009 1835 2048 all-
1933 1998 2118 2064 broso,
2158 2005 2216 2051 ut
2257 1993 2375 2070 [F.,
2404 1993 2533 2067 itur]
2565 1994 2722 2065 longe
2761 2010 2793 2049 a
2824 1992 2973 2047 vultu
3003 2000 3113 2046 tuo.
3164 1991 3343 2046 Bonus
3382 1989 3527 2044 enim

240 2085 403 2140 diam-
435 2084 576 2140 Ecce
606 2098 767 2141 aures
794 2084 978 2141 cordis
1002 2086 1108 2141 mei
1145 2093 1273 2141 ante
1303 2091 1375 2150 ω,
1403 2083 1653 2150 Domine.
1684 2082 1835 2157 aperi
1934 2105 2015 2156 es,
2065 2088 2323 2152 Domine,
2368 2086 2495 2157 quia
2546 2094 2601 2140 tu
2647 2101 2707 2140 es
2749 2085 2950 2140 bonum
2992 2091 3257 2138 nostrum.
3304 2079 3527 2136 Peccavi

241 2191 353 2235 eas.
385 2186 441 2232 et
467 2174 554 2232 die
580 2176 775 2233 animm
802 2191 935 2232 mea:
962 2195 973 2230 :
1006 2175 1168 2232 Salus
1196 2185 1288 2231 tua
1317 2192 1410 2246 ego
1437 2192 1574 2231 sum.
1605 2174 1835 2255 Curram

1937 2185 2082 2255 quod
2105 2198 2211 2239 non
2240 2184 2294 2237 in
2324 2192 2399 2247 te,
2428 2181 2521 2237 sed
2546 2180 2599 2234 in
2628 2180 2893 2235 creaturis
2919 2178 3025 2233 tuis
3048 2176 3354 2247 voluptates
3379 2188 3529 2229 meas

241 2278 362 2342 post
388 2284 573 2326 vocem
605 2270 768 2335 hanc,
815 2277 870 2326 et
895 2268 1297 2342 apprehendam
1326 2278 1396 2325 te.
1443 2268 1564 2325 Noli
1606 2269 1837 2326 abscon-

244 2361 367 2416 dere
401 2375 432 2414 a
461 2375 548 2415 me
591 2358 787 2417 faciem
831 2368 979 2415 tuam
1012 2375 1083 2415 ne
1116 2360 1342 2426 moriar,
1386 2361 1481 2417 sed
1509 2360 1595 2416 fac
1627 2371 1687 2417 ut
1715 2376 1835 2417 eam

245 2454 474 2509 videam.
508 2452 753 2526 Angusta
779 2462 864 2511 est
886 2455 1079 2511 domus
1103 2455 1297 2510 anima:
1335 2470 1491 2522 mete,
1517 2470 1625 2525 quo
1652 2456 1839 2511 venias

241 2545 308 2599 aJ
342 2559 484 2609 eam,
515 2544 770 2601 dilatetur
796 2560 825 2598 a
854 2554 907 2601 te
938 2563 951 2599 :
984 2547 1202 2602 ruinosa
1228 2553 1331 2611 est,
1362 2545 1522 2602 retice
1546 2561 1687 2602 eam.
1729 2546 1839 2601 Ha-

241 2634 333 2689 bet
370 2635 742 2691 immunditias
780 2644 1125 2707 peccatorum
1164 2636 1380 2704 multas,
1411 2653 1532 2709 quas
1567 2637 1842 2695 otl'endant

240 2729 425 2785 oculos
462 2738 583 2784 tuos
612 2747 626 2784 :
660 2729 837 2786 fateor
859 2738 917 2786 et
943 2732 1075 2788 scio.
1106 2730 1214 2787 Sed
1240 2732 1361 2802 quis
1391 2732 1531 2788 alius
1560 2732 1843 2788 mundabit

238 2834 383 2885 eam,
411 2827 504 2873 aut
529 2821 617 2874 cui
644 2820 733 2875 alii
757 2828 957 2893 praeter
976 2828 1030 2876 te
1056 2820 1365 2877 acclamans
1391 2823 1569 2878 dicam
1595 2840 1609 2878 ;
1644 2822 1722 2877 Ab
1754 2839 1836 2878 occ

238 2909 396 2965 cultis
440 2912 567 2965 meis
608 2913 809 2966 arundo
847 2929 947 2978 me,
992 2912 1238 2979 Domine,
1283 2915 1421 2969 etab
1464 2914 1651 2971 alienis
1684 2931 1843 2987 parce

237 3018 386 3057 servo
427 3010 519 3056 tuo
560 2999 738 3073 (Paul.
777 3019 935 3067 xvm,
979 3003 1118 3078 15)?
1158 3004 1346 3063 Nonne
1389 3006 1488 3062 tibi
1528 3006 1844 3078 prolocutus

238 3108 360 3149 sum
402 3092 689 3149 adversum
734 3109 823 3150 me
861 3094 1056 3151 delicta
1098 3110 1237 3161 mea,
1283 3096 1424 3153 Deus
1458 3098 1646 3155 meus?
1679 3097 1747 3153 Et
1783 3106 1842 3154 tu

239 3184 475 3249 dimitte,
506 3185 755 3250 obsecro,
782 3187 1116 3258 impietatem
1141 3191 1319 3246 cordis
1346 3191 1471 3246 mei.
1502 3190 1616 3245 Non
1635 3189 1841 3263 judicio

239 3277 511 3332 contendo
547 3285 746 3344 tecum,
777 3279 904 3349 quia
928 3281 1129 3336 veritas
1154 3297 1241 3349 es;
1280 3291 1336 3338 et
1369 3298 1471 3356 ego
1501 3285 1625 3339 nolo
1654 3284 1841 3343 fallere

241 3373 507 3443 meipsum
550 3387 619 3428 ne
645 3374 938 3430 mentiatur
962 3375 1221 3446 iniquitas
1267 3392 1385 3431 mea
1428 3378 1551 3433 sibi.
1596 3376 1712 3433 Non
1739 3394 1840 3449 ego

238 3460 439 3532 judicio
468 3464 737 3521 contendo
773 3474 986 3535 tecum,
1023 3468 1151 3539 quia
1184 3470 1230 3523 si
1266 3469 1566 3541 iniquitates
1601 3470 1843 3525 observa-

244 3556 392 3619 veris,
418 3556 664 3626 Domine,
706 3558 953 3625 Domine,
992 3561 1110 3631 quis
1135 3561 1410 3615 sustinebit
1438 3560 1612 3633 (Paul.
1649 3577 1834 3626 cutx,

241 3648 337 3714 3)?
360 3647 455 3704 Dic
486 3649 619 3705 mihi
653 3651 900 3721 supplici,
934 3651 1079 3707 Deus
1120 3653 1452 3717 misericors,
1483 3653 1569 3708 die
1594 3654 1794 3709 misero
1824 3673 1837 3709 :

242 3737 407 3792 Salus
430 3747 523 3793 tua
551 3756 646 3811 ego
673 3756 817 3796 sum.
844 3741 1093 3809 Peccavi,
1124 3743 1350 3800 Domine
1379 3744 1520 3799 Deus
1549 3760 1721 3810 meus,
1752 3760 1844 3802 or-

240 3830 460 3887 dinator
483 3842 540 3888 et
576 3843 794 3890 creator
823 3851 1006 3891 rerum
1032 3837 1275 3893 omnium
1313 3837 1680 3903 naturalium;
1719 3854 1843 3910 pec—

242 3931 493 3977 catorum
551 3932 761 3980 tantum
822 3943 928 3982 non
973 3928 1253 3985 ordinator
1302 3945 1561 3999 unquam.
1617 3929 1843 3988 Domine

246 4013 391 4069 Deus
437 4031 607 4080 meus,
645 4019 866 4102 peccavi
902 4019 1150 4077 faciendo
1188 4030 1376 4077 contra
1410 4030 1681 4093 praecepta
1724 4032 1837 4077 tua.

245 4102 366 4160 Non
416 4105 559 4161 enim
606 4109 827 4165 meliora
873 4110 1080 4183 eligens
1123 4113 1439 4169 inobediens
1481 4115 1692 4181 exstiti;
1747 4115 1843 4169 sed

243 4211 433 4251 amore
460 4196 691 4255 faciendi
729 4201 1061 4258 voluntatem
1096 4204 1395 4276 prepriam,
1428 4215 1483 4260 et
1516 4206 1840 4277 adimplendi

239 4290 506 4359 superbas
534 4291 813 4349 victorias.
863 4293 1057 4351 Libera
1088 4311 1197 4361 me,
1243 4295 1490 4363 Domine,
1530 4294 1647 4366 jam
1689 4298 1845 4353 invo—

237 4391 457 4437 cantem
485 4391 558 4439 te.
584 4384 779 4441 Libera
801 4387 965 4442 etiam
989 4403 1082 4443 eos
1102 4388 1193 4459 qui
1224 4388 1460 4443 nondum
1486 4400 1538 4444 te
1569 4387 1838 4455 invocant,

240 4479 303 4527 ut
336 4472 590 4529 invocent
625 4483 677 4531 te
712 4484 767 4531 et
813 4478 1011 4535 liberes
1050 4495 1165 4534 eos.
1207 4477 1446 4535 Obsecro
1482 4488 1567 4546 te,
1616 4480 1842 4537 Domine

238 4563 391 4619 Deus
430 4579 602 4628 meus,
637 4576 698 4620 ut
725 4566 871 4623 intus
898 4569 950 4624 in
978 4570 1156 4624 anima
1193 4585 1311 4624 mea
1344 4571 1563 4634 clames,
1603 4570 1731 4642 quid
1770 4572 1842 4626 sit

1937 2275 2180 2341 dilatavi,
2206 2281 2263 2328 et
2284 2272 2406 2329 ideo
2436 2273 2569 2327 irrui
2594 2270 2648 2325 in
2675 2270 2909 2336 dolores,
2937 2266 3281 2324 confusioncs
3304 2274 3357 2322 et
3377 2279 3532 2321 erro—

1938 2383 2047 2425 res.
2072 2367 2154 2423 Tu
2183 2375 2385 2431 autem,
2412 2364 2661 2430 Domine,
2698 2363 2790 2434 qui
2824 2378 3038 2433 semper
3061 2378 3142 2426 es,
3177 2370 3232 2418 et
3275 2376 3381 2416 non
3412 2375 3532 2415 mu-

1940 2460 2094 2527 taris,
2120 2458 2215 2532 qui
2259 2473 2476 2528 semper
2504 2456 2658 2520 vivis,
2702 2463 2759 2510 et
2789 2454 2925 2509 nihil
2950 2453 3181 2510 moritur
3214 2452 3267 2506 in
3308 2461 3360 2507 te
3392 2467 3405 2503 :
3444 2449 3534 2506 dic

1939 2551 2073 2609 mihi
2105 2550 2306 2624 misero
2332 2562 2491 2605 servo
2527 2555 2619 2601 tuo
2653 2563 2668 2600 :
2702 2544 2862 2602 Salus
2898 2555 2989 2599 tua
3013 2560 3107 2616 ego
3142 2561 3280 2598 sum.
3313 2541 3534 2598 Gratias

1942 2645 2057 2712 tibi,
2101 2642 2328 2700 dulcedo
2368 2655 2512 2706 mea,
2554 2645 2609 2695 et
2637 2639 2814 2694 honor
2848 2652 3022 2703 meus,
3055 2643 3112 2692 et.
3154 2635 3349 2691 fiducia
3387 2649 3531 2699 mea,

1940 2737 2083 2793 Deus
2109 2750 2262 2791 meus
2290 2752 2305 2788 :
2337 2732 2541 2806 gratias
2566 2730 2663 2786 tibi
2692 2729 2759 2785 de
2794 2729 3064 2785 universis
3095 2728 3252 2784 donis
3281 2726 3389 2782 tuis
3410 2740 3534 2796 quae

1940 2823 2169 2900 largitus
2211 2841 2271 2882 es
2318 2825 2485 2891 mihi;
2533 2824 2627 2879 sed
2658 2831 2716 2878 tu
2752 2823 2883 2877 mihi
2918 2837 2981 2878 ea
3028 2836 3183 2877 serva
3223 2839 3235 2874 :
3277 2818 3350 2874 ita
3386 2819 3533 2875 enim

1942 2921 2187 2979 servabis
2218 2933 2328 2987 me,
2356 2927 2410 2974 et
2437 2916 2777 2989 augebantur
2807 2921 2864 2969 et
2901 2914 3253 2985 perlicientur
3280 2927 3402 2983 quae
3442 2911 3535 2967 de-

1941 3014 2068 3070 disti
2096 3010 2251 3077 mihi,
2275 3019 2330 3067 et
2355 3025 2458 3065 ero
2482 3009 2595 3080 ipse
2619 3016 2824 3074 tecum,
2848 3006 2894 3062 si
2928 3013 2985 3061 tu
3014 3003 3316 3060 servaveris
3344 3018 3454 3069 me,
3479 3012 3538 3058 et

1943 3105 2083 3160 dona
2120 3115 2211 3159 tua
2254 3118 2378 3174 quae
2402 3099 2596 3157 dedisti
2633 3098 2798 3163 mibi,
2830 3097 2955 3170 quia
2990 3095 3090 3170 [et]
3126 3104 3187 3151 ut
3219 3094 3324 3151 sim
3355 3102 3410 3150 tu
3436 3094 3536 3150 de-

1943 3200 2072 3258 disti
2102 3200 2254 3265 mihi,
2285 3198 2379 3270 qui
2409 3196 2549 3253 viris
2578 3203 2634 3253 et
2655 3211 2849 3268 regnas
2880 3195 2933 3251 in
2960 3193 3158 3251 saecula
3189 3191 3534 3250 saculorum.

1868 3257 1913 3320 Ο
1943 3257 2137 3349 Amen.

2665 3380 2839 3444 Xlll.

2411 3482 2635 3546 Oratio
2672 3480 2755 3543 ad
2790 3497 3054 3543 crucem.

2014 3614 2262 3679 Christe,
2294 3612 2386 3683 qui
2418 3627 2515 3684 pro
2544 3609 2699 3667 nobis
2721 3608 2901 3665 crucis
2928 3616 2984 3664 et
3013 3606 3202 3663 mortis
3235 3601 3536 3676 patibulum

1944 3709 2182 3772 subiisti,
2209 3717 2271 3763 ut
2300 3704 2491 3761 mortis
2526 3721 2558 3760 a
2587 3703 2745 3759 nobis
2773 3701 3072 3772 expelleres
3104 3706 3453 3771 potestatem,
3478 3706 3537 3756 et

1944 3803 2222 3875 sanguinis
2262 3800 2337 3856 tui
2381 3814 2481 3855 nos
2513 3796 2688 3867 pretio
2731 3794 3028 3860 liberares,
3073 3793 3334 3850 miserere
3390 3791 3534 3858 mei,

1942 3897 2037 3969 qui
2071 3910 2191 3951 sum
2229 3891 2562 3948 humillimus
2600 3904 2787 3944 servus
2833 3894 2992 3953 tuus,
3048 3894 3103 3941 et
3148 3884 3361 3942 veniam
3400 3882 3537 3940 mibi

1942 3989 2187 4045 omnium
2222 3999 2465 4041 meorum
2507 3982 2685 4037 tribue
2721 3988 3089 4052 peccatorum,
3126 3992 3321 4048 meque
3350 3990 3535 4031 coram

1944 4080 2217 4138 adoranda
2263 4092 2424 4133 cruce
2469 4083 2559 4130 tua
2604 4081 2934 4145 prostratum
2978 4072 3046 4127 ab
3086 4070 3338 4126 omnibus
3380 4066 3537 4123 malis

1944 4174 2113 4245 eripe,
2143 4172 2301 4227 bonis
2330 4170 2439 4225 tuis
2470 4166 2893 4224 misericorditer
2921 4164 3102 4221 refice.

2568 4282 2689 4336 Alia
2723 4282 2909 4337 oratio.

2013 4405 2241 4463 Domine
2275 4401 2402 4460 Iesu
2433 4402 2667 4468 Christe,
2697 4401 2789 4472 qui
2820 4416 2899 4466 es,
2928 4408 2983 4455 et
3008 4399 3098 4469 qui
3129 4414 3254 4454 eras
3277 4413 3400 4453 cum
3424 4395 3533 4453 Pa-

1943 4509 2026 4557 tre
2061 4508 2189 4555 ante
2219 4497 2415 4571 saecula
2451 4495 2686 4565 genitus,
2725 4494 2868 4549 Deus
2896 4508 2964 4549 ex
2999 4491 3111 4547 Deo
3146 4505 3298 4555 vero,
3337 4503 3537 4547 conoe-

1943 4599 2066 4662 ptus
2090 4606 2157 4645 ex
2196 4588 2401 4660 Spiritu
2431 4593 2638 4652 sancto,
2672 4592 2726 4640 et
2754 4591 2913 4639 natus
2943 4583 3104 4637 homo
3138 4581 3193 4637 iu
3224 4582 3329 4638 fine
3358 4596 3534 4637 stecu-

240 4672 434 4749 arnare
458 4665 530 4721 te,
559 4665 617 4712 et
641 4674 741 4729 ego
765 4659 995 4725 audiam,
1034 4672 1091 4717 et
1125 4664 1327 4719 veritas
1365 4673 1454 4719 tua
1482 4665 1627 4719 dicat
1656 4664 1788 4720 mihi
1819 4684 1831 4719 :
1871 4640 1920 4700 θ
1943 4640 2119 4738 {orum
2144 4680 2212 4736 de
2239 4640 2410 4734 ἱίςηιὶλ
2446 4677 2655 4749 virgine
2687 4689 2932 4744 semper;
2971 4673 3062 4744 qui
3091 4674 3347 4729 obediens
3380 4673 3533 4736 Patri

242 4746 409 4803 Salus
439 4758 530 4802 tua
563 4766 656 4821 ego
690 4768 840 4818 sum;
886 4760 944 4807 et
986 4756 1382 4812 consolationes
1423 4766 1527 4812 tua)
1562 4757 1837 4813 ltetiﬁcent

242 4841 483 4895 animam
517 4858 712 4897 meam.
752 4842 867 4899 Non
892 4844 1127 4901 clament
1148 4849 1407 4904 adversus
1433 4865 1520 4903 me
1552 4850 1719 4919 iniqui
1743 4865 1838 4919 ap-

241 4934 448 5005 petitus
482 4934 609 4999 mei,
654 4951 756 4991 nec
792 4935 1017 4993 timeant
1047 4940 1187 5009 quod
1228 4939 1520 4995 timendum
1561 4956 1666 4995 non
1703 4948 1786 4995 est
1821 4959 1833 4996 :

241 5024 343 5080 sed
375 5024 635 5080 confitear
667 5026 785 5091 tibi,
824 5027 965 5084 Deus
1002 5044 1174 5095 meus,
1204 5038 1259 5085 ct
1292 5031 1631 5100 acquiescam
1671 5032 1722 5084 in
1757 5046 1841 5085 re-

241 5115 661 5186 prebeusionem
698 5117 964 5173 malarum
993 5120 1204 5174 viarum
1236 5137 1498 5186 mearum,
1530 5129 1589 5176 ut
1621 5122 1839 5194 diligam

243 5209 420 5263 bonas
458 5208 572 5264 vias
608 5218 727 5265 tuas
768 5228 779 5264 :
831 5210 1032 5266 fluxum
1080 5213 1393 5267 vitiositatis
1441 5230 1574 5270 mea:
1616 5216 1842 5269 restrin-

242 5306 381 5370 gant
430 5299 572 5371 leges
612 5310 666 5356 et
703 5302 1079 5360 miserationes
1113 5314 1239 5371 ture,
1275 5306 1517 5362 Domine.
1555 5308 1717 5363 illisce
1753 5323 1840 5363 sa—

242 5388 435 5445 lubres
464 5391 873 5460 amaritudiues,
912 5406 1229 5452 revocantes
1263 5414 1362 5454 nos
1394 5399 1461 5453 ad
1498 5406 1551 5454 te
1585 5414 1616 5453 a
1646 5397 1842 5467 jucun-

241 5481 420 5536 ditate
457 5482 737 5552 pestifera,
780 5499 888 5555 qua
917 5489 1243 5545 recessimus
1282 5506 1311 5545 a
1351 5498 1422 5544 te.
1462 5490 1699 5555 Exaudi,
1738 5488 1841 5545 Do-

242 5570 420 5633 mine,
464 5572 897 5644 deprecationem
934 5592 1131 5643 meam,
1163 5594 1230 5633 ne
1255 5580 1472 5635 deficiat
1506 5582 1684 5635 anima
1720 5596 1839 5635 mea

240 5664 352 5719 Sub
378 5662 659 5735 disdplina
690 5674 779 5721 tua
806 5685 820 5721 ε
855 5684 1032 5740 neque
1053 5671 1298 5727 deﬁciam
1332 5673 1384 5727 in
1411 5655 1840 5730 confitendo'mi-

241 5756 555 5813 serationes
589 5767 729 5825 tuas,
761 5761 959 5832 quibus
994 5780 1155 5821 eruas
1192 5782 1275 5821 me
1316 5768 1384 5822 ab
1417 5768 1668 5822 omnibus
1697 5767 1843 5822 vitiis

246 5850 391 5906 meis
434 5852 703 5921 pessimis,
753 5862 811 5911 ut
854 5856 1131 5915 dulcescas
1175 5861 1303 5916 milii
1341 5876 1504 5933 super
1536 5874 1724 5917 omnes
1758 5876 1841 5918 se-

1941 4789 2111 4844 usque
2151 4772 2217 4827 ad
2261 4778 2517 4832 mortem,
2553 4777 2782 4823 mortem
2811 4776 2992 4822 autem
3030 4766 3240 4831 crucis,
3286 4766 3530 4840 liberasti

1943 4881 2042 4920 nos
2065 4873 2155 4921 tuo
2178 4850 2365 4918 saneto
2386 4871 2440 4917 et
2471 4860 2709 4931 pretioso
2735 4859 3017 4929 sanguine,
3041 4859 3315 4914 destructo
3340 4860 3534 4916 mortis

1944 4956 2192 5026 imperio,
2230 4953 2482 5008 omnibus
2517 4952 2569 5006 in
2610 4958 2660 5006 te
2696 4951 3037 5006 credentibus
3079 4949 3313 5006 cmlestis
3349 4950 3533 5021 gloria:

1945 5048 2149 5103 aditum
2177 5044 2428 5100 rescrasti
2459 5061 2470 5097 :
2506 5051 2557 5098 te
2588 5042 2758 5098 Deum
2783 5058 2971 5098 verum
2992 5083 3006 5109 ,
3034 5051 3090 5098 et
3118 5041 3402 5099 Dominum
3434 5061 3534 5101 no-

1945 5148 2114 5194 strum
2153 5136 2467 5207 suppliciter
2500 5149 2685 5200 exoro,
2724 5134 2999 5190 sedentem
3031 5134 3098 5190 ad
3127 5133 3402 5190 dexteram
3432 5135 3530 5192 Dei

1947 5230 2123 5284 Patris
2154 5227 2569 5296 omnipotentis;
2599 5224 2936 5294 deprecando
2966 5224 3229 5279 infinitam
3260 5234 3314 5280 et
3342 5226 3530 5283 ineffa-

1945 5325 2104 5380 bilem
2130 5322 2554 5379 misericordiam
2581 5332 2747 5387 tuam,
2778 5328 2839 5376 ut
2860 5336 2959 5392 per
2980 5322 3231 5377 virtutem
3257 5322 3417 5393 hujus
3442 5341 3531 5382 sa-

1944 5416 2134 5471 lutaris
2162 5415 2297 5486 signi
2326 5413 2505 5471 crucis
2530 5423 2584 5467 et
2610 5414 2994 5484 redemptionis
3026 5422 3151 5480 tuas,
3176 5416 3411 5472 redimas
3439 5432 3527 5474 me

1945 5509 2223 5572 miserum,
2251 5515 2306 5561 et
2338 5506 2555 5576 dignum
2592 5513 2765 5561 morte
2799 5516 3137 5575 peccatorem
3173 5508 3240 5563 ab
3278 5510 3530 5567 onmibus

1941 5600 2256 5655 criminibus
2281 5606 2338 5654 et
2375 5597 2701 5653 facinoribus
2728 5599 2881 5664 meis,
2915 5610 2970 5654 et
2998 5599 3166 5655 libera
3193 5615 3279 5655 me
3306 5602 3373 5655 ab
3409 5616 3526 5657 om.

1941 5693 2100 5747 nibus
2145 5690 2299 5746 malis
2342 5689 2651 5760 praeteritis.
2698 5691 3057 5759 praesentibus
3104 5699 3158 5746 et
3205 5689 3420 5755 futuris,
3468 5699 3528 5748 et

1941 5783 2205 5839 Inortiﬁca
2239 5783 2290 5836 in
2319 5797 2404 5837 me
2427 5782 2609 5838 omnia
2641 5782 2769 5836 vitia
2798 5783 3116 5853 spiritalium
3145 5793 3199 5839 ct
3228 5785 3522 5841 carnalium

1942 5878 2323 5950 ncquitiarum,
2368 5887 2421 5934 et
2463 5876 2545 5933 fac
2593 5892 2677 5933 me
2713 5893 2992 5950 resurgere
3024 5890 3197 5937 tecum
3234 5880 3285 5935 in
3325 5881 3525 5938 virtute
