4122 6558
535 378 642 438 507

1379 371 1440 425 Β.
1477 369 1538 425 F.
1581 364 1808 423 ALBINI
1848 359 1978 417 SEU
2015 351 2294 412 ALCUINI
2333 347 2616 408 OPERUM
2652 345 2834 404 PAIiS
2872 346 2959 402 IV.

3711 333 3829 394 508

538 495 724 567 glori-.e
751 504 872 559 tuac,
904 502 958 548 et
982 507 1098 562 quae
1121 503 1332 544 sursum
1365 493 1511 549 sunt,
1545 482 1783 540 co-lestia
1821 475 2132 534 desiderare
2163 473 2204 526 Α
2237 463 2521 535 caliginem
2558 473 2651 566 tua
2688 479 2786 518 nos
2821 467 3066 567 protegat
3092 459 3315 567 dextera
3338 497 3352 521 ,
3383 465 3440 567 ut
3470 452 3692 560 inducis
3727 468 3832 508 au-

535 601 592 646 et
617 604 882 660 qumrerc,
910 595 964 641 et
991 585 1056 640 ad
1083 594 1296 639 :ctcrmn
1330 578 1679 635 beatitudinis
1704 575 1928 647 gloriam
1954 571 2126 627 felici-

539 688 624 736 ter
669 678 983 750 pervenire,
1039 682 1326 745 praestante
1375 678 1465 726 tua
1512 671 1773 725 immensa
1821 665 2126 730 cletuentia,

537 770 768 826 Domine
801 769 926 826 Jesu
958 767 1174 824 Christe
1207 765 1370 829 Deus,
1406 771 1460 818 et
1498 760 1758 817 Dominus
1791 765 1996 823 noster,
2038 754 2134 827 qui

542 877 667 917 cum
699 860 807 916 Deo
838 859 998 916 Patre
1023 867 1076 914 et
1103 857 1305 929 Spiritu
1339 861 1528 911 sancto
1563 854 1616 910 in
1654 853 1858 907 unitate
1885 849 2136 906 essentia:

543 952 763 1010 deitatis
795 954 976 1008 omnia
1011 948 1246 1006 creando
1273 949 1438 1019 regis,
1461 945 1722 1008 viviﬁcas,
1756 951 1810 998 et
1842 944 2130 1014 gubernas,

542 1058 641 1123 per
664 1044 992 1102 inmortalia
1022 1041 1214 1099 sarcula
1243 1040 1582 1097 sznculorum.
1613 1037 1806 1093 Amen.

1271 1154 1444 1217 XIV.

667 1260 882 1322 Prima
913 1260 1071 1322 hora
1101 1260 1213 1321 hac
1252 1256 1534 1319 oratione
1571 1252 1876 1317 orandum
1902 1257 2013 1314 cst.

621 1403 647 1432 ι
687 1388 912 1444 Domine
950 1387 1115 1454 Deus,
1151 1385 1242 1457 qui
1272 1385 1340 1440 ad
1368 1381 1691 1456 principium
1723 1377 1885 1449 hujus
1906 1376 2012 1432 diei
2041 1390 2140 1432 nos

547 1483 833 1555 pervenire
862 1481 1058 1545 fecisti,
1089 1487 1177 1534 tua
1203 1494 1302 1534 nos
1327 1493 1483 1534 serva
1512 1475 1734 1538 virtute,
1758 1480 1816 1528 ut
1842 1470 1897 1526 in
1923 1469 2008 1526 die
2040 1469 2142 1525 hac

549 1573 618 1629 ad
667 1573 872 1629 nullum
913 1572 1244 1628 declinemus
1287 1576 1568 1640 peccatum
1615 1583 1627 1621 :
1675 1565 1770 1622 sed
1814 1577 2030 1632 semper
2075 1558 2144 1614 ad

552 1676 698 1722 tuam
717 1665 982 1738 justitiam
1014 1665 1317 1722 faciendam
1359 1670 1546 1719 nostra
1581 1657 1879 1732 procedant
1905 1653 2141 1726 eloquia.

553 1758 658 1816 Per
685 1760 970 1817 Dominum
997 1766 1241 1814 nostrum
1263 1754 1446 1812 Jesum
1472 1753 1770 1812 Christum.

937 1872 1121 1930 Oratio
1151 1872 1220 1927 ad
1253 1869 1536 1926 secundum
1567 1868 1772 1923 horam.

628 1968 852 2025 Domine
880 1967 1024 2024 Deus
1045 1965 1406 2035 omnipotens,
1438 1963 1527 2033 qui
1565 1977 1666 2020 nos
1691 1961 1744 2019 in
1779 1960 1920 2015 hanc
1954 1957 2146 2010 horam

554 2061 847 2119 secundam
882 2068 1004 2130 post
1038 2069 1332 2115 nocturnas
1357 2055 1616 2128 caligines
1641 2052 1925 2128 pervenire
1949 2048 2145 2114 fecisti,

553 2171 812 2212 conserva
854 2169 953 2207 nos
989 2151 1149 2209 hodie
1182 2165 1279 2221 per
1307 2150 1549 2208 omnium
1589 2150 1848 2205 horarum
1891 2145 2064 2214 spatia
2093 2150 2149 2199 et

556 2254 827 2305 momenta
859 2245 1134 2318 temporis,
1166 2252 1222 2300 et
1258 2251 1518 2315 perpetua
1549 2257 1648 2300 nos
1680 2256 1895 2311 semper
1926 2237 2013 2293 fac
2042 2238 2146 2293 mi-

554 2343 851 2398 sericordia
892 2338 1026 2414 ML,
1061 2353 1159 2412 per
1194 2345 1407 2394 tuam...
1450 2329 2148 2404 misericordiam1perma-

557 2450 686 2491 nere
713 2435 925 2498 illwsos,
949 2449 1044 2506 per
1065 2432 1350 2489 Dominum
1374 2438 1620 2487 nostrum
1641 2424 1825 2484 Jesum
1846 2423 2145 2481 Christum.

1063 2545 1247 2605 Oratio
1279 2545 1349 2600 ad
1383 2545 1628 2600 Tertiam.

634 2661 854 2715 Domine
879 2659 1040 2726 Deus,
1065 2657 1190 2714 Jesu
1217 2657 1454 2724 Christe,
1481 2657 1575 2726 qui
1601 2657 1738 2712 hora
1767 2657 1929 2712 tertia
1952 2655 2059 2711 diei
2082 2655 2150 2710 ad

562 2752 740 2808 erucis
762 2767 976 2822 poenam
1006 2765 1106 2823 pro
1132 2749 1316 2806 mundi
1347 2750 1520 2805 salute
1540 2749 1736 2806 ductus
1763 2761 1842 2813 es,
1867 2754 1922 2804 te
1945 2745 2151 2817 suppli-

562 2847 699 2901 citer
722 2845 1080 2915 deprecamur
1109 2851 1169 2899 ut
1195 2851 1379 2899 nostra
1404 2842 1584 2900 deleas
1620 2850 1845 2913 peccata
1875 2857 1888 2895 :
1921 2847 1982 2895 ut
2003 2845 2058 2894 et
2081 2838 2152 2893 de

564 2937 851 3008 praeteritis
888 2935 1042 2991 malis
1069 2936 1273 2992 nostris
1307 2949 1522 3004 semper
1548 2933 1690 3004 apud
1731 2941 1785 2988 te
1819 2931 2154 2987 inveniamus

565 3028 806 3093 veniam,
853 3033 907 3083 et
945 3028 1012 3084 de
1051 3025 1248 3082 futuris
1279 3023 1479 3096 iugiter
1508 3025 1805 3082 habeamus
1831 3021 2149 3076 custodiam.

565 3122 666 3187 Qui
713 3121 850 3177 vivis
893 3129 947 3176 et
990 3133 1182 3192 regnas
1224 3133 1322 3189 per
1351 3117 1532 3172 omnia
1578 3115 1774 3172 saecula
1811 3112 2149 3170 saeculorum.

571 3213 761 3266 Amen.

1090 3301 1273 3359 Oratio
1308 3302 1378 3356 ad
1411 3301 1623 3359 Sextum
1636 3344 1649 3357 .

642 3396 866 3451 Domine
899 3395 1025 3452 Jesu
1054 3395 1286 3460 Christe,
1316 3396 1408 3467 qui
1434 3396 1560 3452 dum
1589 3394 1723 3450 hora
1755 3404 1906 3450 sexta
1940 3409 2038 3466 pro
2071 3408 2158 3448 re-

569 3487 877 3558 dempt'oue
919 3487 1104 3542 mundi
1149 3488 1202 3544 in
1231 3489 1408 3544 crucis
1444 3485 1732 3543 ascendisti
1775 3486 2004 3558 lignum,
2043 3483 2164 3539 ιιιιί-

568 3592 760 3632 versus
787 3578 1017 3633 mundus
1049 3578 1102 3632 in
1127 3578 1366 3633 tenebris
1401 3576 1535 3651 [At.,
1561 3576 1615 3632 in
1639 3573 1912 3648 tenebras]
1940 3589 2163 3630 convcr-

571 3685 667 3728 sus
701 3681 804 3733 est,
833 3669 978 3724 illam
1017 3669 1116 3741 51
1158 3671 1314 3726 nobis
1347 3669 1521 3726 lucem
1560 3668 1614 3724 in
1645 3669 1822 3723 anima
1855 3676 1910 3723 et
1935 3680 2163 3738 corpore

572 3771 760 3819 nostro
795 3778 1009 3832 semper
1043 3763 1248 3829 tribue,
1282 3777 1378 3834 per
1417 3775 1576 3833 quam
1615 3760 1683 3815 ad
1715 3769 1971 3815 aeternam
1995 3760 2162 3814 vitam

573 3856 860 3930 pervenire
894 3870 1220 3910 mereamur.
1257 3854 1507 3924 Quicum
1533 3852 1694 3908 Patre
1727 3858 1780 3907 et
1807 3850 2010 3922 Spiritu
2041 3867 2164 3906 san-

573 3961 664 4006 cto
695 3967 888 4023 regnas
917 3950 970 4004 in
1001 3959 1202 4006 acterna
1233 3948 1446 4006 saecula.

1082 4062 1265 4118 Oratio
1311 4061 1379 4116 ad
1428 4060 1481 4116 Ν
1485 4079 1659 4116 onam.

653 4154 882 4210 Domine
918 4153 1043 4210 Jesu
1060 4153 1298 4220 Christe,
1329 4153 1421 4224 qui
1448 4168 1590 4209 nona
1617 4153 1749 4208 hora
1779 4153 1832 4207 in
1863 4149 2041 4208 crucis
2065 4164 2162 4219 pa-

580 4247 752 4305 tibulo
786 4246 1136 4304 conﬁtentem
1171 4247 1438 4302 latronem
1487 4247 1629 4301 intra
1677 4245 1878 4300 moenia
1926 4241 2163 4313 paradisi

584 4345 822 4400 transire
844 4343 1056 4414 jussisti
1074 4384 1089 4408 ,
1121 4351 1176 4398 te
1206 4342 1520 4414 suppliciter
1549 4337 1892 4414 [conﬁtentes
1919 4333 2163 4409 peccata]

581 4439 943 4508 deprecamur
965 4476 979 4502 ,
1013 4445 1073 4490 ut
1111 4444 1232 4507 post
1261 4437 1466 4493 obitum
1503 4442 1748 4490 nostrum
1787 4431 2025 4504 paradisi
2063 4446 2163 4486 nos

583 4528 780 4598 gaudia
811 4527 1039 4583 introire
1069 4528 1364 4598 gaudentes
1391 4529 1674 4583 concedas.
1705 4523 1806 4592 Qui
1837 4524 1973 4580 vivis
1999 4531 2054 4579 et
2081 4535 2165 4578 rc-

589 4636 726 4692 gnas
755 4635 854 4691 per
881 4619 1060 4674 omnia
1089 4618 1286 4676 saecula
1315 4618 1655 4676 smculorum.
1683 4617 1878 4673 Amen.

1078 4731 1260 4790 Oratio
1296 4732 1363 4788 ad
1407 4730 1672 4805 Vesperas.

663 4826 880 4885 Gratias
918 4827 1014 4884 tibi
1053 4826 1291 4898 agimus,
1328 4825 1555 4882 Domine
1599 4823 1742 4881 Deus
1788 4823 2165 4896 omnipotens,

585 4921 680 4992 qui
720 4935 818 4975 nos
848 4935 944 4990 per
976 4917 1133 4987 hujus
1171 4918 1278 4974 diei
1313 4931 1535 4972 cursum
1580 4916 1633 4971 in
1685 4915 1825 4971 hanc
1859 4915 2050 4970 horam
2080 4928 2173 4968 ve-

589 5015 887 5087 spertinam
914 5013 1202 5086 pervenire
1232 5009 1500 5075 tribuisti,
1537 5016 1589 5064 te
1615 5008 1884 5078 supplices
1914 5008 2173 5077 depreca-

593 5126 739 5175 mur,
787 5117 849 5162 ut
895 5109 961 5162 ad
1007 5116 1059 5161 te
1101 5107 1336 5162 elevatio
1368 5118 1626 5159 manuum
1664 5111 1973 5158 nostrarum
2009 5098 2080 5152 sit
2118 5099 2172 5151 iu

595 5209 886 5272 conspectu
928 5207 1018 5253 tuo
1053 5196 1386 5268 aceeptahile
1425 5193 1750 5251 sacriﬁcium
1786 5191 2170 5263 vespertinum.

598 5292 704 5347 Per
734 5291 1019 5347 Dominum
1046 5299 1292 5344 nostrum
1320 5287 1509 5344 Jesum
1541 5287 1840 5343 Christum.

981 5403 1167 5460 Oratio
1205 5404 1347 5459 hora:
1380 5403 1702 5458 duodecima:
1743 5401 1790 5456 δ.
1882 5405 1888 5410 ’

671 5515 902 5575 Domine
941 5515 1112 5581 Deus,
1154 5514 1459 5572 dominator
1499 5517 1740 5571 omnium
1784 5523 1840 5569 et
1881 5521 2178 5585 protector,

2232 569 2359 610 rora
2389 556 2571 610 cuncti
2604 570 2889 625 surgamus
2917 551 3231 624 gaudentes.
3267 547 3366 602 Per
3395 547 3682 602 Dominum
3728 562 3834 598 no-

2232 654 2402 700 strum
2432 643 2615 702 Jesum
2645 643 2938 700 Christum.

2648 759 2834 814 Oratio
2875 758 2946 813 ad
2980 756 3411 828 Completorimn.

2307 852 2502 909 Pacem
2536 860 2684 906 tuam
2708 891 2722 916 ,
2755 850 2982 906 Domine
3001 890 3015 912 ,
3047 849 3115 903 da
3145 848 3303 903 nobis
3333 847 3398 903 de
3428 845 3563 902 calo
3588 887 3600 909 ,
3631 854 3688 898 ct
3725 861 3774 914 p-
3804 860 3833 897 κ

2236 954 2362 1009 tua,
2393 943 2640 1010 Christe,
2666 957 2882 1013 semper
2917 949 3136 996 maneat
3160 941 3214 996 in
3240 939 3543 996 visceribus
3585 939 3799 994 nostris
3818 979 3833 998 ,

2237 1045 2299 1090 ut
2322 1045 2430 1090 non
2460 1036 2751 1090 timeamus
2779 1050 2812 1088 a
2840 1033 3037 1090 timore
3067 1040 3352 1087 nocturno.
3852 1027 3858 1033 '

2961 1146 3096 1202 Alia.

2311 1239 2507 1296 Pacem
2539 1247 2688 1296 tuam
2710 1282 2725 1308 ,
2754 1239 2980 1295 Domine
2999 1281 3014 1305 ,
3047 1239 3113 1295 da
3145 1239 3302 1296 nobis
3329 1240 3394 1296 de
3425 1243 3561 1297 cado
3581 1283 3595 1304 ,
3628 1249 3682 1294 et
3727 1257 3835 1310 pas

2242 1343 2334 1388 tua
2355 1375 2372 1400 ,
2401 1333 2652 1399 Christe,
2684 1348 2900 1403 semper
2928 1343 3148 1389 maneat
3174 1334 3226 1389 in
3255 1334 3552 1391 visceribus
3585 1339 3802 1392 nostris
3822 1377 3840 1402 ,

2244 1435 2303 1481 ut
2331 1427 2667 1483 dormiamus
2693 1442 2817 1482 cum
2841 1441 2974 1496 pace
2995 1467 3011 1494 ,
3039 1435 3091 1481 et
3119 1427 3400 1498 vigilemus
3427 1443 3548 1483 cum
3575 1429 3804 1484 Christo
3823 1470 3839 1493 ,

2243 1517 2346 1584 Qui
2383 1534 2507 1575 cum
2546 1517 2710 1574 Patre
2745 1525 2801 1574 et
2839 1514 3043 1590 Spiritu
3083 1527 3270 1576 sancto
3311 1530 3498 1592 regnat
3533 1518 3585 1575 in
3623 1529 3836 1576 :ntcrua

2245 1613 2461 1670 smeula.

2555 1784 2776 1848 Oratio
2817 1792 2959 1847 ante
2993 1789 3502 1848 communionem.

2319 1904 2549 1961 Domine
2586 1903 2714 1963 Jesu
2752 1903 3002 1971 Christe,
3034 1906 3135 1962 Fili
3174 1907 3270 1964 Dei
3303 1908 3610 1978 unigenite,
3639 1911 3729 1980 qui
3761 1927 3822 1966 es

2247 2004 2303 2052 et
2329 1997 2421 2067 qui
2451 2011 2572 2053 eras
2600 2012 2724 2053 cum
2750 1996 2910 2053 Patre
2937 2007 2992 2054 et
3019 1999 3220 2070 Spiritu
3248 2011 3436 2058 sancto
3460 2003 3620 2057 unius
3642 2018 3830 2060 esseea

2250 2088 2337 2144 tia:
2369 2087 2551 2156 Deus;
2585 2091 2638 2146 in
2669 2105 2781 2162 quo
2806 2087 2919 2146 solo
2946 2097 3031 2146 est
3059 2106 3188 2147 vera
3213 2092 3456 2149 omnium
3483 2102 3839 2164 peccatorum

2250 2184 2531 2251 remissio,
2558 2193 2614 2239 et
2650 2200 2748 2256 per
2776 2200 2938 2259 quem
2970 2185 3076 2241 vita
3107 2195 3161 2242 et
3190 2187 3336 2242 salus
3362 2196 3652 2258 praestatur
3677 2196 3843 2244 mter-

2249 2291 2321 2332 na
2346 2291 2359 2330 :
2391 2278 2485 2348 qui
2514 2277 2864 2350 publicanum
2895 2279 3242 2335 conﬁtentem
3263 2287 3486 2350 peccata
3516 2294 3613 2336 sua
3631 2279 3842 2352 justiﬁ—

2251 2368 2422 2434 casti,
2453 2377 2509 2424 et
2533 2369 2897 2426 Chananmam
2929 2369 3188 2425 humilem
3216 2380 3269 2427 te
3297 2370 3638 2427 invocantem
3668 2385 3850 2428 exau-

2252 2460 2411 2528 disti,
2440 2469 2495 2516 et
2529 2461 2751 2518 Petrum
2789 2470 3077 2534 negantem
3115 2462 3435 2532 respexisti,
3459 2461 3676 2518 ﬂentem
3708 2479 3854 2533 quo-

2253 2570 2358 2626 que
2385 2570 2571 2613 amare
2599 2554 2849 2628 recepisti
2869 2595 2884 2620 ,
2912 2564 2968 2612 et
2990 2553 3187 2610 latroni
3215 2556 3266 2611 in
3295 2571 3452 2612 cruce
3479 2564 3531 2610 te
3555 2552 3853 2612 conﬁtenti

2253 2646 2466 2701 veniam
2497 2662 2620 2702 cum
2647 2646 2818 2719 gloria
2844 2645 3084 2717 paradisi
3115 2646 3348 2703 donasti.
3383 2646 3458 2702 Da
3488 2647 3620 2703 mihi
3648 2649 3852 2704 misere-

2253 2742 2393 2798 rimo
2427 2748 2485 2796 et
2519 2739 2891 2798 infelicissimo
2918 2741 3191 2810 peccatori
3213 2781 3228 2807 ,
3262 2755 3384 2797 cum
3414 2741 3609 2796 timore
3637 2749 3698 2797 ot
3729 2749 3847 2798 tro—

2253 2847 2408 2890 more
2445 2831 2727 2888 conﬁtenti
2761 2843 2985 2904 peccata
3022 2847 3175 2898 mea,
3217 2833 3426 2889 veniam
3461 2841 3518 2888 et
3555 2830 3850 2905 indulgen-

2257 2925 2388 2981 tiam
2425 2923 2691 2980 scelerum
2728 2939 3006 2991 meorum,
3047 2932 3107 2980 ut
3147 2924 3480 2981 sacmsancti
3508 2925 3854 2982 communio-

2257 3035 2383 3074 nem
2411 3019 2660 3090 corporis
2683 3026 2740 3075 et
2760 3019 3037 3089 sanguinis
3068 3023 3143 3074 tui
3172 3033 3279 3075 non
3307 3018 3377 3076 ad
3395 3019 3655 3090 judicium
3687 3020 3850 3078 dam-

2258 3111 2496 3167 nationis
2515 3153 2529 3179 ,
2562 3113 2655 3168 sed
2688 3112 2756 3167 ad
2785 3111 3081 3167 remedium
3113 3122 3388 3184 perpetua:
3418 3113 3550 3168 mihi
3579 3113 3852 3171 concedas

2181 3197 2228 3260 C
2260 3219 2379 3261 esse
2428 3205 2638 3262 salutis.
2691 3205 2795 3260 Per
2842 3204 3124 3260 Dominum
3172 3215 3416 3262 nostrum
3462 3205 3647 3263 Jcsum
3692 3207 3846 3264 Chri-

2261 3305 2427 3352 stum.
2461 3295 2654 3352 Amen.

2879 3388 3000 3442 Atia
3035 3389 3227 3442 oratio.

2331 3481 2558 3537 Domine
2583 3478 2710 3537 Jesu
2737 3480 2985 3548 Christe,
3017 3478 3116 3534 Fili
3149 3479 3244 3536 Dei
3273 3481 3412 3546 vivi,
3441 3480 3534 3551 qui
3560 3498 3626 3537 ex
3657 3481 3846 3537 volun-

2263 3582 2373 3630 tate
2402 3573 2615 3639 Patris,
2647 3581 2971 3644 cooperante
2998 3573 3202 3645 Spiritu
3233 3582 3455 3641 sancto,
3485 3591 3585 3645 per
3614 3583 3846 3631 mortem

2263 3676 2411 3724 tuam
2438 3667 2695 3724 mundum
2721 3663 3006 3723 viviﬁcasti
3023 3708 3036 3732 ,
3069 3667 3239 3722 libera
3265 3683 3350 3724 me
3375 3682 3474 3739 per
3504 3668 3606 3723 hoc
3629 3679 3848 3723 sacrum

2262 3778 2460 3834 corpus
2497 3768 2553 3817 ct
2585 3761 2904 3832 sanguinem
2943 3767 3092 3815 tuum
3131 3776 3159 3814 a
3200 3760 3410 3816 cunctis
3439 3759 3843 3830 iniquitatibus,

2262 3865 2317 3912 et
2341 3856 2524 3928 pravis
2550 3869 2614 3909 ac
2637 3853 2860 3926 perﬁdis
2884 3852 3295 3924 cogitationibus
3311 3893 3324 3917 ,
3355 3861 3413 3908 et
3437 3851 3698 3909 universis
3724 3866 3848 3907 ma-

2264 3948 2366 4013 lis;
2406 3955 2461 4003 et
2493 3945 2579 4002 fac
2617 3961 2705 4002 me
2741 3946 2852 4001 tuis
2887 3944 3106 4000 obedire
3138 3945 3458 4015 praceptis,
3496 3951 3550 3999 et
3596 3943 3851 4014 permitte

2265 4055 2351 4095 me
2384 4056 2414 4094 a
2453 4047 2505 4094 te
2535 4053 2812 4108 nunquam
2850 4036 2907 4092 in
2943 4043 3265 4108 perpetuum
3304 4033 3567 4108 separari.
3599 4034 3705 4090 Per
3739 4034 3848 4090 Do-

2264 4131 2490 4186 minum.

2657 4197 2842 4256 Oratio
2872 4209 2986 4271 post
3021 4199 3456 4254 communionem.

2335 4295 2562 4351 Domine
2605 4291 2732 4350 Jesu
2779 4292 3028 4360 Christe,
3076 4291 3177 4348 Fili
3224 4292 3317 4347 Dei
3367 4293 3508 4356 vivi,
3543 4301 3754 4350 creator
3789 4298 3842 4346 et

2267 4395 2605 4444 restaurator
2629 4387 2842 4459 generis
2867 4385 3087 4441 humani
3108 4426 3121 4448 ,
3147 4385 3241 4455 qui
3269 4401 3334 4441 ex
3362 4384 3638 4441 voluntate
3661 4381 3841 4440 aeterni

2266 4479 2467 4546 Patris,
2486 4485 2810 4549 cooperante
2835 4486 3025 4533 sancto
3047 4475 3272 4548 Spiritu,
3294 4484 3348 4530 et
3368 4490 3588 4531 carnem
3611 4485 3847 4532 nostram

2192 4565 2242 4628 Ι)
2269 4572 2544 4644 suscipere
2566 4613 2580 4637 ,
2611 4578 2667 4624 et
2694 4578 2922 4626 mortem
2950 4583 3048 4638 pro
3081 4568 3235 4624 nobis
3265 4568 3447 4624 subire
3473 4568 3726 4639 dignatus
3751 4581 3809 4621 es
3834 4583 3849 4631 ;

2272 4665 2363 4737 qui
2391 4663 2591 4734 iugiter
2623 4677 2722 4734 pro
2758 4668 2944 4717 nostra
2979 4658 3154 4716 salute
3199 4659 3498 4715 immolaris
3544 4669 3602 4715 et
3646 4664 3855 4731 integer

2272 4771 2558 4830 permanes
2587 4773 2598 4809 :
2634 4763 2686 4810 te
2718 4752 2958 4825 gloriﬁco
2993 4761 3048 4808 et
3088 4751 3459 4824 super-exalto,
3498 4752 3857 4811 clementissi-

2271 4865 2392 4916 me,
2427 4849 2683 4920 hymnum
2713 4845 2897 4918 glurite
2926 4846 3181 4910 concino,
3213 4845 3304 4915 qui
3335 4861 3421 4901 me
3451 4846 3706 4901 miserum
3736 4853 3860 4899 tan-

2274 4944 2343 4998 tis
2369 4941 2688 4998 criminibus
2731 4940 3031 5006 irretitum,
3066 4938 3117 4993 in
3149 4953 3374 4994 numero
3415 4952 3694 4994 servorum
3736 4945 3860 4994 tuo-

2275 5051 2394 5090 rum
2423 5034 2686 5090 advocare
2717 5034 2967 5105 dignatus
2994 5047 3053 5088 es
3071 5073 3086 5097 ,
3113 5041 3169 5087 et
3194 5033 3337 5087 sacri
3367 5033 3610 5103 corporis
3639 5046 3702 5087 ac
3725 5047 3860 5088 san—

2273 5128 2454 5198 guinis
2490 5127 2564 5181 tui
2602 5124 2921 5196 participem
2963 5123 3081 5180 ﬁeri
3124 5123 3398 5191 tribuisti,
3441 5138 3577 5195 rogo
3599 5130 3859 5181 aeternam

2277 5217 2704 5276 misericordiam
2751 5226 2938 5281 tuam,
2983 5214 3213 5272 Domine
3253 5214 3395 5272 Deus
3437 5229 3623 5280 meus,
3663 5223 3722 5269 ut
3762 5231 3862 5284 per

2280 5315 2421 5370 hanc
2447 5317 2907 5368 sacramentorum
2934 5317 3147 5365 tuorum
3175 5305 3573 5380 perceptionem
3601 5315 3655 5362 et
3677 5321 3708 5361 a
3733 5321 3864 5377 pec»

2279 5415 2528 5463 catorum
2559 5405 2810 5460 sordibus
2847 5416 2936 5458 me
2964 5402 3192 5458 mundes
3211 5443 3224 5466 ,
3253 5408 3306 5456 et
3336 5417 3366 5455 a
3399 5399 3542 5455 vitiis
3568 5398 3781 5455 cunctis
3807 5406 3866 5455 et

2282 5502 2492 5558 insidiis
2523 5499 2725 5556 inimici
2754 5497 3060 5562 custodias,
3094 5503 3147 5551 et
3174 5503 3323 5551 tuam
3352 5510 3438 5551 me
3469 5493 3650 5550 facere
3676 5493 3865 5549 volun-

597 5607 695 5684 qui
733 5607 997 5680 separasti
1032 5606 1207 5663 lucem
1241 5607 1309 5663 de
1343 5607 1613 5672 tenebris,
1655 5615 1707 5661 te
1741 5583 1969 5661 subnixo
2005 5603 2182 5673 prcci-
2280 5602 2448 5650 tatem
2477 5593 2700 5684 doceas.
2736 5596 2793 5643 et
2821 5588 2890 5684 ad
2917 5602 3166 5658 superna:
3205 5587 3394 5658 patriae
3433 5584 3628 5659 gaudia
3658 5583 3864 5657 perduc

603 5681 705 5759 bus
751 5715 1070 5766 exoramus,
1120 5708 1179 5754 ut
1226 5715 1324 5772 per
1371 5701 1511 5755 hanc
1557 5707 1961 5770 superventunc
2010 5695 2184 5751 noctis
2283 5701 2396 5744 cas.
2429 5684 2540 5742 Deo
2569 5683 2790 5755 gratias.
2821 5681 3012 5737 Amen.

681 5871 708 5902 ι
749 5855 1038 5929 Sequcntia
1066 5855 1333 5914 habentur
1356 5857 1514 5913 etiam
1541 5854 1593 5911 in
1622 5853 1798 5910 libello
1817 5849 1991 5908 Caroli
2016 5847 2180 5905 Calvi.

2359 5841 2385 5884 ι’
2424 5843 2625 5915 Nempe
2654 5841 2757 5898 dici
2785 5838 3068 5896 naturalis.
