4122 6622
293 512 397 568 δυο

1284 511 1676 569 LITURGICA.
1713 542 1784 550 —
1821 509 2089 565 OFFICIA
2128 507 2572 596 PERIFERIAS.

3460 507 3566 564 5Ιῦ

1002 750 1110 823 ⁵³
1185 770 2040 890 OPUSCULUM
2127 682 2843 886 TERTIUM.

917 990 1654 1111 ornem
1729 994 2112 1109 PER
2184 989 2940 1148 renus,

1860 1184 1993 1243 SEU

288 1319 582 1386 PSALMI
626 1319 1051 1387 SMUNDUM
1103 1320 1287 1383 DIES
1327 1321 1863 1385 HEBDOMADJE
1910 1317 2296 1383 SINGULOS
2336 1316 2623 1393 QUIBUS
2666 1318 2747 1379 IN
2791 1316 3167 1381 ECCLESIA
3215 1318 3572 1384 CANTAN-

375 1421 554 1497 TUR,
597 1420 1013 1499 DISPOSITI,
1057 1422 1222 1487 CUM
1265 1423 1829 1496 ORATIONIBUS,
1874 1419 2215 1493 HYMNIS,
2255 1418 2925 1481 CONFESSIONIBUS
2967 1420 3068 1481 ET
3114 1419 3490 1483 LITANHS.

713 1696 773 1740 IN
817 1694 1065 1742 ΠΟἊῙΝΕ
1108 1698 1218 1741 DEI
1259 1695 1467 1742 ευιηη

486 1776 722 1823 INCIPIT
765 1777 1077 1822 SCRIPTUM
1126 1778 1335 1821 ΔιΒιΝι
1382 1777 1684 1822 κλιίιετιιι

576 1858 658 1901 ΔΙ)
695 1853 999 1903 ολαοιυιι
1031 1856 1496 1902 ιιιινειιΑἹ-οιιειι
1533 1858 1583 1898 ι.

359 1987 559 2045 Beatus
592 1989 759 2062 igitur
793 1988 965 2045 David
995 2004 1091 2044 rex
1121 2004 1350 2061 magnus
1375 1997 1431 2044 et
1455 2005 1647 2046 servus
1673 1989 1766 2045 Dei
1795 1989 1874 2045 al—

292 2082 486 2138 tissimi
527 2081 685 2139 nobis
726 2080 990 2155 psallendi
1034 2080 1276 2153 regulare
1301 2081 1478 2148 dedit,
1505 2080 1742 2152 qualiter
1779 2096 1872 2152 per

290 2173 661 2233 dinumeratas
702 2174 866 2230 horas
904 2174 1173 2245 quaslibet
1196 2174 1356 2243 homo
1386 2175 1456 2231 ad
1480 2174 1655 2231 Deum
1681 2190 1876 2247 preces

292 2265 517 2321 inludere
564 2267 788 2334 debeat,
832 2266 904 2321 ita
954 2266 1181 2321 dicens'
1230 2264 1427 2337 Septies
1464 2266 1520 2321 in
1550 2267 1637 2323 die
1663 2264 1876 2320 laudem

292 2362 463 2415 dicam
494 2361 588 2415 tibi
619 2357 803 2431 (Psal.
830 2374 1031 2426 cxvtu,
1062 2357 1218 2431 illi).
1251 2357 1364 2415 Hoc
1391 2365 1476 2414 est
1500 2358 1675 2430 prima
1706 2358 1836 2416 hora
1858 2399 1872 2424 ,

291 2451 525 2507 secunda
552 2491 567 2517 ,
611 2451 799 2516 tertia,
830 2457 981 2507 sexta
1004 2490 1017 2516 ,
1051 2464 1190 2503 nona
1212 2489 1227 2515 ,
1254 2449 1566 2519 vespertina
1594 2456 1652 2505 et
1676 2449 1877 2506 duode—

293 2543 451 2597 cima.
470 2542 575 2597 Per
595 2543 694 2598 bas
716 2542 899 2613 itaque
927 2552 1137 2614 septem
1165 2542 1330 2599 horas
1352 2540 1520 2599 David
1542 2557 1638 2598 rex
1663 2541 1875 2599 laudem

290 2634 505 2690 dicebat
541 2634 686 2700 Deo,
728 2635 821 2691 sed
853 2643 909 2688 et
947 2641 1166 2689 sanctus
1201 2632 1389 2690 Daniel
1423 2635 1686 2706 propheta
1717 2634 1875 2688 tertia

288 2734 340 2781 et
381 2733 532 2781 sexta
576 2734 631 2781 et
678 2740 819 2781 nona
850 2725 984 2780 hora
1013 2724 1119 2780 diei
1152 2725 1220 2779 ad
1258 2726 1657 2798 deprecandum
1688 2725 1871 2781 Domi-

290 2833 419 2873 num
449 2819 747 2874 ascendens
790 2817 844 2874 in
870 2817 1128 2873 solatium
1155 2833 1311 2874 suum
1339 2819 1596 2891 expansis
1622 2819 1875 2875 manibus

290 2911 359 2966 ad
388 2912 583 2968 cmlum
612 2911 1005 2985 deprecabatur
1040 2910 1210 2967 Deum
1245 2927 1342 2985 pro
1373 2928 1432 2968 se
1461 2920 1517 2968 et
1542 2920 1639 2983 pro
1677 2911 1879 2983 populo

291 3005 475 3061 Israel.
509 3004 614 3062 Sed
642 3015 695 3062 et
720 3005 861 3061 idem
893 3021 983 3060 rex
1017 3003 1186 3061 David
1212 3005 1391 3096 adhuc
1417 3006 1555 3060 dixit
1584 3024 1596 3059 :
1634 3005 1701 3060 Et
1731 3004 1873 3075 adji-
1906 3035 1946 3096 Β

289 3100 429 3153 ciam
469 3114 625 3169 super
662 3114 865 3153 omnem
891 3097 1101 3153 laudem
1128 3106 1272 3153 tuam
1305 3095 1498 3171 (Prol.
1554 3115 1689 3164 tu,
1738 3096 1804 3152 14
1828 3098 1868 3165 ).

288 3189 523 3247 Proinde
552 3206 736 3246 rursus
764 3192 839 3246 ait
866 3205 878 3245 :
909 3189 1087 3246 Media
1119 3200 1267 3245 nocte
1310 3191 1585 3264 surgebam
1615 3191 1685 3246 ad
1709 3192 1876 3262 conﬁ-

287 3286 501 3341 tendum
530 3285 623 3339 tibi
657 3280 840 3357 (Prai.
866 3299 1031 3339 cxvm
1053 3325 1067 3350 ,
1095 3284 1162 3338 6‘2
1185 3285 1222 3348 ).
1255 3282 1312 3338 id
1340 3292 1453 3350 est,
1486 3293 1749 3341 nocturna
1778 3285 1875 3342 bo-

289 3396 372 3435 ra.
413 3378 485 3435 Et
528 3379 725 3434 iterum
756 3378 833 3433 ait
862 3395 874 3433 :
913 3378 1115 3434 Memor
1140 3378 1218 3450 fui
1247 3379 1299 3433 in
1323 3388 1477 3439 nocte
1506 3378 1730 3437 nominis
1762 3377 1872 3443 tui,

289 3472 511 3528 Domine
556 3471 574 3543 (
597 3470 758 3533 Ibid.,
787 3485 839 3525 v.
867 3468 1000 3541 55),
1041 3471 1187 3541 quod
1226 3477 1309 3526 est
1346 3468 1609 3544 gallorum
1658 3476 1872 3525 cantus.

289 3562 383 3620 Sic
419 3580 621 3619 memor
649 3561 727 3633 {ui
752 3563 830 3616 tui
860 3578 1015 3632 super
1039 3571 1264 3617 stratum
1292 3577 1491 3628 meum,
1520 3560 1574 3617 in
1602 3559 1874 3617 matutinis

292 3655 586 3710 meditabor
614 3656 670 3709 in
700 3664 748 3711 te
780 3651 970 3726 (Ρεαι.
999 3669 1140 3718 un,
1172 3651 1260 3725 7).
1292 3652 1359 3708 Hi
1388 3661 1515 3712 sunt
1553 3666 1652 3723 per
1689 3660 1876 3710 noctes

291 3756 402 3804 tres
427 3747 588 3804 cilicii
617 3761 837 3813 cursus,
864 3755 922 3801 et
944 3761 1041 3817 per
1063 3745 1206 3803 diem
1235 3753 1445 3818 septem
1472 3763 1485 3803 :
1515 3744 1710 3822 quibus
1735 3744 1875 3823 aptis

292 3838 312 3912 [
337 3837 431 3907 F.,
453 3837 693 3912 junctis]
724 3837 883 3896 simul
910 3836 1214 3897 etliciuntur
1239 3839 1424 3895 decem
1445 3877 1460 3904 ,
1491 3851 1628 3908 quos
1657 3850 1756 3893 nos
1780 3850 1870 3890 se-

289 3935 526 3992 cundum
563 3932 752 3991 decem
792 3935 955 3990 verba
993 3931 1127 4005 legis
1165 3932 1337 4004 Moysi
1376 3941 1649 3995 sectantes
1678 3940 1873 3991 cauta.

291 4043 413 4082 mus
439 4027 488 4081 δ.
526 4026 632 4082 Sed
660 4027 787 4098 quia
815 4041 913 4082 vos
944 4025 1210 4098 rogastis,
1245 4032 1303 4081 ut
1331 4026 1695 4083 scriberemus
1721 4023 1874 4082 vobis

292 4120 621 4177 breviarium
651 4118 974 4175 commatico
1004 4132 1255 4175 sermone
1275 4158 1289 4185 ,
1320 4117 1554 4189 qualiter
1578 4115 1743 4177 homo
1770 4115 1873 4171 lai-

293 4226 389 4267 cus
417 4212 507 4282 qui
538 4211 713 4266 adhuc
745 4211 797 4265 in
827 4210 1003 4267 activa
1030 4210 1142 4264 vita
1174 4209 1457 4275 consistit,
1488 4222 1587 4280 per
1615 4208 1872 4266 dinume-

294 4312 443 4361 ratas
474 4304 633 4361 horas
664 4304 762 4359 has
790 4302 900 4358 Deo
931 4300 1235 4372 supplicare
1259 4301 1455 4359 debeat
1480 4317 1491 4353 :
1526 4307 1580 4355 et
1602 4300 1728 4355 licet
1750 4313 1870 4365 vos,

1907 1662 1954 1721 Α
1981 1653 2248 1726 sequitur.
2308 1651 2561 1710 Miserere
2611 1651 2714 1705 mei
2743 1691 2759 1717 ,
2814 1650 2976 1704 Deus.
3034 1646 3288 1705 Deinde:
3356 1647 3571 1715 Venite,

1979 1746 2300 1803 exaltemus
2351 1744 2598 1802 Domino.
2654 1743 2857 1802 Deinde
2905 1742 3143 1814 psalmos
3192 1750 3439 1814 quantos.
3476 1760 3571 1798 vo.

1980 1838 2164 1894 luerit.

2606 1949 2905 2028 FERIA
2959 1947 3023 2026 Ι.

2390 2104 2620 2182 (Decus
2653 2107 2862 2161 ridetur
2891 2102 3113 2177 aliquid.
3137 2102 3157 2178 )

2599 2238 2943 2297 PSALMUS.

2050 2356 2232 2429 (Pw.
2261 2355 2392 2429 etv.)
2419 2368 2440 2395 τ
2475 2353 2821 2412 Contitemini
2843 2353 3095 2420 Domino,
3119 2361 3174 2408 et
3199 2351 3446 2410 invocato
3471 2369 3570 2411 uo-

1978 2463 2102 2503 men
2129 2446 2246 2517 ejus
2272 2468 2285 2501 :
2316 2449 2635 2503 annuntiate
2676 2448 2820 2503 inter
2847 2454 3037 2519 gentes
3063 2460 3231 2519 opera
3259 2445 3395 2515 ejus.
3425 2445 3570 2502 Can-

1978 2548 2090 2595 tate
2119 2541 2201 2606 ei,
2233 2549 2287 2595 et
2310 2537 2521 2609 psallite
2549 2543 2599 2595 ei
2630 2559 2642 2593 ;
2676 2549 2893 2594 narrate
2920 2539 3100 2594 omnia
3130 2538 3399 2595 mirabilia
3429 2539 3567 2608 ejus.

1977 2631 2299 2688 Laudamini
2329 2633 2383 2687 in
2415 2632 2634 2687 nomine
2660 2640 2849 2686 sancto
2877 2630 2993 2699 ejus
3018 2646 3032 2684 :
3063 2630 3275 2687 laetetur
3300 2647 3393 2689 cor
3423 2646 3572 2702 qua:-

1977 2728 2212 2781 rentium
2243 2726 2549 2781 Dominum.
2581 2725 2816 2793 Quaerite
2847 2724 3133 2781 Dominum
3177 2735 3234 2782 et
3274 2725 3570 2782 conﬁrma—

1976 2820 2107 2875 mini
2133 2816 2163 2872 5‘
2179 2822 2403 2890 quaerite
2429 2820 2623 2876 faciem
2650 2819 2767 2887 ejus
2788 2833 3025 2892 semper.
3050 2820 3373 2878 Mementote
3405 2821 3573 2877 mira-

1975 2912 2161 2968 bilium
2206 2913 2323 2986 ejus
2365 2929 2485 2983 quae
2526 2913 2697 2969 fecit:
2750 2912 2995 2985 prodigia
3039 2913 3191 2983 ejus,
3229 2913 3429 2983 judicia
3455 2915 3569 2970 oris

1975 3002 2108 3073 ejus.
2143 3002 2338 3059 Semen
2368 3005 2638 3059 Abraham
2658 3045 2671 3070 ,
2704 3005 2844 3059 servi
2871 3003 3026 3074 ejus;
3058 3002 3152 3059 lilii
3181 3003 3381 3072 Jacob,
3409 3007 3569 3062 electi

1976 3093 2116 3163 ejus.
2158 3095 2277 3165 lpse
2315 3096 2577 3152 Dominus
2625 3094 2764 3150 Deus
2807 3105 3011 3161 noster,
3047 3098 3099 3150 in
3141 3098 3390 3154 universa
3423 3108 3571 3152 terra

1970 3185 2174 3258 judicia
2205 3188 2341 3260 ejus.
2370 3188 2576 3243 Memor
2602 3187 2704 3242 fuit
2732 3189 2784 3241 in
2814 3187 3069 3243 saeculum
3100 3189 3407 3245 testamenti
3439 3190 3520 3244 sui
3551 3208 3573 3243 :

1976 3281 2125 3338 verbi
2168 3282 2311 3353 quod
2356 3282 2630 3336 mandavit
2676 3284 2729 3336 in
2774 3281 2918 3337 mille
2964 3285 3361 3354 generationes.
3406 3284 3571 3354 Quod.

1976 3373 2241 3445 disposuit
2277 3375 2345 3430 ad
2380 3373 2653 3429 Abraham
2686 3394 2696 3427 :
2730 3383 2784 3428 et
2819 3373 3117 3443 juramenti
3158 3378 3241 3432 sui
3283 3377 3351 3432 ad
3391 3377 3565 3434 lsaac.

1976 3464 2044 3521 Et
2073 3468 2265 3523 statuit
2291 3467 2416 3523 illud
2443 3465 2612 3522 Jacob
2640 3467 2694 3521 in
2725 3476 3054 3538 przeeeptum
3084 3488 3095 3521 :
3129 3478 3183 3525 et
3209 3469 3375 3526 lsrael
3403 3472 3455 3526 in
3489 3483 3580 3526 πρε-η

1973 3568 2300 3617 stamentum
2330 3568 2611 3615 :eternum.
2646 3560 2835 3615 Dicent
2862 3575 2876 3616 ε
2902 3558 3023 3617 Tibi
3053 3560 3193 3617 dabo
3228 3573 3428 3618 terram
3460 3560 3582 3634 53;

1970 3651 2235 3719 Chanaan
2263 3671 2274 3705 :
2302 3650 2597 3707 funiculum
2624 3651 2957 3711 lmreditatis
2981 3662 3195 3709 vestrae.
3224 3654 3358 3710 Cum
3382 3665 3579 3711 essent.

1972 3759 2199 3802 numero
2241 3741 2439 3799 brevi:
2472 3742 2782 3815 paucissimi
2828 3752 2884 3800 et
2926 3743 3115 3802 iDCUliB
3160 3745 3297 3816 ejus.
3332 3745 3401 3802 Et
3440 3760 3579 3819 per»

1972 3836 2307 3894 transierunt
2330 3836 2396 3893 de
2424 3843 2583 3906 gente
2613 3834 2665 3891 in
2695 3843 2908 3906 gentem
2936 3857 2947 3891 :
2982 3845 3035 3892 et
3062 3838 3129 3893 de
3158 3854 3321 3911 regno
3359 3840 3425 3896 ad
3468 3856 3581 3912 po—A

1967 3931 2158 4002 pulum
2200 3931 2450 3987 alterum.
2494 3931 2609 3987 Non
2655 3933 2874 4004 reliquit
2910 3935 3181 3992 hominem
3222 3952 3417 3993 nocere
3445 3938 3573 4003 eis,

1971 4031 2029 4078 et
2068 4025 2331 4095 corripuit
2372 4040 2470 4095 pro
2509 4027 2588 4081 eis
2634 4041 2806 4097 reges.
2848 4024 3024 4082 Nolite
3066 4034 3287 4100 tangere
3325 4032 3576 4087 Christus.

1972 4131 2123 4174 meos
2149 4135 2162 4172 :
2196 4125 2250 4171 et
2290 4116 2343 4172 in
2372 4118 2651 4188 prophetis
2681 4118 2815 4173 meis
2843 4120 3006 4176 nolite
3035 4123 3338 4194 malignari.
3372 4123 3439 4179 Et
3464 4139 3571 4180 vo-

1971 4208 2113 4268 cavit
2156 4207 2351 4263 famem
2392 4223 2556 4281 super
2594 4217 2793 4265 terram
2828 4229 2840 4264 :
2872 4217 2929 4266 et
2966 4226 3127 4268 omne
3158 4212 3570 4272 ﬁrmamentum

1969 4302 2126 4371 panis
2166 4302 2438 4357 contrivit.
2487 4299 2630 4357 Misit
2670 4311 2791 4359 ante
2834 4305 2928 4359 eos
2966 4306 3139 4361 virum
3172 4324 3184 4361 :
3239 4308 3291 4362 in
3342 4322 3568 4364 servum

290 4396 383 4466 qui
424 4394 735 4451 Christiano
773 4393 964 4450 ordine
993 4392 1205 4456 vivitis,
1236 4390 1545 4447 Christiana
1592 4404 1754 4460 opera
1788 4386 1868 4442 fa-
1894 4411 1940 4473 ρ
1972 4393 2313 4450 venundatus
2335 4402 2420 4448 est
2442 4390 2659 4464 Ioseph.
2686 4394 3115 4452 ilumiliaverunt
3138 4397 3191 4454 in
3212 4401 3578 4471 compedibus.

288 4502 413 4543 cere
437 4487 786 4549 desideratis,
820 4499 924 4540 non
952 4482 1214 4556 ignoratis
1240 4482 1470 4554 qualiter
1494 4480 1721 4538 Domino
1747 4497 1872 4553 sup-

286 4578 520 4647 plicetur
548 4597 560 4631 :
604 4578 699 4633 sed
742 4576 866 4649 quia
900 4577 1163 4650 regestis,
1194 4574 1434 4630 dicemus
1461 4573 1699 4629 breviter
1728 4573 1871 4643 quod

290 4672 570 4728 sentimus.
603 4670 736 4727 Cum
767 4671 911 4729 enim
956 4672 1021 4726 de
1050 4668 1246 4724 lectulo
1288 4675 1490 4725 stratus
1530 4667 1699 4723 vestri
1748 4682 1870 4722 sur-

291 4766 509 4822 rexistis
528 4805 543 4829 ,
575 4765 858 4820 dicendum
888 4766 1040 4820 vobis
1069 4773 1153 4820 est
1180 4782 1191 4817 :
1222 4764 1309 4820 dic
1336 4764 1567 4834 primum
1602 4781 1613 4816 :
1647 4762 1871 4817 Domine

286 4859 417 4915 Jcsu
444 4856 674 4922 Christe,
711 4856 819 4912 Fili
849 4857 947 4912 Dei
975 4858 1101 4923 viri,
1132 4858 1185 4911 in
1217 4857 1423 4912 nomine
1446 4866 1535 4909 tuo
1561 4854 1736 4910 levabo
1760 4872 1872 4909 ma—

288 4970 385 5007 nus
417 4969 578 5006 mens.
612 4951 821 5006 Dicitur
852 4948 984 5024 [F.,
1018 4947 1158 5005 Deus
1178 4948 1194 5022 ἶ
1218 4950 1271 5003 iu
1300 4948 1628 5017 adjutorium
1659 4964 1868 5010 meum,

289 5053 399 5097 tres
446 5042 558 5115 [ita
589 5041 730 5114 ms.]
776 5042 980 5097 vicibus
1034 5057 1155 5096 cum
1209 5040 1453 5110 psalmo:
1500 5037 1666 5092 Verba
1714 5056 1868 5104 mea,

286 5151 459 5205 usque
488 5154 500 5189 :
546 5134 703 5191 Mune
735 5135 915 5191 astabo
955 5135 1069 5187 tibi.
1110 5132 1314 5186 Deinde
1339 5172 1354 5196 ,
1398 5129 1557 5184 Pater
1592 5139 1786 5193 noster,
1817 5139 1871 5184 et

284 5244 472 5300 preces
499 5244 511 5281 :
547 5228 805 5300 Dignare,
838 5228 1057 5281 Domine
1080 5267 1094 5290 ,
1128 5225 1212 5280 die
1241 5226 1339 5278 isto
1367 5239 1384 5275 :
1432 5222 1621 5292 perfice
1664 5237 1869 5291 gressus

284 5341 425 5378 meos
453 5340 469 5377 :
502 5322 814 5377 Benedictus
856 5320 1113 5375 Dominus
1151 5319 1234 5371 die
1272 5315 1498 5388 quotidie
1521 5330 1538 5366 :
1568 5313 1793 5381 dirigere
1820 5322 1867 5366 et

284 5414 615 5485 murti/icere
639 5413 907 5485 digneris:
936 5410 1062 5464 Fiat
1090 5406 1449 5463 misericordia
1477 5415 1567 5459 tua
1586 5445 1599 5467 ,
1629 5404 1865 5468 Domine,

283 5524 441 5576 super
469 5522 585 5561 nos.
617 5504 685 5561 Et
713 5520 937 5575 surgens
966 5502 1189 5573 incipiat
1217 5514 1431 5555 versum
1461 5516 1472 5551 :
1505 5496 1753 5561 Domine,
1790 5496 1868 5551 Ia-

284 5597 369 5652 bia
412 5615 529 5652 mea
571 5598 791 5667 aperies.
843 5595 959 5664 ipso
1005 5593 1219 5664 expleto
1264 5605 1385 5647 cum
1431 5588 1600 5661 gloria
1647 5588 1869 5658 incipiat

284 5687 596 5743 Psalmum:
642 5686 897 5749 Domine,
938 5684 1063 5756 quid
1102 5681 1438 5753 multiplicati
1479 5689 1619 5734 sunt.
1664 5678 1866 5733 Deinde

1971 4485 2137 4557 pedes
2163 4486 2295 4556 ejus,
2328 4484 2531 4541 ferrum
2558 4487 2909 4557 pertransivit
2935 4490 3173 4545 animam
3199 4489 3317 4558 ejus
3345 4509 3357 4546 :
3386 4492 3564 4551 donec

1972 4580 2181 4634 veniret
2208 4580 2432 4635 verbum
2464 4580 2598 4650 ejus.
2633 4581 2920 4651 Eloquium
2951 4583 3163 4640 Domini
3204 4585 3569 4645 inﬂammavit

1970 4688 2123 4735 eum,
2157 4672 2303 4728 misit
2332 4687 2425 4728 rex
2457 4682 2510 4727 et
2537 4673 2696 4727 solvit
2723 4690 2843 4729 eum
2873 4689 2887 4727 :
2921 4678 3169 4748 princeps
3199 4679 3515 4750 populorum
3537 4721 3562 4747 ,

1970 4772 2025 4820 et
2072 4765 2277 4821 dimisit
2322 4782 2465 4822 eum.
2514 4765 2803 4822 Constituit
2849 4785 2973 4824 eum
3023 4770 3312 4827 Dominum
3362 4773 3566 4831 domus

1972 4874 2081 4914 sum
2103 4900 2116 4924 ,
2149 4866 2203 4913 et
2232 4858 2529 4928 principem
2559 4859 2736 4913 omnis
2769 4861 3128 4930 possessionis
3159 4878 3289 4919 suae.
3326 4864 3393 4920 Ut
3431 4880 3560 4921 eru-

1971 4949 2111 5004 diret
2138 4950 2409 5019 principes
2436 4947 2551 5016 ejus
2584 4950 2728 5004 sicut
2754 4952 3105 5023 semetipsum
3127 4994 3143 5017 ,
3172 4962 3226 5009 et
3255 4971 3412 5012 senes
3440 4956 3564 5028 ejus

1970 5040 2311 5109 prudentiam
2341 5042 2579 5094 doceret.
2607 5040 2674 5093 Et
2708 5041 2929 5095 intravit
2953 5044 3114 5100 Israel
3144 5046 3197 5100 in
3227 5045 3552 5119 [Egyptumz

1969 5138 2023 5184 et
2042 5128 2207 5185 Jacob
2230 5128 2407 5185 accola
2436 5128 2536 5184 fuit
2564 5130 2615 5183 in
2647 5139 2788 5186 terra
2817 5132 3011 5188 Citam.
3038 5135 3102 5189 Et
3128 5138 3276 5191 auxit
3301 5140 3559 5209 populum

1968 5238 2125 5277 suum
2162 5223 2511 5276 vehementer
2544 5241 2554 5274 :
2601 5231 2657 5277 et
2695 5220 2930 5279 nrmavit
2959 5243 3081 5281 eum
3116 5243 3279 5298 super
3308 5232 3554 5290 inimicos

1969 5313 2104 5383 ejus.
2164 5313 2440 5376 Convertit
2496 5329 2590 5395 cor
2639 5331 2861 5384 eorum,
2919 5328 2977 5373 ut
3032 5320 3247 5377 odirent
3296 5325 3550 5393 populum

1968 5407 2085 5478 ejus
2112 5428 2122 5461 :
2156 5416 2211 5463 et
2235 5407 2413 5465 dolum
2441 5407 2684 5465 facerent
2712 5411 2763 5465 in
2791 5427 2975 5467 servos
3001 5413 3133 5483 ejus.
3166 5416 3308 5472 Misit
3334 5417 3556 5491 Moysen

1969 5516 2185 5557 servum
2215 5516 2371 5556 suum
2404 5519 2417 5554 :
2448 5500 2631 5556 Aaron
2663 5517 2825 5571 quem
2857 5504 3019 5575 elegit
3046 5508 3241 5576 ipsum.
3282 5507 3471 5566 Posuit
3500 5511 3555 5565 in

1966 5593 2047 5648 eis
2081 5593 2246 5648 verba
2275 5593 2549 5664 signorum
2576 5608 2796 5649 suorum
2844 5603 2899 5651 et
2934 5598 3301 5671 prodigiorum
3328 5601 3382 5656 in
3408 5614 3557 5658 terra

1968 5682 2159 5739 Cham.
2194 5684 2338 5741 Misit
2367 5685 2614 5742 tenebras
2638 5694 2691 5742 et
2715 5686 3029 5744 obscuravit
3054 5708 3066 5743 :
3100 5700 3155 5747 et
3184 5708 3291 5749 non
3320 5708 3552 5751 exacer—

357 5834 380 5858 ιι
423 5819 706 5896 list-odim
732 5817 879 5887 regio
903 5816 1194 5873 Parisiensi
1220 5822 1275 5870 et
1299 5813 1474 5869 libello
1498 5814 1863 5883 precationem
1899 5793 1945 5856 Ι)
1988 5829 2075 5896 με
2111 5817 2187 5875 De
2231 5819 2341 5877 Usu
2385 5818 2737 5893 psalmorum.
2780 5821 2884 5879 Pro
2928 5839 3024 5879 usu
3070 5824 3228 5881 tertio
3254 5840 3414 5896 supra
3444 5825 3549 5881 col.

284 5892 460 5947 Cum“
489 5892 658 5944 Calvi.

362 5966 385 6005 ι·
429 5961 712 6029 llueus'pve
744 5962 795 6016 in
826 5960 962 6017 libro
994 5959 1298 6030 prrraturio
1326 5955 1502 6012 Caroli
1536 5954 1703 6012 Calvi.

1974 5888 2096 5944 466.
