4122 6568
623 384 722 439 5H

1443 385 1504 440 B.
1547 384 1608 440 F.
1646 383 1870 439 ALBINI
1913 379 2046 440 SEU
2082 379 2362 437 ALCl’lNl
2400 378 2684 437 OPERUM
2722 379 2903 438 PARS
2941 381 3031 437 ιγ.

3816 382 3929 437 512

625 497 771 551 havit
800 510 1079 552 sermones
1107 512 1254 552 suos.
1286 495 1567 553 Convenit
1592 514 1764 567 aquas
1793 514 1981 554 eorum
2013 497 2066 551 in
2096 513 2221 550 san-
2251 505 2295 560 Λ
2324 496 2536 563 operuit
2590 511 2752 567 super
2799 498 3271 571 congregationem
3320 498 3542 554 Abiron.
3589 501 3660 556 Et
3711 510 3934 563 exarsit

625 590 843 661 guinem
871 608 883 642 :
912 601 968 645 et
994 591 1191 644 occidit
1214 591 1389 661 pisces
1412 606 1620 646 eorum.
1647 591 1829 646 Edidit
1853 600 2000 647 terra
2027 604 2218 644 eorum

626 699 823 740 ranas:
851 684 905 740 in
932 684 1302 756 penetralibus
1330 701 1520 756 regum
1550 685 1810 755 ipsorum.
1840 683 2019 749 Dixit,
2048 693 2102 738 et
2129 698 2220 737 ve-

618 779 700 832 nit
722 777 997 849 cynomia,
1015 785 1072 832 et
1093 776 1365 847 sciniphes
1387 777 1441 832 in
1463 778 1714 833 omnibus
1735 775 1934 832 ﬁnibus
1957 777 2216 846 ipsorum.

619 870 809 927 Posuit
833 870 1046 940 pluvias
1073 885 1261 925 eorum
1288 870 1608 943 grandinem
1639 889 1650 925 :
1685 871 1865 943 ignem
1896 870 2220 925 comburen-

618 973 729 1018 tem
761 963 813 1018 in
845 971 991 1018 terra
1025 963 1287 1035 ipsorum.
1331 963 1399 1018 Et
1437 963 1706 1035 percussit
1734 963 1921 1017 vineas
1946 979 2134 1018 eorum
2163 972 2218 1020 et

620 1055 882 1110 ﬁculncas
909 1070 1099 1111 eorum
1130 1074 1142 1109 :
1174 1062 1231 1109 et
1258 1055 1516 1110 contrivit
1543 1054 1748 1126 lignum
1774 1054 1965 1109 ﬁnium
2003 1068 2214 1109 eorum.

618 1149 799 1214 Dixit,
829 1156 886 1205 et
912 1149 1063 1203 venit
1088 1148 1291 1203 locusta
1311 1188 1326 1212 ,
1358 1155 1414 1202 et
1442 1147 1678 1202 bruchus
1708 1165 1720 1199 :
1754 1146 1909 1215 cujus
1951 1161 2059 1202 non
2097 1154 2220 1201 erat

618 1256 894 1295 numerus.
921 1239 988 1294 Et
1009 1240 1247 1295 comedit
1266 1254 1427 1294 omne
1452 1237 1633 1294 fenum
1656 1238 1712 1293 in
1740 1247 1885 1294 terra
1908 1254 2097 1294 eorum
2120 1256 2132 1292 :
2161 1248 2217 1295 et

616 1332 853 1387 comedit
880 1347 1097 1387 omnem
1130 1330 1365 1385 fructum
1398 1338 1555 1384 terrae
1583 1345 1793 1385 eorum.
1838 1330 1906 1384 Et
1944 1330 2217 1401 percussit

613 1439 775 1480 omne
800 1424 1218 1496 primogenitum
1250 1424 1304 1478 in
1335 1432 1481 1479 terra
1520 1439 1709 1478 eorum
1738 1441 1749 1475 :
1783 1423 2053 1494 primitias
2090 1438 2210 1478 om-

616 1515 702 1570 nis
731 1516 934 1572 laboris
961 1531 1172 1571 eorum.
1205 1514 1271 1569 Et
1296 1514 1484 1568 eduxit
1513 1530 1606 1569 eos
1634 1530 1757 1569 cum
1785 1522 2011 1585 argento
2033 1522 2091 1569 et
2117 1528 2213 1568 au-

617 1622 718 1661 ro:
752 1615 807 1660 et
836 1622 942 1661 non
971 1616 1094 1660 erat
1121 1607 1174 1659 in
1210 1606 1458 1660 tribubus
1484 1621 1671 1659 eorum
1705 1604 1973 1660 inﬁrmus.
2004 1604 2211 1659 laetata

615 1704 700 1752 est
739 1695 1007 1768 Egyptus
1052 1697 1105 1751 in
1152 1694 1489 1766 profectione
1528 1711 1752 1750 eorum:
1797 1697 1924 1766 quia
1968 1696 2213 1752 incubuit

617 1789 780 1844 timor
807 1803 997 1843 eorum
1026 1804 1190 1859 super
1218 1803 1333 1843 eos.
1376 1788 1651 1858 Expandit
1686 1787 1885 1843 nubem
1926 1787 1980 1843 in
2021 1797 2207 1860 prote-

2322 586 2460 656 igais
2499 588 2551 641 in
2591 605 2919 661 synagogam
2946 607 3133 646 eorum
3163 610 3173 645 :
3208 592 3422 648 flamma
3462 597 3768 653 combussit
3798 614 3931 670 pec-

2319 692 2552 736 catores.
2582 682 2648 736 Et
2680 682 2927 739 fecerunt
2955 684 3180 741 vitulum
3220 687 3273 741 in
3306 686 3487 744 Iioreb
3512 706 3527 743 :
3556 697 3614 747 et
3652 692 3930 750 adorave-

2320 780 2445 825 runt
2474 771 2743 842 sculptile.
2768 773 2835 828 Et
2864 786 3212 831 mutaverunt
3237 778 3465 851 gloriam
3492 797 3644 837 suam
3673 784 3735 840 in
3767 785 3926 842 simi-

2318 862 2603 919 litudinem
2664 865 2818 923 vituli
2880 870 3218 927 comedentis
3292 872 3497 929 fenum.
3558 876 3726 933 Obliti
3794 891 3927 936 sunt

2318 950 2511 1020 Deum,
2542 956 2634 1025 qui
2664 955 2896 1013 salvavit
2930 974 3045 1024 eos,
3075 961 3165 1031 qui
3203 960 3333 1018 fecit
3361 967 3624 1037 magualia
3656 969 3715 1024 in
3750 968 3926 1042 Egy-

2317 1053 2431 1115 pto,
2458 1048 2726 1104 mirabilia
2757 1050 2811 1104 in
2837 1059 2981 1106 terra
3008 1052 3180 1109 Cham
3207 1072 3220 1109 :
3256 1056 3520 1112 terribilia
3549 1059 3601 1114 in
3631 1063 3781 1116 mari
3813 1062 3925 1117 Ru-

2317 1136 2436 1192 bro.
2467 1138 2534 1194 Et
2561 1140 2700 1196 dixit
2730 1150 2790 1197 ut
2815 1142 3154 1215 disperderet
3182 1163 3277 1205 eos
3302 1169 3315 1204 :
3347 1153 3391 1205 si
3426 1167 3533 1207 non
3562 1153 3784 1226 Moyses
3813 1157 3925 1214 ele-

2316 1238 2436 1286 ctus
2459 1232 2575 1303 ejus
2602 1234 2844 1291 stetisset
2869 1236 2921 1291 in
2952 1238 3322 1297 confractione
3346 1245 3399 1299 in
3437 1258 3739 1319 conspectu
3775 1251 3917 1322 ejus.

2316 1320 2389 1377 Et
2417 1333 2689 1381 averteret
2726 1327 2863 1382 iram
2896 1327 3035 1399 ejus,
3067 1347 3136 1387 ne
3178 1332 3515 1404 disperderet
3549 1354 3687 1395 eos:
3724 1348 3783 1396 et
3806 1320 3926 1414 pro

2314 1416 2484 1471 nihilo
2514 1417 2820 1474 habuerunt
2864 1428 3066 1477 terram
3111 1422 3544 1484 desiderabilem.
3583 1429 3708 1487 Non
3740 1435 3927 1491 credi-

2313 1505 2509 1562 derunt
2537 1510 2704 1565 verbo
2733 1511 2873 1583 ejus,
2901 1521 2957 1568 et
2985 1528 3465 1575 murmuraverunt
3497 1521 3551 1576 in
3584 1524 3919 1581 tabernacu-

2312 1595 2382 1652 lis
2407 1599 2520 1653 suis
2546 1616 2559 1652 :
2586 1616 2693 1655 non
2718 1602 3079 1660 exaudierunt
3105 1621 3291 1663 vocem
3317 1608 3550 1667 Domini.
3580 1612 3651 1669 Et
3678 1615 3917 1675 elevavit

2312 1703 2535 1745 manum
2560 1706 2714 1747 suam
2758 1709 2924 1765 super
2948 1711 3042 1753 eos
3068 1713 3083 1752 :
3110 1707 3170 1753 ut
3204 1710 3577 1772 prosterneret
3604 1722 3706 1765 eos
3734 1710 3789 1766 in
3815 1712 3911 1769 de-

2312 1793 2481 1839 serto.
2505 1785 2572 1840 Et
2599 1796 2657 1841 ut
2687 1786 2947 1857 dejiceret
2975 1806 3161 1849 semen
3186 1810 3374 1851 eorum
3405 1798 3460 1853 in
3487 1800 3820 1871 nationibus,
3848 1816 3906 1863 et

615 1880 853 1934 ctionem
878 1894 1068 1934 eorum
1097 1858 1111 1932 ξ
1143 1886 1201 1934 et
1227 1879 1404 1951 ignem
1430 1888 1490 1932 ut
1512 1878 1718 1933 luceret
1743 1878 1823 1932 eis
1849 1893 1947 1949 per
1972 1858 2204 1934 noctem.
2239 1858 2285 1919 Β
2312 1875 2646 1946 disperderet
2670 1894 2764 1935 eos
2800 1879 2856 1934 in
2886 1882 3215 1953 regionibus.
3249 1886 3316 1942 Et
3357 1888 3556 1946 initiati
3589 1858 3725 1949 sunt

618 1971 930 2038 Petierunt,
962 1981 1017 2029 et
1043 1974 1192 2029 venit
1220 1974 1472 2028 coturnix
1499 1991 1512 2027 :
1546 1980 1601 2028 et
1625 1987 1764 2044 pane
1795 1973 1914 2029 ςαξιὶ
1942 1975 2210 2030 saturavit
2308 1966 2551 2039 phegor:
2581 1977 2637 2024 et
2663 1972 3021 2029 comederunt
3044 1976 3310 2034 sacriﬁcia
3341 1989 3703 2040 mortuorum.
3732 1985 3795 2042 Ει
3821 1988 3893 2043 ir-

616 2078 732 2117 eos.
782 2063 1022 2134 Disrupit
1062 2073 1308 2135 petram,
1341 2073 1395 2119 et
1434 2062 1708 2119 ﬁnxerunt
1734 2079 1889 2135 aqua:
1914 2081 1928 2119 :
1957 2064 2211 2121 abierunt
2308 2060 2609 2116 ritaverunt
2631 2075 2754 2116 eum
2783 2063 3336 2126 in'adinventionibus
3361 2072 3515 2128 suis:
3548 2075 3901 2147 multiplicata

617 2155 668 2210 iu
695 2156 844 2211 sicco
874 2154 1116 2212 flumina.
1159 2156 1424 2224 Quoniam
1466 2172 1675 2211 memor
1713 2156 1817 2211 fuit
1844 2158 1993 2212 verbi
2033 2157 2205 2213 sancti

2310 2160 2390 2206 est
2430 2151 2485 2206 in
2520 2153 2599 2208 eis
2630 2154 2805 2209 ruina.
2850 2155 2917 2210 Et
2959 2156 3109 2213 stetit
3155 2158 3409 2230 Pbinees,
3440 2172 3495 2219 et
3538 2165 3820 2236 placavit:
3852 2178 3907 2224 et

613 2250 695 2305 s-ti
722 2291 736 2314 ,
786 2250 931 2320 quod
976 2249 1164 2305 habuit
1209 2249 1276 2305 ad
1324 2247 1600 2305 Abraham
1645 2264 1873 2318 puerum
1914 2265 2091 2305 suum.
2140 2248 2209 2305 Et
2305 2244 2867 2314 cessavitquassatio.
2894 2247 2962 2303 Et
2990 2257 3298 2322 reputatu‘m
3332 2262 3418 2309 est
3446 2256 3496 2310 ei
3534 2258 3588 2311 in
3630 2259 3908 2329 justitiam

611 2343 802 2398 eduxit
850 2341 1105 2414 populum
1148 2357 1308 2397 suum
1351 2341 1406 2397 in
1452 2340 1815 2397 exsultatione
1847 2359 1859 2395 :
1905 2350 1963 2397 ct
2002 2341 2206 2398 electos
2306 2333 2361 2389 in
2394 2336 2743 2406 generatione
2779 2345 2834 2392 et
2864 2340 3294 2410 generationem,
3324 2360 3494 2417 usque
3532 2348 3586 2403 in
3616 2351 3911 2422 sempiter—

616 2452 745 2491 ειιοε
773 2436 827 2491 in
857 2436 1065 2491 ικιίιίε,
1107 2435 1174 2490 [ει
1213 2435 1361 2491 dedit
1404 2435 1509 2491 ίιιίε
1548 2436 1797 2505 regiones
1838 2438 2079 2507 genuum
2105 2454 2119 2491 ε
2150 2445 2207 2492 οι
2306 2440 2454 2480 num.
2482 2426 2549 2481 Et
2574 2428 2928 2487 irritaverunt
2960 2446 3086 2488 eum
3118 2434 3185 2489 ad
3215 2452 3385 2507 aquas
3411 2442 3905 2501 eontradictiouis:

611 2527 824 2585 labores
851 2528 1168 2600 populorum
1200 2529 1576 2600 possederunt.
1611 2528 1682 2584 Ut
1709 2529 2020 2584 custodiant
2042 2530 2204 2602 justi-

2310 2528 2358 2574 et
2388 2530 2617 2578 vexatus
2639 2531 2725 2578 est
2748 2522 2962 2597 Moyses
2988 2536 3213 2597 propter
3233 2544 3345 2595 eos,
3380 2532 3507 2609 quia
3537 2537 3905 2595 exacerbave-

609 2620 892 2678 ﬁcationes
917 2621 1071 2690 ejus:
1100 2631 1155 2676 et
1183 2623 1355 2694 legem
1381 2619 1498 2690 ejus
1528 2622 1826 2692 requirant.
1970 2654 1994 2683 ο
2305 2622 2432 2668 runt
2463 2615 2712 2687 spiritum
2742 2618 2879 2691 ejus.
2910 2618 2980 2674 Et
3021 2617 3274 2678 distinxit
3315 2624 3369 2679 in
3412 2624 3571 2684 labiis
3602 2630 3726 2685 suis
3756 2649 3769 2684 :
3802 2647 3903 2687 non

685 2712 751 2769 Ut
778 2730 960 2786 supra.
1009 2714 1258 2779 Domine,
1301 2713 1355 2768 in
1388 2712 1525 2768 cmlo
1565 2713 1939 2769 misericordia
1988 2724 2101 2782 tua,
2146 2727 2203 2773 et

2310 2705 2743 2777 disperdiderunt
2767 2718 2975 2781 gentes,
3016 2728 3152 2785 quas
3195 2714 3335 2771 dixit
3370 2714 3630 2775 Dominus
3673 2722 3806 2779 illis.
3838 2723 3902 2779 Et

608 2806 813 2862 veritas
835 2813 924 2859 tua
948 2818 1119 2874 usque
1141 2804 1210 2858 ad
1238 2803 1429 2859 nubes.
1454 2802 1771 2860 invocantes
1793 2820 1990 2860 nomen
2014 2814 2190 2874 tuum,
2301 2800 2581 2854 commixti
2597 2808 2724 2856 sunt
2737 2801 2879 2858 inter
2892 2812 3099 2885 gentes,
3115 2805 3662 2881 etdidicertmtopera
3682 2826 3900 2869 eorum:

610 2897 858 2962 Domine,
886 2897 1145 2952 exaudire
1169 2896 1427 2969 digneris.
2302 2897 2356 2943 et
2372 2890 3038 2965 servieruntsculptilibus
3060 2912 3249 2953 eorum
3275 2917 3289 2953 :
3315 2908 3372 2954 et
3385 2899 3587 2958 factum
3611 2915 3699 2960 est
3722 2906 3830 2963 illis
3850 2906 3901 2964 in

672 2987 886 3044 Oratio.
913 2988 1229 3044 invocantes
1272 3001 1467 3041 nomen
1508 2994 1680 3050 tuum,
1725 2984 1974 3051 Domine,
2005 2987 2200 3058 depre-
2301 2984 2635 3040 scandalum.
2674 2985 2742 3042 Et
2770 2987 3185 3046 immolaverunt
3217 2991 3357 3048 ﬁlios
3379 3008 3505 3050 suos
3535 3003 3590 3050 et
3613 2996 3758 3054 ﬁlias
3780 3014 3901 3055 suas

608 3096 819 3146 camur,
850 3087 909 3134 ut
947 3079 1039 3151 qui
1082 3087 1266 3149 patres
1310 3084 1545 3141 nostros,
1588 3076 1789 3131 virtute
1836 3077 1911 3131 tui
1963 3080 2199 3135 nominis
2301 3077 2602 3133 daemoniis.
2628 3078 2695 3134 Et
2715 3077 3019 3136 etl‘uderunt
3039 3083 3355 3155 sanguinem
3384 3086 3901 3148 innocentemzsan-

606 3180 902 3242 praeeunte,
940 3168 1199 3241 angelicis
1248 3167 1492 3239 pastibus
1538 3165 1809 3231 refecisti,
1842 3182 1942 3224 nos
1982 3183 2197 3241 quoque
2222 3221 2270 3260 ρ
2300 3172 2517 3242 guinem
2564 3172 2797 3229 ﬁliorum
2832 3190 3053 3231 suorum
3104 3186 3159 3233 et
3190 3178 3423 3235 ﬁliarum
3463 3197 3733 3241 suarum:
3766 3202 3893 3260 quas

610 3221 854 3336 :nystieis
877 3221 1104 3333 dapib’us
1131 3221 1315 3316 foveas
1338 3274 1402 3314 ac
1429 3257 1711 3315 reformes.
1736 3256 1862 3314 Per.
2099 3221 2126 3241 Ἰ
2222 3221 2273 3286 c
2301 3221 2747 3320 sacriﬁcaverunt
2782 3267 3125 3337 sculptilibus
3165 3268 3445 3327 Chanaan.
3484 3273 3553 3329 Et
3584 3221 3888 3337 infecth

1487 3418 1543 3445 γε
2303 3364 2447 3411 terra
2477 3356 2533 3411 in
2572 3359 2947 3430 sanguinibus,
2971 3370 3026 3416 et
3050 3363 3416 3419 contaminata
3441 3375 3526 3422 est
3551 3366 3607 3422 in
3642 3371 3889 3441 operibus

1225 3418 1571 3477 PSALMUS-
2300 3464 2489 3508 eorum
2518 3491 2531 3505 .
2561 3460 2616 3507 et
2644 3418 2896 3509 fornicati
2927 3418 3056 3510 sunt
3084 3454 3139 3510 in
3169 3418 3890 3519 adinventio‘nibus‘sruisjﬁt

682 3560 862 3633 (Pstis.
894 3557 1005 3630 cv.)
1029 3553 1372 3613 Conﬁtemini
1419 3553 1649 3608 Domino
1689 3552 1946 3623 quoniam
1977 3551 2191 3607 bonus:
2299 3544 2473 3599 iratus
2497 3554 2583 3601 est
2602 3544 2788 3602 furore
2813 3546 3076 3605 Dominus
3099 3550 3156 3605 in
3185 3552 3441 3622 populum
3468 3569 3664 3610 suum:
3690 3564 3745 3611 et
3764 3558 3891 3612 abo-

610 3653 869 3724 quouiam
890 3649 945 3704 in
970 3647 1224 3705 saeculum
1246 3645 1619 3702 misericordia
1638 3642 1775 3714 ejus.
1796 3644 1929 3713 Quis
1945 3645 2196 3715 loquetur
2298 3636 2537 3692 minatus
2560 3645 2643 3693 est
2665 3638 3037 3696 ὴωτεάἰιειιεω
3059 3656 3233 3699 snam.
3251 3643 3319 3699 Et
3340 3645 3567 3702 tradidit
3586 3662 3678 3703 eos
3701 3648 3752 3702 in
3776 3663 3889 3703 ma-

608 3743 877 3818 potentias
905 3741 1158 3806 Domini;
1184 3740 1399 3795 auditas
1424 3737 1589 3794 faciet
1610 3752 1799 3794 omnes
1828 3738 2017 3794 laudes
2043 3736 2195 3807 ejus?
2296 3744 2402 3785 nus
2439 3730 2682 3799 sentiam
2707 3752 2719 3785 ε
2748 3740 2806 3788 ει
2831 3732 3094 3791 dominali
3130 3744 3258 3791 sunt
3299 3752 3510 3805 eorum.
3540 3740 3637 3810 qui
3658 3740 3886 3795 oderunt

608 3834 758 3890 Beati
796 3831 888 3902 qui
933 3829 1244 3887 custodiunt
1274 3827 1576 3898 judicium:
1608 3836 1663 3883 et
1695 3826 1896 3884 faciunt
1921 3827 2193 3899 justitiam
2295 3836 2409 3878 eos.
2443 3821 2510 3877 Et
2540 3824 3046 3884 tribulaverunteos
3073 3828 3280 3886 inimici
3307 3846 3515 3899 eorum,
3540 3842 3593 3888 et
3619 3833 3885 3890 bumiliati

607 3930 660 3983 in
688 3926 835 3982 omni
862 3932 1125 3995 tempore.
1154 3922 1420 3977 Memento
1435 3920 1632 3987 nostri,
1655 3920 1901 3985 Domine,
1938 3920 1992 3975 in
2023 3922 2191 3977 bene-
2296 3923 2426 3970 sunt
2449 3916 2549 3971 sub
2569 3918 2821 3975 manibus
2844 3934 3055 3987 eorum,
3084 3937 3227 3995 saepe
3255 3924 3505 3981 liberavit
3529 3942 3639 3983 eos.
3658 3927 3761 3999 Ipsi
3789 3943 3887 3983 au-

603 4021 802 4089 νιειοίιο
827 4017 1006 4090 populi
1034 4017 1112 4073 ιυί
1141 4034 1154 4071 ε
1186 4016 1342 4071 visita
1374 4030 1473 4071 nos
1506 4016 1561 4069 in
1594 4014 1818 4070 salutari
1854 4023 1967 4070 ιιιο,
1990 4013 2074 4070 Ad
2108 4015 2194 4070 vi-
2298 4014 2404 4061 tem
2429 4009 2897 4065 exacerbaverunt
2917 4026 3041 4066 eum
3060 4010 3115 4066 in
3136 4013 3364 4070 consilio
3386 4031 3518 4071 suo:
3539 4025 3594 4072 et
3618 4017 3884 4073 bumiliati

606 4112 836 4167 dendum
867 4112 920 4166 in
948 4109 1190 4165 bonitate
1211 4108 1507 4164 electorum
1537 4116 1773 4173 tuorum,
1797 4108 1864 4162 ad
1899 4106 2188 4163 la'tandum
2294 4106 2423 4155 ευηῑ
2450 4099 2505 4155 in
2541 4100 2921 4174 iniquitatibus
2961 4104 3095 4161 suis.
3139 4106 3207 4161 Et
3236 4107 3369 4163 vidit
3396 4124 3520 4164 cum
3565 4111 3883 4169 tribularen-

608 4209 659 4261 in
704 4206 890 4261 lmtitia
929 4203 1103 4274 gentis
1144 4210 1283 4257 ιιιωε
1316 4209 1377 4256 ut
1418 4200 1653 4255 lauderis
1698 4216 1821 4255 eum
1869 4199 2192 4256 haereditate
2296 4200 2418 4248 tur:
2448 4201 2502 4247 et
2529 4194 2734 4249 audivit
2768 4195 3066 4252 orationem
3094 4213 3304 4254 eorum.
3345 4199 3413 4255 Et
3444 4218 3657 4259 memor
3680 4202 3773 4260 fuit
3800 4212 3871 4259 te-

609 4306 720 4351 tua.
767 4294 1116 4351 Peccavimus
1139 4307 1261 4347 eum
1288 4291 1534 4360 patrihus
1561 4292 1765 4346 nostris
1790 4308 1804 4344 :
1838 4288 2037 4359 injuste
2074 4289 2188 4361 egi-
2293 4287 2549 4343 stamenti
2575 4288 2659 4343 sui
2685 4308 2698 4342 :
2725 4296 2782 4343 et
2810 4289 3066 4360 pmnituit
3107 4306 3232 4347 eum
3257 4292 3552 4349 secundum
3582 4295 3863 4351 multitudi-

607 4406 745 4454 mus,
776 4386 1113 4457 iniquitatem
1141 4384 1389 4441 fecimus.
1426 4383 1617 4439 Patres
1646 4383 1817 4439 nostri
1850 4382 1904 4438 in
1950 4381 2188 4455 Egypto
2293 4392 2419 4432 nem
2454 4378 2842 4435 misericordia:
2880 4396 3009 4437 sum.
3050 4381 3121 4437 Et
3157 4381 3306 4439 dedit
3348 4400 3443 4441 eos
3486 4387 3540 4441 in
3572 4389 3869 4444 misericor-

607 4496 712 4535 non
742 4478 1121 4533 intellexerunt
1150 4476 1418 4532 mirabilia
1441 4483 1530 4532 tua
1559 4494 1571 4529 :
1600 4490 1706 4529 non
1737 4474 1955 4531 fuerunt
1980 4488 2186 4529 memo-
2291 4470 2445 4528 dias:
2472 4471 2527 4527 in
2551 4479 2842 4544 conspectu
2867 4474 3107 4529 omnium
3129 4475 3223 4547 qui
3250 4487 3529 4549 ceperant
3553 4494 3669 4535 eos.
3696 4480 3873 4536 Salvos

607 4587 692 4626 res
722 4569 1080 4624 multitudinis
1122 4566 1508 4625 misericordiae
1545 4575 1669 4622 tum.
1717 4568 1784 4621 Et
1827 4566 2185 4622 irritaverant
2216 4618 2261 4645 η
2294 4563 2380 4621 fac
2409 4580 2529 4632 nos,
2574 4566 2801 4622 Domine
2848 4565 2992 4623 Deus
3034 4578 3239 4637 noster,
3270 4578 3329 4625 et
3370 4586 3640 4645 congrega
3678 4589 3776 4630 nos
3811 4572 3875 4630 de

600 4658 955 4716 ascendentes
985 4660 1038 4713 in
1070 4674 1220 4714 mare
1241 4676 1254 4712 :
1279 4673 1430 4714 mare
1452 4656 1713 4713 Rubrum.
1746 4657 1813 4711 Et
1837 4656 2067 4712 salvavit
2091 4675 2186 4714 eos
2217 4656 2261 4677 ν
2288 4657 2619 4714 nationibus.
2666 4657 2738 4714 Ut
2779 4658 3137 4715 conﬁteamur
3175 4661 3383 4717 nomini
3431 4673 3621 4720 sancto
3669 4673 3793 4721 tuo:
3824 4674 3876 4720 et

602 4763 821 4826 propter
866 4765 1060 4807 nomen
1098 4765 1289 4805 suum:
1323 4757 1382 4804 ut
1422 4758 1605 4803 notam
1651 4747 1856 4803 faceret
1888 4749 2184 4820 potentiam
2286 4748 2583 4821 gloriemur
2624 4749 2679 4804 in
2718 4748 2876 4807 laude
2907 4760 3020 4806 tua.
3065 4752 3391 4811 Benedictus
3432 4754 3695 4814 Dominus
3736 4758 3878 4815 Deus

599 4859 775 4919 suam.
801 4842 869 4897 Et
893 4841 1163 4911 increpuit
1184 4857 1335 4895 mare
1352 4839 1620 4926 Rubrum,
1635 4847 1690 4893 et
1715 4839 2045 4896 exsiccatum
2071 4848 2181 4895 est:
2286 4838 2471 4905 lsrael,
2496 4855 2527 4895 a
2554 4841 2752 4897 sarculo
2771 4849 2828 4896 et
2854 4856 3028 4913 usque
3051 4842 3106 4898 in
3133 4843 3388 4901 saeculum
3415 4863 3429 4900 :
3454 4854 3511 4903 et
3534 4847 3679 4904 dicet
3702 4850 3877 4905 omnis

597 4948 657 4995 et
678 4937 896 4993 deduxit
920 4952 1015 4992 eos
1037 4937 1089 4989 in
1118 4936 1329 5006 ahyssis
1350 4934 1490 4990 sicut
1516 4933 1569 4987 in
1599 4934 1834 4989 deserto.
1862 4934 1931 4988 Et
1955 4935 2185 4989 salvavit

598 5046 693 5088 eos
740 5032 806 5085 de
852 5044 1012 5083 manu
1058 5027 1356 5083 odicutium
1386 5046 1398 5081 :
1430 5035 1486 5081 et
1525 5026 1753 5082 redemit
1788 5042 1884 5081 eos
1914 5025 1980 5081 de
2019 5042 2183 5084 manu

600 5121 825 5179 inimici.
854 5120 921 5175 Et
946 5119 1156 5190 operuit
1185 5134 1325 5188 aqua
1353 5117 1674 5172 tribulantes
1698 5134 1823 5172 eos:
1854 5134 1992 5173 unus
2014 5133 2080 5172 ex
2106 5120 2185 5174 eis

600 5228 708 5269 non
738 5210 1013 5265 remansit.
1040 5210 1105 5264 Et
1135 5209 1480 5265 crediderunt
1510 5210 1690 5265 verbis
1719 5208 1835 5279 ejus
1862 5227 1873 5262 :
1900 5219 1955 5264 et
1995 5210 2184 5267 lauda-

600 5312 796 5361 verunt
832 5303 1043 5357 laudem
1084 5301 1218 5371 ejus.
1247 5302 1367 5357 Cito
1396 5300 1673 5368 fecerunt,
1710 5302 1861 5357 obliti
1898 5311 2024 5358 sunt
2053 5319 2183 5375 ope-

602 5414 721 5454 rum
767 5398 884 5469 ejus
913 5415 925 5449 :
957 5404 1011 5450 et
1039 5412 1145 5450 non
1190 5397 1565 5451 sustinuerunt
1603 5396 1888 5451 consilium
1931 5395 2068 5465 ejus.
2116 5398 2183 5452 Et

599 5491 987 5562 concupierunt
1020 5489 1514 5558 concupiscentiam
1545 5490 1597 5543 in
1639 5491 1887 5545 deserto:
1921 5500 1975 5545 et
2003 5498 2179 5545 tenta-

600 5589 796 5638 verunt
841 5580 1008 5633 Deum
1058 5580 1110 5633 in
1156 5580 1437 5648 inaquoso.
1470 5579 1536 5633 Et
1572 5580 1716 5634 dedit
1758 5582 1837 5635 eis
1866 5582 2179 5651 petitionem

603 5676 841 5746 ipsorum
870 5690 884 5725 :
918 5681 974 5727 et
1016 5670 1167 5726 misit
1193 5671 1532 5727 saturitatem
1566 5671 1615 5725 in
1644 5672 1853 5727 animas
1878 5688 2086 5727 eorum.
2117 5673 2183 5727 Et

602 5768 954 5825 irritaverunt
979 5761 1087 5837 54
1116 5762 1333 5835 Moysen
1367 5763 1421 5818 in
1454 5764 1684 5818 castris:
1719 5762 1897 5817 Aaron
1936 5774 2179 5817 sanctum

605 5859 836 5917 Domini.
865 5856 1063 5928 Aperta
1106 5865 1189 5913 est
1232 5864 1400 5924 terra,
1439 5866 1494 5911 ct
1531 5855 1807 5928 deglutivit
1857 5857 2089 5913 θειώδη,
2133 5864 2181 5911 et

2216 4618 2262 4677 Ι)

2286 4929 2531 5000 populus,
2561 4930 2704 4995 Fiat,
2736 4930 2851 4987 ﬁat.

2360 5021 2426 5079 Ut
2451 5042 2633 5096 supra.
2662 5025 2807 5083 Deus
2841 5026 2896 5082 in
2932 5034 3122 5083 sancto
3150 5029 3237 5084 via
3278 5038 3389 5097 tua,
3419 5032 3543 5102 quis
3573 5032 3715 5089 Deus
3759 5050 3874 5089 ma-

2288 5133 2425 5188 gnus
2452 5119 2593 5173 sicut
2628 5117 2772 5175 Deus
2800 5120 3020 5175 noster?
3048 5131 3108 5177 tu
3135 5137 3195 5177 es
3222 5121 3366 5179 Deus
3407 5126 3500 5194 qui
3533 5124 3668 5181 facis
3710 5128 3872 5181 mira-

2286 5206 2434 5264 bilia.

2361 5303 2567 5359 Oratio.
2614 5303 2884 5361 Memento
2927 5305 3131 5374 nostri,
3161 5306 3407 5373 Domine,
3436 5309 3492 5365 in
3534 5309 3867 5383 beneplacito

2285 5394 2467 5467 populi
2494 5396 2593 5464 tui,
2622 5404 2679 5453 et
2698 5412 2728 5451 a
2749 5399 2957 5469 peccati
2987 5415 3087 5459 nos
3109 5400 3370 5456 servitute
3388 5401 3687 5472 discussos,
3714 5403 3868 5461 Salu-

2286 5489 2421 5545 taris
2449 5490 2524 5545 tui
2549 5488 2862 5547 visitatione
2886 5489 3144 5547 salviﬁea.
3172 5492 3278 5549 Per
3306 5492 3617 5552 Dominum.

2914 5624 3260 5683 PSALMUS.

2358 5760 2537 5829 (PSAL.
2571 5760 2702 5830 cvi.)
2733 5758 3077 5815 Couﬁtemini
3110 5760 3339 5818 Domino
3364 5764 3618 5833 quoniam
3650 5764 3860 5820 bonus:

2286 5854 2541 5923 quoniam
2575 5854 2626 5909 in
2674 5844 2926 5908 sceculum
2960 5852 3330 5911 misericordia
3359 5853 3495 5924 ejus.
3542 5854 3733 5911 Dicant
3770 5855 3859 5927 qui
