4122 6532
258 338 350 397 lilii

1260 326 1655 387 LITURGICA.
1698 356 1765 366 —
1804 320 2072 380 OFFICIA
2108 323 2243 381 PER
2283 320 2554 380 FERIAS.

3411 313 3524 370 ευ

260 448 509 522 redempti
532 453 662 506 sunt
684 459 719 501 a
745 441 996 508 Domino,
1019 455 1157 512 quos
1187 440 1417 497 redemit
1446 440 1513 497 de
1543 453 1705 494 manu
1737 436 1837 491 ini-
1866 438 1915 496 Α
1943 437 2181 506 sapiens,
2204 445 2260 491 et
2284 435 2553 494 custodiet
2577 434 2729 490 haec?
2754 443 2807 491 et
2836 432 3099 507 intelliget
3127 433 3531 493 misericordias

261 540 373 599 miei
397 559 411 595 :
437 548 494 595 et
520 540 589 597 de
617 535 932 608 regionibus
956 532 1309 606 congregavit
1334 547 1451 589 eos.
1478 531 1523 587 Δ
1551 529 1683 587 solis
1712 536 1836 585 ortu

259 642 308 690 et
326 645 538 697 occasu,
562 630 633 686 ab
660 626 913 699 aquilone
935 634 991 684 et
1018 626 1178 681 mari.
1204 625 1539 682 Erraverunt
1564 624 1617 679 in
1649 622 1840 679 solitu-

258 722 374 781 dine
401 720 457 779 in
484 719 748 791 inaquoso
772 735 786 773 :
810 716 929 773 vias
959 714 1198 773 civitatis
1226 714 1523 771 habitaculi
1550 729 1658 769 non
1688 714 1841 769 inve-

261 818 464 869 nerunt.
485 808 804 867 Esurientes
820 815 877 864 et
896 807 1146 864 sitientes
1169 824 1183 862 :
1207 806 1390 862 anima
1412 821 1600 862 eorum
1628 806 1682 861 in
1710 805 1842 876 ipsis

260 900 464 958 defecit.
506 900 575 957 Et
610 899 983 957 clamaverunt
1023 899 1091 954 ad
1119 898 1413 955 Dominum
1449 913 1575 955 cum
1608 897 1841 954 tribula-

260 1000 479 1047 rentur:
508 997 567 1047 et
601 988 670 1047 de
707 987 1126 1046 necessitatibus
1165 1002 1355 1044 eorum
1398 986 1603 1058 eripuit
1631 1000 1745 1043 eos.
1774 985 1845 1042 Et

260 1081 472 1140 deduxit
502 1095 600 1138 eos
644 1082 699 1137 in
733 1079 880 1136 viam
924 1088 1171 1137 rectam:
1199 1087 1259 1134 ut
1286 1080 1431 1135 irent
1472 1079 1530 1134 in
1563 1079 1842 1135 civitatem

260 1171 627 1229 habitationis.
695 1168 1075 1227 Conﬁteantur
1146 1170 1378 1227 Domino
1452 1170 1846 1228 misericordia

260 1262 404 1333 ejus:
432 1272 489 1321 et
515 1261 785 1320 mirabilia
817 1260 936 1333 ejus
975 1260 1102 1318 ﬁliis
1133 1262 1434 1318 hominum.
1462 1260 1601 1330 Quia
1625 1260 1848 1317 satiavit

262 1360 488 1417 animam
514 1357 729 1415 inanem
755 1375 768 1412 :
796 1364 854 1413 et
885 1357 1122 1412 animam
1150 1355 1481 1412 esurientem
1506 1355 1726 1411 satiavit
1749 1355 1847 1410 bo-

261 1454 360 1510 nis.
402 1452 670 1510 Sedentes
694 1452 752 1509 in
794 1450 1037 1507 tenebris
1064 1457 1119 1505 et
1142 1449 1337 1506 umbra
1370 1447 1603 1504 mortis:
1637 1446 1848 1503 vinctos

259 1548 311 1604 in
338 1545 687 1604 mendicitate
706 1553 762 1602 et
788 1542 953 1600 ferro.
980 1541 1117 1609 Quia
1140 1542 1611 1598 exacerbaverunt
1631 1538 1850 1611 eloquia

259 1638 388 1696 Dei:
417 1648 474 1695 et
516 1638 806 1695 consilium
848 1634 1117 1691 Altissimi
1151 1632 1530 1689 irritaverant.
1560 1629 1630 1686 Et
1662 1630 1847 1687 humio

1938 525 2173 581 Domini.

2009 619 2079 675 Ut
2100 637 2281 692 supra.
2329 618 2731 677 Misericordias
2759 620 2975 677 Domini
3022 619 3077 675 in
3106 630 3368 675 arternum
3395 635 3529 676 can-

1939 712 2090 769 tabo.
2148 712 2205 769 lu
2254 713 2605 786 generatione
2655 722 2712 770 et
2742 713 3150 787 generationem
3200 712 3534 769 annuntiabo

1940 803 2229 860 veritatem
2256 813 2406 859 tuam
2436 804 2492 860 in
2522 818 2618 860 ore
2646 819 2787 860 meo.

2015 892 2223 950 Oratio.
2270 894 2630 962 Conﬁtemur,
2672 895 2921 962 Domine,
2954 894 3358 952 misericordias
3390 905 3533 960 tuas.

1941 1000 2077 1059 quas
2100 985 2306 1058 jugiter
2332 988 2479 1044 circa
2511 996 2728 1043 nostras
2754 1002 2978 1043 exerces
3009 988 3219 1059 inopias
3249 1004 3264 1041 :
3309 1002 3539 1057 precan-

1944 1088 2049 1145 tes,
2080 1078 2256 1149 utqui
2308 1078 2578 1134 exaltatus
2627 1079 2683 1133 in
2726 1078 2974 1135 ecclesiis
3022 1077 3140 1154 [F.,
3188 1080 3242 1135 in
3281 1076 3537 1152 excelsis]

1943 1169 2153 1227 resides
2189 1169 2259 1225 ad
2288 1170 2568 1226 dexteram
2592 1169 2774 1227 Patris
2822 1171 2877 1225 in
2926 1171 3144 1235 throno,
3178 1171 3335 1226 nobis
3378 1178 3540 1226 tantae

1944 1261 2314 1319 miserationis
2363 1271 2419 1316 et
2469 1262 2770 1334 intelligere
2831 1270 2889 1318 et
2941 1261 3217 1319 custodire
3275 1261 3543 1319 concedas

1947 1367 2232 1410 arcanum.
2274 1352 2399 1409 Per.

2577 1444 2920 1505 PSALMUS.

2019 1554 2203 1632 (Psae.
2233 1557 2348 1632 ex.)
2388 1557 2703 1615 Conﬁtehor
2731 1560 2851 1627 tibi,
2881 1560 3130 1627 Domine,
3157 1562 3212 1617 in
3237 1569 3351 1619 toto
3380 1562 3548 1619 corde

1947 1662 2111 1705 meo:
2139 1648 2194 1703 in
2224 1648 2459 1705 concilio
2481 1649 2755 1722 justorum
2785 1664 2841 1707 et
2875 1654 3313 1725 congregatione.
3354 1654 3547 1727 Magna

258 1730 443 1787 liatum
480 1740 569 1788 est
607 1731 665 1787 in
694 1729 972 1786 laboribus
1008 1742 1108 1784 cor
1135 1740 1365 1792 eorum;
1401 1723 1662 1780 inﬁrma“
1697 1728 1845 1787 δυηίν
1878 1802 1923 1815 _
1949 1754 2117 1811 opera
2147 1738 2361 1795 Domini
2394 1757 2407 1793 :
2441 1741 2712 1812 exquisita
2764 1742 2819 1797 in
2846 1723 3037 1799 omnes
3064 1723 3371 1801 voluntates
3407 1723 3546 1815 ejus.

260 1839 357 1880 nec
397 1822 502 1879 Ϊιιίῑ
540 1823 636 1895 (ἰαί
680 1820 977 1892 “iuvaret
1023 1819 1093 1876 Et
1130 1816 1617 1909 οιαιηθνθηιηιηεά
1661 1815 1848 1871 Domi‘
1878 1802 1927 1864 Β
1954 1802 2235 1888 doufessio
2280 1838 2338 1888 et
2371 1802 2777 1904 magniﬁcentia
2828 1848 2965 1906 Opus
2991 1834 3109 1907 ejus
3142 1834 3391 1905 :justitia
3432 1802 3553 1909 ejus

257 1927 382 1969 num
408 1927 534 1968 cum
572 1910 999 1968 tribularentur:
1028 1916 1086 1965 et
1110 1909 1177 1965 de
1206 1906 1627 1965 necessitatibus
1657 1920 1851 1963 eorum

256 2001 507 2062 liberavit
547 2018 663 2059 eos.
696 2003 763 2058 Et
807 2003 993 2059 eduxit
1041 2017 1138 2059 eos
1180 2001 1238 2058 in
1280 1999 1525 2057 tenebris
1564 2007 1623 2056 et
1658 1996 1853 2054 umbra

259 2095 447 2153 mortis
471 2112 485 2151 :
514 2102 571 2151 et
596 2093 810 2150 vincula
838 2109 1029 2149 eorum
1064 2093 1314 2165 disrupit.
1345 2090 1721 2150 Conﬁteantur
1750 2091 1857 2147 Do-

263 2189 406 2245 mino
445 2186 834 2244 misericordia:
862 2186 1017 2259 ejus:
1049 2184 1155 2258 55
1179 2193 1237 2242 et
1269 2183 1539 2240 mirabilia
1582 2181 1700 2252 ejus
1729 2179 1859 2237 ﬁliis

261 2278 559 2335 hominum.
596 2277 734 2345 Quia
782 2276 1041 2333 contrivit
1084 2284 1272 2349 portas
1319 2289 1533 2332 aereas:
1570 2281 1626 2329 et
1672 2279 1858 2329 vectes

265 2368 467 2426 ferreos
498 2366 786 2439 confregit.
819 2366 1071 2438 Suscepit
1102 2380 1198 2422 eos
1223 2366 1289 2421 de
1315 2366 1401 2421 via
1443 2364 1747 2435 iniquitatis
1773 2378 1863 2419 eo-

265 2478 420 2520 rum:
453 2469 673 2535 propter
700 2459 1005 2532 injustitias
1046 2458 1194 2514 enim
1227 2470 1357 2512 suas
1393 2453 1665 2510 humiliati
1709 2459 1857 2510 sunt.

263 2555 490 2613 Omnem
523 2568 705 2613 escam
749 2551 1061 2608 abominata
1093 2557 1177 2606 est
1204 2547 1386 2605 anima
1415 2562 1631 2612 eorum,
1668 2552 1725 2601 et
1759 2558 1860 2617 ap-

262 2645 764 2717 propinquaverunt
800 2657 974 2712 usque
1015 2641 1084 2696 ad
1111 2646 1300 2710 portas
1334 2638 1545 2694 mortis.
1569 2636 1639 2692 Et
1667 2636 1864 2691 clama-

265 2744 460 2793 verunt
484 2735 551 2792 ad
576 2735 863 2791 Dominum
891 2748 1016 2789 cum
1045 2731 1443 2788 tribularentur
1465 2748 1479 2784 :
1504 2739 1559 2784 et
1584 2729 1653 2784 de
1678 2742 1866 2783 neces-

266 2826 517 2883 sitatibus
537 2841 725 2882 eorum
752 2823 1005 2881 liberavit
1030 2838 1146 2880 eos.
1182 2821 1329 2878 Misit
1359 2822 1585 2877 verbum
1621 2834 1781 2877 suum
1804 2826 1862 2876 et

268 2917 486 2975 sanavit
518 2931 649 2973 eos:
679 2925 735 2972 et
770 2914 969 2987 eripuit
993 2927 1089 2969 eos
1114 2913 1182 2968 de
1213 2911 1622 2968 interitionibus
1651 2925 1860 2967 eoi-mn.

268 3005 646 3065 Conﬁteantur
664 3004 894 3061 Domino
916 3002 1304 3060 misericordia:
1330 3002 1447 3073 ejus
1471 3017 1485 3056 :
1513 3011 1569 3058 et
1593 3001 1863 3057 mirabilia

266 3098 388 3171 dus
412 3094 538 3152 ﬁliis
561 3096 863 3152 hominum.
888 3094 955 3149 Et
980 3092 1291 3151 sacriﬁcent
1315 3091 1645 3147 sacriﬁcium
1668 3092 1863 3158 laudis,

268 3202 326 3250 et
350 3192 678 3250 annuntient
697 3205 862 3262 opera
885 3188 1003 3258 ejus
1026 3187 1084 3244 in
1108 3187 1489 3244 exsultatione.
1516 3186 1621 3255 Qui
1647 3186 1868 3243 descen-

268 3286 405 3341 dunt
431 3298 581 3339 mare
606 3282 660 3337 in
682 3282 933 3348 navibus,
958 3280 1219 3338 facientes
1241 3278 1612 3353 operationem
1635 3279 1689 3335 in
1711 3279 1870 3350 aquis

270 3375 477 3432 multis.
507 3374 612 3447 ipsi
643 3374 893 3429 viderunt
920 3388 1085 3444 opera
1110 3372 1345 3439 Domini,
1371 3378 1427 3428 et
1450 3370 1726 3427 mirabilia
1752 3370 1870 3441 ejus

273 3467 327 3523 in
374 3465 667 3537 profundo.
717 3464 897 3531 Dixit,
928 3474 984 3520 et
1031 3464 1184 3522 stetit
1226 3464 1451 3537 spiritus
1484 3463 1774 3536 procellze:
1815 3470 1873 3518 et

270 3560 494 3617 exaltati
516 3568 646 3617 sunt
670 3558 867 3615 ﬂuctus
888 3559 1025 3631 ejus.
1047 3558 1367 3614 Ascendunt
1390 3574 1562 3629 usque
1588 3559 1655 3614 ad
1679 3557 1870 3625 caelos,

274 3661 333 3709 et
366 3653 707 3709 descendunt
747 3666 921 3722 usque
951 3648 1020 3705 ad
1063 3652 1328 3723 abyssos:
1360 3650 1541 3706 anima
1581 3665 1772 3706 eorum
1816 3649 1873 3704 in

273 3743 435 3800 malis
471 3742 809 3801 tabescebat.
855 3741 1082 3798 Turbati
1128 3750 1261 3798 sunt
1294 3750 1351 3799 et
1379 3742 1512 3799 moti
1558 3749 1688 3798 sunt
1733 3742 1876 3798 sicut

274 3836 502 3893 ebrius:
533 3843 591 3891 et
615 3833 794 3890 omnis
834 3833 1102 3906 sapientia
1139 3847 1327 3890 eorum
1358 3834 1615 3889 devorata
1660 3841 1765 3890 est.
1808 3832 1875 3888 Et

273 3928 651 3985 clamaverunt
688 3926 757 3983 ad
782 3925 1072 3983 Dominum
1098 3942 1222 3982 cum
1253 3926 1685 3982 tribularentur:
1713 3935 1769 3982 et
1805 3926 1874 3982 de

277 4019 698 4077 necessitatibus
716 4033 906 4075 eorum
925 4018 1113 4074 eduxit
1133 4034 1249 4075 eos.
1274 4018 1339 4074 Et
1367 4019 1555 4074 Statuit
1578 4018 1875 4089 procellam

278 4108 406 4180 ejus
432 4111 489 4167 in
532 4126 756 4167 auram:
786 4118 842 4165 et
883 4108 1152 4165 siluerunt
1196 4109 1393 4164 ﬂuctus
1424 4110 1563 4181 ejus.
1598 4110 1667 4164 Et
1706 4109 1875 4166 laetati

278 4212 409 4259 sunt
436 4203 561 4273 quia
587 4202 855 4257 siluerunt
879 4219 891 4255 ε
917 4209 973 4256 et
997 4200 1220 4257 deduxit
1241 4215 1335 4255 eos
1363 4199 1419 4255 in
1444 4210 1659 4271 portum
1684 4201 1877 4256 volun-

274 4294 412 4351 tatis
430 4309 643 4350 eorum.
662 4290 1036 4348 Conﬁteantur
1058 4290 1287 4346 Domino
1308 4290 1697 4346 misericordim
1719 4289 1871 4359 ejus:

1955 1932 2144 1982 manet
2189 1926 2246 1980 in
2274 1923 2533 1982 smculum
2561 1927 2766 1983 sa:culi.
2798 1927 3115 1985 Memoriam
3157 1928 3287 1986 fecit
3331 1930 3550 1988 mirabi-

1954 2015 2089 2073 lium
2115 2032 2358 2084 suorum,
2384 2016 2695 2074 misericors
2713 2028 2767 2074 et
2788 2021 3073 2076 miserator
3089 2021 3349 2080 Dominus
3369 2038 3553 2081 escam

1956 2109 2108 2166 dedit
2136 2109 2455 2166 timentibus
2477 2127 2560 2167 se.
2604 2110 2812 2168 Memor
2851 2113 2961 2169 erit
3003 2115 3059 2170 in
3083 2115 3342 2173 saeculum
3381 2126 3555 2174 testa-

1958 2203 2129 2259 menti
2182 2204 2297 2271 sui,
2352 2205 2609 2261 virtutem
2662 2221 2890 2278 operum
2937 2225 3161 2267 suorum
3214 2214 3557 2271 annuntiabit

1961 2296 2158 2368 populo
2181 2312 2301 2353 suo.
2327 2297 2401 2355 Ut
2429 2300 2519 2354 det
2546 2299 2655 2356 illis
2677 2300 3057 2360 hzereditatem
3083 2306 3324 2375 gentium
3352 2326 3366 2362 :
3390 2324 3556 2380 opera

1959 2404 2221 2446 manuum
2266 2388 2404 2461 ejus,
2452 2391 2657 2449 veritas
2696 2400 2752 2448 et
2792 2392 3081 2463 judicium.
3126 2397 3335 2455 Fidelis
3372 2402 3559 2459 omnia

1961 2481 2217 2537 mandata
2260 2479 2400 2551 ejus,
2425 2482 2744 2539 conﬁrmata
2792 2486 2848 2541 in
2878 2486 3136 2544 saeculum
3180 2490 3386 2558 saeculi,
3415 2490 3559 2549 facta

1962 2572 2018 2629 in
2038 2573 2270 2631 veritate
2302 2583 2359 2629 et
2383 2575 2661 2645 :equitate.
2703 2575 3154 2650 Redemptionem
3181 2582 3333 2639 misit
3359 2583 3561 2655 populo

1963 2681 2084 2732 suo,
2116 2668 2395 2723 mandavit
2426 2669 2480 2723 in
2504 2676 2768 2725 :eternum
2796 2678 3181 2729 testamentum
3206 2688 3383 2731 suum.
3424 2675 3563 2733 San-

1964 2768 2115 2816 ctum
2154 2768 2212 2816 et
2263 2760 2505 2818 terribile
2548 2778 2748 2819 nomen
2792 2762 2955 2833 ejus:
2995 2764 3209 2821 initium
3259 2766 3559 2839 sapientiae.

1967 2853 2133 2910 timor
2160 2853 2396 2910 Domini.
2424 2853 2736 2912 intellectus
2754 2856 2931 2914 bonus
2958 2859 3210 2916 omnibus
3237 2859 3565 2920 facientibus

1967 2957 2092 3000 eum
2122 2962 2136 2998 :
2165 2944 2406 3001 laudatio
2431 2944 2549 3016 ejus
2575 2956 2761 3004 manet
2786 2948 2841 3005 in
2867 2950 3124 3007 saeculum
3154 2952 3356 3010 saeculi.

2043 3031 2113 3090 Ut
2131 3052 2315 3108 supra.
2361 3036 2677 3096 Conﬁtebor
2703 3040 2822 3106 tibi,
2857 3042 3109 3111 Domine,
3155 3045 3210 3099 in
3258 3052 3372 3104 toto
3400 3049 3565 3106 corde

1892 3160 1942 3225 ο
1970 3141 2116 3225 meo,
2144 3129 2384 3225 narrabo
2410 3128 2595 3186 omnia
2626 3131 2894 3189 mirabilia
2921 3142 3031 3190 tua.

2046 3216 2254 3275 Oratio.
2324 3218 2650 3278 Sanctorum
2697 3225 2942 3281 omnium
2985 3227 3219 3301 gloriosa
3273 3227 3563 3300 confessio,

1971 3309 2136 3376 Deus,
2173 3310 2354 3368 tribue
2384 3312 2542 3369 nobis
2576 3314 2830 3371 timorem
2871 3320 3108 3376 nominis
3150 3320 3251 3390 tui,
3275 3323 3420 3394 quod
3447 3338 3568 3381 esse

1971 3401 2186 3458 initium
2241 3404 2521 3476 sapientia:
2560 3408 2885 3477 prtedixisti,
2922 3419 2983 3466 ut
3026 3420 3246 3471 tuorum
3291 3417 3568 3473 commissi

1971 3494 2221 3551 conciliis
2249 3495 2639 3554 misericordite
2669 3508 2774 3555 tute
2806 3500 3037 3574 dapibus
3060 3507 3394 3578 saginemur.
3437 3507 3565 3565 Per.

2528 3609 2639 3683 55
2673 3611 3019 3672 PSALMUS.

2047 3722 2231 3797 (PSAL.
2282 3725 2419 3799 cxi.)
2465 3724 2665 3782 Beatus
2702 3727 2790 3783 vir
2816 3728 2909 3800 qui
2955 3730 3107 3788 timet
3134 3730 3423 3789 Dominum
3458 3754 3472 3789 :
3512 3734 3569 3792 in

1974 3815 2247 3871 mandatis
2273 3812 2392 3886 ejus
2416 3815 2562 3872 volet
2601 3817 2786 3874 nimis.
2825 3819 3112 3877 Potensin
3152 3830 3298 3880 terra
3334 3827 3441 3881 erit
3488 3842 3576 3883 se-

1977 3922 2101 3963 men
2131 3905 2248 3977 ejus
2274 3926 2287 3962 :
2317 3910 2600 3979 generatio
2615 3921 2890 3968 rectorum
2920 3914 3291 3973 benedieetur.
3308 3918 3491 3976 Gloria
3518 3928 3574 3978 et

1978 4001 2181 4057 divitiae
2217 4000 2271 4056 in
2310 4001 2471 4057 domo
2500 4002 2619 4074 ejus
2650 4022 2664 4057 :
2698 4012 2752 4060 et
2772 4002 2987 4074 justitia
3015 4007 3133 4080 ejus
3159 4019 3344 4066 manet
3381 4012 3433 4066 in
3470 4028 3577 4069 sa-
3674 4014 3688 4027 '

1976 4093 2158 4150 culum
2188 4094 2391 4151 saeculi.
2415 4094 2678 4152 Exortum
2704 4105 2790 4153 est
2816 4099 2870 4153 in
2898 4101 3140 4157 tenebris
3160 4100 3340 4159 lumen
3374 4105 3570 4161 rectis:

1977 4183 2291 4253 misericors
2335 4193 2392 4240 et
2436 4185 2728 4242 miserator
2770 4196 2825 4243 et
2858 4189 3060 4260 justus.
3103 4189 3385 4251 Iucundus
3410 4196 3575 4252 homo

1978 4274 2072 4346 qui
2094 4276 2388 4331 miseretur
2416 4285 2473 4332 et
2496 4277 2827 4345 commodat,
2874 4280 3112 4351 disponit
3140 4299 3423 4342 sermones
3448 4301 3573 4343 suos

274 4393 337 4445 et
364 4385 637 4442 mirabilia
661 4383 779 4453 ejus
814 4383 940 4439 ﬁliis
968 4383 1271 4439 hominum.
1296 4382 1367 4437 Et
1393 4381 1633 4437 exultent
1661 4396 1784 4437 eum
1816 4382 1874 4437 in
1978 4367 2033 4423 in
2055 4367 2265 4437 iudicio
2311 4385 2324 4422 =
2377 4370 2503 4439 quia
2551 4370 2603 4425 in
2644 4380 2911 4427 aeternum
2964 4389 3071 4431 non
3120 4381 3572 4438 commovebitur.

277 4478 525 4535 Ecclesia
570 4476 786 4547 ριεωεε
827 4484 883 4530 ει
927 4476 981 4530 in
1025 4473 1283 4529 cathedra
1331 4474 1609 4529 seniorum
1655 4474 1875 4529 laudem
1909 4461 2039 4547 nIn
2068 4465 2329 4519 memoria
2357 4474 2563 4520 aeterna
2607 4466 2714 4521 erit
2736 4464 2960 4535 justus:
3008 4470 3078 4527 ab
3111 4473 3388 4531 auditione
3432 4476 3573 4531 mala

275 4584 432 4627 eum.
456 4567 645 4623 Posuit
669 4564 889 4620 ﬁumina
916 4565 971 4619 in
996 4564 1273 4620 desertum
1302 4584 1313 4618 :
1338 4573 1393 4620 et
1414 4566 1592 4621 exitus
1612 4581 1877 4635 aquarum
1908 4556 1955 4576 “’
1982 4570 2089 4610 non
2122 4556 2354 4611 limebil-
2403 4557 2659 4613 Paratum
2697 4575 2793 4616 οοτ
2820 4561 2937 4630 eius
2966 4579 3187 4633 sperare
3229 4568 3282 4623 in
3312 4569 3571 4626 Domino:

278 4660 339 4716 in
368 4658 538 4715 sitim.
565 4655 792 4712 Terram
829 4653 1165 4711 fructiferam
1195 4656 1247 4710 in
1279 4656 1632 4727 salsuginem,
1664 4672 1695 4710 a
1725 4656 1881 4710 mali—
1981 4648 2364 4705 conﬁrmatum
2386 4659 2471 4706 εει
2499 4666 2595 4707 θοι·
2622 4650 2760 4722 eius:
2786 4670 2893 4709 ηοη
2924 4661 3374 4729 οοωηὶονθιίίυνν
3401 4663 3574 4719 donec

278 4752 365 4807 tia
396 4746 822 4805 inhabitantium
866 4747 922 4801 in
948 4760 1034 4801 ca.
1065 4745 1254 4801 Posuit
1278 4748 1553 4801 desertum
1603 4748 1655 4802 in
1687 4755 1879 4818 stagna
1981 4743 2247 4814 despiciat
2280 4744 2527 4801 inimicos
2562 4744 2697 4815 ejus.
2737 4747 3023 4818 Dispersit,
3051 4751 3197 4807 dedit
3223 4756 3571 4825 pauperibus,

278 4856 593 4909 aquarum:
621 4850 676 4897 et
720 4849 920 4895 terram
951 4840 1069 4895 sine
1098 4855 1238 4909 aqua
1282 4840 1334 4893 in
1383 4840 1562 4895 exitus
1593 4856 1856 4911 aquarum

1975 4829 2189 4901 justitia
2233 4834 2351 4902 ejus
2388 4846 2573 4891 manet
2621 4837 2674 4890 in
2718 4838 2974 4893 saeculum
3010 4841 3193 4896 smculi
3220 4857 3234 4897 :
3259 4858 3428 4900 cornu
3454 4845 3571 4916 ejus

281 4936 359 4992 Et
384 4932 670 4988 collocavit
703 4929 811 4985 illic
854 4929 1159 4985 esurientes
1184 4947 1198 4983 :
1229 4937 1287 4985 et
1311 4930 1711 4986 constituerunt
1742 4932 1882 4987 civi—
1982 4926 2312 4981 exallahilur
2343 4928 2397 4981 in
2425 4928 2617 4999 gloria.
2659 4928 2923 4986 Pcccator
2969 4931 3175 4990 videbit
3199 4943 3253 4990 et
3281 4936 3570 5007 irascetur,

283 5032 458 5081 tatem
484 5020 856 5078 habitationis.
889 5019 957 5075 Et
994 5020 1401 5075 seminaverunt
1440 5036 1619 5091 agros,
1651 5030 1706 5077 et
1732 5023 1884 5093 plan-
1984 5018 2239 5075 dentibus
2278 5021 2391 5076 suis
2418 5019 2613 5077 fremet
2636 5031 2692 5077 et
2722 5022 2999 5079 tabescet:
3029 5025 3353 5083 desiderium
3383 5046 3571 5101 pecca-

283 5120 544 5168 laverunt
570 5111 756 5165 vineas
785 5127 799 5163 :
831 5118 888 5164 et
919 5108 1165 5164 fecerunt
1192 5108 1430 5164 fructum
1471 5111 1789 5166 nativitatis.
1819 5113 1886 5167 Et
1986 5120 2165 5167 torum
2192 5114 2410 5184 peribit.
3338 5126 3341 5131 '

278 5202 567 5260 benedixit
599 5203 702 5268 eis,
725 5210 781 5257 et
810 5202 1149 5274 multiplicati
1173 5210 1301 5257 sunt
1326 5203 1489 5258 nimis
1515 5221 1526 5255 :
1556 5211 1612 5258 et
1639 5201 1885 5271 jumenta
2061 5204 2129 5259 Ut
2167 5222 2350 5277 supra.
2400 5206 2816 5263 Conﬁtebuntur
2851 5208 2974 5265 caeli
3015 5210 3284 5267 mirabilia
3325 5221 3433 5280 tua,
3461 5214 3572 5269 Do-

278 5309 482 5350 eorum
505 5310 611 5350 non
651 5294 962 5349 minoravit.
990 5296 1059 5350 Et
1081 5295 1238 5367 pauci
1268 5293 1397 5350 facti
1427 5305 1553 5351 sunt
1579 5316 1591 5351 :
1622 5306 1678 5352 et
1705 5299 1887 5353 vexati
1988 5300 2135 5354 mine
2168 5315 2182 5353 :
2210 5301 2410 5354 etenim
2461 5301 2747 5356 veritatem
2798 5308 2946 5357 tuam
2997 5304 3053 5358 in
3083 5303 3323 5361 Ecclesia
3359 5316 3575 5363 sancto-

283 5392 423 5442 sunt
462 5402 492 5440 a
537 5384 885 5441 tribulatione
932 5386 1197 5443 malorum
1240 5394 1297 5441 et
1333 5386 1537 5442 dolore.
1584 5388 1764 5445 Ellusa
1806 5398 1891 5445 est
1989 5406 2131 5445 rum.

282 5476 574 5532 contentio
598 5491 760 5545 super
794 5476 1105 5547 principes:
1137 5484 1194 5531 et
1224 5492 1412 5532 errare
1440 5476 1569 5531 fecit
1595 5494 1690 5533 eos
1720 5480 1774 5533 in
1807 5479 1890 5533 ἰη-

283 5568 407 5631 vio.
436 5575 493 5621 et
516 5581 623 5621 non
665 5565 719 5620 in
750 5566 859 5620 via.
886 5566 955 5620 Et
995 5566 1202 5638 adjuvit
1229 5581 1520 5637 pauperem
1555 5568 1623 5622 de
1663 5569 1844 5639 inopia
1872 5588 1884 5624 :

286 5664 355 5713 et
382 5656 563 5725 posuit
588 5657 729 5712 sicut
752 5672 882 5711 oves
913 5652 1173 5711 familias.
1194 5656 1463 5711 Videbunt
1486 5656 1639 5724 recti,
1664 5666 1719 5713 et
1744 5658 1891 5714 heta-

284 5750 499 5806 huntur
526 5769 538 5803 :
570 5760 626 5807 et
666 5751 846 5807 omnis
873 5751 1129 5822 iniquitas
1165 5752 1425 5822 oppilavit
1459 5767 1520 5808 os
1546 5768 1723 5810 suum.
1757 5753 1890 5821 Quis

2061 5480 2267 5536 Oratio.
2318 5481 2525 5536 Lumen
2587 5492 2907 5555 perpetuum
2972 5495 3241 5543 rectorum
3305 5491 3572 5558 cordinm,

1988 5573 2154 5639 Deus,
2194 5574 2430 5628 concede
2469 5575 2623 5629 nobis
2661 5584 2713 5631 te
2748 5576 2990 5648 diligere,
3041 5586 3131 5635 tua
3171 5579 3338 5652 gloria
3376 5582 3575 5654 jucun-

1990 5664 2126 5728 dari,
2157 5672 2212 5720 et
2253 5665 2333 5720 sic
2361 5665 2638 5736 despicere
2676 5667 2779 5722 hoc
2819 5668 3075 5723 sazculum
3121 5669 3174 5725 in
3206 5673 3486 5739 prmsenti,
3512 5680 3579 5729 ut

1991 5771 2282 5814 caveamus
2309 5757 2553 5813 auditum
2587 5773 2837 5830 asperum
2870 5759 2925 5815 in
2951 5759 3154 5817 futuro.
3183 5759 3305 5817 Per.
