4122 6566
521 359 625 417 515

1142 463 1482 522 PSAIJIITS.

596 584 777 659 (PSAL.
803 583 961 654 cm.)
1002 581 1262 644 Laudato,
1313 579 1484 649 pueri,
1513 576 1796 631 Dominum
1825 591 1838 641 ;
1892 572 2106 627 laudate

524 695 722 739 nomen
745 677 979 733 Domini.
1035 675 1120 731 Sit
1146 687 1341 729 nomen
1367 671 1577 726 Domini
1623 668 1962 724 benedictum
1995 683 2006 717 :
2040 679 2107 719 ex

524 773 630 829 hoc
655 786 797 826 nunc
822 777 876 824 et
905 780 1076 838 usque
1106 768 1160 821 in
1189 764 1464 820 sarculum.
1514 763 1559 816 Α
1607 759 1737 815 solis
1775 768 1894 814 ortu
1940 771 2110 826 usque

526 867 595 922 ad
618 879 871 922 occasum
905 882 916 915 :
948 859 1210 915 laudabile
1241 871 1436 911 nomen
1467 855 1700 910 Domini.
1734 853 1991 908 Excelsus
2021 866 2112 904 su-

525 975 624 1031 per
651 970 840 1013 omnes
870 963 1058 1027 gentes
1083 951 1342 1006 Dominus
1375 967 1387 1002 :
1433 961 1488 1004 et
1517 963 1680 1017 super
1726 946 1894 1002 caelos
1942 944 2111 1016 gloria

525 1049 664 1120 ejus.
717 1047 849 1115 Quis
894 1046 1036 1106 sicut
1061 1043 1319 1099 Dominus
1344 1042 1488 1096 Deus
1521 1049 1722 1104 noster,
1756 1038 1848 1108 qui
1895 1037 1948 1091 in
1992 1036 2114 1092 altis

529 1140 860 1196 habitatzet
903 1135 1127 1192 humilia
1178 1133 1399 1203 respicit
1447 1133 1501 1186 in
1547 1130 1685 1186 caelo
1735 1137 1790 1185 et
1829 1129 1888 1184 in
1934 1125 2115 1182 terra?

527 1231 813 1287 Sziscitans
854 1243 884 1283 a
933 1235 1079 1282 terra
1131 1228 1343 1295 inopem
1380 1242 1392 1277 :
1435 1223 1585 1278 etde
1615 1231 1855 1277 stercore
1903 1219 2116 1290 erigens

528 1336 846 1393 pauperem.
900 1320 971 1375 Ut
1002 1319 1226 1373 collocet
1254 1331 1376 1371 eum
1409 1329 1532 1370 cum
1561 1311 1895 1385 principibus
1927 1329 1940 1366 :
1991 1325 2114 1366 eum

531 1415 866 1488 principibus
893 1413 1073 1484 populi
1099 1412 1201 1466 sui.
1235 1407 1336 1478 Qui
1363 1408 1610 1463 [nubilare
1636 1405 1764 1460 facil.
1791 1403 2032 1459 sterilem
2063 1403 2116 1458 iu

532 1507 733 1562 domo:
767 1513 995 1561 matrem
1031 1503 1266 1558 filiorum
1300 1500 1591 1555 lzetantem.

610 1597 677 1654 Ut
704 1616 887 1669 supra.
939 1595 1024 1651 Sit
1070 1611 1265 1650 nomen
1296 1593 1409 1664 ejus
1435 1591 1777 1648 benedictum
1823 1588 1874 1643 in
1903 1587 2116 1653 smeula,

534 1701 662 1748 ante
706 1690 874 1747 solem
905 1695 1222 1758 permaneat
1265 1699 1460 1740 nomen
1504 1683 1639 1754 ejus.
1686 1680 1754 1735 Et
1779 1680 2119 1736 benedictum

537 1797 733 1838 nomen
785 1780 1085 1849 majestatis
1131 1776 1246 1846 ejus
1295 1777 1348 1830 in
1398 1783 1680 1838 rete-roum,
1726 1779 1782 1827 et
1826 1771 2122 1842 replebitur

538 1877 822 1947 majestate
846 1875 962 1944 ejus
993 1874 1171 1929 omnis
1200 1881 1343 1928 terra
1376 1889 1386 1924 :
1419 1867 1560 1933 Fiat,
1591 1867 1701 1922 fiat.

610 1969 817 2026 Oratio.
852 1968 1160 2024 Laudantes
1182 1964 1523 2020 benedictum
1549 1974 1744 2015 nomen
1771 1967 1920 2012 tuum
1951 1954 2125 2012 omni-

540 2073 736 2135 potens
765 2061 928 2127 Deus,
967 2072 1219 2130 rogamus
1246 2064 1304 2111 ut
1335 2071 1434 2110 nos
1469 2054 1521 2108 in
1566 2054 1683 2108 sinu
1723 2050 1914 2106 matris
1941 2048 2128 2105 Eccle-

539 2155 638 2212 sia:
667 2153 957 2209 collocatos
990 2149 1280 2205 charitatis
1313 2159 1415 2201 tum
1452 2143 1621 2199 facias
1661 2142 1957 2198 stabilitate
2002 2154 2130 2196 cono

544 2248 709 2307 necti.
752 2246 873 2300 Per.

1167 2331 1394 2389 PSAIM
1402 2328 1506 2388 US.

615 2433 796 2508 (pSAL.
846 2429 1025 2500 exin.)
1069 2428 1126 2483 In
1157 2427 1306 2484 exitu
1354 2424 1520 2479 Israel
1561 2423 1629 2477 de
1657 2421 1912 2495 Aigypto,
1941 2422 2135 2476 domus

546 2524 712 2580 Jacob
735 2524 802 2580 de
825 2522 1022 2593 populo
1046 2521 1300 2576 barbaro.
1350 2516 1516 2571 Facta
1563 2522 1642 2570 est
1668 2513 1849 2568 Judma
1899 2508 2137 2567 sanctifi-

548 2618 690 2674 catio
716 2613 854 2683 ejus,
905 2611 1070 2670 Israel
1115 2616 1358 2682 potestas
1383 2606 1516 2676 ejus.
1549 2604 1696 2660 Mare
1724 2603 1859 2659 vidit
1886 2610 1940 2658 et
1967 2601 2133 2673 fugit:

550 2710 805 2766 Jordanis
831 2721 1126 2763 conversus
1148 2714 1233 2758 est
1258 2711 1576 2757 retrorsum.
1604 2697 1812 2754 Montes
1833 2695 2140 2752 exsultave-

553 2810 681 2858 runt
709 2809 768 2857 ut
806 2800 1050 2853 arietes:
1097 2805 1154 2850 et
1181 2793 1344 2852 colles
1389 2792 1530 2849 sicut
1575 2790 1699 2861 agni
1747 2789 1951 2845 ovium.
2002 2784 2142 2855 Quid

552 2901 638 2950 est
663 2893 758 2949 tibi
790 2906 939 2946 mare
965 2888 1108 2961 quod
1148 2886 1368 2958 fugisti?
1404 2885 1470 2941 Et
1496 2892 1552 2940 tu
1585 2881 1833 2938 Iordanis
1864 2882 1986 2952 quia
2015 2893 2145 2935 con-

555 3003 745 3043 versus
773 2999 833 3041 es
868 2981 1200 3040 retrorsum?
1236 2979 1443 3034 Montes
1472 2975 1783 3032 exsultastis
1816 2975 1956 3029 sicut
1999 2973 2144 3027 arie-

557 3090 681 3136 tes:
714 3087 770 3135 et
812 3077 979 3133 colles
1031 3077 1173 3130 sicut
1222 3072 1349 3144 agni
1401 3071 1604 3126 ovium.
1657 3068 1697 3122 Α
1747 3067 1886 3124 facie
1933 3064 2146 3120 Domini

1357 349 1422 404 Β.
1464 347 1525 403 F.
1560 342 1782 401 ALBINI
1823 339 1954 397 SEU
1991 334 2267 393 ALCUINI
2303 329 2586 389 OPEBUM
2626 327 2806 384 PARS
2839 325 2926 381 IV.

2139 457 2184 516 Α
2289 447 2493 502 Oratio.
2559 441 2830 499 Ineffabile
2886 451 3080 494 nomen
3133 430 3412 488 Trinitatis
3469 427 3632 489 Deus,
3699 424 3800 495 qui

3685 304 3796 362 διδ

2207 543 2406 598 fluenta
2435 539 2683 594 .lordanis
2722 541 2942 606 aspectu
2985 532 3060 586 tui
3103 528 3322 584 luminis
3360 523 3622 586 terruisti,
3651 534 3804 592 prae-

2210 644 2326 698 sta,
2383 641 2442 686 ut
2491 645 2626 699 quos
2673 626 2886 681 ablutos
2931 638 3086 679 sacro
3130 618 3454 687 baptismate
3498 610 3802 674 renovasti,

2212 741 2486 795 nunquam
2527 721 2753 794 patiaris
2789 735 2819 775 a
2850 716 3034 774 velitis
3055 713 3468 770 simulacrorum
3497 708 3654 764 idolis
3680 721 3808 761 ma-

2211 817 2401 874 culari.
2437 815 2557 870 Per.

2831 899 3170 958 PSA‘LMUS.

2285 1022 2464 1095 (PSAL.
2495 1017 2664 1090 cxrv.)
2703 1014 2900 1078 Dilexi,
2941 1012 3196 1084 quoniam
3239 1009 3494 1066 exaudiet
3538 1007 3809 1063 Dominus

2216 1127 2403 1170 vocem
2442 1103 2704 1166 orationis
2743 1121 2894 1162 meae.
2937 1104 3074 1172 Quia
3114 1101 3395 1158 inclinavit
3433 1115 3614 1154 aurem
3643 1113 3810 1154 suam

2216 1207 2346 1262 mihi
2375 1214 2470 1261 :et
2498 1206 2551 1258 in
2581 1201 2772 1259 diebus
2802 1197 2937 1254 meis
2986 1196 3267 1252 invocabo.
3319 1191 3820 1249 Circumiederunt

2214 1317 2306 1358 me
2343 1299 2555 1354 dolores
2601 1294 2793 1349 mortis
2824 1310 2838 1344 ι
2872 1300 2927 1346 et
2963 1288 3198 1361 pericula
3244 1284 3439 1342 inferni
3481 1285 3821 1340 invenerunt

2216 1407 2326 1448 me.
2360 1387 2781 1444 Tribulatiooem
2830 1392 2885 1439 et
2933 1381 3170 1438 dolorem
3227 1378 3408 1434 inveni
3453 1393 3465 1430 :
3509 1385 3564 1431 et
3605 1389 3816 1430 nomen

2218 1480 2429 1537 Domini
2473 1477 2737 1534 illVOCM‘I.
2779 1474 2822 1531 Ο
2849 1473 3095 1535 Domine,
3125 1470 3291 1526 libera
3325 1469 3562 1523 animam
3593 1481 3814 1522 meam:

2221 1573 2534 1630 misericors
2563 1568 2823 1622 Dominus
2871 1572 2925 1619 et
2947 1564 3146 1636 justus,
3178 1571 3236 1618 et
3261 1560 3405 1616 Deus
3433 1565 3621 1614 noster
3650 1554 3821 1611 mise-

2223 1673 2388 1720 retur.
2453 1661 2778 1718 Custodiens
2822 1656 3077 1728 parvulos
3136 1653 3396 1710 Dominus
3436 1669 3455 1706 ‘:
3499 1649 3823 1706 humiliatus

2224 1769 2366 1817 sum,
2407 1762 2460 1807 et
2503 1750 2755 1805 liberavit
2796 1762 2901 1804 me.
2952 1746 3306 1810 Convertere,
3333 1745 3521 1799 anima
3571 1757 3714 1806 mea,
3763 1742 3816 1796 in

2152 1822 2192 1883 Β
2225 1845 2465 1915 requiem
2505 1849 2651 1897 tuam
2689 1858 2701 1893 :
2746 1841 2871 1910 qtia
2905 1837 3165 1896 Dominus
3199 1835 3470 1892 benefecit
3509 1835 3626 1890 tibi.
3675 1833 3808 1902 Quia

2225 1934 2424 2006 eripuit
2451 1933 2688 1988 animam
2718 1947 2894 1989 meam
2927 1929 2991 1986 de
3022 1937 3195 1984 morte
3225 1948 3236 1982 :
3269 1927 3454 1985 oculos
3485 1941 3636 1983 meos
3672 1942 3700 1980 a
3733 1926 3811 1980 la-

2229 2026 2464 2098 crymis,
2508 2025 2673 2096 pedes
2716 2038 2867 2080 meos
2917 2037 2949 2077 a
2985 2022 3160 2093 lapsu.
3213 2020 3446 2076 Plaeebo
3494 2019 3724 2076 Domino
3759 2021 3816 2074 in

2230 2119 2450 2192 regione
2477 2118 2744 2173 vivarum.

2304 2207 2370 2264 Ut
2400 2226 2581 2281 supra.
2621 2208 2682 2270 In
2720 2221 2810 2264 me
2845 2215 2995 2273 sunt,
3017 2202 3186 2273 Deus,
3216 2214 3343 2260 vota
3383 2213 3496 2270 tua,
3526 2219 3650 2276 qua:
3696 2203 3828 2260 red-

2233 2300 2362 2357 dam
2409 2300 2752 2356 laudationes
2799 2299 2918 2354 tibi.
2971 2295 3237 2366 Quoniam
3293 2296 3539 2368 eripuisti
3587 2297 3836 2352 animam

2233 2407 2412 2451 meam
2434 2393 2501 2449 de
2525 2399 2717 2460 morte,
2743 2399 2801 2448 et
2818 2391 2984 2463 pedes
3011 2405 3164 2446 meos
3191 2391 3259 2446 de
3284 2388 3471 2460 lapsu:
3499 2397 3559 2444 ut
3575 2389 3832 2458 placeam

2237 2500 2423 2544 coram
2453 2484 2564 2541 Deo
2593 2485 2646 2540 in
2678 2483 2883 2540 lumine
2905 2481 3224 2538 viventium.

2312 2578 2518 2635 Oratio.
2542 2576 2770 2634 Ablutor
2791 2574 3187 2647 peccaminum,
3205 2573 3450 2639 Domine,
3475 2572 3566 2644 qui
3590 2571 3838 2626 animam

2241 2680 2294 2728 te
2335 2670 2565 2728 fideliter
2604 2669 2955 2725 invocantem
2993 2666 3255 2724 velociter
3311 2664 3642 2730 consolaris;
3683 2679 3846 2736 roga-

2241 2781 2364 2822 mus
2406 2771 2468 2818 ut
2531 2777 2632 2819 nos
2681 2777 2712 2817 a
2749 2758 3006 2832 periculis
3058 2757 3256 2816 inferni
3301 2769 3486 2815 erutos
3528 2760 3582 2812 in
3617 2759 3847 2828 regione
3937 2751 3941 2754 ⁷

2242 2857 2510 2921 vivorum,
2543 2854 2723 2909 ablata
2746 2851 2958 2924 peccati
2989 2859 3181 2916 morte,
3211 2851 3492 2906 restituas.
3537 2850 3658 2905 Per.

2875 2963 3217 3022 PSALMUS.

2319 3085 2502 3159 (PSAL.
2533 3081 2681 3156 car.)
2720 3080 2958 3147 Credidi,
2992 3086 3216 3150 propter
3249 3079 3392 3148 quod
3435 3077 3648 3135 locutus
3686 3093 3846 3133 sum:

555 3181 704 3229 mola
732 3180 816 3226 est
845 3180 990 3224 terra
1028 3184 1040 3220 :
1090 3182 1121 3221 a
1168 3165 1308 3223 facie
1352 3164 1446 3220 Dei
1487 3161 1676 3218 Jacob.
1727 3160 1828 3228 Qui
1872 3158 2147 3252 convertit
2173 3187 2218 3252 ο
2248 3192 2351 3249 ego
2387 3187 2572 3233 amem
2609 3173 2924 3231 humilium
2964 3186 3086 3228 sum
3127 3173 3309 3227 nimis.
3354 3171 3466 3243 Ego
3500 3172 3610 3227 dm
3652 3172 3708 3226 in
3752 3188 3846 3226 εχ-

557 3273 776 3338 petram
827 3262 881 3317 in
939 3269 1132 3330 stagna
1189 3272 1474 3327 aquarum,
1524 3263 1580 3310 et
1628 3269 1818 3324 rupem
1865 3251 1920 3305 in
1973 3249 2148 3306 fontes

558 3369 843 3430 aquarum.
891 3350 1018 3408 Non
1054 3349 1231 3415 nobis,
1271 3347 1515 3412 Domine,
1561 3359 1669 3403 non
1700 3343 1854 3400 nobis
1879 3359 1890 3394 ε
1920 3341 2016 3396 sed
2054 3355 2152 3396 no-

560 3449 696 3506 mini
726 3456 817 3502 tuo
848 3448 916 3502 da
945 3443 1195 3516 gloriam.
1241 3439 1420 3515 Super
1444 3436 1820 3493 misericordia
1850 3444 1940 3489 tua
1979 3441 2031 3489 et
2060 3448 2151 3488 ve—

564 3547 727 3602 ritate
775 3551 905 3598 tua:
939 3538 1226 3611 nequando
1273 3537 1460 3592 dicant
1500 3541 1710 3604 gentes,
1757 3529 1848 3586 ubi
1891 3536 1976 3583 est
2011 3527 2155 3582 Deus

563 3635 794 3696 eorum?
839 3632 984 3688 Deus
1025 3639 1206 3686 autem
1251 3635 1442 3683 noster
1488 3624 1544 3682 in
1585 3623 1726 3679 cmlo
1755 3640 1767 3675 :
1797 3620 1980 3676 omnia
2009 3634 2157 3689 quae—

565 3745 780 3800 cunque
822 3725 1015 3790 voluit,
1048 3721 1197 3778 fecit.
1242 3717 1547 3776 Simulacra
1589 3717 1830 3788 gentium
1872 3722 2157 3783 argentum

564 3833 623 3882 et
649 3835 838 3880 aurum
869 3833 1074 3891 :Opera
1107 3830 1366 3870 manuum
1405 3812 1703 3868 hominum.
1735 3806 1810 3864 0s
1853 3808 2074 3869 habent,
2105 3811 2159 3857 et

565 3931 676 3973 non
724 3915 1061 3984 loquentur:
1101 3907 1290 3965 oculos
1343 3908 1564 3970 habent,
1611 3913 1665 3960 ct
1717 3918 1824 3958 non
1879 3900 2156 3955 videbunt.

569 4007 748 4062 Aures
770 4003 986 4064 habent,
1018 4009 1074 4054 et
1100 4014 1209 4054 non
1236 3997 1459 4052 audient
1490 4012 1502 4047 :
1536 4010 1698 4049 nares
1725 3993 1945 4054 habent,
1974 3997 2030 4045 et
2057 4003 2160 4042 non

569 4095 897 4154 odorabunt.
947 4093 1135 4149 Manus
1160 4091 1381 4156 habent,
1413 4095 1471 4143 et
1515 4103 1623 4142 non
1661 4085 1972 4157 palpabunt,
2002 4082 2165 4154 pedes

574 4187 797 4251 habent,
851 4192 906 4240 et
954 4198 1061 4238 non
1115 4179 1470 4235 ambulabunt
1519 4195 1531 4230 :
1583 4193 1688 4232 non
1743 4174 2054 4230 clamabunt
2112 4173 2165 4227 in

577 4286 794 4349 gutture
820 4291 938 4329 suo.
989 4271 1208 4327 Similes
1253 4269 1358 4324 illis
1404 4267 1567 4334 fiant,
1611 4268 1701 4335 qui
1734 4265 1941 4320 faciunt
1976 4279 2037 4318 ca
2072 4279 2083 4314 :
2114 4269 2169 4315 et

577 4383 768 4425 omnes
791 4367 884 4438 qui
912 4365 1189 4428 confidunt
1217 4361 1270 4416 in
1295 4361 1397 4417 eis.
1423 4358 1627 4413 Domus
1652 4357 1819 4414 Israel
1843 4354 2087 4427 speravit
2115 4354 2168 4406 in

583 4460 813 4515 Domino
841 4454 1115 4530 :_adjutor
1163 4465 1351 4507 eorum
1401 4457 1455 4505 et
1501 4456 1779 4518 protector
1825 4460 2014 4501 eorum
2066 4451 2167 4499 est.

2249 3285 2407 3327 cessu
2446 3283 2569 3324 meo
2602 3287 2617 3321 :
2653 3265 2830 3321 omnis
2867 3263 3032 3320 homo
3071 3262 3324 3318 mendax.
3371 3261 3509 3329 Quid
3549 3262 3840 3316 retribuam

2249 3369 2481 3426 Domino
2518 3380 2618 3436 pro
2659 3364 2914 3418 omnibus
2947 3377 3069 3432 quae
3106 3359 3356 3416 retribuit
3397 3359 3568 3415 mihi?
3609 3359 3844 3414 Calicem

2255 3459 2514 3516 salutaris
2566 3457 2834 3526 accipiam
2877 3473 2888 3506 :
2941 3463 2996 3509 et
3044 3467 3246 3508 nomen
3289 3449 3502 3505 Domini
3561 3450 3844 3505 invocabo.

2255 3553 2392 3609 Vota
2431 3564 2553 3605 mea
2583 3549 2813 3603 Domino
2841 3545 3065 3601 reddam
3091 3559 3275 3601 coram
3300 3543 3451 3598 omni
3477 3541 3676 3613 populo
3701 3539 3846 3610 ejus.

2256 3642 2492 3714 pretiosa
2527 3641 2580 3694 in
2610 3647 2909 3706 conspectu
2941 3635 3155 3690 Domini
3184 3647 3331 3689 mors
3371 3641 3683 3687 sanctorum
3709 3629 3845 3700 ejus.

2259 3737 2307 3793 Ο
2335 3735 2581 3799 Domine,
2615 3731 2742 3803 quia
2783 3745 2885 3801 ego
2921 3742 3112 3783 servus
3149 3735 3274 3782 tuus
3314 3745 3325 3780 :
3363 3739 3466 3795 ego
3501 3738 3686 3779 servus
3723 3733 3850 3777 tuus

2261 3837 2316 3883 et
2341 3827 2482 3882 ﬁlius
2515 3825 2724 3880 ancillae
2754 3833 2876 3877 tum.
2909 3820 3168 3890 Dirupisti
3199 3817 3414 3873 vincula
3459 3832 3594 3882 mea,
3625 3813 3720 3869 tibi
3757 3828 3849 3867 sa—

2263 3920 2518 3978 crificabo
2541 3916 2776 3972 hostiam
2800 3912 2994 3976 laudis,
3017 3920 3074 3964 et
3104 3918 3301 3964 nomen
3325 3907 3535 3963 Domini
3564 3904 3848 3960 invocabo.

2266 4009 2404 4064 Vota
2444 4019 2562 4060 mea
2605 4004 2835 4060 Domino
2875 4001 3098 4055 reddam
3139 3999 3190 4052 in
3233 4005 3525 4066 conspectu
3559 3993 3735 4049 omnis
3763 4007 3859 4065 po-

2266 4097 2375 4172 puli
2403 4099 2518 4170 ejus
2545 4114 2556 4148 :
2591 4097 2644 4151 in
2676 4095 2828 4149 atriis
2857 4093 3052 4146 domus
3080 4089 3294 4145 Domini
3326 4090 3382 4142 in
3413 4087 3592 4142 medio
3629 4087 3705 4141 tui
3737 4084 3858 4140 llie—

2269 4189 2523 4246 rusalem.

2343 4282 2409 4336 Ut
2439 4274 2620 4351 supra.
2665 4275 2947 4333 L'etamini
2997 4275 3050 4329 in
3091 4271 3351 4337 Domino,
3394 4280 3449 4326 et
3495 4268 3849 4326 conﬁteamini

2272 4377 2550 4436 memoria:
2578 4369 3028 4430 sanctificationis
3057 4367 3193 4437 ejus.

2349 4469 2557 4524 Oratio.
2600 4465 2749 4520 Talis
2778 4464 2870 4530 sit,
2909 4475 3222 4532 qumsumus
3251 4456 3500 4520 Domine,
3528 4456 3640 4509 vita
3670 4452 3860 4524 suppli-

583 4551 787 4607 Domus
815 4549 995 4602 Aaron
1043 4544 1280 4615 speravit
1334 4542 1389 4598 in
1420 4540 1648 4597 Domino
1679 4558 1690 4592 :
1718 4539 1938 4611 adjutor
1979 4550 2168 4593 eorum
2204 4558 2248 4616 ο
2275 4575 2419 4625 cum,
2457 4560 2597 4613 sicut
2624 4564 2708 4610 est
2737 4557 2789 4610 in
2829 4559 3126 4623 compca“
3157 4560 3248 4604 luo
3288 4561 3436 4602 mors
3462 4546 3706 4615 pretiosa
3749 4559 3864 4598 5³η,

583 4655 642 4700 et
667 4651 943 4715 protector
966 4654 1156 4694 eorum
1182 4645 1284 4693 est.
1337 4635 1442 4703 Qui
1489 4635 1682 4689 timent
1711 4633 2019 4696 Dominum,
2053 4647 2174 4701 spe-

589 4743 856 4793 ruerunt
892 4734 944 4787 in
988 4731 1216 4787 Domino
1252 4747 1264 4782 :
1295 4725 1514 4796 adjutor
1561 4741 1749 4781 eorum
1801 4734 1856 4779 et
1900 4732 2178 4796 protector

588 4841 778 4884 eorum
803 4833 906 4880 est.
935 4821 1195 4876 Dominus
1224 4834 1432 4874 memor
1458 4816 1560 4872 fuit
1584 4817 1755 4874 neStri
1785 4834 1796 4868 :
1827 4825 1883 4872 et
1907 4814 2182 4872 benedixit

592 4917 768 4973 nobis.
822 4912 1102 4970 Benediin
1157 4911 1340 4966 domui
1386 4908 1554 4965 Israel
1599 4926 1612 4962 :
1661 4907 1940 4965 benedixit
1999 4906 2180 4963 domui

592 5008 796 5063 Aaron.
847 5002 1134 5059 Beoedixit
1179 4999 1431 5054 omnibus
1475 4999 1567 5068 qui
1615 4997 1806 5051 timent
1854 4993 2180 5050 Dominum:

595 5097 806 5170 pusillis
833 5109 958 5151 cum
986 5089 1300 5160 majoribus.
1341 5088 1447 5159 57
1476 5087 1710 5156 Adjiciat
1735 5087 1996 5141 Dominus
2025 5099 2185 5153 super

600 5206 698 5244 vos
728 5207 740 5242 :
774 5200 937 5257 super
965 5199 1065 5240 vos
1090 5191 1145 5238 et
1173 5197 1335 5252 super
1362 5179 1501 5233 filios
1527 5189 1757 5234 vestros.
1786 5176 2062 5233 Benedicti
2093 5190 2187 5230 vos

600 5295 634 5334 a
659 5278 889 5333 Domino
913 5294 925 5328 :
951 5275 1044 5344 qui
1082 5273 1210 5328 fecit
1235 5272 1431 5327 cmlum
1476 5277 1531 5324 et
1558 5277 1779 5324 terram.
1825 5267 2033 5322 leum
2065 5265 2188 5321 σαεΙὶ

604 5371 872 5426 Domino:
904 5379 1106 5423 terram
1137 5374 1316 5419 autem
1364 5362 1512 5417 dedit
1559 5359 1684 5414 [iliis
1712 5359 2013 5413 hominum.
2069 5355 2185 5411 Non

607 5461 806 5517 mortui
828 5458 1125 5514 laudabunt
1155 5466 1227 5520 te,
1253 5453 1480 5508 Domine
1505 5469 1518 5504 :
1551 5465 1726 5520 neque
1753 5464 1942 5503 omnes
1970 5449 2062 5520 qui
2093 5446 2188 5501 de-

608 5552 878 5607 scendunt
919 5549 971 5602 in
1005 5546 1296 5601 infernum.
1341 5541 1446 5596 Sed
1478 5557 1594 5606 nos,
1623 5539 1714 5610 qui
1743 5540 1995 5602 vivimus,
2026 5538 2191 5592 bene-

607 5645 843 5700 dicimus
865 5637 1091 5696 Domino
1117 5654 1130 5690 :
1161 5653 1224 5693 ex
1252 5636 1355 5690 hoe
1382 5648 1527 5688 nunc
1553 5641 1608 5687 et
1636 5645 1807 5701 usque
1837 5632 1890 5685 in
1920 5628 2194 5685 saeculum.

687 5733 755 5790 Ut
779 5752 960 5807 supra.
991 5731 1328 5804 Adjutorium
1363 5735 1607 5783 nostrum
1639 5726 1691 5780 iu
1724 5724 1939 5780 nomine
1964 5721 2198 5786 Domini,

611 5825 707 5898 Qui
735 5824 865 5883 fecit
891 5824 1083 5883 coelum
1109 5831 1165 5878 et
1194 5829 1414 5876 terram.

2275 4662 2518 4714 ctorum;
2559 4656 2621 4704 ut
2658 4663 2690 4701 a
2728 4643 2958 4699 vinculis
2991 4641 3198 4714 peccati
3238 4639 3392 4695 liberi
3437 4653 3745 4692 mereamur
3790 4634 3866 4692 fu-

2277 4751 2413 4798 turae
2433 4737 2774 4798 Hierusalem
2798 4735 3010 4807 gaudiis
3041 4731 3332 4802 prmlibari.
3365 4730 3468 4784 Per
3490 4729 3796 4785 Dominum.

2905 4862 3244 4922 PSALMUS.

2357 4984 2536 5058 (Pan.
2579 4982 2750 5052 cxvt.)
2789 4980 3030 5035 Laudato
3066 4976 3375 5040 Dominum,
3415 4990 3608 5029 omnes
3654 4981 3871 5044 gentes:

2285 5078 2503 5134 laudate
2533 5091 2657 5132 eum
2692 5089 2883 5129 omnes
2911 5069 3112 5140 populi.
3146 5067 3414 5134 Quoniam
3445 5069 3764 5122 conlirmata
3795 5073 3880 5122 est

2288 5185 2454 5242 super
2482 5183 2581 5224 nos
2611 5163 2986 5222 misericordia
3015 5159 3132 5228 ejus
3158 5178 3168 5212 :
3207 5168 3261 5213 et
3285 5159 3489 5212 veritas
3521 5157 3730 5211 Domini
3771 5173 3879 5210 ma-

2288 5270 2383 5318 net
2412 5261 2465 5314 in
2495 5268 2780 5314 aeternum.

2366 5349 2432 5405 Ut
2465 5368 2642 5422 supra.
2672 5349 2863 5406 Omnis
2895 5355 3038 5400 terra
3070 5344 3261 5400 adoret
3289 5351 3360 5408 te,
3399 5343 3559 5409 Deus,
3599 5351 3651 5396 et
3687 5342 3880 5413 psallat

2293 5443 2388 5499 tibi
2426 5460 2437 5493 :
2465 5442 2732 5513 psalmum
2764 5440 2938 5494 dicam
2969 5436 3173 5491 nomini
3206 5445 3316 5489 tuo.

2373 5532 2577 5588 Oratio.
2651 5529 3190 5599 Omnipotentissime
3256 5525 3602 5589 dominator,
3665 5525 3755 5594 qui
3820 5525 3885 5580 ab

2301 5627 2544 5682 omnium
2575 5623 2816 5694 gentium
2854 5635 2949 5676 ore
2986 5618 3246 5677 laudaris.
3283 5631 3571 5686 precamur
3611 5627 3670 5672 ut
3696 5616 3885 5671 dilates

2303 5718 2588 5772 veritatem
2615 5723 2762 5768 tuam
2798 5713 2854 5766 in
2887 5718 3068 5765 mente
3096 5717 3303 5773 nostra,
3334 5716 3390 5763 et
3414 5706 3703 5763 conﬁrmes
3730 5719 3887 5776 super

2310 5823 2408 5863 nos
2431 5805 2862 5862 misericordiam
2891 5811 3055 5857 tuam.
3081 5798 3204 5854 Per.
