4122 6658
249 498 350 556 ὗΠ

800 605 910 676 53
948 602 1288 659 rsamws.

319 739 500 812 (I’sae.
551 738 742 807 cxvn.)
783 736 1128 792 Conﬁtemini
1167 736 1399 791 Domino
1438 735 1696 806 quoniam
1751 735 1840 789 1ιο-

253 851 354 891 nus
384 853 396 888 :
423 833 682 904 quoniam
723 832 777 886 in
817 829 1071 885 saeculum
1111 829 1484 884 misericordia
1516 829 1651 901 ejus.
1686 827 1844 881 Dicat

250 942 397 984 nunc
423 924 593 996 Israel
622 924 878 995 quoniam
907 922 1084 978 bonus
1120 941 1132 975 :
1177 921 1434 991 quoniam
1481 921 1535 975 in
1587 919 1842 976 saeculum

252 1019 629 1076 misericordia
668 1019 803 1089 ejus.
848 1019 1004 1072 Dicat
1042 1033 1186 1072 nunc
1228 1009 1633 1070 domusAaron
1669 1033 1682 1068 :
1716 1029 1846 1083 quo-

253 1111 402 1168 niam
447 1109 502 1164 in
545 1110 800 1164 szeeulum
838 1107 1212 1164 misericordia
1257 1107 1393 1177 ejus.
1439 1107 1635 1161 Dicant
1676 1120 1841 1167 nunc,

251 1205 348 1276 qui
379 1202 574 1259 timent
601 1200 890 1257 Dominum
925 1217 937 1253 :
969 1200 1230 1270 quoniam
1262 1200 1317 1252 in
1355 1197 1611 1252 saeculum
1641 1195 1850 1250 miseri-

254 1296 440 1352 cordia
468 1293 606 1364 ejus.
649 1293 726 1350 De
772 1291 1120 1347 tribulatione
1151 1290 1400 1345 invocavi
1432 1289 1719 1346 Dominum
1750 1309 1762 1345 :
1795 1297 1850 1344 et

255 1390 536 1448 exaudivit
568 1403 656 1443 me
687 1388 740 1442 in
781 1385 1070 1441 latitudine
1099 1383 1384 1440 Dominus.
1427 1383 1691 1440 Dominus
1719 1383 1850 1438 mibi

259 1478 513 1550 adiutor:
545 1495 652 1536 non
685 1477 904 1543 timebo,
938 1476 1070 1546 quid
1101 1474 1268 1531 faciat
1293 1473 1425 1531 mibi
1457 1475 1638 1530 homo.
1672 1472 1852 1528 Domi-

257 1587 365 1632 nus
393 1572 525 1629 mihi
554 1569 804 1640 adjutor:
831 1577 889 1623 et
915 1583 1016 1641 ego
1054 1567 1356 1638 despiciam
1395 1566 1647 1621 inimicos
1676 1580 1848 1622 meos.

259 1663 470 1721 Bonum
492 1671 576 1720 est
602 1661 879 1719 conﬁdere
903 1661 956 1716 in
985 1659 1235 1723 Domino,
1275 1672 1440 1728 quam
1481 1655 1757 1713 conﬁdere
1797 1655 1851 1709 in

261 1755 503 1813 homine.
547 1754 756 1810 Bonum
799 1761 882 1808 est
920 1765 1141 1822 sperare
1169 1750 1224 1804 in
1252 1749 1500 1816 Domino,
1531 1763 1696 1820 quam
1739 1762 1858 1818 spe—

261 1861 386 1906 rare
420 1848 474 1904 in
505 1847 860 1920 principibus.
901 1846 1105 1901 Omnes
1139 1853 1326 1917 gentes
1364 1845 1698 1899 circuierunt
1733 1857 1850 1897 me:

262 1951 318 1999 et
358 1942 410 1998 in
447 1942 666 1997 nomine
699 1939 943 2004 Domini,
979 1940 1104 2009 quia
1145 1937 1292 1992 ultus
1332 1951 1451 1991 sum
1497 1936 1551 1990 in
1586 1950 1699 1991 eos.
1744 1933 1858 1990 Cir-
1892 1963 1933 2024 Β

263 2037 586 2092 cumlantes
622 2033 1100 2089 circumdederunt
1135 2048 1223 2088 me
1262 2050 1273 2084 :
1317 2039 1374 2086 et
1410 2029 1466 2087 in
1505 2029 1721 2085 nomine
1754 2025 1860 2082 Do—

264 2127 420 2194 mini,
467 2126 596 2198 quia
638 2125 782 2179 ultus
822 2139 942 2178 sum
982 2125 1036 2178 in
1077 2138 1191 2179 eos.
1235 2121 1726 2186 Circumdederunt
1769 2135 1858 2176 me

267 2221 413 2278 sicut
440 2233 592 2291 apes,
621 2228 671 2273 et
701 2225 1027 2273 exarserunt
1055 2217 1199 2271 sicut
1223 2216 1362 2286 ignis
1402 2215 1458 2271 iu
1486 2214 1658 2288 spinis
1684 2234 1696 2267 :
1723 2221 1779 2268 et
1803 2213 1860 2268 in

272 2313 492 2369 nomine
521 2310 757 2376 Domini,
801 2310 931 2379 quia
973 2307 1118 2364 ultus
1162 2324 1282 2364 sum
1326 2308 1381 2364 in
1428 2323 1544 2364 eos.
1595 2305 1861 2379 Impulsus

271 2419 493 2462 eversus
522 2419 666 2469 sum,
699 2410 760 2457 ut
784 2401 1035 2457 caderem
1066 2418 1079 2452 :
1110 2407 1168 2454 et
1196 2399 1458 2456 Dominus
1486 2398 1729 2470 suscepit
1751 2411 1858 2453 me.

273 2497 551 2554 Fortitudo
592 2510 716 2550 mea
748 2504 804 2548 et
838 2492 956 2548 laus
997 2508 1116 2548 mea
1155 2491 1418 2548 Dominus
1444 2509 1457 2545 :
1489 2499 1546 2548 et
1575 2493 1751 2547 factus
1779 2499 1867 2546 est

274 2589 404 2646 mihi
439 2589 495 2644 in
527 2587 778 2644 salutem.
822 2585 936 2641 Vox
965 2585 1347 2640 exsultationis
1374 2595 1430 2641 et
1461 2585 1652 2642 salutis
1691 2585 1746 2640 in
1783 2593 1866 2641 ta-

273 2679 890 2752 bernaéulisjustorum.
919 2676 1155 2733 Dextera
1182 2675 1394 2731 Domini
1419 2676 1552 2734 fecit
1575 2679 1862 2733 virtutem:

273 2776 500 2830 dextera
532 2771 744 2828 Domini
784 2770 1044 2826 exaltavit
1082 2784 1168 2824 me
1199 2786 1213 2822 :
1245 2769 1467 2825 dextera
1497 2769 1711 2826 Domini
1737 2767 1872 2825 fecit.

275 2868 550 2924 virtutem.
582 2865 698 2920 Non
730 2864 955 2930 moriar,
988 2864 1083 2918 sed
1108 2865 1288 2917 vivam
1317 2882 1329 2916 :
1358 2871 1414 2916 et
1442 2863 1674 2917 narrabo
1703 2878 1870 2934 opera

276 2958 514 3017 Domini.
544 2959 831 3031 Castigans
868 2959 1154 3031 castigavit
1181 2975 1268 3014 me
1294 2957 1555 3014 Dominus
1587 2977 1598 3012 :
1629 2965 1684 3014 et
1711 2957 1868 3016 moru'

282 3066 393 3108 non
443 3052 667 3107 tradidit
696 3067 802 3105 me.
850 3050 1070 3119 Aperite
1110 3050 1238 3104 mihi
1286 3059 1471 3121 portas
1513 3049 1757 3119 iustitiae,
1791 3051 1876 3105 in-

279 3163 504 3219 gressus
555 3146 610 3200 in
657 3161 751 3199 cas
795 3145 1097 3199 conﬁtebor
1140 3144 1372 3200 Domino
1407 3164 1420 3198 :
1452 3145 1569 3201 haec
1587 3152 1746 3217 porta
1776 3143 1876 3198 Do-

278 3239 436 3303 mini,
474 3235 607 3307 justi
649 3235 930 3290 intrabunt
970 3236 1022 3289 in
1060 3251 1201 3292 eam.
1242 3235 1556 3292 Conﬁtebor
1595 3235 1710 3302 tibi,
1741 3249 1876 3306 quo-

281 3416 542 3489 Impidem
587 3433 750 3487 quem
791 3419 1222 3488 reprobaverunt
1257 3418 1629 3474 aediﬁcantes:
1668 3417 1760 3472 hic
1797 3415 1878 3472 fa-

278 3519 399 3566 ctus
439 3518 526 3565 est
556 3519 722 3582 caput
752 3519 954 3581 anguli.
987 3511 1028 3564 Λ
1067 3510 1296 3566 Domino
1335 3508 1538 3565 factum
1577 3518 1660 3566 est
1699 3509 1873 3566 istud:

281 3610 340 3655 et
382 3609 467 3656 est
514 3600 765 3656 mirabile
814 3601 868 3654 in
914 3601 1084 3656 oculis
1137 3600 1362 3656 nostris.
1429 3600 1557 3656 Ilaec
1603 3609 1691 3656 est
1737 3600 1875 3665 dies,

284 3705 450 3762 quam
480 3690 608 3747 fecit
637 3691 898 3747 Dominus
929 3711 940 3745 :
969 3691 1308 3748 exsultemus
1338 3699 1395 3746 et
1427 3691 1674 3747 laetemur
1708 3691 1767 3745 in
1790 3705 1874 3745 ea.

283 3780 332 3840 0
355 3781 605 3848 Domine,
628 3782 837 3836 salvum
865 3799 953 3837 me
984 3782 1090 3849 fac,
1123 3798 1156 3838 ο
1186 3782 1433 3849 Domine,
1483 3783 1622 3838 bene
1664 3796 1884 3853 prospe-

288 3891 472 3934 rare:
514 3877 836 3934 benedictus
890 3879 983 3948 qui
1047 3877 1197 3932 venit
1255 3881 1310 3932 in
1369 3877 1590 3934 nomine
1643 3875 1878 3931 Domini.

289 3968 680 4026 Benediximus
716 3971 867 4024 vobis
890 3972 955 4024 de
981 3970 1144 4025 domo
1173 3970 1388 4025 Domini
1412 3986 1424 4021 :
1450 3969 1594 4025 Deus
1623 3967 1885 4024 Dominus

283 4073 342 4120 et
377 4062 557 4119 illuxit
580 4064 757 4120 nobis.
800 4062 1129 4118 Constituite
1155 4064 1299 4119 diem
1329 4064 1626 4120 solemnem
1674 4063 1728 4117 in
1756 4076 1887 4115 eon-

288 4157 476 4214 densis
516 4177 530 4211 :
570 4171 742 4228 usque
785 4157 853 4210 ad
892 4171 1062 4210 cornu
1093 4156 1299 4211 altaris.
1349 4156 1492 4212 Deus
1528 4170 1681 4211 meus
1717 4169 1776 4210 es
1806 4160 1885 4218 tu,

293 4257 349 4304 et
373 4249 677 4306 conﬁtebor
706 4249 802 4304 tibi
831 4265 843 4300 :
869 4246 1014 4303 Deus
1048 4265 1203 4305 meus
1230 4265 1289 4305 es
1329 4260 1411 4316 tu,
1435 4259 1493 4306 et
1521 4249 1773 4306 exaltabo
1807 4256 1881 4302 te.

294 4339 607 4398 Conﬁtebor
641 4340 736 4395 tibi
778 4341 1035 4414 quoniam
1076 4342 1347 4396 exaudisti
1379 4357 1464 4396 me
1494 4359 1507 4393 :
1536 4350 1592 4396 et
1625 4338 1802 4395 factus
1828 4357 1892 4396 es

295 4436 426 4491 mihi
468 4437 522 4491 in
551 4435 804 4490 salutem.
847 4432 1194 4489 Couﬁtemini
1224 4434 1472 4500 Domino,
1505 4435 1763 4504 quoniam
1794 4434 1892 4489 bo-

294 4542 399 4583 nus
423 4546 436 4582 :
460 4528 723 4598 quoniam
757 4527 816 4581 in
845 4525 1104 4582 saeculum
1133 4525 1504 4582 misericordia
1534 4524 1673 4594 ejus.

368 4616 637 4689 Utsupra.
656 4619 903 4683 Domine,
934 4619 1130 4674 exaudi
1154 4620 1456 4676 orationem
1486 4635 1684 4686 meam,
1711 4628 1765 4676 et
1786 4618 1893 4674 cla-

295 4726 419 4767 mor
437 4725 593 4767 meus
621 4711 688 4765 ad
722 4720 771 4765 te
793 4712 1000 4766 veniat.

371 4798 582 4858 Oratio.
624 4799 938 4855 Consolatio
970 4801 1376 4858 tribulationum
1409 4811 1740 4866 nostrarum,
1769 4801 1894 4872 piis-

297 4895 435 4952 sime
461 4892 709 4958 Domine,
756 4892 848 4961 qui
890 4891 1167 4960 justorum
1216 4893 1569 4948 tabernacula
1613 4893 1799 4948 laetitia
1839 4903 1895 4948 et

295 4983 659 5042 exsultatione
673 4981 980 5053 perfundis,
997 4983 1178 5038 exalta
1203 4983 1502 5040 Ecelesiam
1527 4994 1674 5040 tuam
1695 4987 1895 5040 virtute

301 5078 539 5153 potentis
577 5075 838 5140 dextere,
874 5091 983 5145 qua
1024 5075 1119 5132 ﬁat
1146 5085 1302 5147 porta
1332 5075 1589 5147 justitim;
1631 5086 1688 5132 et
1726 5079 1798 5132 ita
1837 5093 1898 5134 se

306 5167 553 5239 angulari
589 5167 888 5223 stabilitate
927 5176 1244 5235 connectat,
1270 5176 1332 5223 ut
1360 5177 1456 5223 tua
1495 5170 1898 5224 resurrectione

308 5257 610 5316 clariﬁcata
629 5257 852 5330 fulgeat.
884 5256 1009 5314 Per.

937 5394 1281 5454 PSALMUS.

380 5513 562 5585 (PSAL.
591 5511 835 5584 cxxxtv.)
880 5511 1127 5570 Laudate
1155 5511 1600 5572 nomenDomini
1639 5528 1653 5564 :
1684 5509 1907 5566 laudate

308 5604 454 5661 servi
496 5603 805 5660 Dominum.
862 5604 964 5672 Qui
1015 5608 1174 5662 statis
1223 5607 1280 5662 in
1326 5606 1488 5662 domo
1533 5605 1746 5659 Domini
1791 5623 1802 5657 :
1848 5606 1904 5660 in

311 5698 469 5754 atriis
493 5698 686 5756 domus
713 5697 807 5753 Dei
838 5701 1031 5754 nostri.
1061 5698 1304 5754 Laudato
1329 5698 1640 5765 Dominum,
1668 5699 1793 5768 quia
1817 5698 1908 5751 bo-

312 5804 415 5844 nus
439 5787 702 5844 Dominus
729 5805 741 5840 :
771 5787 986 5859 psallite
1018 5789 1224 5844 nomini
1251 5787 1392 5858 ejus,
1424 5787 1681 5858 quoniam
1717 5802 1900 5842 suave.

311 5876 580 5945 Quoniam
621 5875 789 5934 Jacob
820 5877 984 5950 elegit
1024 5878 1127 5934 sibi
1159 5878 1438 5944 Dominus,
1487 5877 1653 5936 Israel
1703 5878 1756 5932 in
1787 5894 1910 5948 pos-

314 5970 618 6028 sessionem
652 5970 778 6028 sibi.
807 5971 945 6040 Quia
976 5987 1078 6044 ego
1105 5973 1356 6045 cognovi,
1385 5972 1528 6043 quod
1564 5987 1791 6046 magnus
1824 5982 1910 6030 est

1248 489 1642 546 LITURGICA.
1671 518 1740 531 --
1779 486 2048 544 OFFICIA
2085 487 2219 543 PER
2260 486 2527 541 FERIAS.

3422 489 3526 546 518

1864 604 1911 661 Α
1942 595 2203 652 Dominus
2237 617 2249 650 ε
2281 606 2338 651 et
2366 596 2507 650 Deus
2539 602 2724 650 noster
2751 609 2862 666 pra:
2884 595 3136 653 omnibus
3167 597 3288 653 diis.
3336 596 3534 656 Omnia

1940 705 2278 761 qutecunque
2324 688 2494 744 voluit
2541 686 2870 755 Dominus,'
2912 678 3040 743 fecit
3089 689 3144 743 in
3189 689 3330 746 coelo
3372 700 3430 746 et
3477 694 3534 749 in

1943 790 2089 834 terra
2117 797 2130 833 :
2163 780 2218 834 in
2257 779 2396 835 mari
2427 788 2483 834 et
2509 779 2564 832 in
2601 778 2851 834 omnibus
2878 777 3108 850 abyssis.
3154 779 3406 837 Educens
3437 798 3535 838 nu-

1941 875 2039 930 bes
2083 874 2152 929 ab
2195 883 2444 930 extremo
2491 881 2650 928 terra:
2687 890 2700 925 :
2743 869 2954 943 fulgura
3005 871 3058 926 in
3103 871 3336 942 pluviam
3389 875 3536 930 fecit.

1945 966 2045 1035 Qui
2075 967 2326 1039 producit
2356 972 2546 1021 ventos
2573 965 2639 1019 de
2668 962 3120 1017 thesauris'suis:
3151 963 3244 1034 qui
3269 968 3536 1035 percussit

1945 1059 2299 1132 primogenita
2340 1057 2558 1130 [Egypti
2611 1057 2680 1111 ab
2727 1055 2946 1112 homine
2995 1071 3168 1126 usque
3227 1059 3296 1113 ad
3347 1074 3538 1129 pecus.

1948 1157 2014 1211 Et
2043 1156 2193 1211 misit
2221 1154 2376 1226 signa
2407 1160 2462 1207 et
2484 1149 2730 1222 prodigia
2768 1149 2822 1203 in
2852 1147 3034 1204 medio
3062 1150 3158 1215 tui,
3183 1147 3418 1222 Egypte
3446 1169 3457 1204 :
3485 1152 3542 1205 in

1949 1247 2290 1304 Pharaonem
2317 1251 2372 1299 et
2405 1244 2458 1298 in
2495 1257 2687 1298 omnes
2725 1254 2914 1298 servos
2942 1241 3080 1312 ejus.
3135 1240 3237 1310 Qui
3276 1243 3544 1313 percussit

1951 1348 2140 1412 gentes
2179 1336 2402 1403 multas,
2430 1343 2486 1391 et
2512 1335 2711 1390 occidit
2744 1349 2899 1406 reges
2934 1332 3121 1390 fortes.
3176 1332 3321 1390 Seon
3363 1348 3544 1406 regem

1950 1429 2412 1492 Amorrhteorum,
2449 1435 2503 1482 et
2533 1425 2612 1497 Og
2643 1442 2825 1497 regem
2847 1425 3048 1488 Basan,
3082 1433 3138 1481 et
3165 1426 3346 1479 omnia
3381 1437 3543 1494 regna

1953 1522 2236 1579 Chanaan.
2268 1519 2338 1576 Et
2360 1519 2513 1575 dedit
2537 1530 2741 1574 terram
2767 1532 2955 1574 eorum
2981 1517 3355 1573 haereditatem
3394 1534 3406 1568 :
3443 1516 3546 1570 lue-

1954 1615 2240 1670 reditatem
2264 1611 2432 1669 Israel
2461 1610 2655 1682 populo
2681 1625 2798 1666 suo.
2822 1609 3068 1675 Domine,
3090 1625 3288 1666 nomen
3315 1620 3463 1664 tuum
3492 1609 3546 1664 in

1957 1716 2217 1764 mternum
2253 1703 2545 1768 :Domine,
2575 1702 2893 1758 memoriale
2919 1709 3068 1756 tuum
3106 1702 3161 1757 in
3199 1701 3550 1774 generatione

1959 1809 2016 1856 et
2045 1798 2475 1872 generationem.
2517 1795 2653 1864 Quia
2687 1794 2953 1864 judicabit
2988 1793 3250 1851 Dominus
3293 1793 3548 1866 populum

1963 1908 2119 1949 suum
2155 1908 2166 1945 :
2201 1898 2254 1946 et
2306 1889 2361 1944 in
2412 1888 2588 1944 servis
2641 1887 2747 1943 tuis
2792 1887 3190 1959 deprecabitur.
3248 1884 3551 1941 Simulacra

1962 1985 2203 2056 gentium
2232 1989 2520 2054 argentum
2552 1988 2606 2037 et
2633 1995 2824 2035 aurum
2858 1998 2869 2033 :
2898 1995 3064 2050 opera
3090 1994 3350 2034 manuum
3379 1978 3553 2034 homi-

1963 2090 2112 2130 num.
2141 2073 2215 2130 Os
2248 2073 2470 2138 habent,
2501 2079 2556 2127 et
2590 2086 2698 2126 non
2747 2071 3076 2141 loquentur:
3105 2069 3290 2126 oculos
3328 2070 3550 2134 habent,

1965 2175 2021 2222 et
2065 2182 2175 2222 non
2219 2165 2497 2222 videbunt.
2552 2163 2727 2219 Aures
2766 2163 2994 2230 habent,
3042 2170 3100 2217 et
3145 2178 3251 2217 non
3299 2160 3552 2217 audient:

1965 2273 2144 2329 neque
2173 2257 2320 2313 enim
2349 2264 2434 2312 est
2459 2255 2686 2326 spiritus
2716 2255 2770 2309 in
2796 2269 2893 2310 ore
2919 2254 3178 2324 ipsorum.
3205 2252 3422 2310 Similes
3452 2251 3558 2306 illis

1966 2350 2128 2418 ﬁant,
2168 2351 2261 2422 qui
2295 2349 2505 2406 faciunt
2543 2364 2608 2404 ea
2644 2366 2656 2401 :
2696 2356 2752 2404 et
2786 2362 3006 2413 omnes,
3049 2346 3141 2417 qui
3185 2345 3460 2402 conﬁdunt
3500 2344 3558 2400 in

1969 2443 2068 2499 eis.
2102 2441 2302 2498 Domus
2337 2440 2502 2496 Israel
2529 2440 2836 2496 benedicite
2857 2437 3087 2494 Domino
3120 2438 3348 2493 :domus
3377 2437 3560 2492 Aaron

1967 2533 2274 2590 benedicite
2314 2530 2422 2602 59
2449 2529 2698 2587 Domino.
2731 2528 2934 2585 Domus
2961 2528 3094 2584 Levi
3120 2527 3426 2584 benedicite
3454 2525 3559 2581 Do-

1971 2625 2118 2680 mino
2165 2640 2177 2676 :
2229 2623 2321 2694 qui
2370 2622 2573 2677 timetis
2618 2616 2928 2685 Dominum,
2958 2618 3264 2674 benedicite
3307 2617 3558 2673 Domino.

1970 2715 2297 2771 Benedictus
2328 2712 2591 2769 Dominus
2619 2729 2688 2768 ex
2721 2710 2884 2777 Sion,
2916 2712 3008 2782 qui
3043 2710 3252 2766 habitat
3286 2711 3339 2765 in
3372 2707 3565 2764 llieru-

1972 2809 2163 2866 salem.

2044 2899 2114 2955 Ut
2152 2916 2334 2972 supra.
2377 2897 2702 2954 Benedictus
2738 2896 2998 2952 Dominus
3037 2895 3182 2954 Deus
3214 2893 3380 2952 Israel
3415 2907 3444 2950 a
3475 2906 3570 2947 sae-

1975 2993 2126 3059 culo,
2157 3000 2212 3048 et
2237 3006 2409 3061 usque
2434 2990 2488 3044 in
2517 2989 2794 3055 satculum,
2828 2999 2883 3044 et
2913 2987 3060 3046 dicet
3083 2988 3261 3046 omnis
3297 2985 3526 3059 populus
3553 3003 3566 3039 :

1977 3083 2118 3152 Fiat,
2143 3083 2256 3140 ﬁat.

2049 3176 2258 3233 Oratio.
2289 3174 2546 3232 Suavitas
2575 3173 2776 3230 eximia
2817 3172 2988 3240 Deus,
3019 3187 3182 3244 quem
3219 3170 3398 3229 omnis
3424 3177 3572 3227 terra

279 3262 436 3303 "Ill",
474 3262 607 3307 jusu
649 3262 930 3290 Illll'ilUllIIl
970 3262 1022 3289 Ill
1060 3262 1201 3292 Cillll.
1242 3262 1556 3292 ιιυιιιιιττυυϊ
1596 3262 1710 3302 UL”,
1741 3262 1876 3306 qUU“
2836 3265 3133 3322 collaudat.
3478 3272 3536 3318 lu

279 3327 428 3381 niam
468 3327 740 3383 exaudisti
782 3341 869 3380 me
907 3345 919 3380 :
956 3335 1013 3380 et
1051 3327 1226 3381 factus
1266 3341 1326 3383 es
1363 3327 1493 3382 mihi
1526 3328 1579 3380 in
1619 3326 1868 3382 salutem.
1901 3324 1944 3382 C
1979 3360 2152 3383 -u-.-
2196 3373 2222 3383 ..
2275 3355 2430 3383 nm-
2470 3371 2623 3383 ..μη
2658 3357 3066 3383 -....,.-...ε.ε-..;-
3105 3307 3290 3383 1...---
3351 3355 3455 3383 ...πρ
3487 3303 3570 3383 .,,.’

1977 3360 2157 3415 ablato
2195 3373 2228 3413 a
2274 3355 2432 3414 nobis
2470 3371 2626 3412 vanae
2658 3357 3070 3428 superstitionis
3103 3371 3324 3424 errore,
3351 3355 3458 3410 tuis
3487 3368 3577 3408 vo-

1976 3449 2274 3507 luntatibus
2293 3456 2703 3505 connectamur.
2736 3447 2858 3503 Per.

2600 3557 2946 3616 PSALMUS.

2052 3673 2243 3748 (Ps.u..
2284 3671 2517 3745 cxxxv.)
2548 3670 2892 3727 Conﬁtcmini
2934 3670 3164 3727 Domino
3193 3669 3449 3741 quoniam
3489 3668 3581 3725 bo—

1981 3786 2083 3826 nus
2115 3767 2411 3839 :quoniam
2440 3767 2493 3822 in
2526 3776 2790 3823 aeternum
2825 3765 3196 3822 misericordia
3235 3763 3373 3832 ejus.
3401 3761 3584 3818 Conﬁ-

1983 3866 2172 3923 temini
2201 3863 2315 3920 Deo
2344 3863 2568 3920 deorum
2593 3882 2606 3917 :
2631 3863 2888 3934 quoniam
2913 3863 2966 3916 in
2992 3869 3253 3921 abternum
3275 3860 3585 3916 misericor-

1983 3959 2071 4015 dia
2104 3956 2239 4027 ejus.
2271 3955 2617 4013 Conﬁtemini
2649 3955 2881 4010 Domino
2907 3955 3247 4010 dominorum
3280 3970 3293 4006 :
3323 3951 3583 4022 quoniam

1986 4050 2043 4105 in
2085 4057 2350 4104 mternum
2391 4046 2766 4101 misericordia
2817 4046 2954 4116 ejus.
2995 4045 3098 4113 Qui
3139 4043 3273 4100 facit
3313 4042 3586 4099 mirabilia

1986 4155 2182 4212 magna
2229 4138 2379 4194 solus
2427 4155 2440 4191 :
2488 4136 2742 4207 quoniam
2786 4135 2846 4191 in
2892 4145 3156 4192 mternum
3204 4134 3582 4190 misericordia

1989 4233 2126 4303 ejus.
2159 4228 2261 4297 Qui
2289 4229 2420 4285 fecit
2444 4225 2612 4284 cmlos
2638 4228 2693 4282 in
2723 4227 3000 4285 intellectu
3027 4246 3040 4280 :
3066 4227 3321 4298 quoniam
3355 4227 3410 4280 in
3436 4234 3590 4281 aeter-

1992 4337 2119 4378 num
2160 4318 2536 4376 misericordia
2583 4315 2718 4386 ejus.
2753 4317 2854 4385 Qui
2904 4317 3141 4374 ﬁrmavit
3178 4327 3377 4374 terram
3424 4333 3589 4389 super

1991 4427 2162 4482 aquas
2194 4429 2207 4464 :
2232 4410 2488 4481 quoniam
2517 4409 2572 4463 in
2603 4418 2866 4465 aeternum
2907 4409 3277 4466 misericordia
3308 4409 3444 4478 ejus.
3483 4409 3584 4475 Qui

1994 4507 2122 4562 fecit
2147 4505 2432 4560 luminaria
2456 4517 2650 4575 magna
2683 4521 2696 4556 :
2729 4503 2984 4573 quoniam
3008 4503 3062 4557 in
3087 4511 3350 4560 aeternum
3377 4503 3591 4560 miseri-

1991 4595 2174 4651 cordia
2210 4594 2347 4666 ejus.
2381 4591 2561 4649 Solem
2606 4594 2659 4646 in
2699 4600 3025 4662 potestatem
3066 4593 3170 4648 diei
3207 4611 3218 4646 :
3251 4593 3506 4661 quoniam
3536 4593 3592 4647 in

1918 4688 1968 4748 D
1996 4695 2261 4741 aeternum
2290 4686 2658 4741 misericordia
2697 4684 2834 4755 ejus.
2869 4684 3077 4740 Lunam
3106 4695 3161 4742 et
3186 4685 3374 4743 stellas
3404 4687 3458 4741 in
3497 4703 3596 4756 po-

1997 4788 2250 4836 testatem
2289 4779 2464 4834 noctis
2496 4797 2509 4832 :
2541 4779 2794 4848 quoniam
2827 4777 2880 4834 in
2923 4787 3186 4835 aeternum
3219 4780 3594 4837 misericordia

1997 4873 2134 4942 ejus.
2160 4871 2261 4938 Qui
2290 4872 2557 4941 percussit
2589 4869 2914 4942 Egyptum,
2946 4887 3068 4926 cum
3104 4872 3475 4943 primogenitis
3503 4887 3598 4928 eo-

1999 4980 2161 5018 rum:
2194 4963 2453 5033 quoniam
2495 4963 2551 5016 in
2594 4970 2856 5018 aeternum
2907 4963 3279 5020 misericordia
3323 4962 3458 5030 ejus.
3493 4964 3601 5030 Qui

1997 5056 2183 5111 eduxit
2207 5053 2374 5113 Israel
2400 5053 2454 5108 in
2484 5055 2664 5109 modio
2696 5069 2882 5110 eorum
2917 5073 2928 5107 :
2957 5055 3212 5124 quoniam
3246 5054 3302 5108 in
3331 5063 3597 5111 aeternum

2001 5145 2372 5202 misericordia
2412 5144 2547 5213 ejus.
2592 5147 2648 5197 In
2689 5160 2853 5200 manu
2901 5145 3110 5214 potenti
3149 5154 3206 5201 et
3247 5146 3474 5203 brachio
3503 5164 3599 5203 ex-

1999 5239 2177 5302 celso,
2207 5238 2462 5307 quoniam
2506 5237 2560 5292 in
2598 5243 2864 5293 aeternum
2904 5237 3279 5292 misericordia
3319 5237 3454 5307 ejus.
3496 5241 3601 5307 Qui

2000 5332 2187 5387 divisit
2213 5344 2363 5385 mare
2393 5330 2613 5386 rubrum
2635 5331 2688 5382 in
2714 5329 3010 5389 divisiones
3040 5348 3054 5384 :
3083 5331 3337 5400 quoniam
3361 5332 3414 5385 in
3443 5341 3594 5387 aeter-

2003 5438 2134 5479 num
2164 5421 2534 5479 misericordia
2562 5419 2698 5488 ejus.
2729 5420 2799 5475 Et
2827 5421 3015 5476 eduxit
3039 5420 3204 5476 Israel
3234 5437 3333 5491 per
3361 5423 3602 5478 medium

2003 5512 2120 5582 ejus
2151 5531 2162 5567 :
2191 5511 2448 5583 quoniam
2471 5511 2527 5567 in
2553 5520 2817 5568 aeternum
2847 5512 3221 5568 misericordia
3249 5511 3386 5581 ejus.
3419 5511 3486 5566 Et
3513 5528 3605 5566 ex-

2004 5603 2175 5658 cussit
2201 5601 2542 5657 Pharaonem
2571 5609 2628 5657 et
2662 5603 2922 5658 virtutem
2952 5602 3070 5671 ejus
3111 5603 3167 5658 in
3207 5604 3346 5657 mari
3365 5602 3555 5658 Rubro
3583 5621 3600 5658 :

2005 5695 2262 5764 quoniam
2287 5695 2342 5749 in
2371 5703 2637 5750 aeternum
2664 5696 3032 5751 misericordia
3062 5695 3198 5764 ejus.
3231 5694 3334 5762 Qui
3362 5695 3604 5751 traduxit

2005 5786 2260 5858 populum
2288 5803 2444 5844 suum
2470 5803 2567 5858 per
2596 5787 2872 5844 desertum
2911 5809 2923 5842 :
2960 5791 3217 5859 quoniam
3256 5790 3308 5843 in
3347 5789 3607 5845 Steeulum

2009 5879 2384 5936 misericordia
2405 5881 2540 5952 ejus.
2569 5881 2670 5948 Qui
2699 5883 2973 5952 percussit
3001 5897 3156 5953 reges
3185 5897 3407 5954 magnos
3438 5900 3448 5934 :
3478 5894 3606 5949 quo-

2010 5973 2156 6028 niam
2183 5973 2238 6028 in
2261 5981 2526 6030 aeternum
2553 5973 2923 6031 misericordia
2955 5974 3092 6044 ejus.
3127 5973 3190 6027 Et
3224 5974 3422 6030 occidit
3453 5985 3609 6037 reges
