4122 6550
572 290 682 351 519

1405 293 1469 349 Β.
1511 293 1573 349 F.
1616 294 1843 351 ALBINI
1885 294 2019 353 SEU
2060 295 2339 356 ALCUINI
2375 296 2665 354 OPERUM
2706 295 2887 352 PARS
2926 296 3013 351 IV.

3791 296 3901 352 5'20

568 405 787 468 fortes:
815 404 1075 477 quoniam
1098 406 1150 458 in
1177 410 1445 460 aeternum
1467 404 1842 461 misericordia
1869 404 2007 476 ejus.
2033 405 2180 463 Seon
2209 413 2259 472 Α
2287 416 2344 464 et
2390 409 2618 465 herbam
2665 409 2916 465 servituti
2970 409 3273 465 hominum.
3331 409 3431 479 Qui
3489 411 3580 466 dat
3620 409 3907 482 jumentis

580 514 768 574 regem
791 496 1216 554 Amorrheorum
1249 516 1263 551 :
1292 498 1550 567 quoniam
1590 500 1644 554 in
1674 509 1941 555 aeternum
1976 501 2188 557 miseri—

577 594 765 651 cordia
803 592 939 662 ejus.
971 593 1039 649 Et
1065 591 1147 665 0g
1179 608 1364 664 regem
1392 593 1568 649 Basan
1606 613 1618 649 :
1652 597 1910 667 quoniam
1942 598 1998 651 in
2033 605 2189 652 acter-

580 702 713 746 num
751 686 1119 742 misericordia
1149 684 1287 755 ejus.
1325 685 1394 741 Et
1432 686 1580 743 dedit
1620 695 1824 743 terram
1852 704 2040 744 eorum
2078 688 2190 745 has-

579 777 869 835 reditatem
903 794 914 829 :
946 775 1205 852 quoniam
1236 778 1293 831 in
1324 784 1591 833 aeternum
1629 778 2011 834 misericordia
2048 776 2184 849 ejus.

581 870 964 928 limreditatem
996 869 1162 926 lsrael
1197 884 1357 926 servo
1384 886 1512 938 suo;
1543 870 1803 941 quoniam
1832 870 1887 925 in
1924 879 2189 926 mtcrnum

582 964 960 1022 misericordia
1000 961 1139 1033 ejus.
1180 962 1286 1033 Qui
1327 965 1384 1019 in
1413 964 1718 1019 humilitate
1759 973 1947 1021 nostra
1980 979 2192 1020 memor

583 1057 688 1115 fuit
716 1058 889 1114 nostri
919 1076 931 1112 :
960 1056 1218 1129 quoniam
1258 1057 1313 1113 in
1342 1065 1608 1113 aeternum
1639 1056 2017 1113 misericordia
2045 1058 2186 1130 ejus.

545 1151 653 1211 -Et
699 1153 933 1209 redemit
976 1168 1078 1207 nos
1123 1152 1195 1208 ab
1239 1151 1480 1208 inimicis
1523 1151 1730 1207 nostris
1776 1169 1790 1206 :
1834 1151 2094 1222 quoniam
2134 1151 2190 1206 in

564 1254 848 1303 veternum
891 1244 1264 1302 misericordia
1304 1244 1441 1316 ejus.
1493 1242 1597 1312 Qui
1651 1244 1745 1300 dat
1799 1258 1984 1299 escam
2042 1242 2193 1299 omni

583 1339 741 1394 carni
776 1356 787 1390 :
818 1337 1078 1410 quoniam
1110 1337 1167 1391 in
1197 1343 1466 1393 aeternum
1491 1334 1863 1393 misericordia
1886 1332 2026 1404 ejus.
2050 1332 2194 1390 Con-

585 1430 815 1487 fitemim
839 1429 949 1485 Deo
972 1427 1099 1485 cmli
1127 1447 1139 1482 :
1166 1428 1423 1500 quoniam
1452 1428 1507 1483 in
1530 1436 1795 1484 internum
1817 1426 2196 1483 misericordia

586 1522 725 1593 ejus.
758 1521 1109 1580 Confitemini
1150 1521 1381 1578 Domino
1424 1521 1769 1578 dominorum
1804 1540 1816 1576 :
1849 1520 2107 1592 quoniam
2136 1519 2194 1576 in

586 1622 854 1673 aeternum
876 1613 1247 1673 misericordia
1273 1614 1413 1684 ejus.

661 1702 735 1760 Ut
757 1721 940 1776 supra.
971 1705 1201 1761 Domine
1227 1704 1497 1778 refugium
1526 1705 1703 1764 factus
1742 1722 1803 1764 es
1829 1708 2009 1775 nobis,
2040 1723 2072 1763 a
2099 1722 2195 1781 ge-

592 1800 876 1855 neratione
894 1806 952 1854 et
970 1799 1347 1871 generatione.

663 1889 872 1947 Oratio.
897 1889 1103 1946 Memor
1130 1889 1455 1945 humilitatis
1484 1899 1719 1957 nostras,
1750 1891 2012 1948 miserere
2038 1891 2195 1947 nobis

587 1982 936 2054 omnipotens
964 1982 1144 2048 Deus,
1181 1992 1238 2038 et
1274 1984 1364 2054 qui
1406 1985 1681 2056 quondam
1719 1986 1962 2055 patribus
1990 1986 2195 2041 nostris

590 2085 797 2134 terram
824 2075 1264 2131 adversariorum
1305 2076 1360 2130 in
1394 2076 1716 2131 haereditate
1752 2076 2004 2141 donasti,
2032 2090 2134 2132 nos
2162 2091 2193 2130 a

588 2168 801 2241 peccati
833 2167 1043 2224 macula
1066 2167 1325 2225 liberatos
1346 2167 1401 2224 in
1431 2176 1522 2224 tua
1552 2168 1869 2225 haereditate
1897 2168 2191 2226 constitue.

590 2257 718 2317 Per.

1219 2371 1562 2429 PSALMUS.

667 2511 856 2585 (PssL.
879 2509 1077 2582 cxev.)
1106 2509 1310 2575 Lauda,
1341 2510 1525 2565 anima
1560 2525 1705 2575 mea,
1734 2508 2024 2566 Dominum
2042 2551 2057 2577 ,
2084 2509 2197 2564 lau-

592 2605 732 2661 dabo
783 2603 1073 2659 Dominum
1122 2602 1177 2656 in
1227 2601 1337 2657 vita
1380 2618 1502 2657 mea
1549 2620 1562 2656 :
1613 2602 1841 2672 psallam
1888 2601 2002 2659 Deo
2039 2617 2192 2667 meo,

586 2694 830 2765 quandiu
869 2692 1043 2755 fuero.
1089 2689 1267 2745 Nolite
1304 2691 1579 2745 confidere
1627 2690 1683 2745 in
1729 2690 2066 2763 principibus
2096 2710 2108 2745 :
2138 2691 2195 2746 in

590 2788 720 2847 filiis
743 2789 1023 2844 hominum
1043 2828 1058 2853 ,
1091 2787 1146 2841 in
1172 2785 1369 2856 quibus
1403 2800 1511 2841 non
1549 2792 1635 2840 est
1674 2783 1841 2839 salus.
1870 2783 2055 2839 Exibit
2085 2782 2200 2854 spi-

588 2882 730 2938 ritus
757 2880 906 2949 ejus,
942 2888 998 2935 et
1024 2886 1329 2935 revertetur
1358 2877 1413 2931 in
1446 2886 1646 2932 terram
1674 2891 1829 2932 suam
1847 2918 1863 2942 ,
1895 2876 1950 2931 in
1988 2875 2077 2930 illa
2106 2874 2196 2929 die

589 2971 846 3044 peribunt
887 2984 1080 3026 omnes
1126 2968 1488 3041 cogitationes
1535 2981 1743 3022 eorum.
1798 2967 1997 3022 Beatus
2040 2961 2195 3033 cujus

592 3062 736 3117 Deus
770 3060 940 3117 Iacob
980 3058 1196 3129 adjutor
1234 3059 1385 3131 ejus,
1425 3072 1554 3129 spes
1592 3056 1711 3127 ejus
1741 3057 1795 3112 in
1827 3056 2057 3112 Domino
2082 3054 2195 3111 Deo

2288 517 2473 558 escam
2520 502 2761 573 ipsorum
2808 520 2820 555 :
2867 510 2923 556 et
2974 501 3135 572 pullis
3178 517 3464 559 corvorum
3512 504 3904 563 invocantibus

2287 609 2432 650 eum.
2468 593 2677 649 Non-in
2716 590 3040 649 fortitudine
3079 594 3203 664 equi
3246 595 3579 651 voluntatem
3616 597 3856 653 habebit
3889 616 3904 653 :

2287 701 2393 742 nec
2424 686 2481 741 in
2510 686 2656 742 tibiis
2689 685 2792 740 viri
2821 685 3223 757 beneplacitum
3257 688 3362 743 erit
3382 688 3455 743 ei.
3485 688 3907 760 Beneplaciturn

2289 786 2376 834 est
2401 777 2635 835 Domino
2665 794 2829 850 super
2863 779 3120 836 timentes
3154 795 3280 836 eum
3313 801 3325 836 :
3357 790 3413 838 et
3448 782 3505 836 in
3535 782 3615 838 eis
3647 783 3747 854 qui
3780 798 3910 856 spc-

2290 878 2419 928 rant
2450 887 2615 943 super
2646 872 3022 928 misericordia
3056 872 3194 945 ejus.

2365 958 2434 1017 Ut
2466 978 2648 1034 supra.
2693 961 2816 1019 Fiat
2862 964 3238 1020 misericordia
3273 973 3397 1034 tua,
3432 966 3698 1037 Domine,
3738 984 3910 1040 super

2291 1070 2414 1122 nos,
2446 1055 2900 1127 quemadmodum
2930 1058 3269 1127 speravimus
3297 1060 3352 1115 in
3382 1068 3455 1116 te.

2365 1143 2573 1201 Oratio.
2601 1146 2927 1203 Edificator
2947 1149 3191 1205 caelestis
3230 1150 3571 1210 Hierusalem
3597 1154 3772 1223 Deus,
3813 1157 3907 1230 qui

2291 1238 2695 1295 multitudinem
2725 1239 3005 1296 stellarum
3033 1248 3087 1297 et
3119 1242 3402 1300 concludis
3432 1262 3697 1314 numero,
3730 1257 3790 1305 et
3814 1265 3910 1305 no—

2292 1333 2542 1389 minatim
2569 1333 2811 1404 singulas
2832 1349 2996 1391 vocas
3026 1353 3039 1389 :
3070 1351 3234 1404 sana,
3261 1352 3603 1408 quassamus,
3633 1342 3907 1397 contritas

2291 1426 2476 1493 corde,
2520 1424 2799 1498 dispersos
2824 1443 3116 1501 congrega,
3168 1437 3331 1501 atque
3359 1448 3461 1489 nos
3487 1434 3541 1490 in
3580 1434 3907 1493 innumera-

2292 1517 2388 1574 bili
2422 1517 2693 1589 sapientia
2716 1525 2806 1573 tua
2837 1518 3190 1590 locupletare.
3214 1520 3340 1578 Per.

2919 1648 3266 1710 PSALMUS.

2224 1789 2273 1852 Β
2370 1759 2560 1834 (Ρεμλι.
2618 1770 2860 1837 cum.)
2914 1763 3102 1822 Lauda
3152 1766 3493 1824 Hierusalem
3536 1766 3831 1826 Dominum
3881 1790 3895 1825 :

2297 1853 2458 1909 lauda
2484 1854 2656 1911 Deum
2684 1862 2859 1922 tuum,
2898 1855 3055 1913 Sion.
3092 1856 3361 1926 Quoniam
3385 1859 3717 1917 eonfortavit
3747 1877 3892 1918 seras

2295 1954 2579 2017 portarum
2619 1953 2839 2002 tuarum
2890 1967 2903 2002 ε
2953 1949 3238 2005 benedixit
3282 1950 3410 2006 illiis
3448 1953 3556 2007 tuis
3595 1953 3653 2007 in
3688 1962 3756 2009 te.
3792 1951 3889 2022 Qui

2295 2038 2480 2107 posuit
2501 2036 2639 2094 fines
2662 2045 2785 2094 tuos
2807 2054 2999 2109 pacem
3029 2059 3042 2094 :
3078 2048 3134 2096 et
3159 2042 3319 2114 adipe
3342 2041 3605 2099 frumenti
3634 2045 3796 2101 satiat
3821 2053 3892 2100 te.

2298 2132 2402 2200 Qui
2434 2135 2641 2189 emittit
2671 2134 2947 2206 eloquium
2988 2153 3147 2194 suum
3193 2146 3356 2195 terra:
3392 2158 3404 2195 :
3443 2140 3716 2199 velociter
3736 2143 3900 2201 currit

2296 2238 2479 2279 sermo
2520 2224 2656 2295 ejus.
2696 2225 2800 2296 Qui
2837 2227 2932 2284 dat
2968 2229 3153 2287 nivem
3189 2230 3333 2288 sicut
3369 2232 3551 2289 lanam
3590 2253 3605 2290 :
3650 2234 3903 2291 nebulam

2297 2316 2441 2370 sicut
2476 2318 2719 2375 cinerem
2754 2321 2982 2393 spargit.
3017 2314 3185 2379 Mittit
3211 2324 3527 2397 crystallum
3563 2342 3729 2383 suum
3764 2328 3901 2384 sicut

2297 2407 2569 2465 buccellas
2604 2429 2617 2464 :
2642 2418 2771 2467 ante
2801 2411 2998 2468 faciem
3025 2412 3245 2487 frigoris
3272 2414 3390 2484 ejus
3417 2417 3542 2487 quis
3572 2418 3905 2484 sustinebit?

2296 2497 2525 2558 Emittet
2560 2504 2785 2559 verbum
2821 2519 3000 2571 suum,
3031 2513 3088 2561 et
3121 2505 3437 2578 liquefaciet
3468 2524 3529 2564 ea
3566 2528 3579 2563 :
3616 2508 3775 2566 ﬂabit
3795 2509 3901 2584 spi-

2297 2595 2437 2650 ritus
2476 2597 2625 2667 ejus,
2669 2607 2728 2652 et
2769 2596 2941 2653 fluent
2978 2614 3149 2669 aquae.
3203 2599 3306 2667 Qui
3344 2602 3637 2658 annuntiat
3677 2604 3899 2661 verbum

2297 2700 2458 2740 suum
2482 2684 2652 2741 Jacob
2680 2705 2692 2740 :
2712 2684 2956 2765 justitias
2982 2696 3039 2743 et
3056 2688 3262 2758 judicia
3289 2705 3386 2744 sua
3408 2689 3597 2748 lsrael.
3628 2690 3750 2749 Non
3778 2691 3900 2749 fecit

2299 2775 2481 2832 taliter
2516 2777 2665 2831 omni
2698 2776 2905 2831 nationi
2937 2795 2949 2831 :
2986 2786 3043 2834 et
3064 2776 3269 2848 judicia
3306 2796 3405 2837 sua
3444 2797 3555 2838 non
3588 2782 3902 2841 manifesta.

2297 2867 2379 2924 vit
2401 2869 2504 2924 eis.

2378 2957 2448 3017 Ut
2471 2977 2654 3030 supra.
2693 2958 3005 3017 Coufitebor
3036 2961 3266 3018 Domino
3301 2964 3619 3021 secundum.
3626 2962 3898 3036 justitiam

2299 3049 2437 3121 ejus,
2472 3060 2528 3107 et
2552 3051 2776 3122 psallam
2810 3053 3018 3108 nomini
3055 3051 3271 3109 Domini
3302 3051 3589 3112 Altissimi.
3618 3050 3621 3053 ’

594 3152 767 3223 ipsum
798 3170 810 3206 ε
841 3150 936 3223 qui
966 3150 1098 3206 Ῑθείι
1142 3148 1343 3206 malum
1374 3157 1429 3203 et
1468 3155 1701 3214 “3mm,
1733 3162 1885 3201 mare
1913 3152 1970 3201 θί
2010 3144 2192 3238 omnia
2220 3172 2271 3236 ε
2371 3164 2574 3221 Oratio.
2612 3164 2891 3232 Conforta,
2926 3165 3174 3233 Domine,
3199 3176 3387 3238 portas
3408 3168 3670 3225 Ecclesiae
3699 3179 3819 3235 tum,
3844 3176 3896 3225 et

593 3258 715 3315 qua:
746 3243 802 3299 in
832 3243 913 3298 eis
941 3248 1090 3298 sunt.
1121 3239 1224 3310 Qui
1256 3240 1498 3296 custodit
1526 3239 1813 3295 veritatem
1837 3239 1892 3291 in
1912 3236 2191 3304 saeculum,

592 3334 729 3390 facit
751 3334 1014 3406 judicium
1041 3331 1307 3401 injuriam-
1330 3331 1664 3403 patientibus
1691 3348 1705 3384 :
1740 3330 1833 3385 dat
1858 3344 2040 3384 escam
2072 3344 2196 3384 esu—

592 3431 883 3487 rientibus.
908 3429 1173 3485 Dominus
1195 3426 1357 3484 solvit
1383 3426 1721 3496 compeditos
1751 3443 1763 3479 :
1795 3423 2060 3479 Dominus
2083 3423 2199 3477 illu-

598 3522 774 3577 minat
799 3536 993 3577 caecos.
1023 3520 1286 3575 Dominus
1312 3518 1474 3589 erigit
1505 3516 1667 3573 elisos
1693 3533 1706 3569 :
1730 3515 1993 3571 Dominus
2020 3513 2197 3586 diligit

594 3611 785 3683 iustos.
827 3611 1090 3667 Dominus
1129 3609 1372 3667 custodit
1417 3607 1688 3676 advenas,
1724 3607 1989 3679 pupillum
2028 3614 2084 3661 et
2121 3607 2200 3659 vi-

595 3705 759 3759 duam
787 3704 1048 3774 suscipiet
1089 3720 1103 3757 :
1135 3710 1192 3758 ct
1227 3703 1346 3758 vias
1381 3704 1746 3773 peccatorum‘
1767 3699 2062 3770 disperdet.
2097 3697 2199 3753 Re-

592 3799 784 3873 gnabit
811 3799 1073 3855 Dominus
1106 3796 1162 3851 in
1192 3795 1387 3851 saecula
1405 3837 1418 3861 ,
1449 3794 1591 3850 Deus
1618 3802 1742 3849 tuus
1764 3793 1894 3849 Sion
1912 3833 1927 3858 ,
1961 3792 2014 3847 in
2041 3806 2202 3863 gene-

596 3894 810 3949 ratione
838 3900 896 3947 et
924 3890 1355 3963 generationem.
1750 3888 1759 3896 ’

665 3987 777 4057 60
830 3982 897 4038 Ut
943 4001 1125 4055 supra.
1169 3983 1421 4038 Exaltate
1470 3981 1761 4037 Dominum
1808 3989 2095 4043 nostrum,
2144 3988 2199 4033 et

600 4079 822 4134 adorate
848 4075 904 4130 in
943 4084 1129 4130 monte
1159 4083 1353 4129 sancto
1380 4073 1529 4144 ejus,
1559 4073 1818 4144 quoniam
1842 4078 2068 4128 sanctus
2098 4069 2203 4126 Do-

599 4169 781 4225 minus
817 4165 965 4222 Deus
1004 4175 1211 4221 noster.

674 4259 880 4315 Oratio.
904 4258 1150 4314 Gloriose
1175 4257 1524 4328 omnipotens
1552 4256 1716 4323 Deus,
1749 4256 1801 4311 in
1830 4271 1991 4326 quem
2013 4256 2202 4311 beato-

601 4366 720 4409 rum
742 4353 937 4405 anima:
957 4358 1127 4404 totam
1150 4350 1265 4419 spei
1288 4349 1674 4405 confidentiam
1699 4356 1937 4419 ponunt;
1965 4348 2203 4403 concede

602 4444 761 4499 nobis
788 4451 869 4510 ut,
893 4442 1160 4511 adjutorio
1182 4450 1275 4497 tuo
1299 4441 1608 4506 illuminati,
1628 4440 1902 4495 valeamus
1925 4447 1979 4495 te
1998 4438 2204 4510 jugiter

602 4542 786 4590 mente
814 4548 948 4603 pura
977 4530 1223 4605 diligere.
1246 4530 1373 4585 Per.

1237 4661 1578 4718 PSALMUS.

678 4786 859 4859 (PSAL.
891 4782 1093 4855 mw.)
1139 4781 1381 4838 Laudate
1409 4782 1699 4838 Dominum
1725 4783 1985 4855 quoniam
2024 4785 2199 4840 bonus

604 4889 689 4936 est
715 4878 955 4949 psalmus
985 4897 998 4931 :
1031 4874 1143 4932 Deo
1174 4883 1363 4931 nostro
1392 4876 1463 4929 sit
1488 4875 1727 4946 jucunda
1758 4878 2061 4948 decoraque
2091 4877 2203 4933 lau-

605 4972 771 5029 datio.
802 4967 1101 5024 Edificans
1139 4966 1477 5022 Hierusalem
1505 4968 1797 5037 Dominus,
1828 4969 2201 5041 dispersioues

607 5061 822 5118 lsraelis
851 5059 1216 5131 congregabit.
1257 5058 1360 5126 Qui
1394 5066 1552 5115 sanat
1591 5060 1857 5115 contritos
1891 5060 2054 5115 corde
2096 5079 2108 5114 :
2149 5069 2205 5116 ct

608 5153 793 5223 alligat
828 5152 1187 5207 contritiones
1213 5164 1421 5205 eorum.
1465 5150 1567 5217 Qui
1616 5158 1869 5205 numerat
1908 5151 2207 5207 multitudi-

610 5261 737 5302 nem
781 5243 1059 5299 stellarum
1089 5261 1104 5296 :
1136 5252 1192 5298 et
1229 5243 1483 5297 omnibus
1513 5244 1595 5297 eis
1628 5244 1847 5297 nomina
1879 5250 2054 5299 vocat.
2097 5242 2206 5297 Mn-

613 5355 751 5411 gnus
780 5338 1041 5393 Dominus
1072 5344 1279 5402 noster,
1313 5344 1369 5391 et
1395 5352 1592 5407 magna
1625 5336 1798 5391 virtus
1844 5335 1961 5405 ejus
1995 5355 2007 5390 :
2039 5344 2095 5392 et
2124 5352 2207 5391 sa—

611 5431 832 5503 pientia;
857 5429 973 5498 ejus
998 5444 1105 5483 non
1135 5437 1220 5484 est
1243 5443 1518 5483 numerus.
1552 5428 1869 5499 Suscipiens
1891 5438 2206 5485 mansuetos

616 5520 878 5575 Dominus
911 5537 923 5571 :
957 5518 1251 5572 humilians
1270 5526 1451 5573 autem
1472 5527 1787 5588 peccatores
1814 5534 1987 5590 usque
2015 5521 2082 5575 ad
2103 5528 2211 5575 ter-

615 5624 752 5663 ram.
782 5607 1069 5662 Priccinite
1096 5606 1326 5661 Domino
1353 5607 1408 5660 in
1438 5607 1781 5662 confessione
1808 5627 1821 5661 :
1854 5610 2068 5679 psallite
2098 5610 2209 5668 Deo

618 5709 808 5757 nostro
837 5699 889 5753 in
917 5699 1146 5753 cithara.
1184 5698 1285 5766 Qui
1306 5700 1480 5769 operit
1506 5700 1705 5755 cadum
1735 5701 1969 5757 nubibus
2000 5722 2012 5756 :
2043 5710 2097 5758 et
2119 5719 2212 5772 pa-

622 5800 705 5846 rat
729 5800 885 5847 terra:
914 5790 1170 5862 pluviam.
1212 5789 1313 5858 Qui
1336 5791 1584 5860 producit
1612 5791 1665 5845 in
1695 5790 1973 5850 montibus
2005 5791 2209 5861 Renum,

2296 3272 2439 3328 pone
2479 3255 2732 3312 terminis
2769 3256 2888 3327 ejus
2918 3271 3140 3327 pacem,
3179 3259 3340 3328 eique
3378 3259 3596 3330 adipem
3642 3256 3891 3331 spiritalis

2300 3348 2466 3406 tritici
2492 3348 2782 3421 dignanter
2807 3352 3068 3407 attribue.
3097 3350 3221 3406 Per.

2927 3484 3155 3540 PSALM
3165 3485 3271 3542 US.

2372 3596 2563 3668 (PSAL.
2623 3595 2874 3669 cxm’m.)
2931 3596 3174 3652 Laudate
3224 3595 3517 3653 Dominum
3564 3599 3631 3654 de
3675 3600 3827 3656 caalis
3881 3620 3891 3653 :

2298 3689 2516 3745 laudate
2547 3706 2671 3745 eum
2705 3691 2760 3744 in
2797 3690 3048 3746 excelsis.
3076 3689 3320 3745 Laudate
3352 3706 3478 3746 eum
3509 3706 3696 3747 omnes
3720 3693 3897 3764 angeli

2298 3778 2417 3849 ejus
2445 3798 2457 3834 :
2485 3778 2701 3835 laudate
2720 3795 2844 3834 eum
2867 3795 3060 3835 omnes
3081 3780 3314 3836 virtutes
3342 3779 3479 3850 ejus.
3504 3782 3740 3836 Laudate
3769 3798 3895 3837 eum

2300 3871 2383 3927 sol
2417 3880 2473 3928 et
2505 3870 2631 3925 luna
2672 3889 2685 3926 :
2730 3871 2947 3926 laudate
2978 3884 3107 3927 eum
3147 3887 3340 3928 omnes
3379 3873 3548 3929 stellas
3589 3881 3647 3928 et
3690 3872 3891 3929 lumen.

2299 3962 2542 4019 Laudate
2577 3978 2703 4018 eum
2744 3962 2870 4019 caeli
2910 3961 3171 4018 malorum
3208 3984 3222 4018 :
3271 3970 3327 4019 et
3361 3979 3544 4034 aqum,
3584 3978 3703 4033 quze
3736 3977 3896 4034 super

2300 4054 2468 4109 etnlos
2495 4062 2642 4120 sunt,
2669 4054 2894 4109 laudent
2928 4069 3128 4109 nomen
3162 4053 3400 4109 Domini.
3430 4054 3568 4122 Quia
3603 4055 3717 4125 ipse
3739 4053 3889 4113 dixit.

2299 4154 2357 4201 et
2386 4145 2529 4202 facta
2562 4154 2690 4201 sunt
2718 4165 2731 4200 :
2758 4146 2875 4215 ipse
2909 4145 3189 4200 mandavit
3218 4154 3274 4200 et
3299 4154 3484 4201 creata
3522 4154 3671 4201 sunt.
3702 4144 3887 4200 Statuit

2300 4252 2366 4291 ca
2399 4238 2454 4292 in
2477 4245 2740 4292 aeternum
2764 4246 2819 4292 et
2846 4237 2899 4292 in
2929 4238 3183 4292 saeculum
3213 4237 3392 4292 smculi
3423 4255 3437 4291 :
3463 4246 3783 4309 prazceptum
3802 4251 3881 4306 pa-

2301 4328 2431 4393 suit,
2464 4335 2519 4382 et
2543 4343 2650 4382 non
2678 4326 2997 4398 prazterihit.
3027 4326 3269 4382 Laudate
3295 4325 3586 4382 Dominum
3621 4329 3685 4383 de
3704 4337 3831 4382 terra
3864 4341 3877 4376 :

2301 4419 2569 4476 dracones
2593 4428 2649 4474 et
2681 4434 2873 4474 omnes
2903 4419 2956 4472 al
2974 4418 3106 4490 yssi.
3142 4418 3318 4489 Ignis,
3355 4418 3595 4489 grando,
3635 4419 3751 4482 nix,
3782 4414 3886 4486 gia-

2226 4538 2280 4599 D
2304 4512 2441 4579 cies,
2467 4513 2693 4583 spiritus
2712 4509 3072 4581 procellarum
3103 4527 3115 4563 :
3141 4525 3260 4579 qua:
3283 4508 3492 4564 faciunt
3513 4510 3735 4565 verbum
3760 4505 3885 4577 ejus.

2306 4604 2516 4660 Montes
2543 4612 2599 4658 et
2621 4618 2811 4658 omnes
2846 4602 3044 4665 colles,
3088 4602 3234 4672 ligna
3272 4600 3584 4669 fructifera,
3622 4611 3678 4658 et
3712 4616 3891 4658 omnes

2304 4694 2477 4751 cedri.
2518 4694 2742 4759 Bestia),
2776 4700 2832 4749 et
2859 4692 3113 4747 universa
3148 4708 3373 4763 pecora,
3412 4701 3696 4765 serpentes
3719 4701 3774 4750 et
3806 4706 3894 4748 vo-

2304 4786 2484 4840 lucres
2516 4792 2786 4855 pennatis.
2818 4783 2994 4855 Reges
3028 4792 3189 4839 terrae
3210 4792 3266 4838 et
3291 4798 3482 4840 omnes
3511 4785 3722 4855 populi,
3749 4785 3895 4856 prin.

2304 4879 2454 4949 cipes
2483 4885 2540 4931 et
2575 4891 2768 4931 omnes
2805 4874 3021 4945 judices
3054 4883 3231 4929 terrm.
3267 4873 3504 4931 Iuvenes
3549 4884 3607 4931 et
3639 4877 3890 4948 virgines,

2306 4984 2471 5024 senes
2504 4968 2610 5038 61
2640 4982 2763 5021 cum
2795 4965 3103 5036 junioribus
3146 4965 3367 5020 laudent
3400 4981 3598 5022 nomen
3634 4964 3846 5021 Domini
3880 4986 3889 5019 :

2307 5063 2433 5132 quia
2462 5061 2759 5116 exaltatum
2790 5068 2877 5114 est
2900 5074 3097 5114 nomen
3121 5056 3238 5125 ejus
3268 5058 3456 5113 solius.
3481 5056 3763 5114 Confessio
3785 5058 3895 5127 ejus

2309 5169 2473 5224 super
2504 5150 2703 5207 coelum
2736 5156 2791 5205 et
2832 5158 3033 5205 terram
3066 5168 3077 5203 :
3116 5158 3171 5203 et
3207 5148 3469 5204 exultavit
3506 5165 3677 5205 cornu
3718 5148 3893 5219 populi

2309 5247 2415 5300 sui.
2448 5243 2693 5316 Hymnus
2726 5241 2979 5297 omnibus
3012 5240 3219 5295 sanctis
3253 5240 3372 5310 ejus
3405 5259 3419 5295 :
3459 5240 3586 5296 filiis
3615 5240 3779 5295 lsrael
3804 5255 3894 5311 po-

2310 5337 2437 5408 pulo
2463 5335 2919 5406 appropinquanti
2956 5334 3082 5389 sibi.

2385 5426 2452 5482 Ut
2498 5443 2678 5497 supra.
2718 5425 2978 5481 Mirabilis
3024 5425 3168 5481 Deus
3217 5425 3272 5479 in
3324 5425 3528 5480 sanctis
3565 5425 3710 5490 suis,
3756 5424 3892 5480 Deus

2303 5518 2491 5583 lsrael,
2517 5519 2633 5587 ipse
2658 5516 2810 5571 dabit
2840 5517 3117 5582 virtutem,
3146 5524 3201 5571 et
3222 5515 3593 5573 fortitudinem
3620 5516 3760 5587 plebi
3786 5531 3895 5573 sua:

2308 5610 2628 5666 benedictus
2651 5607 2815 5662 Deus.

2384 5699 2591 5755 Oratio.
2629 5696 2981 5753 ExCelsorum
3024 5697 3236 5752 sedium
3277 5699 3690 5768 supereminens
3721 5707 3777 5756 et
3801 5713 3890 5753 ex-

2312 5793 2454 5849 celsa
2496 5799 2741 5862 potestas
2775 5790 2949 5858 Deus,
2993 5790 3230 5847 concede
3254 5788 3471 5847 famulis
3501 5792 3641 5863 tuis,
3671 5800 3731 5848 ut
3761 5792 3889 5849 sicut
