4122 6606
267 445 365 503 591

1262 436 1654 496 ιιιυιιϐιελ.
1696 465 1768 479 -
1804 433 1891 491 OF
1897 430 2073 489 FlClA
2109 433 2247 490 PER
2282 431 2556 488 FERIAS.

3440 426 3548 483 Si!

266 569 464 618 cuncta
486 600 501 625 ,
527 573 648 628 quae
693 557 1002 621 cernimus,
1046 563 1101 610 te
1118 553 1348 623 jubente
1382 563 1567 609 creata
1589 559 1747 607 sunt;
1780 549 1857 604 ita
1882 549 1935 608 Δ
1960 546 2128 599 mino.
2157 542 2472 600 Benedicite
2493 543 2583 598 lux
2608 551 2662 597 et
2689 544 2927 598 tenebras
2958 541 3185 597 Domino
3212 562 3223 596 :
3247 541 3556 600 benedicite

265 673 390 729 quae
420 654 748 727 praecepisti,
782 661 838 709 te
862 652 1090 707 custode
1113 658 1421 706 serventur.
1449 649 1570 705 Per.

885 761 1228 819 PSALMUS.

340 876 520 950 (PsAL.
558 876 763 948 enix.)
795 876 1025 932 Cantatc
1048 876 1276 932 Domino
1299 876 1574 932 canticum
1608 890 1806 929 novum
1842 890 1856 927 :

267 967 389 1026 laus
408 968 527 1039 ejus
551 969 607 1024 in
632 969 877 1025 Ecclesia
900 976 1230 1024 sanctorum.
1254 967 1492 1024 Laetetur
1512 964 1674 1021 Israel
1697 966 1750 1019 in
1773 981 1861 1032 eo,

268 1061 365 1133 qui
400 1060 529 1117 fecit
568 1076 692 1117 eum
738 1080 752 1115 :
798 1068 855 1115 et
889 1060 1014 1115 filite
1046 1058 1178 1115 Sion
1214 1060 1458 1116 exultent
1489 1058 1546 1114 in
1579 1074 1708 1130 rege
1738 1072 1859 1113 suo.

268 1149 516 1208 Laudent
548 1166 747 1206 nomen
785 1149 902 1220 ejus
928 1151 984 1205 in
1018 1149 1184 1205 choro
1214 1168 1226 1203 :
1265 1149 1321 1203 in
1357 1156 1614 1220 tympano
1644 1154 1700 1202 et
1723 1146 1865 1217 psal-

269 1243 413 1298 terio
442 1243 678 1314 psallant
715 1243 785 1296 ei.
828 1241 966 1310 Quia
994 1239 1391 1311 beneplacitum
1424 1248 1509 1295 est
1541 1238 1774 1293 Domino
1804 1238 1863 1293 in

265 1333 469 1406 populo
516 1350 616 1390 suo
665 1351 678 1389 :
723 1341 780 1389 et
823 1332 1087 1389 exaltavit
1138 1339 1455 1387 mansuetos
1500 1332 1556 1386 in
1609 1329 1860 1385 salutem.

266 1424 602 1481 Exultabunt
642 1423 820 1480 sancti
859 1424 915 1479 in
951 1423 1122 1496 gloria
1164 1441 1177 1476 :
1218 1421 1546 1477 laetabuntur
1583 1420 1640 1474 in
1677 1420 1869 1476 cubili-

268 1515 373 1571 bus
406 1515 542 1571 suis.
594 1515 972 1571 Exultationes
1012 1513 1110 1570 Dei
1158 1513 1212 1568 in
1258 1520 1474 1585 gutture
1520 1527 1708 1566 eorum
1751 1528 1765 1564 :
1810 1517 1867 1565 et

267 1603 433 1675 gladii
480 1607 750 1676 ancipites
793 1607 849 1662 in
893 1606 1145 1662 manibus
1183 1619 1393 1660 eorum.
1441 1604 1522 1659 Ad
1560 1602 1867 1659 faciendam

266 1698 571 1755 vindictam
605 1701 661 1755 in
698 1700 1046 1765 nationibus,
1090 1698 1494 1769 increpationes
1533 1697 1590 1751 in
1629 1696 1864 1768 p0pulis.

265 1788 353 1843 Ad
378 1789 679 1860 alligandos
700 1805 859 1862 reges
885 1805 1074 1846 eorum
1101 1789 1157 1844 in
1184 1788 1553 1858 compedibus,
1578 1793 1633 1841 et
1660 1784 1869 1841 nobiles

1962 634 2173 705 fulgura
2192 644 2248 689 et
2271 635 2442 689 nubes
2460 633 2711 689 Domino.
2736 632 3034 689 Benedicat
3058 640 3202 688 terra
3223 632 3511 688 Dominum
3537 651 3551 689 :

1961 725 2147 782 laudet
2192 734 2248 783 et
2289 726 2655 797 superexaltet
2703 743 2828 782 eum
2878 727 2932 781 in
2966 727 3180 783 srecula.
3245 726 3559 784 Benedicite

1963 826 2179 874 montes
2210 824 2266 874 et
2295 817 2459 873 colles
2485 816 2716 873 Domino
2754 835 2767 872 :
2805 818 3114 873 benedicite
3152 817 3405 872 universa
3436 833 3559 889 ger-

1963 908 2230 964 minantia
2278 909 2337 964 in
2381 916 2527 963 terra
2569 909 2818 964 Domino.
2866 909 3180 965 Benedicite
3226 908 3405 966 fontes
3458 909 3562 965 Do-

1964 999 2115 1055 mino
2147 1020 2159 1053 ;
2190 1000 2502 1055 benedicite
2531 1001 2702 1054 maria
2726 1009 2782 1055 et
2802 999 3022 1055 ﬂumina
3054 1001 3301 1055 Domino.
3333 999 3561 1057 Benedi-

1964 1090 2074 1144 cite
2110 1097 2243 1145 cene
2290 1098 2349 1144 et
2398 1090 2614 1157 omnia,
2658 1106 2776 1161 quze
2818 1099 3104 1146 moventur
3145 1091 3199 1145 in
3232 1092 3421 1162 aquis,
3459 1091 3561 1146 Do-

1964 1181 2114 1235 mino
2163 1199 2176 1235 :
2228 1180 2535 1237 benedicite
2583 1197 2774 1237 omnes
2820 1183 3069 1238 volucres
3123 1182 3245 1239 coeli
3304 1182 3557 1240 Domino.

1965 1272 2277 1330 Benedicite
2319 1288 2508 1328 omnes
2560 1273 2749 1329 bestia:
2789 1282 2845 1328 et
2889 1290 3085 1344 pecora
3131 1274 3362 1331 Domino
3411 1295 3424 1331 :
3473 1276 3564 1333 be-

1968 1363 2204 1418 nedicite
2258 1362 2353 1418 filii
2411 1362 2689 1418 hominum
2742 1364 2992 1420 Domino.
3047 1365 3342 1422 Benedicat
3394 1366 3561 1425 Israel

1968 1452 2201 1511 Domino
2234 1475 2245 1508 :
2278 1453 2459 1509 laudet
2488 1463 2544 1509 et
2573 1456 2940 1524 superexaltet
2966 1471 3089 1511 eum
3124 1458 3176 1511 in
3208 1460 3423 1514 smcula.
3456 1459 3561 1516 Be—

1966 1544 2203 1600 nedicite
2218 1543 2525 1598 sacerdotes
2544 1543 2759 1599 Domini
2783 1545 3013 1600 Domino
3040 1565 3053 1599 :
3084 1547 3393 1605 benedicite
3415 1550 3558 1605 servi

1968 1634 2185 1690 Domini
2216 1635 2463 1691 Domino.
2498 1635 2812 1692 Benedicite
2842 1636 3067 1707 spiritus
3095 1647 3148 1694 et
3172 1638 3366 1694 animae
3387 1639 3567 1709 justo-

1970 1742 2090 1781 rum
2118 1726 2349 1782 Domino
2395 1747 2409 1780 :
2456 1726 2766 1782 benedicite
2809 1730 2987 1783 sancti
3035 1737 3093 1785 et
3128 1730 3359 1785 humiles
3400 1733 3566 1788 corde

1970 1815 2218 1872 Domino.
2241 1816 2555 1873 Benedicite
2581 1817 2809 1883 Anania,
2834 1818 3052 1883 Azaria,
3082 1820 3271 1876 Misael
3292 1820 3524 1878 Domino
3548 1843 3564 1878 :

266 1883 548 1978 eorum_in
578 1883 809 1978 manicis
831 1881 1045 1978 Ϋθηξθίθ
1074 1880 1146 1937 Ut
1174 1880 1376 1978 metu}?
1412 1880 1466 1935 in
1494 1882 1576 1934 eis
1600 1877 1866 1978 ju‘d'cium
1899 1904 1947 1965 B
1973 1906 2185 1962 laudate
2206 1916 2261 1963 et
2281 1908 2685 1978 superexaltate
2710 1924 2832 1965 eum
2866 1910 2919 1963 in
2944 1909 3146 1965 secula.
3173 1910 3567 1968 Benedicamus

265 1972 645 2045 conscriptum
673 1992 687 2028 :
720 1973 890 2046 gloria
926 1971 1043 2029 haec
1079 1979 1167 2027 est
1200 1971 1455 2028 omnibus
1490 1969 1696 2026 sanctis
1727 1968 1865 2038 ejus.

345 2062 414 2120 Ut
436 2081 621 2137 supra.
648 2064 857 2121 Bonum
887 2073 972 2121 est
1003 2064 1252 2122 confiteri
1282 2064 1532 2128 Domino,
1560 2071 1615 2118 et
1640 2061 1871 2133 psallere

268 2158 480 2214 nomini
514 2165 639 2225 tuo,
676 2157 972 2214 Altissime.
1006 2157 1088 2212 Ad
1119 2154 1553 2212 annuntiandum
1588 2169 1748 2209 mane
1771 2153 1872 2208 mi-

267 2252 628 2308 sericordiam
652 2260 821 2318 tuam,
858 2259 916 2307 et
945 2250 1234 2306 veritatem
1258 2257 1405 2305 tuam
1438 2264 1538 2320 per
1556 2256 1794 2304 noctem.

344 2343 550 2399 Oratio.
578 2344 783 2400 Auctor
818 2344 985 2400 totius
1019 2341 1283 2397 bonitatis
1314 2340 1488 2407 Deus,
1527 2339 1621 2411 qui
1651 2352 1868 2393 omnem

268 2438 748 2493 mansuetudinem
792 2443 849 2493 te
896 2435 1176 2491 humiliter
1219 2433 1574 2490 conﬁtentem
1619 2430 1867 2497 exultas;

268 2534 503 2599 praesta,
537 2535 598 2582 ut
636 2528 781 2583 sicut
811 2534 1033 2581 sanctos
1067 2533 1186 2580 tuos
1219 2524 1465 2580 exultare
1500 2521 1635 2579 facis
1670 2522 1725 2576 in
1759 2520 1872 2592 glo-

269 2620 375 2685 ria,
408 2620 483 2674 ita
511 2628 836 2690 praesentem
860 2618 1158 2674 Ecclesiam
1185 2617 1463 2673 custodire
1485 2613 1725 2686 digneris
1750 2628 1872 2684 per-

268 2711 450 2783 petuis
470 2711 806 2781 temporibus
836 2710 905 2764 ab
924 2709 1086 2781 hujus
1111 2708 1293 2764 szeculi
1310 2706 1762 2764 delectationibus
1777 2706 1856 2761 im
1904 2742 1910 2760 ι

269 2802 552 2875 pollutam.
587 2801 691 2858 Per
710 2801 1021 2857 Dominum.

894 2911 1238 2969 PSALMUS.

345 3026 526 3101 (Psss.
563 3024 675 3099 cs.)
716 3024 961 3082 Laudate
1003 3024 1294 3080 Dominum
1336 3024 1394 3079 in
1447 3028 1654 3080 sanctis
1690 3021 1809 3095 ejus
1850 3039 1866 3079 :

271 3117 493 3175 laudate
526 3132 652 3173 eum
696 3117 757 3173 in
796 3116 1142 3173 firmamento
1185 3115 1407 3170 virtutis
1452 3114 1589 3184 ejus.
1629 3112 1869 3169 Laudate

273 3226 401 3267 eum
425 3211 483 3266 in
505 3209 800 3266 virtutibus
821 3206 941 3277 ejus
969 3227 983 3262 :
1010 3206 1227 3263 laudate
1256 3222 1380 3262 eum
1409 3205 1706 3262 secundum
1733 3204 1869 3260 mul-

1972 1995 2186 2053 Patrem
2223 2006 2281 2053 et
2300 1997 2519 2064 Filium,
2552 2015 2675 2054 cum
2706 2009 2898 2055 sancto
2924 2000 3131 2071 Spiritu
3164 2021 3177 2056 :
3210 2002 3492 2059 laudemus
3511 2013 3571 2061 et

1971 2090 2439 2161 superexaltemus
2460 2107 2582 2146 cum
2606 2093 2659 2146 in
2682 2093 2894 2147 saecula.
2922 2093 3248 2150 Benedictus
3267 2110 3349 2162 es,
3381 2095 3569 2151 Domi-

1971 2195 2059 2259 ne,
2080 2180 2133 2234 in
2158 2178 2504 2236 ﬁrmamento
2533 2183 2690 2237 coeli:
2719 2182 3005 2238 laudabilis
3030 2193 3087 2239 et
3109 2184 3376 2256 gloriosus
3398 2196 3456 2241 et
3476 2201 3569 2241 su-

1970 2273 2341 2344 perexaltatus
2377 2274 2433 2329 in
2462 2274 2679 2330 smcula.

2046 2361 2251 2418 Oratio.
2283 2364 2449 2431 Deus,
2478 2381 2577 2437 per
2604 2382 2764 2437 quem
2795 2367 2928 2423 tides
2957 2369 3137 2439 ignem
3160 2384 3269 2424 non
3296 2371 3487 2437 sentit,
3514 2380 3570 2425 et

1972 2453 2265 2511 inﬁdelitas
2300 2456 2420 2511 sine
2459 2458 2585 2528 igne
2625 2458 2904 2525 exuritur;
2941 2460 3034 2530 qui
3073 2460 3422 2517 beatissimos
3458 2471 3570 2518 tres

1972 2562 2170 2617 pueros
2200 2546 2303 2603 ﬁde
2330 2560 2593 2614 armatos,
2616 2549 2890 2619 conjectos
2925 2551 2980 2605 in
3009 2551 3228 2607 camino
3259 2552 3422 2624 ignis,
3447 2552 3572 2609 lato

1972 2639 2123 2695 vultu
2149 2640 2298 2695 omni
2329 2656 2397 2695 ex
2431 2648 2587 2711 parte
2620 2641 2818 2698 illaesos
2850 2642 3111 2715 hymnum
3140 2642 3239 2698 tibi
3265 2658 3467 2699 canere
3496 2644 3574 2700 le-

1972 2731 2093 2788 cisti
2121 2750 2135 2787 :
2167 2733 2521 2789 obsecramus
2540 2775 2553 2799 ,
2577 2742 2638 2788 ut
2663 2732 2781 2803 pari
2812 2732 3156 2804 dignatione,
3183 2732 3289 2790 fide
3320 2742 3376 2789 et
3409 2735 3575 2792 devo-

1975 2821 2121 2876 tione
2142 2837 2242 2877 nos
2266 2838 2504 2888 armare,
2520 2831 2576 2877 et
2601 2823 2811 2878 timoris
2836 2823 2911 2877 tui
2937 2822 3120 2892 vigore
3138 2822 3362 2894 implere
3385 2824 3575 2895 digne.

1972 2910 2072 2976 ris,
2098 2924 2160 2966 ut
2181 2928 2213 2966 a
2236 2913 2453 2968 camino
2480 2913 2738 2967 vitiorum
2759 2912 2979 2967 liberati
3000 2911 3263 2983 hymnum
3289 2912 3494 2980 dicere,
3516 2921 3576 2970 et

1970 3004 2215 3061 exaltare
2242 3019 2444 3063 nomen
2474 3014 2626 3061 tuum
2656 3006 2711 3060 in
2733 3014 3056 3075 perpetuum
3085 3019 3416 3061 mereamur.

2620 3113 2775 3169 LITA
2785 3113 2915 3169 NIA.

2046 3213 2249 3281 Parce,
2275 3212 2536 3280 Domine,
2561 3229 2721 3285 parce
2752 3213 2951 3285 populo
2985 3222 3079 3270 tuo
3100 3256 3116 3280 ,
3148 3228 3312 3286 quem
3341 3214 3575 3273 redemi-

277 3301 570 3358 titudinem
604 3299 997 3372 magnitudinis
1031 3296 1170 3366 eius.
1205 3296 1449 3354 Laudato
1485 3312 1610 3354 eum
1646 3297 1701 3351 in
1734 3311 1873 3354 sono
1898 3267 1948 3332 ο
1976 3305 2069 3374 sti,
2097 3304 2339 3373 Christe,
2367 3267 2632 3377 sanguine
2656 3267 2788 3361 tuo‘:
2822 3267 2892 3361 Ec
2929 3306 2984 3360 in
3012 3267 3279 3363 aeternum
3316 3307 3575 3366 irascaris

278 3393 424 3451 tuba
460 3411 476 3448 :
509 3390 729 3448 laudate
749 3405 875 3448 eum
902 3389 957 3444 in
992 3389 1255 3460 psalterio
1285 3396 1343 3444 et
1370 3389 1603 3444 cithara.
1635 3386 1876 3445 Laudato

274 3503 405 3545 eum
440 3487 499 3543 in
537 3496 795 3558 tympano
828 3491 885 3540 et
914 3483 1083 3539 choro
1114 3501 1127 3538 :
1161 3481 1379 3538 laudate
1411 3496 1539 3539 eum
1569 3481 1626 3536 in
1653 3481 1876 3538 chordis

276 3588 335 3633 et
359 3592 583 3650 organo.
612 3575 857 3632 Laudate
876 3590 1002 3629 eum
1024 3572 1080 3629 in
1106 3572 1371 3644 cymbalis
1388 3572 1873 3640 benesonantibus,

278 3668 501 3724 laudate
540 3680 666 3722 eum
702 3666 760 3722 in
794 3663 1059 3731 cymbalis
1088 3662 1428 3733 jubilationis
1458 3681 1472 3718 :
1499 3664 1680 3719 omnis
1715 3664 1879 3735 spiri-

280 3768 373 3814 tus
403 3758 586 3814 laudet
614 3756 923 3813 Dominum.

354 3848 424 3906 Ut
458 3865 641 3921 supra.
686 3847 929 3905 Laudato
972 3862 1174 3902 nomen
1211 3846 1361 3917 ejus,
1397 3849 1652 3919 quoniam
1691 3849 1877 3905 suavis

280 3950 370 3996 est
394 3939 679 4005 Dominus,
704 3938 760 3993 in
780 3946 1046 3993 :eternum
1069 3937 1441 3994 misericordia
1462 3939 1601 4010 ejus,
1625 3949 1682 3995 et
1707 3954 1880 4010 usque

279 4034 339 4090 in
374 4031 781 4106 generationem
810 4037 867 4085 et
890 4029 1297 4102 generationem
1331 4031 1539 4087 veritas
1571 4030 1709 4100 ejus.

354 4120 729 4192 Sicpsalmum
755 4118 935 4174 dicam
960 4119 1170 4174 nomini
1195 4128 1290 4175 tuo
1310 4119 1364 4174 in
1389 4120 1645 4176 saeculum
1672 4120 1877 4186 saeculi,

282 4226 343 4273 ut
374 4217 598 4272 reddam
632 4220 756 4270 vota
784 4228 907 4269 mea
927 4211 995 4268 de
1020 4212 1109 4268 die
1132 4212 1188 4267 in
1218 4212 1381 4268 diem.

357 4306 563 4363 Oratio.
588 4303 900 4360 Harmoniae
922 4311 1143 4370 nostrae,
1167 4302 1332 4369 Deus,
1357 4303 1742 4359 suavissimum
1765 4318 1881 4359 me-

286 4400 401 4464 los,
437 4394 533 4469 qui
562 4395 739 4452 nostri
775 4394 1017 4465 pectoris
1049 4393 1418 4450 modulamina
1452 4410 1600 4451 nunc
1628 4393 1877 4462 ﬂatibus,

288 4504 432 4547 nunc
474 4488 692 4544 fletibus
719 4486 968 4558 praecipis
993 4502 1282 4553 exercere;
1310 4497 1533 4557 praesta,
1553 4497 1613 4543 ut
1640 4490 1764 4544 dum
1791 4490 1881 4544 illa

288 4581 518 4654 spiritali
548 4579 745 4636 affectu
772 4578 1134 4643 concinimus,
1165 4578 1568 4648 perpetualibus
1596 4577 1779 4635 choris
1805 4581 1885 4635 in-

290 4674 444 4732 serti.
474 4681 529 4728 te
551 4687 675 4727 cum
701 4671 954 4727 omnibus
981 4671 1185 4726 sanctis
1206 4669 1596 4728 eollaudemus.
1630 4670 1752 4728 Per.

596 4783 887 4841 HYMNUS
924 4782 1143 4840 TRIUM
1177 4782 1582 4840 PUERORUM.

361 4880 522 4952 (Dan.
561 4879 671 4948 ιιι.)
718 4877 1039 4934 Benedicite
1085 4878 1268 4933 omnia
1317 4894 1482 4948 opera
1526 4878 1741 4935 Domini
1787 4880 1887 4934 Do-

292 4973 443 5030 mino
474 4990 489 5027 :
528 4971 747 5027 laudate
781 4982 839 5027 et
870 4970 1275 5042 superesaltate
1301 4986 1424 5026 eum
1450 4971 1504 5026 in
1545 4972 1759 5028 sazcula.
1785 4974 1885 5027 Be-

294 5066 534 5123 nedicite
579 5064 759 5136 angeli
798 5062 1016 5120 Domini
1064 5062 1296 5118 Domino
1345 5081 1360 5117 :
1407 5063 1714 5120 benedicite
1760 5065 1886 5119 caeli

297 5157 546 5214 Domino.
585 5156 897 5213 Benedicite
933 5170 1088 5226 aqua;
1122 5169 1346 5220 omnes,
1374 5170 1495 5225 qua:
1529 5170 1694 5224 super
1722 5155 1891 5209 caelos

297 5259 445 5316 sunt,
469 5248 699 5304 Domino
724 5267 736 5302 :
762 5247 1069 5304 benedicite
1089 5262 1282 5303 omnes
1303 5246 1535 5301 virtutes
1555 5244 1768 5300 Domini
1791 5246 1892 5301 Do-

299 5342 469 5398 mino.
511 5340 827 5397 Benedicite
871 5339 951 5395 sol
991 5346 1049 5394 et
1086 5340 1214 5393 luna
1254 5336 1486 5393 Domino
1525 5356 1538 5392 :
1583 5337 1893 5394 benedicite

297 5435 475 5492 Stella:
514 5433 638 5488 cteli
682 5430 934 5488 Domino.
981 5430 1295 5488 Benedicite
1342 5430 1517 5485 imber
1559 5439 1617 5485 et
1661 5445 1752 5485 ros
1794 5429 1895 5484 Do-»

298 5526 453 5581 mino
480 5543 494 5579 :
527 5523 839 5580 benedicite
865 5524 1044 5579 omnis
1069 5522 1296 5592 spiritus
1317 5520 1415 5577 Dei
1446 5520 1694 5577 Domino.
1727 5520 1894 5576 Bene

300 5614 469 5671 dicite
499 5614 646 5687 ignis
686 5621 741 5668 et
777 5622 943 5670 :estus
988 5611 1220 5668 Domino
1258 5629 1271 5665 :
1305 5612 1614 5669 benedicite
1647 5611 1819 5683 frigus
1839 5621 1898 5668 et

304 5722 474 5770 aestus
507 5712 757 5768 Domino.
796 5710 1112 5767 Benedicite
1138 5724 1292 5767 rores
1314 5716 1370 5765 et
1397 5709 1593 5781 pruina
1614 5707 1846 5764 Domino
1877 5726 1887 5759 :

307 5807 617 5865 benedicite
646 5805 766 5880 gelu
791 5812 849 5862 et
878 5804 1047 5877 frigus
1079 5803 1330 5859 Domino.
1353 5802 1669 5859 Benedicite
1697 5801 1897 5874 glacies

309 5900 419 5973 62
446 5908 502 5957 et
518 5900 676 5955 nives
701 5896 929 5954 Domino
962 5917 974 5951 :
1007 5897 1310 5955 benedicite
1341 5905 1530 5952 noctes
1557 5904 1612 5951 et
1651 5895 1765 5951 dies
1796 5891 1899 5949 Do-

554 5994 831 6055 Ριιτιιοι..
877 5991 981 6071 Cl.

1909 4662 1963 4722 D

1976 3406 2157 3463 nobis.

2048 3502 2292 3568 Christe,
2313 3504 2438 3559 audi
2463 3519 2579 3558 nos.

2050 3595 2255 3650 Praesta
2286 3595 2445 3659 mihi,
2474 3595 2638 3661 Deus,
2666 3603 2725 3648 ut
2743 3603 2796 3649 te
2818 3593 3055 3665 primum
3073 3588 3217 3651 bene
3238 3608 3443 3668 rogem.

2049 3685 2257 3741 Deinde
2284 3695 2344 3741 ut
2368 3702 2458 3742 me
2490 3688 2713 3757 dignum
2744 3685 2916 3741 facias
2945 3685 3215 3741 exaudiri.

2049 3777 2257 3834 Deinde
2280 3785 2340 3832 ut
2368 3776 2649 3832 exaudias.

2052 3872 2255 3929 Sancta
2292 3871 2483 3941 Maria,
2516 3887 2613 3926 ora
2637 3886 2738 3941 pro
2762 3871 2938 3927 nobis.

2055 3965 2255 4023 Saneta
2282 3962 2478 4028 Maria,
2510 3964 2787 4024 inter-cede
2814 3979 2912 4037 pro
2940 3978 3028 4018 me
3053 3971 3363 4033 peccatore.

2053 4057 2254 4113 Sancta
2284 4057 2475 4122 Maria,
2500 4054 2695 4130 adjuva
2724 4072 2811 4111 me
2836 4057 2893 4110 in
2920 4055 3009 4111 die
3033 4056 3215 4115 exitus
3242 4056 3348 4112 mei
3378 4071 3448 4112 es
3476 4056 3578 4113 hac

1982 4166 2192 4221 przesen
2202 4151 2239 4204 ti
2271 4150 2402 4204 vita.

2056 4240 2256 4296 Sancte
2284 4236 2545 4303 Joannes,
2576 4253 2673 4294 ora
2701 4251 2799 4309 pro
2834 4236 3011 4291 nobis.

2055 4333 2257 4389 Sancte
2284 4332 2470 4397 Petre,
2493 4346 2591 4387 ora
2619 4347 2718 4402 pro
2743 4331 2920 4385 nobis.

2056 4425 2256 4481 Sancte
2284 4423 2469 4489 Paule,
2497 4439 2595 4478 ora
2624 4438 2723 4493 pro
2744 4423 2920 4477 nobis.

2058 4515 2257 4573 Sancte
2284 4516 2521 4582 Andrea,
2552 4529 2649 4568 ora
2678 4529 2779 4583 pro
2806 4512 2986 4569 nobis.

2058 4608 2257 4662 Sancte
2283 4603 2509 4669 Jacobe,
2534 4619 2632 4659 ora
2658 4618 2756 4673 pro
2785 4604 2961 4658 nobis.

2057 4696 2257 4751 Sancte
2284 4693 2542 4760 Joannes,
2573 4708 2670 4748 ora
2696 4706 2791 4763 pro
2821 4693 3000 4747 nobis.

2058 4784 2260 4842 Sancte
2289 4785 2516 4850 Thoma,
2544 4800 2641 4839 ora
2671 4798 2768 4853 pro
2800 4783 2974 4837 nobis.

2059 4880 2261 4935 Sancte
2291 4875 2512 4943 Jacobe,
2542 4891 2637 4932 ora
2660 4892 2760 4946 pro
2790 4876 2968 4931 nobis.

2062 4970 2259 5026 Sancte
2287 4968 2558 5039 Philippe,
2584 4984 2681 5023 ora
2709 4984 2808 5037 pro
2834 4968 3011 5022 nobis.

2064 5064 2262 5119 Sancte
2288 5062 2701 5125 Bartholommc,
2732 5076 2827 5115 ora
2856 5076 2955 5131 pro
2984 5060 3161 5118 nobis.

2066 5154 2266 5211 Sancte
2294 5154 2566 5218 Matthaee,
2593 5169 2690 5208 ora
2719 5168 2815 5222 pro
2846 5154 3023 5207 nobis.

2066 5247 2265 5301 Sancte
2291 5244 2532 5311 Tathaee,
2566 5260 2659 5301 ora
2688 5259 2783 5313 pro
2814 5245 2989 5300 nobis.

2066 5336 2269 5393 Omnes
2292 5336 2467 5391 sancti
2497 5334 2747 5407 apostoli,
2776 5342 2928 5390 orate
2946 5349 3045 5404 pro
3070 5335 3246 5391 nobis.

2069 5428 2269 5484 Sancte
2299 5427 2601 5499 Stephane,
2630 5441 2726 5481 ora
2754 5441 2853 5496 pro
2881 5427 3057 5481 nobis.

2069 5522 2269 5577 Sancte
2296 5520 2453 5584 Line,
2482 5535 2578 5574 ora
2608 5534 2706 5589 pro
2727 5520 2905 5575 nobis.

2070 5611 2269 5667 Sancte
2294 5609 2465 5675 Clete,
2491 5623 2587 5664 ora
2613 5610 2711 5679 pro
2740 5609 2914 5665 nobis.

2072 5707 2270 5762 Sancte
2294 5702 2564 5771 Clemens,
2593 5718 2689 5759 ora
2719 5718 2818 5773 pro
2844 5703 3019 5761 nobis.

2071 5797 2272 5853 Sancte
2297 5795 2469 5859 Siste,
2498 5810 2594 5849 ora
2615 5809 2716 5865 pro
2736 5792 2911 5850 nobis.

2076 5887 2275 5947 Sancto
2306 5885 2544 5953 Corneli,
2566 5900 2663 5940 ora
2686 5899 2783 5955 pro
2805 5884 2979 5940 nobis.

3070 5978 3141 6037 l7
