4122 6554
736 436 936 493 Sancte
964 434 1255 506 Cypriane,
1280 450 1379 492 ora
1403 450 1503 506 pro
1538 437 1717 492 nobis.

735 530 935 587 Sancte
959 528 1177 600 Dionysi
1207 544 1330 583 eum
1356 527 1522 584 sociis
1550 529 1683 596 tuis,
1704 545 1801 585 ora
1828 546 1929 603 pro
1953 531 2131 588 nobis.

734 621 932 679 Sancte
960 621 1242 686 Laurenti,
1267 636 1361 676 ora
1391 634 1490 689 pro
1516 620 1693 676 nobis.

733 714 933 771 Sancte
962 713 1185 769 Maurici
1204 727 1330 769 eum
1350 712 1513 768 sociis
1536 713 1667 778 tuis,
1698 727 1793 768 ora
1814 728 1915 785 pro
1945 713 2123 769 nobis.

732 802 933 859 Sancte
959 803 1178 868 Cosme,
1206 817 1301 858 ora
1326 816 1425 872 pro
1453 799 1631 856 nobis.

732 891 933 948 Sancte
959 893 1240 957 Damiane,
1275 906 1372 945 ora
1395 906 1493 961 pro
1518 891 1698 947 nobis.

729 984 936 1040 Omnes
964 985 1136 1040 sancti
1163 991 1457 1055 martyres,
1479 991 1637 1038 orate
1661 997 1761 1053 pro
1784 976 1963 1039 nobis.

728 1076 928 1132 Sancte
953 1076 1150 1141 llilari,
1172 1091 1269 1131 ora
1297 1090 1398 1145 pro
1424 1074 1604 1130 nobis.

729 1169 930 1225 Sancte
958 1169 1213 1235 Martine,
1240 1184 1337 1225 ora
1374 1182 1473 1237 pro
1499 1166 1675 1222 nobis.

727 1260 929 1316 Sancte
955 1259 1241 1323 Silvester,
1268 1274 1364 1314 ora
1388 1273 1488 1328 pro
1514 1257 1692 1313 nobis.

726 1354 927 1408 Sancte
953 1352 1086 1418 Leo,
1114 1366 1209 1407 ora
1232 1366 1330 1420 pro
1353 1352 1527 1405 nobis.

726 1444 927 1499 Sancte
954 1441 1229 1505 Ambrosi,
1256 1455 1351 1494 ora
1378 1455 1478 1510 pro
1507 1440 1685 1495 nobis.

725 1537 927 1591 Sancte
955 1534 1207 1606 Cregori,
1236 1548 1333 1587 ora
1368 1547 1468 1603 pro
1489 1531 1668 1587 nobis.

725 1628 927 1683 Sancte
954 1625 1244 1689 Germane,
1266 1638 1362 1678 ora
1393 1638 1493 1693 pro
1521 1623 1698 1678 nobis.

724 1721 923 1776 Sancte
954 1718 1188 1790 Remigi,
1210 1732 1308 1771 ora
1334 1730 1435 1786 pro
1463 1716 1640 1772 nobis.

723 1813 922 1867 Sancte
947 1809 1219 1873 Amande,
1239 1822 1333 1862 ora
1358 1823 1459 1877 pro
1488 1807 1667 1862 nobis.

723 1904 924 1959 Sancte
948 1900 1341 1966 Cltrodoberte,
1370 1914 1466 1953 ora
1493 1914 1590 1969 pro
1607 1898 1786 1954 nobis.

721 1996 923 2052 Sancte
952 1994 1304 2065 Hieronyme,
1332 2007 1427 2047 ora
1457 2006 1557 2063 pro
1593 1992 1770 2047 nobis.

722 2089 925 2146 Sancte
953 2088 1268 2152 Benedicte,
1296 2100 1393 2139 ora
1418 2099 1518 2154 pro
1541 2083 1721 2139 nobis.

718 2182 921 2239 Sancte
950 2179 1156 2243 Maure,
1184 2193 1282 2233 ora
1308 2191 1407 2248 pro
1432 2176 1609 2231 nobis.

718 2277 918 2333 Sancte
946 2273 1238 2337 Babolene,
1265 2287 1359 2327 ora
1392 2287 1490 2343 pro
1511 2270 1689 2327 nobis.

716 2369 920 2427 Omnes
947 2368 1122 2424 sancti
1153 2366 1520 2430 eonfcssores,
1547 2372 1703 2421 orate
1729 2378 1829 2434 pro
1855 2363 2033 2421 nobis.

715 2463 923 2519 Sancta
949 2461 1230 2525 Felicitas,
1252 2473 1348 2513 ora
1380 2474 1481 2528 pro
1508 2457 1684 2512 nobis.

716 2556 1240 2625 Sancta-Perpetua,
1271 2566 1368 2607 ora
1402 2566 1501 2621 pro
1526 2550 1703 2605 nobis.

718 2652 919 2707 Sancta
950 2649 1183 2721 Agatba,
1210 2660 1306 2702 ora
1334 2658 1437 2716 pro
1461 2643 1640 2699 nobis.

716 2744 920 2799 Sancta
950 2740 1135 2805 Lucis,
1163 2753 1259 2794 ora
1286 2751 1385 2808 pro
1409 2734 1589 2790 nobis.

716 2836 922 2891 Sancta
950 2832 1187 2898 Caecilia,
1213 2844 1311 2887 ora
1330 2842 1437 2901 pro
1469 2825 1649 2882 nobis.

713 2930 913 2985 Sancta
944 2927 1143 2999 Agnes,
1169 2939 1266 2980 ora
1302 2938 1401 2994 pro
1432 2922 1611 2978 nobis.

712 3020 919 3078 Sancta
943 3018 1260 3081 Anastasia,
1283 3029 1378 3070 ora
1401 3028 1500 3085 pro
1528 3011 1707 3067 nobis.

710 3112 915 3169 Sancta
941 3108 1261 3180 Eupltemia,
1289 3122 1383 3161 ora
1416 3120 1515 3175 pro
1548 3103 1727 3159 nobis.

713 3204 916 3262 Sancta
944 3199 1265 3263 Petronilla,
1286 3212 1380 3252 ora
1409 3212 1508 3268 pro
1531 3196 1710 3251 nobis.

712 3295 915 3351 Sancta
946 3291 1222 3357 Susanna,
1250 3306 1345 3345 ora
1371 3304 1470 3359 pro
1496 3287 1669 3342 nobis.

713 3388 914 3442 Sancta
944 3383 1183 3459 Brigida,
1206 3397 1304 3437 ora
1330 3395 1427 3451 pro
1447 3380 1625 3435 nobis.

709 3479 819 3552 63
858 3478 1060 3535 Omnes
1087 3483 1290 3530 sanetae
1324 3473 1581 3542 virgines,
1614 3480 1768 3527 orate
1789 3486 1889 3543 pro
1912 3472 2089 3529 nobis.

711 3569 987 3642 Propitius
1009 3574 1128 3622 esto
1145 3608 1161 3633 ,
1187 3579 1352 3637 parce
1379 3564 1560 3626 nobis,
1594 3563 1844 3619 Domine.

710 3663 987 3735 Propitius
1011 3667 1151 3724 esto,
1180 3657 1352 3713 libera
1373 3671 1497 3723 nos,
1524 3656 1771 3711 Domine.

710 3759 794 3817 Ab
822 3756 969 3813 omni
992 3754 1166 3819 malo,
1186 3752 1357 3809 libera
1385 3766 1505 3816 nos,
1553 3749 1802 3804 Domine.

709 3854 793 3910 Ab
820 3851 969 3907 omni
1003 3848 1319 3913 tentalione,
1344 3846 1515 3902 libera
1544 3861 1661 3909 nos,
1692 3844 1941 3901 Domine.

707 3945 793 4002 Ab
821 3943 969 3999 omni
994 3940 1325 4013 cogitatione
1352 3936 1515 4001 mala,
1551 3936 1719 3991 libera
1757 3952 1878 4003 nos,
1904 3936 2154 3995 Domine.

710 4041 792 4096 Ab
821 4038 967 4093 omni
1000 4034 1307 4106 iniquitate,
1334 4032 1505 4086 libera
1538 4046 1655 4095 nos,
1686 4030 1934 4086 Domine.

708 4132 791 4187 Ab
818 4131 967 4186 omni
1002 4125 1341 4183 immunditia
1378 4122 1564 4179 cordis
1609 4132 1665 4177 et
1707 4123 1986 4194 corporis,
2050 4122 2225 4179 libera

639 4240 761 4289 nos,
789 4223 1032 4277 Domine.

713 4318 816 4373 Per
850 4328 1069 4369 crucem
1098 4322 1270 4375 tuam,
1306 4311 1473 4366 libera
1502 4324 1623 4375 nos,
1656 4308 1903 4364 Domine.

710 4410 1056 4472 Peccatores,
1083 4413 1136 4459 te
1166 4419 1426 4476 rogamus
1452 4400 1577 4457 audi
1609 4417 1729 4456 nos.

1444 399 1449 404 .
1522 345 1579 399 Β.
1624 343 1684 400 F.
1726 344 1954 400 Al.le
1990 343 2124 401 SEU
2162 343 2439 400 ALCUINI
2477 343 2764 403 OPERUM
2803 347 2984 402 PARS
3022 346 3113 401 IV.

3841 341 3952 397 52‘

2273 441 2326 499 Δ
2357 452 2492 494 nare
2542 438 2825 511 digneris,
2883 439 3108 497 Domine
3157 437 3284 494 Jesu
3315 478 3331 503 ,
3392 445 3445 491 te
3498 452 3761 507 rogamus
3820 438 3951 492 audi

2356 544 2477 584 nos.

2430 620 2499 675 Ut
2542 628 2790 675 sanetam
2824 621 3147 677 charitatem
3198 628 3347 675 tuam
3396 620 3554 675 nobis
3598 619 3811 673 dimare
3867 619 3948 673 di-

2352 711 2536 779 gneris
2561 752 2577 776 ,
2628 711 2855 767 Domine
2878 710 3005 767 Jesu
3025 753 3039 776 ,
3076 719 3130 766 te
3162 725 3417 784 rogamus
3443 708 3568 765 audi
3596 725 3716 763 nos.

2423 803 2495 859 Ut
2521 804 2680 860 ﬁdem
2710 812 2913 859 rectam
2948 804 3105 860 nobis
3152 803 3358 858 donare
3399 800 3661 873 digneris,
3705 798 3949 855 Domine

2348 892 2500 961 Jesu,
2530 904 2584 950 te
2618 910 2876 964 rogamus
2910 896 3033 949 audi
3062 910 3183 949 nos.

2421 985 2492 1041 Ut
2528 1000 2680 1055 spem
2737 986 2952 1040 firmam
3004 986 3059 1041 in
3108 994 3198 1040 tua
3244 985 3489 1040 bonitate
3533 985 3689 1039 nobis
3732 984 3947 1039 donare

2347 1080 2619 1151 digneris,
2658 1080 2885 1137 Domine
2909 1080 3061 1147 Iesu,
3094 1089 3147 1136 te
3170 1095 3427 1151 rogamus
3447 1080 3570 1134 audi
3597 1094 3719 1133 nos.

2418 1172 2493 1230 Ut
2511 1174 2679 1229 vitam
2706 1181 2969 1229 aeternam
2996 1173 3155 1229 nobis
3178 1172 3385 1227 donare
3408 1170 3670 1243 digneris,
3705 1170 3947 1226 Domine
4000 1184 4005 1187 ‘

2346 1263 2575 1334 Jesu,'te
2605 1282 2863 1337 rogamus
2886 1266 3013 1321 audi
3043 1280 3163 1320 nos.

2419 1360 2492 1417 Ut
2515 1360 2727 1415 laudem
2754 1368 2945 1415 sancto
2972 1358 3175 1413 nomini
3204 1366 3300 1412 tuo
3330 1358 3487 1411 nobis
3513 1355 3720 1410 donare
3748 1354 3945 1425 digne-

2346 1454 2425 1510 ris
2442 1495 2459 1520 ,
2489 1452 2715 1509 Domine
2735 1451 2885 1517 Jesu,
2911 1461 2961 1507 te
2990 1467 3246 1523 rogamus
3271 1449 3396 1505 audi
3427 1464 3546 1504 nos.

2416 1550 2518 1605 Fili
2541 1548 2659 1613 Dei,
2688 1556 2739 1603 te
2766 1562 3021 1617 rogamus
3043 1545 3166 1600 audi
3191 1560 3309 1600 nas.

2414 1640 2603 1712 Agnus
2645 1638 2777 1705 Dei,
2826 1638 2918 1708 qui
2969 1635 3115 1692 tollis
3151 1644 3374 1705 peccata
3418 1633 3641 1698 mundi,
3670 1631 3944 1688 miserere

2346 1732 2529 1790 nobis.

2414 1824 2631 1881 Christe
2649 1823 2771 1878 audi
2801 1837 2919 1878 nos.
2934 1820 3097 1891 Kyrie
3121 1819 3347 1886 eleison,
3370 1818 3535 1892 Kyrie
3560 1817 3798 1880 eleison,
3830 1816 3939 1886 Κῖ-

2343 1918 2425 1974 rie
2451 1917 2672 1974 eleison.
2704 1917 2870 1972 Pater
2898 1926 3103 1973 noster.

2414 2009 2671 2066 Miserere
2694 2008 2823 2075 mei,
2848 2010 3014 2074 Deus,
3043 2008 3302 2063 miserere
3325 2008 3429 2063 mei
3455 2025 3467 2059 :
3501 2008 3767 2076 quoniam
3802 2008 3855 2060 in
3887 2016 3941 2060 te

2342 2099 2569 2157 conﬁdit
2615 2100 2796 2155 anima
2826 2113 2967 2154 mea.
3006 2099 3258 2154 Exaltare
3286 2114 3451 2168 super
3479 2098 3647 2152 caelos
3683 2098 3855 2162 Deus,
3886 2107 3944 2152 ct

2340 2208 2508 2266 mer
2526 2208 2742 2249 omnem
2765 2204 2969 2247 terram
2990 2192 3216 2264 gloriam
3241 2200 3408 2259 tuam,
3435 2200 3498 2246 ut
3520 2192 3833 2246 liberentur
3860 2192 3942 2245 di-

2335 2285 2468 2343 lecti
2488 2284 2587 2341 tui.
2613 2281 2845 2353 Adjutor
2869 2298 3023 2339 meus
3038 2283 3134 2338 tibi
3161 2282 3408 2353 psallam,
3432 2283 3558 2352 quia
3582 2281 3730 2336 Deus
3747 2296 3938 2337 susce-

2339 2385 2465 2447 ptor
2488 2390 2642 2431 meus
2670 2389 2685 2428 :
2718 2374 2861 2429 Deus
2889 2389 3043 2430 meus
3062 2414 3079 2440 ,
3107 2372 3479 2430 misericordia
3523 2386 3662 2426 mea.
3696 2369 3936 2425 Benedi-

2340 2482 2464 2522 carn
2493 2465 2783 2521 Dominum
2834 2466 2887 2520 in
2917 2465 3066 2519 omni
3096 2474 3338 2534 tempore
3376 2483 3387 2515 :
3418 2478 3632 2533 semper
3661 2463 3789 2518 laus
3819 2461 3938 2531 ejus

2340 2561 2400 2617 in
2426 2575 2522 2615 ore
2544 2574 2683 2614 meo.
2704 2558 2957 2624 Domine,
2974 2558 3170 2613 exaudi
3187 2558 3491 2612 orationem
3515 2571 3715 2618 nteant,
3742 2565 3800 2610 et
3823 2555 3935 2610 cla-

2341 2668 2464 2709 mor
2486 2668 2639 2708 meus
2666 2652 2733 2707 ad
2763 2661 2816 2706 te
2842 2652 3043 2707 veniat.

2412 2739 2619 2799 Oratio.
2686 2742 2996 2798 Harmoniae
3031 2752 3231 2798 nostra:
3284 2744 3668 2799 suavissimum
3729 2743 3933 2807 melos,

2341 2836 2484 2891 Deus
2504 2876 2521 2902 ,
2552 2836 2643 2906 qui
2669 2837 2842 2891 nostri
2872 2838 3106 2905 pectoris
3132 2836 3496 2890 modulamina
3530 2851 3674 2890 nunc
3716 2834 3934 2892 facibus

2343 2925 2452 3000 [AL
2482 2966 2498 2995 ,
2545 2924 2782 2999 [latibus]
2807 2968 2823 2993 ,
2878 2943 3024 2982 nunc
3076 2925 3290 2983 ﬂetibus
3326 2928 3575 2997 przecipis
3611 2943 3924 2983 exercere:

2338 3030 2539 3094 praesta
2598 3039 2910 3094 quaesumus
2936 3067 2950 3092 ,
2990 3023 3256 3089 Domine,
3316 3030 3376 3078 ut
3424 3024 3515 3093 qui
3569 3024 3660 3077 illa
3700 3024 3935 3093 spiritali

2263 3154 2310 3217 ϐ
2344 3113 2585 3190 [affectu]
2615 3117 2990 3183 concinimus,
3041 3116 3450 3187 perpetualibus
3498 3118 3680 3173 eboris
3732 3114 3935 3172 inserti

2328 3223 2462 3264 cum
2491 3208 2696 3264 sanctis
2720 3208 2972 3265 omnibus
3006 3210 3225 3280 gloriari
3253 3226 3580 3265 mereamur.
3610 3210 3727 3266 Per.

2888 3337 3186 3414 FEBIA
3266 3340 3370 3415 ΙΙ.

2370 3480 2755 3543 CONFESSIO
2792 3480 3259 3543 PECCATORUM
3298 3483 3486 3541 PURA
3525 3486 3801 3544 ALCUINI
3839 3502 3891 3546 ι.

2407 3602 2438 3642 δ
2471 3600 2617 3657 Deus
2638 3602 3035 3657 inaestimabilis
3058 3602 3466 3666 misericordim,
3484 3601 3627 3657 Deus
3649 3604 3929 3659 immensae

2334 3695 2575 3764 pietatis,
2598 3694 2741 3750 Deus
2767 3694 3018 3750 conditor
3039 3704 3096 3749 et
3123 3705 3410 3765 reparator
3431 3694 3652 3750 humani
3684 3697 3925 3764 generis,

2335 3786 2429 3854 qui
2467 3784 2849 3843 conﬁtentium
2879 3785 2978 3841 tibi
2998 3786 3163 3841 corda
3186 3786 3464 3859 puriﬁeas,
3513 3795 3571 3842 et
3608 3795 3929 3841 accusantes

2334 3894 2394 3935 se
2422 3889 2552 3935 ante
2587 3886 2940 3950 conspectum
2983 3879 3181 3934 divinxe
3214 3878 3514 3934 clementia:
3552 3887 3657 3932 tua:
3686 3877 3754 3931 ab
3775 3876 3927 3931 omni

2332 3967 2553 4024 vinculo
2607 3968 2916 4040 iniquitatis
2959 3968 3231 4034 absolvis;
3285 3969 3541 4024 virtutem
3592 3977 3738 4024 tuam
3794 3968 3926 4024 totis

2334 4078 2506 4119 exoro
2528 4063 2844 4134 gemitibus,
2876 4071 2937 4118 ut
2957 4062 3252 4119 secundum
3278 4061 3677 4117 multitudinem
3700 4061 3927 4116 misera-

2336 4157 2546 4211 tionum
2579 4164 2820 4221 tuarum,
2849 4155 2917 4209 de
2945 4155 3202 4209 omnibus
3240 4154 3483 4224 peccatis
3508 4153 3666 4216 meis,
3713 4152 3779 4207 de
3806 4152 3925 4221 qui-

2334 4248 2436 4303 bus
2462 4263 2549 4303 me
2570 4262 2690 4302 mea
2720 4245 3052 4301 conscientia
3080 4252 3321 4309 accusat,
3357 4258 3552 4314 puram
3579 4242 3713 4298 mihi
3741 4258 3921 4297 coram

2334 4348 2389 4395 te
2413 4337 2682 4395 concedas
2723 4353 2885 4411 agerc
2930 4335 3365 4401 confessionem;
3395 4350 3691 4404 veramque
3727 4349 3790 4388 ex
3835 4333 3923 4389 bis

2324 4432 2586 4487 omnibus
2632 4440 2690 4485 et
2720 4430 3049 4501 condignam
3098 4429 3232 4484 mihi
3275 4429 3484 4484 tribuas
3529 4426 3915 4499 pmnitentiam,

713 4500 785 4556 Ut
812 4496 1186 4605 pacem‘nobis
1212 4496 1416 4551 donare
1444 4494 1703 4563 digneris,
1732 4492 1961 4549 Domine
1984 4493 2136 4558 Jesu,
2171 4502 2227 4551 te
2258 4546 2305 4605 υ
2333 4537 2671 4593 qumcunque
2713 4492 2934 4592 Ρεεωξί
2991 4521 3047 4575 in
3099 4492 3836 4591 mgitalionibus'pessimis.
3866 4517 3919 4571 in

640 4607 899 4664 rogamus
923 4590 1048 4645 audi
1083 4604 1201 4643 nos.

713 4687 781 4743 Ut
810 4683 1199 4754 indulgentiam
1228 4681 1549 4736 delictorum
1579 4690 1891 4735 nostrorum
1940 4680 2096 4736 nobis
2126 4680 2225 4734 do-

639 4796 771 4836 nare
830 4776 1100 4847 digneris,
1158 4774 1383 4830 Domine
1439 4772 1610 4839 Iesu,
1681 4781 1733 4827 te
1793 4789 2048 4844 rogamus
2100 4774 2225 4829 audi

646 4891 746 4929 “03
757 4914 769 4925 .

714 4968 784 5023 Ut
847 4966 1218 5021 remissionem
1274 4972 1622 5032 peccatorum
1690 4969 2003 5016 nostrorum
2070 4960 2228 5015 nobis

640 5062 844 5116 donare
894 5056 1171 5126 digneris,
1232 5056 1456 5111 Domine
1493 5054 1620 5111 Jcsu
1647 5096 1662 5109 .
1715 5063 1768 5109 te
1806 5068 2061 5126 rogamus
2099 5052 2224 5106 audi

641 5172 761 5210 "05.

712 5247 783 5303 Ut
817 5253 1045 5318 gratiam
1074 5243 1247 5298 sancti
1294 5242 1529 5311 Spiritus
1567 5240 1823 5295 cordibus
1871 5240 2073 5294 nostris
2115 5237 2227 5294 cle-

641 5349 851 5396 menter
878 5337 1163 5393 infundere
1183 5334 1444 5406 digneris,
1468 5331 1854 5395 DomineJesu,
1878 5340 1935 5385 te
1968 5346 2229 5401 rogamus

644 5433 770 5491 andi
795 5448 915 5488 nos.

715 5525 789 5582 Ut
830 5524 1279 5580 intercessionem
1318 5530 1631 5575 sanctorum
1672 5527 1890 5575 tuorum
1932 5519 2087 5574 nobis
2134 5522 2228 5573 do-

714 5679 741 5707 ι
769 5664 961 5719 Exstat
983 5664 1036 5717 in
1065 5662 1249 5716 libello

646 5740 733 5801 Η,
762 5736 864 5791 sub
901 5736 1004 5789 hoc
1048 5733 1202 5786 titulo
1230 5751 1242 5785 τ

1331 5661 1664 5715 recationum
1694 5658 1869 5715 Caroli
1898 5657 2067 5720 Calvi,
2103 5674 2225 5728 pag.

1331 5677 1664 5715 recauonum
1694 5677 1869 5715 uarou
1898 5677 2067 5720 nam,
2103 5677 2225 5728 pag.

1274 5677 1547 5799 gonfessio
1576 5746 1734 5799 quam
1781 5728 2066 5782 Alc/minus
2092 5746 2231 5782 corn-

646 5798 814 5875 pusuit
844 5805 1034 5861 Carolo
1059 5798 1565 5876 ἑπιρρηειοτὶζλρυι]
1588 5798 1822 5855 Martcn.
1850 5800 1915 5856 dc
1941 5810 2051 5853 ant.
2083 5798 2227 5855 Eccl.

2332 4613 2776 4669 meditationibus
2803 4612 3006 4683 pravis,
3040 4612 3095 4667 in
3121 4627 3391 4668 consensu
3420 4610 3584 4675 malo,
3616 4612 3671 4665 in
3698 4609 3927 4665 consilio

2328 4706 2533 4777 iniquo,
2564 4708 2615 4758 in
2642 4704 3085 4774 concupiscentia
3118 4713 3282 4772 atque
3304 4703 3665 4759 delectatione
3689 4704 3923 4759 immun-

2330 4797 2397 4854 da
2421 4840 2435 4863 ,
2465 4799 2517 4851 in
2549 4798 2730 4851 verbis
2768 4796 2979 4861 otiosis,
3012 4795 3067 4851 in
3096 4796 3256 4852 factis
3276 4796 3583 4859 malitiosis,
3615 4796 3671 4850 in
3701 4797 3846 4862 visu,
3874 4797 3925 4851 in

2330 4890 2541 4953 auditu,
2572 4888 2627 4943 in
2660 4899 2853 4959 gustu,
2882 4889 2936 4941 in
2978 4888 3209 4943 odoratu
3232 4896 3291 4943 et
3317 4895 3485 4942 tactu.
3522 4885 3604 4942 Tu
3627 4890 3798 4953 enim,
3831 4888 3927 4942 mi-

2335 4981 2571 5036 scricors
2600 4981 2760 5044 Deus,
2795 4982 2864 5036 ad
2886 4980 3221 5050 operandam
3248 4980 3380 5035 mihi
3404 4981 3600 5035 anima:
3627 4996 3764 5036 mea!
3785 4978 3927 5037 salu-

2337 5080 2444 5126 tem
2472 5073 2719 5125 membra
2769 5070 2982 5141 singula
3035 5070 3288 5125 humanis
3316 5070 3506 5125 usibus
3530 5081 3661 5142 apta
3702 5070 3926 5135 dedisti;

2334 5165 2429 5217 sed
2457 5180 2559 5233 ego
2585 5163 2927 5219 miserrimus
2968 5163 3216 5219 omnium
3241 5171 3297 5218 ct
3324 5173 3608 5234 peccator,
3637 5173 3690 5219 te
3717 5174 3931 5218 acterna-

2337 5256 2527 5312 salutis
2555 5265 2834 5310 auctorem
2862 5256 3203 5327 contempsi,
3229 5264 3286 5309 et
3308 5263 3518 5311 aeterna
3549 5256 3682 5311 mihi
3714 5256 3928 5311 inimico

2338 5348 2587 5403 inccmlia
2620 5348 2948 5417 pratparanti
2980 5348 3243 5401 suadente
3277 5348 3535 5402 consensi
3572 5343 3729 5419 [Cod.
3768 5348 3891 5421 Reg.
3914 5389 3930 5414 ,

2329 5449 2385 5493 et
2425 5447 2626 5495 tetcrna
2666 5439 2797 5493 mihi
2841 5439 3092 5494 incendia
3139 5440 3476 5509 pra'paranti
3503 5438 3805 5511 consensi].
3832 5441 3928 5495 La-

2334 5549 2463 5602 psus
2482 5548 2601 5587 sum
2626 5534 2679 5587 in
2706 5534 2961 5603 peccatis,
2986 5533 3168 5588 corrui
3195 5532 3250 5587 in
3275 5532 3492 5590 deliciis
3510 5529 3621 5602 [ΑΙ.
3672 5531 3932 5603 delictis].

2335 5665 2478 5719 Disci
2503 5682 2559 5723 ι..
2593 5680 2712 5733 pag.
2744 5666 2866 5717 647.

2410 5737 2437 5775 ι»
2468 5684 2575 5789 ι”νο
2595 5752 2692 5789 usu
2725 5737 2863 5789 nrim

2410 5737 2437 5775 ι»
2468 5736 2575 5789 Pro
2595 5752 2692 5789 usu
2725 5737 2919 5805 primo,
2952 5752 3135 5807 supra,
3162 5736 3263 5791 col.
3298 5737 3427 5794 466.
