4122 6620
248 480 356 539 525

1252 484 1644 546 LITERGICA.
1686 522 1756 531 —
1794 489 2065 547 OFFICIA
2106 488 2241 548 PER
2280 492 2547 549 FERlAS.

3410 494 3512 548 5'26

245 595 305 652 In
323 595 580 652 membris
602 596 826 668 singulis
854 608 1062 653 natum
1084 601 1300 654 modum
1324 602 1555 665 excessi,
1584 602 1831 672 etimpiis
1859 609 1909 668 Α
1939 601 2163 672 Respice
2184 605 2238 658 in
2267 620 2372 669 me,
2399 615 2453 659 et
2483 607 2744 659 miserere
2767 608 2890 668 mei,
2909 605 3220 675 fontemque
3246 605 3513 676 lacryma-

243 704 332 744 me
356 689 629 745 laboribus
658 691 956 746 obnoxium
999 692 1122 745 feci.
1154 691 1326 747 Pedes
1368 694 1474 747 mei
1501 693 1570 748 ad
1600 710 1830 748 curren—

243 783 374 838 dum
402 783 457 837 in
504 782 740 850 malum,
770 783 1048 853 sequendo
1076 784 1375 850 libidinem,
1412 800 1573 855 supra
1610 784 1829 840 modum

244 872 460 930 veloces
499 874 754 940 fuerunt,
786 884 841 928 ct
884 876 940 930 in
966 876 1273 930 obedientia
1304 877 1684 932 mandatorum
1714 885 1834 930 tuo-

244 978 368 1018 rum
412 964 728 1019 imbecilles.
781 963 953 1019 Crura
987 981 1107 1019 mea
1148 966 1218 1021 ad
1258 982 1346 1022 me
1376 966 1749 1021 sustinendum
1778 967 1832 1020 in

246 1054 448 1110 malum
484 1055 655 1111 fortes
697 1054 853 1129 [Cod.
900 1056 1053 1127 ch.,
1110 1056 1315 1130 fortia].
1374 1059 1564 1114 Genua
1603 1074 1723 1113 mea
1763 1059 1833 1113 ad

243 1148 661 1207 fornicationem
706 1152 888 1222 potius
917 1167 1083 1221 quam
1114 1153 1182 1206 ad
1208 1150 1320 1223 64
1345 1152 1648 1206 orationem
1684 1150 1829 1204 flexi.

244 1243 306 1298 In
330 1241 628 1299 femoribus
647 1252 706 1299 et
735 1244 789 1298 in
819 1243 1148 1315 genitalibus
1177 1244 1311 1297 meis
1341 1257 1504 1312 supra
1529 1242 1750 1296 modum
1777 1242 1833 1295 in

242 1338 500 1393 omnibus
538 1352 627 1394 me
670 1339 1030 1395 immunditiis
1065 1340 1441 1394 contaminare
1486 1336 1642 1411 [Cod.
1677 1338 1829 1409 Reg.,

243 1428 302 1483 in
327 1430 579 1487 omnibus
606 1431 964 1487 immunditiis
1010 1432 1392 1503 contaminari]
1420 1449 1527 1486 non
1572 1432 1836 1497 metui,et

243 1537 400 1578 reum
426 1536 515 1578 me
533 1524 684 1577 omni
717 1523 851 1578 hora
887 1524 1093 1594 peregi.
1119 1522 1323 1578 Venter
1354 1539 1507 1579 meus
1540 1535 1597 1579 et
1622 1527 1832 1581 viscera

243 1616 426 1671 omnia
453 1616 674 1685 crapula
698 1625 825 1672 sunt
856 1611 1061 1688 iugiter
1084 1626 1142 1672 et
1176 1617 1439 1672 ebrietate
1465 1618 1713 1672 distenta.
1777 1618 1833 1672 in

244 1708 467 1763 renibus
490 1716 547 1762 et
575 1707 771 1764 lumbis
798 1749 810 1773 ,
852 1709 1104 1764 illusione
1141 1708 1407 1764 diabolica
1436 1724 1501 1763 ac
1523 1706 1738 1763 flamma
1771 1709 1835 1765 li-

242 1795 466 1863 bidinis,
480 1800 795 1867 turpissimo
824 1800 990 1854 ardeo
1012 1800 1302 1855 desiderio.
1325 1801 1519 1855 Latera
1540 1804 1687 1856 enim
1712 1819 1831 1858 mea

244 1886 473 1945 luxuriae
500 1889 762 1944 malitiam
786 1888 940 1963 [ϐοά.
971 1890 1120 1962 Reg.,
1147 1891 1414 1945 luxuriam
1444 1892 1692 1966 malitice]
1722 1909 1829 1949 non

243 1979 543 2038 formidant
568 1958 903 2051 perpetrare.
954 1958 1190 2037 Dorsum
1221 1998 1401 2038 meum
1431 1982 1497 2037 ad
1528 1958 1713 2053 iniqua
1746 2001 1833 2039 ro-
1863 1958 1910 2018 Β

244 2071 432 2129 boravi
471 2088 636 2143 opera
658 2116 672 2139 ,
710 2083 766 2129 et
792 2075 989 2129 collum
1021 2090 1201 2130 meum
1239 2075 1293 2129 in
1327 2076 1530 2130 carnali
1565 2078 1713 2131 erexi
1744 2092 1833 2131 su-

242 2168 453 2237 perbia.
500 2166 736 2223 Humera
764 2169 934 2240 (Nave
958 2168 1177 2238 dictum)
1208 2186 1329 2224 mea
1358 2171 1425 2225 ad
1448 2172 1711 2241 portanda
1740 2187 1833 2227 ne—

242 2260 432 2330 quitia:
457 2275 624 2315 onera
656 2262 894 2326 subdidi,
929 2270 984 2314 et
1009 2262 1230 2316 brachia
1271 2262 1605 2319 illecebrosis
1629 2262 1835 2333 iugiter

242 2353 585 2424 amplexibus
604 2353 829 2424 praebui.
846 2352 1037 2409 Manus
1053 2369 1188 2409 mea:
1206 2354 1375 2424 plenae
1394 2365 1520 2409 sunt
1543 2355 1829 2426 sanguine,

242 2444 605 2515 omnibusque
615 2443 867 2498 sordibus
882 2444 1269 2513 suntpollutae;
1296 2455 1561 2516 prompta:
1583 2446 1650 2499 ad
1672 2461 1834 2501 omne

243 2549 381 2604 opus
427 2548 679 2604 pravum,
708 2534 876 2604 pigrae
910 2536 977 2589 ad
1013 2534 1216 2604 aliquid
1241 2537 1575 2605 operantium
1605 2538 1831 2592 bonum.

244 2626 321 2682 Os
350 2641 528 2682 meum
558 2624 770 2680 nefario
814 2625 1077 2695 pollutum
1107 2636 1191 2682 est
1213 2627 1418 2690 osculo,
1451 2636 1507 2681 et
1533 2629 1715 2698 iniqua
1752 2638 1838 2683 est

245 2720 685 2791 concupiscentia
711 2719 1074 2783 maculatum,
1109 2717 1396 2791 verbisque
1443 2722 1736 2779 luxuriosis
1772 2740 1836 2779 ac

248 2810 447 2868 fabulis
467 2813 656 2869 otiosis
676 2813 1184 2884 superabundanter
1198 2830 1285 2870 me
1305 2824 1361 2868 et
1386 2815 1667 2869 mendacio
1687 2816 1837 2871 coin-

245 2906 490 2976 quinavi.
512 2904 663 2961 Gula:
679 2921 896 2976 semper
909 2916 966 2961 et
988 2907 1241 2962 ebrietati
1265 2909 1496 2973 deditus,
1525 2909 1837 2965 carnalibus

246 3012 526 3070 nunquam
542 2997 823 3053 desideriis
850 3000 1101 3053 satiatus.
1134 2997 1241 3054 Sed
1262 3008 1317 3054 et
1339 3000 1518 3071 lingua
1542 3014 1661 3055 mea
1688 3001 1835 3055 cunni

256 3097 342 3143 est
363 3087 574 3144 fallacia
599 3088 907 3159 profanata.
935 3087 1134 3146 Guttur
1171 3107 1349 3146 meum
1377 3091 1666 3146 insatiabili
1698 3108 1842 3149 scm—

247 3198 346 3254 per
372 3183 529 3237 ardet
556 3182 811 3253 ingluvie.
847 3183 1022 3239 Aures
1049 3199 1183 3239 meae
1216 3184 1418 3241 dolosis
1460 3192 1589 3240 sunt
1629 3186 1838 3242 obtusa:

251 3273 386 3346 [Al.,
415 3272 681 3347 obtunstc]
720 3274 978 3346 loquelis,
1009 3284 1272 3348 prompta:
1304 3277 1370 3331 ad
1409 3292 1571 3333 omne
1609 3278 1833 3341 malum,
1863 3311 1911 3375 ρ

251 3365 430 3421 surdae
454 3367 523 3421 ad
548 3381 711 3422 omne
739 3367 963 3422 bonum.
1015 3368 1073 3423 In
1102 3371 1329 3425 naribus
1357 3385 1594 3442 namque
1639 3372 1839 3441 saepius

249 3457 453 3529 iniquis
490 3459 795 3515 delectatus
841 3476 959 3515 sum
1008 3462 1288 3526 odoribus,
1340 3463 1395 3516 in
1445 3463 1644 3532 quibus
1671 3463 1839 3516 etiam

246 3551 590 3623 putredinem
629 3550 948 3607 delictorum
974 3553 1196 3608 minime
1244 3554 1453 3608 horrui.
1503 3553 1642 3622 Quid
1676 3555 1840 3627 igitur

248 3643 427 3699 dicam
454 3644 520 3699 de
543 3644 734 3711 oculis,
758 3645 849 3716 qui
876 3646 1126 3702 omnibus
1148 3663 1234 3702 me
1260 3645 1836 3713 feceruntobnoxium,

246 3752 576 3808 omnemque
599 3752 818 3795 sensum
844 3740 1025 3795 cordis
1052 3741 1158 3795 mei
1195 3749 1533 3806 averterunt,
1554 3740 1754 3811 quibus
1782 3742 1836 3795 in

245 3831 397 3886 omni
430 3833 680 3886 consensi
710 3832 965 3888 libidine?
1005 3830 1108 3899 Qui
1130 3843 1187 3886 et
1214 3848 1321 3898 me,
1354 3833 1604 3902 quamvis
1632 3846 1758 3887 raro
1783 3832 1838 3886 in

247 3925 563 3979 sanctuario
592 3933 715 3989 tuo,
752 3924 999 3990 Domine,
1026 3935 1080 3979 te
1099 3925 1418 3980 adorantem
1466 3924 1669 3980 intuitu
1712 3939 1838 3995 per-

247 4026 534 4074 verterunt
569 4018 777 4090 iniquo,
812 4032 1142 4092 omnemque
1185 4026 1393 4075 motum
1443 4019 1691 4089 corporis
1728 4019 1839 4073 mei

247 4111 318 4165 ad
362 4110 641 4165 immunda
693 4120 1083 4183 pertraxerunt
1138 4108 1426 4167 desideria.
1484 4110 1661 4181 Caput
1704 4125 1838 4167 vero

245 4215 430 4256 meum
449 4201 702 4256 omnibus
723 4202 1130 4272 supereminens
1149 4203 1426 4266 membris,
1448 4216 1575 4257 raro
1598 4218 1837 4271 unquam

248 4293 319 4347 ad
352 4300 404 4347 te
428 4289 599 4348 Deum
638 4303 943 4348 creatorem
978 4309 1159 4348 meum
1190 4293 1511 4359 incurvavi;
1548 4294 1643 4350 sed
1671 4294 1838 4348 etiam

246 4384 464 4441 cteteris
488 4383 746 4441 membris
785 4383 922 4458 [Vox
949 4385 1193 4439 membris
1221 4385 1276 4441 in
1305 4387 1427 4441 cod.
1458 4385 1591 4458 Reg.
1622 4384 1834 4459 omitt.]

250 4473 305 4527 in
337 4472 486 4529 onmi
515 4472 721 4529 malitia
747 4482 1177 4529 consentaneum
1210 4473 1333 4530 feci.
1363 4473 1470 4530 Cor
1506 4490 1688 4530 meum
1726 4474 1841 4544 ple-

248 4583 379 4623 num
401 4568 524 4624 dolo
546 4579 602 4624 et
622 4569 849 4635 malitia,
869 4586 1145 4642 nunquam
1159 4585 1295 4640 pura
1318 4568 1543 4640 purgavi
1569 4569 1840 4640 paeniten—

248 4662 325 4718 tia
352 4680 365 4716 :
394 4677 715 4734 semperque
740 4663 1007 4720 diabolica
1048 4663 1216 4734 pollui
1255 4662 1524 4727 illusione,
1557 4676 1835 4731 nunquam

244 4767 376 4809 vera
400 4752 916 4811 abluiconfessione.
941 4752 1058 4809 Non
1084 4753 1230 4808 enim
1254 4754 1369 4808 bare
1396 4764 1631 4806 narrans
1659 4757 1832 4816 tuam,

247 4844 498 4910 Domine,
530 4845 587 4900 in
615 4860 702 4899 me
729 4844 1047 4915 blaspheme
1075 4836 1383 4900 creaturam
1413 4854 1428 4896 :
1464 4842 1560 4897 sed
1593 4855 1771 4897 meam
1800 4855 1834 4894 a

246 4944 323 5001 te,
361 4935 602 5005 piissime
626 4934 794 5001 Deus,
823 4950 1058 5006 exposco
1079 4934 1428 4999 medicinam,
1457 4932 1551 5002 qui
1575 4932 1743 4987 etiam
1773 4931 1832 4986 in

244 5027 500 5082 omnibus
546 5027 805 5082 membris
848 5028 983 5083 meis
1030 5042 1117 5084 me
1173 5042 1325 5083 reum
1377 5026 1621 5099 intelligo
1670 5041 1836 5096 super

247 5133 559 5175 mensuram
585 5135 598 5173 :
630 5119 755 5189 quia
782 5128 848 5175 ut
874 5127 1020 5174 astra
1051 5118 1174 5175 coeli
1199 5128 1363 5189 atque
1391 5134 1613 5173 arenam
1640 5117 1827 5181 maris,

244 5222 369 5264 mea
424 5209 498 5264 ita
552 5208 971 5264 innumerabilia
1022 5223 1296 5278 cognosco
1346 5208 1560 5264 delicta.
1606 5206 1834 5277 Insuper

246 5298 414 5355 etiam
450 5301 554 5364 ira,
588 5300 832 5366 tristitia,
859 5300 1068 5364 acedia,
1094 5297 1361 5369 iactantia
1416 5307 1578 5369 atque
1600 5298 1829 5363 desidia,

223 5389 608 5460 omnibusque
648 5399 772 5444 octo
793 5388 1202 5459 principalibus
1227 5388 1375 5442 vitiis
1403 5388 1698 5443 obnoxium
1744 5401 1834 5442 me

246 5494 370 5538 esse
388 5480 665 5551 proﬁteor.
689 5479 798 5535 Sed
830 5488 901 5543 tu,
934 5478 1180 5544 Domine,
1203 5479 1539 5535 occultorum
1562 5478 1828 5547 cognitor,

248 5573 341 5642 qni
368 5571 549 5628 dixisti
576 5572 956 5643 pmnitentiam
1006 5580 1061 5625 te
1090 5569 1249 5625 malle
1281 5577 1630 5641 peccatorum
1665 5586 1829 5641 quam

244 5674 480 5722 mortem
502 5707 515 5729 ,
580 5665 675 5720 tibi
710 5665 892 5719 omnia
943 5664 1122 5720 cordis
1157 5665 1265 5720 mei
1318 5663 1571 5721 revelabo
1606 5679 1828 5719 arcana.

324 5816 348 5844 ³
379 5803 437 5860 in
460 5802 592 5858 Cod.
647 5803 777 5873 Reg.
826 5802 1077 5858 Titulus:
1112 5801 1382 5873 Incipiunt
1427 5804 1619 5874 psalmi
1675 5805 1837 5873 paeni-

252 5874 490 5927 tentiam
517 5891 728 5927 numera
762 5890 859 5937 vn,
883 5890 1000 5945 qua
1036 5890 1363 5946 unaquaque
1391 5877 1569 5928 anima
1590 5891 1707 5945 qua:
1730 5874 1838 5929 Deo

252 5946 455 6016 piacerc
485 5946 780 6012 desiderat,
806 5962 901 6016 pro
939 5944 1239 6000 remissione
1264 5944 1839 6017 peccatorum'suornm

1934 710 2056 748 rum
2078 706 2135 750 et
2162 698 2533 751 remissionem
2572 698 2811 750 omnium
2864 707 3228 764 peccatorum,
3267 698 3511 750 intimam

1934 788 2065 841 mihi
2100 788 2279 842 cordis
2318 786 2713 843 confessionem
2752 790 2927 842 tribue
2976 790 3235 855 poscenti.
3274 790 3512 852 lienova,

1934 879 2129 933 inuova
2173 876 2327 952 [ϐοά.
2370 877 2522 950 Reg.,
2575 880 2771 934 inuova
2805 881 2857 933 in
2897 879 3024 952 me],
3058 880 3302 948 piissime
3332 881 3512 945 Pater,

1934 969 2197 1040 quidquid
2232 972 2486 1033 actione,
2524 971 2665 1039 quod
2698 973 2891 1033 verbo,
2926 972 3070 1039 quod
3123 972 3236 1041 ipsa
3285 971 3519 1040 denique

1934 1059 2267 1128 cogitatione
2292 1059 2555 1113 diabolica
2585 1059 2776 1113 fraude
2805 1061 3054 1113 vitiatum
3085 1072 3166 1115 est
3192 1078 3204 1125 ;
3241 1070 3293 1113 et
3325 1062 3515 1118 unitati

1933 1150 2180 1218 corporis
2209 1150 2461 1206 Ecclesia:
2489 1151 2789 1206 membrum
2838 1163 2942 1206 tua:
2980 1154 3365 1220 redemptionis
3415 1169 3513 1209 an-

1936 1251 2120 1308 necte;
2147 1252 2203 1297 et
2230 1240 2336 1297 non
2365 1244 2652 1299 habentem
2699 1244 2949 1299 fiduciam
2982 1245 3082 1298 nisi
3112 1246 3163 1296 in
3192 1253 3281 1299 tua
3306 1246 3517 1301 miseri-

1935 1335 2140 1400 cordia,
2163 1334 2229 1388 ad
2242 1345 2643 1388 sacramentum
2672 1343 2775 1389 tuae
2796 1335 3253 1390 reconciliationis
3274 1336 3515 1396 admitte.

1936 1426 2041 1482 Per
2062 1425 2247 1482 Jesum
2268 1424 2543 1481 Christum
2566 1427 2900 1495 unigenitum
2938 1426 3133 1481 Filium
3164 1436 3311 1480 tuum
3339 1426 3521 1479 Domi-

1936 1532 2067 1572 num
2114 1525 2171 1571 et
2219 1514 2562 1571 Salvatorem
2594 1525 2871 1583 nostrum,
2918 1518 3009 1587 qui
3043 1527 3218 1573 tecum
3250 1535 3351 1571 una
3394 1533 3518 1570 eum

1935 1618 2126 1663 sancto
2154 1606 2361 1679 Spiritu
2392 1625 2533 1663 unus
2571 1618 2655 1663 est
2696 1608 2954 1664 Dominus
2980 1651 2993 1675 ,
3042 1626 3139 1681 per
3193 1610 3520 1664 immortalia

1936 1715 2168 1770 regnans
2199 1700 2393 1756 sa:cula
2429 1702 2766 1757 saeculorum.
2807 1703 2978 1759 Amen

2141 1824 2165 1853 ⁸
2201 1822 2504 1872 ιιιιιηι
2548 1825 3226 1877 νοεκιτειιτιιιει
3267 1820 3314 1871 θ’.

2537 1928 2761 1984 PSALM
2771 1930 2856 1986 US
2900 1931 2919 1985 l
2937 1972 2950 1986 .

2003 2047 2183 2118 (PSAL.
2208 2045 2309 2117 vl.)
2352 2047 2596 2113 Domine,
2628 2063 2696 2104 ne
2728 2050 2779 2103 in
2816 2047 2997 2104 furore
3028 2058 3117 2105 tuo
3148 2066 3344 2120 arguas
3381 2064 3510 2108 me:

1933 2153 2110 2209 neque
2134 2140 2187 2194 in
2220 2140 2297 2194 ira
2322 2148 2412 2194 tua
2434 2142 2695 2211 corripias
2720 2158 2824 2196 mc.
2855 2141 3109 2199 Miserere
3139 2144 3241 2198 mei
3274 2145 3520 2211 Domine,

1933 2231 2188 2301 quoniam
2212 2231 2457 2286 infirmus
2477 2247 2594 2286 sum
2634 2252 2646 2288 :
2690 2247 2821 2289 sana
2851 2249 2933 2289 me
2964 2234 3219 2300 Domine,
3254 2237 3513 2306 quoniam

1934 2326 2255 2381 conturbata
2278 2335 2407 2381 sunt
2433 2342 2554 2381 ossa
2578 2343 2718 2381 mea.
2757 2329 2822 2382 Et
2848 2331 3025 2383 anima
3049 2347 3166 2386 mea
3194 2332 3406 2387 turbata
3432 2341 3517 2385 est

1934 2418 2122 2473 valde:
2148 2419 2241 2473 sed
2266 2429 2318 2475 tu
2339 2419 2565 2474 Domine
2592 2424 2905 2491 usquequo?
2926 2422 3251 2480 Convertere
3274 2424 3521 2486 Domine.

1934 2520 1991 2564 et
2011 2511 2158 2580 eripe
2182 2511 2418 2566 animam
2445 2527 2620 2567 meam
2636 2554 2651 2578 ,
2684 2513 2892 2568 salvum
2917 2530 3001 2569 me
3024 2512 3108 2569 fac
3121 2524 3345 2585 propter
3361 2516 3523 2573 misc-

1936 2604 2226 2659 ricordiam
2247 2613 2412 2659 tuam.
2447 2603 2712 2672 Quoniam
2744 2621 2848 2660 non
2876 2615 2959 2661 est
2981 2606 3034 2660 in
3060 2616 3255 2671 morte,
3287 2609 3379 2677 qui
3411 2623 3525 2661 me—

1937 2709 2057 2749 mor
2094 2694 2165 2749 sit
2195 2694 2273 2748 tui
2299 2709 2313 2744 :
2347 2694 2400 2749 in
2423 2693 2638 2751 inferno
2657 2704 2838 2751 autem
2865 2697 2987 2766 quis
3013 2698 3359 2752 confitebitur
3385 2698 3521 2753 tibi?

1937 2786 2203 2842 Laboravi
2234 2787 2288 2841 in
2322 2789 2524 2857 gemitu
2553 2803 2698 2855 meo,
2725 2787 2916 2845 lavabo
2943 2805 3040 2860 per
3068 2790 3306 2863 singulas
3336 2804 3528 2848 noctes

1939 2881 2135 2934 lectum
2162 2894 2341 2934 meum
2376 2899 2386 2932 :
2414 2880 2676 2951 lacrymis
2695 2882 2831 2936 meis
2858 2890 3087 2936 stratum
3111 2898 3289 2936 meum
3316 2882 3524 2953 rigabo.

1941 2969 2215 3027 Turbatus
2249 2980 2334 3027 est
2355 2988 2385 3025 a
2414 2971 2597 3027 furore
2618 2972 2806 3027 oculus
2839 2987 2992 3025 meus
3024 2990 3036 3025 :
3069 2972 3362 3027 inveteravi
3389 2973 3530 3026 inter

1939 3077 2132 3116 omnes
2162 3062 2411 3117 inimicos
2450 3077 2621 3117 meos.
2652 3061 2924 3116 Discedite
2952 3077 2980 3115 a
3028 3077 3113 3117 me
3141 3104 3155 3127 ,
3197 3076 3390 3117 omnes
3432 3064 3526 3132 qui

1941 3154 2243 3227 operamini
2267 3155 2610 3225 iniquitatem
2645 3174 2657 3209 :
2684 3156 2939 3225 quoniam
2961 3155 3237 3210 exaudivit
3266 3155 3527 3212 Dominus

1941 3266 2133 3307 vocem
2152 3250 2309 3307 fletus
2331 3250 2457 3304 mei.
2484 3248 2773 3304 Exaudivit
2809 3249 3068 3304 Dominus
3092 3250 3527 3319 deprecationem

1941 3358 2140 3409 meam,
2164 3342 2425 3398 Dominus
2444 3341 2747 3397 orationem
2766 3340 2875 3413 65
2897 3356 3075 3397 meam
3105 3343 3360 3413 suscepit.
3396 3343 3531 3399 Ern»

1937 3435 2184 3499 bescant,
2250 3442 2306 3489 et
2353 3432 2747 3489 conturbentur
2793 3434 3148 3488 vehementer
3195 3450 3387 3492 omnes
3428 3435 3529 3492 iui-

1938 3527 2065 3583 miei
2119 3529 2226 3585 mei
2258 3544 2273 3582 :
2311 3536 2701 3583 convertantur
2737 3535 2793 3583 ct
2824 3528 3147 3584 erubescant
3190 3528 3344 3585 valde
3381 3527 3528 3585 velo-

1938 3621 2093 3677 citer.

2011 3713 2081 3769 Ut
2127 3720 2310 3785 supra:
2344 3715 2590 3780 Domine,
2608 3724 2926 3771 convertere
2955 3754 2970 3779 ,
3014 3723 3070 3769 et
3099 3715 3248 3784 eripe
3282 3714 3520 3770 animam

1940 3822 2155 3873 meam;
2192 3809 2401 3862 salvum
2442 3824 2530 3862 me
2549 3808 2633 3862 fac
2659 3816 2879 3879 propter
2899 3808 3328 3862 misericordiam
3358 3819 3526 3861 tuam.

1942 3902 2192 3970 Respice,
2224 3909 2282 3956 et
2306 3901 2499 3955 exaudi
2527 3916 2634 3967 me,
2663 3900 2891 3955 Domine
2915 3899 3058 3955 Deus
3084 3916 3258 3965 meus,
3290 3900 3528 3955 illumina

1937 3994 2124 4049 oculos
2160 4010 2349 4049 meos:
2387 4008 2456 4049 ne
2484 4007 2726 4062 unquam
2774 3992 3112 4048 obdormiam
3143 3993 3195 4046 in
3226 4000 3425 4059 morte,
3454 4010 3526 4049 ne

1935 4089 2156 4159 quando
2169 4089 2316 4144 dicat
2330 4087 2581 4142 inimicus
2600 4101 2754 4141 meus
2771 4104 2786 4139 :
2810 4085 3073 4140 Prmvaiui
3096 4086 3357 4142 adversus
3374 4103 3521 4143 eum.

1935 4178 2022 4236 Ab
2047 4180 2272 4236 occultis
2299 4179 2437 4234 meis
2472 4177 2674 4233 munda
2715 4193 2804 4233 me
2825 4218 2841 4243 ,
2874 4177 3099 4233 Domine
3124 4218 3138 4245 ,
3163 4189 3216 4233 et
3251 4181 3319 4235 ab
3341 4180 3530 4236 alienis

1937 4285 2102 4341 parce
2129 4282 2289 4327 servo
2317 4280 2430 4324 tuo.

2012 4362 2219 4417 Oratio.
2256 4361 2555 4417 Exauditor
2586 4376 2829 4417 omnium
2857 4363 3000 4419 Deus
3019 4402 3035 4430 ,
3066 4366 3262 4421 exaudi
3312 4379 3527 4422 nostro-

1939 4468 2061 4509 rum
2098 4451 2319 4508 iletnum
2342 4451 2635 4522 supplicem
2667 4469 2879 4520 vocem,
2907 4464 2962 4510 et
2990 4457 3167 4512 tribue
3197 4454 3528 4512 infirmitati-

1939 4544 2040 4602 bus
2067 4546 2269 4601 nostris
2290 4554 2609 4616 perpetuam
2640 4544 2951 4601 firmitatem
2971 4545 3125 4620 [ϐοά.
3150 4545 3301 4619 Reg.,
3325 4564 3524 4620 perpe-

1942 4645 2091 4693 tuam
2120 4636 2458 4711 sospitatem]
2483 4656 2494 4690 :
2527 4646 2588 4691 ut
2602 4637 2730 4692 dum
2757 4635 3044 4707 dignanter
3065 4641 3323 4710 gemitum
3350 4640 3523 4693 nostri

1940 4727 2145 4783 laboris
2172 4727 2425 4797 suscipis,
2449 4735 2541 4781 tua
2561 4743 2662 4783 nos
2683 4742 2899 4797 semper
2927 4729 3301 4784 misericordia
3325 4744 3524 4785 consu-

1938 4817 2088 4873 leris.
2117 4817 2222 4873 Per
2242 4816 2550 4874 Dominum.

2540 4930 2861 4987 PSALMUS
2890 4932 2952 4987 ll.

1980 5022 2190 5098 ’(Ρδλι..
2220 5020 2395 5095 sui.)
2418 5023 2569 5079 Beati
2589 5038 2819 5094 quorum
2850 5024 3091 5080 remissa
3117 5033 3242 5079 sunt
3262 5024 3515 5095 iniquita-

1938 5124 2022 5172 tes
2051 5123 2145 5171 :et
2168 5130 2397 5185 quorum
2435 5122 2578 5171 tecta
2609 5124 2738 5170 sunt
2765 5124 3007 5186 peccata.
3057 5114 3255 5172 Beatus
3282 5118 3385 5181 vir,
3432 5121 3522 5170 cui

1939 5223 2047 5262 non
2074 5207 2359 5277 imputavit
2382 5205 2642 5261 Dominus
2665 5212 2947 5276 peccatum
2970 5222 2984 5260 :
3010 5222 3111 5263 nec
3130 5216 3214 5262 est
3240 5208 3294 5262 iu
3321 5209 3515 5278 spiritu

1938 5299 2057 5367 eius
2072 5298 2243 5354 dolus.
2264 5296 2529 5364 Quoniam
2559 5297 2722 5362 tacui,
2748 5297 3187 5352 inveteraverunt
3207 5312 3330 5353 ossa
3354 5312 3471 5351 mea
3502 5313 3516 5349 :

1940 5394 2066 5449 dum
2085 5390 2379 5448 clamarem
2401 5398 2512 5445 tota
2529 5389 2633 5445 die.
2651 5387 2916 5456 Quoniam
2939 5392 3025 5446 die
3043 5405 3107 5446 ac
3123 5400 3280 5446 nocte
3300 5400 3521 5463 gravata

1939 5493 2024 5539 est
2049 5496 2312 5553 superine
2333 5496 2524 5537 manus
2547 5488 2639 5535 tua
2675 5498 2688 5533 :
2716 5496 3015 5537 conversus
3037 5498 3154 5537 sum
3182 5482 3235 5537 in
3256 5498 3519 5541 :erumna.

1932 5575 2060 5630 dum
2088 5574 2377 5647 configitur
2402 5573 2576 5642 spina.
2606 5572 2872 5629 Delictum
2904 5590 3084 5629 meum
3113 5576 3388 5645 cognitum
3413 5575 3519 5630 tibi

1934 5662 2037 5721 feci
2071 5682 2086 5720 :
2118 5674 2175 5719 et
2212 5663 2534 5736 iniustitiam
2561 5679 2736 5718 meam
2769 5680 2875 5719 non
2904 5664 3183 5720 abscondi.
3221 5665 3360 5728 Dixi,
3391 5680 3526 5722 con-

1937 5816 2123 5855 canere
2147 5797 2315 5852 debet.

2014 5872 2041 5911 δ
2070 5870 2311 5943 Exstant
2348 5868 2427 5943 in_
2459 5868 2637 5927 libello
2679 5868 2855 5925 Caroli
2910 5870 3080 5935 Calvi,
3114 5885 3235 5941 pag.
3282 5869 3345 5924 16
3377 5883 3521 5943 scq.,

1945 5942 2147 6012 absque
2179 5939 2535 5996 orationibus.
