4122 6578
690 361 792 419 δτι

1551 366 1611 422 Β.
1654 367 1715 423 F.
1758 367 1985 424 ALBlNl
2023 367 2157 426 SEU
2196 365 2474 423 ALCUINI
2513 365 2798 426 OPERUM
2837 365 3016 422 PARS
3051 365 3133 421 ιν.

3875 361 3982 416 523

693 483 888 540 ﬁtebor
916 485 1200 540 adversum
1233 500 1319 540 me
1353 483 1677 553 iniustitiam
1715 499 1891 540 meam
1917 483 2150 541 Domino
2177 500 2191 538 :
2223 492 2279 537 et
2307 487 2355 545 Α
2382 498 2481 554 pro
2509 491 2732 553 peccato
2765 497 2901 538 meo.
2937 481 3142 536 Inimici
3164 490 3344 535 autem
3378 480 3481 535 mei
3514 480 3720 542 vivunt,
3760 487 3822 533 et
3846 492 3985 535 con-

694 587 748 631 tu
784 577 1040 632 remisisti
1079 577 1414 649 impietatem
1442 579 1650 649 peccati
1676 578 1805 634 mei.
1835 577 1940 634 Pro
1968 579 2073 634 hac
2097 577 2279 634 orabit

692 669 760 725 ad
798 677 853 724 te
879 669 1056 725 omnis
1087 679 1307 726 sanctus
1332 672 1385 725 in
1409 681 1655 742 tempore
1672 679 2002 740 opportuno.
2044 668 2278 726 Verum-

693 771 873 818 tamen
898 758 953 818 in
989 763 1190 818 diluvio
1241 779 1508 834 aquarum
1552 763 1849 820 multarum
1873 805 1888 828 ,
1919 764 1990 819 ad
2014 778 2139 820 eum
2170 779 2276 820 non

689 859 1161 929 approximabunt.
1191 857 1270 912 Tu
1292 873 1353 914 es
1371 857 1637 930 refugium
1663 872 1844 912 meum
1861 873 1889 912 a
1905 857 2272 924 tribulatione,

690 967 811 1021 qua:
837 951 1193 1006 circumdedit
1221 965 1306 1006 me
1340 968 1351 1006 :
1394 949 1684 1005 exsultatio
1705 964 1823 1004 mea
1847 962 1976 1005 erue
2005 963 2091 1003 me
2113 963 2142 1003 a
2169 948 2277 1003 cir-

690 1040 1068 1097 cumdantibus
1094 1055 1199 1096 me.
1237 1039 1573 1102 Intellectum
1605 1039 1701 1093 tibi
1733 1039 1903 1104 dabo,
1930 1047 1986 1093 et
2007 1037 2274 1093 instruam

689 1142 743 1188 te
767 1133 822 1187 in
845 1131 930 1186 via
960 1132 1085 1194 hac,
1111 1147 1214 1200 qua
1239 1129 1539 1200 gradieris:
1571 1128 1798 1184 ﬁrmabo
1824 1143 1989 1200 super
2010 1135 2063 1184 te
2087 1128 2274 1185 oculos

687 1237 859 1278 meos.
886 1221 1063 1276 Nolite
1088 1221 1206 1277 fieri
1242 1221 1384 1276 sicut
1402 1235 1575 1292 equus
1602 1229 1657 1276 et
1693 1219 1871 1275 mulus
1899 1237 1912 1274 :
1945 1219 2141 1289 quibus
2163 1235 2272 1274 non

685 1323 771 1370 est
817 1313 1141 1372 intellectus.
1194 1313 1253 1368 In
1281 1314 1476 1369 chamo
1503 1322 1559 1367 et
1603 1311 1759 1367 freno
1788 1311 2035 1367 maxillas
2084 1327 2272 1366 eorum

683 1408 1000 1477 constringe
1046 1422 1061 1461 :
1092 1407 1185 1477 qui
1216 1423 1324 1462 non
1366 1408 1746 1479 approximant
1775 1407 1844 1463 ad
1873 1415 1942 1463 te.
1981 1407 2144 1462 Multa
2171 1407 2268 1463 lla-

685 1498 824 1571 gella
851 1501 1155 1569 peccatoris
1182 1516 1194 1551 :
1216 1507 1522 1569 sperantem
1552 1508 1735 1556 autem
1762 1501 1818 1556 in
1835 1501 2082 1564 Domino,
2109 1501 2274 1557 mise—

685 1595 922 1649 ricordia
951 1593 1332 1648 circumdabit.
1360 1592 1641 1648 Laetamini
1668 1593 1723 1647 in
1751 1593 1977 1650 Domino
2001 1601 2056 1649 et
2082 1591 2266 1650 exsul-

689 1694 800 1741 tate
833 1687 966 1757 justi
1000 1683 1295 1759 [Quercet.,
1323 1682 1533 1754 injusti,
1559 1683 1826 1758 mendose]
1855 1703 1869 1738 :
1893 1693 1948 1741 et
1963 1684 2269 1757 gloriamini

683 1793 874 1834 omnes
900 1779 1037 1833 reeti
1064 1777 1247 1832 corde.

2382 571 2581 630 firmati
2605 584 2730 629 sunt
2751 587 2918 643 super
2939 586 3026 626 me
3064 590 3076 625 :
3101 579 3156 626 et
3179 571 3519 641 multiplicati
3549 581 3692 634 sunt,
3721 571 3821 641 qui
3845 571 3981 627 ode-

2380 674 2508 724 runt
2541 681 2629 722 me
2659 667 2862 738 inique.
2889 665 2990 734 Qui
3015 665 3326 721 retribuunt
3368 665 3509 721 mala
3538 681 3638 735 pro
3665 665 3857 732 bonis,
3885 665 3983 725 de-

2381 757 2674 814 trahebant
2707 759 2839 813 milii
2888 772 2903 811 :
2942 758 3196 829 quoniam
3225 758 3496 827 sequebar
3538 758 3870 814 bonitatem.
3900 754 3982 816 Ne

2378 850 2724 922 derelinquas
2751 865 2854 918 me,
2877 850 3103 905 Domine
3126 849 3270 906 Deus
3291 864 3475 904 meus:
3497 865 3565 905 ne
3590 849 3922 906 discesseris
3949 864 3980 906 δ

2376 958 2487 999 me.
2513 943 2732 999 lntende
2756 943 2812 998 in
2834 941 3158 1013 adiutorium
3184 957 3384 1008 meum,
3410 941 3631 998 Domine
3653 941 3806 999 Deus
3829 942 3979 997 salu-

2377 1035 2447 1090 tis
2477 1050 2631 1090 meae.

2447 1123 2637 1180 Preces
2659 1135 2712 1181 ut
2737 1142 2922 1197 supra.
2948 1125 3194 1190 Domine,
3227 1132 3351 1180 ante
3370 1133 3419 1180 te
3445 1138 3606 1180 omne
3633 1123 3980 1180 desiderium

2374 1233 2578 1282 meusn,
2608 1227 2663 1273 et
2691 1219 2923 1289 gemitus
2946 1234 3100 1274 meus
3147 1233 3178 1272 a
3219 1227 3272 1273 te
3307 1233 3414 1272 non
3463 1224 3548 1271 est
3590 1217 3978 1273 absconditus.

2372 1313 2579 1369 Exaudi
2655 1314 2942 1369 irationem
3003 1329 3220 1380 meam,
3272 1313 3540 1378 Domine,
3604 1323 3661 1368 et
3705 1313 3982 1385 deprecav

2372 1407 2574 1462 tionem
2626 1423 2802 1462 meam
2847 1423 2860 1462 :
2905 1407 3128 1462 auribus
3198 1408 3417 1479 percipe
3471 1407 3742 1478 lacrymas
3797 1423 3977 1463 meas.

2371 1498 2714 1568 Complaceat
2742 1499 2861 1564 tibi,
2910 1498 3158 1562 Domine,
3191 1507 3251 1554 ut
3272 1514 3434 1555 eruas
3470 1513 3597 1554 me:
3637 1497 3879 1554 Domine
3910 1499 3980 1554 ad

2371 1590 2730 1660 adjuvandum
2757 1607 2846 1647 me
2867 1593 3100 1661 respice.

2441 1685 2646 1743 Oratio.
2667 1687 3154 1756 Emitte,Domine,
3180 1688 3420 1745 salutare
3447 1697 3599 1744 tuum
3632 1688 3980 1744 inﬁrmitati-

2368 1780 2469 1835 bus
2500 1779 2718 1846 nostris,
2744 1781 3030 1838 vulnerum
3049 1782 3479 1853 cicatricumque
3509 1780 3831 1839 mortalium
3877 1797 3978 1852 po-

755 1868 824 1924 Ut
858 1886 1038 1941 supra.
1079 1868 1288 1923 Delicta
1319 1866 1621 1937 iuventutis
1649 1883 1802 1935 meae,
1830 1877 1886 1924 et
1925 1867 2266 1940 ignorantias
2297 1860 2343 1922 B
2372 1871 2673 1927 tentissime
2699 1872 3027 1940 medicator;
3058 1881 3120 1929 ut
3158 1890 3375 1931 omnem
3401 1874 3658 1946 gemitum
3694 1873 3978 1931 dolorem-

683 1976 831 2016 meas
868 1976 937 2017 ne
983 1961 1299 2016 memineris
1355 1957 1604 2014 Domine.
1658 1958 1967 2015 Secundum
2015 1973 2268 2032 magnam

680 2052 1106 2109 misericordiam
1126 2059 1276 2106 tuam
1302 2058 1576 2106 memento
1597 2050 1703 2105 mei
1727 2059 1786 2104 tu
1815 2068 1828 2105 :
1857 2058 2079 2122 propter
2115 2050 2268 2106 boni-

683 2153 850 2200 tatem
891 2153 1039 2198 tuam
1068 2142 1315 2198 Domine.
1341 2141 1572 2213 Propter
1597 2157 1794 2198 nomen
1821 2152 1992 2208 tuum,
2017 2140 2264 2208 Domine,

677 2234 1061 2304 prepitiaberis
1088 2243 1312 2304 peccato
1334 2249 1456 2290 meo
1494 2249 1508 2287 :
1541 2232 1771 2288 multum
1795 2241 1879 2289 est
1905 2235 2072 2290 enim.
2117 2233 2265 2291 Deli-

677 2333 823 2379 ctum
846 2339 1022 2379 meum
1053 2325 1333 2395 cognitum
1358 2325 1454 2380 tibi
1481 2322 1604 2392 feci,
1636 2335 1692 2380 et
1723 2324 2044 2395 iujustitiam
2088 2342 2266 2383 meam

678 2433 784 2473 non
815 2418 1099 2474 abscondi.

748 2505 954 2563 Oratio.
987 2507 1186 2563 Sancte
1215 2507 1473 2574 Domine,
1508 2511 1601 2577 qui
1631 2509 1871 2566 remissis
1900 2510 2112 2568 delictis
2137 2512 2267 2568 bea-

676 2601 960 2656 titudinem
983 2609 1035 2654 te
1071 2599 1337 2656 confessis
1358 2600 1626 2665 attribuis,
1657 2601 1849 2655 exaudi
1877 2610 2001 2656 vota
2027 2617 2266 2671 pmsen.

675 2693 745 2746 tis
775 2690 989 2747 familiae
1020 2690 1153 2764 [Al.,
1177 2689 1864 2762 Ecclesiznlmtconfractis
1892 2697 2101 2762 peccati
2134 2711 2265 2752 acu-

677 2784 774 2838 leis
797 2783 1027 2854 spiritali
1040 2800 1139 2840 nos
1154 2784 1515 2840 exsultatione
1531 2783 1816 2856 perfunde.
1849 2785 1954 2841 Per
1974 2785 2264 2845 Dominum

673 2885 946 2932 nostrum.

1231 2946 1558 3006 PSALMUS
1595 2949 1683 3005 Ill.

745 3064 930 3136 (Psit.
947 3065 1184 3136 xxxvii.)
1210 3065 1434 3119 Domine
1456 3082 1524 3120 ne
1541 3066 1593 3120 in
1609 3065 1793 3122 furore
1818 3075 1908 3122 tuo
1929 3081 2127 3138 arguas
2143 3082 2260 3124 me:

671 3173 847 3226 neque
875 3158 926 3210 in
966 3157 1046 3212 ira
1084 3167 1171 3212 tua
1196 3157 1460 3228 corripias
1486 3172 1593 3213 me.
1618 3156 1886 3223 Quoniam
1913 3159 2124 3227 sagitta:
2158 3166 2263 3214 tuae

675 3250 856 3305 infixae
897 3259 1024 3305 sunt
1067 3250 1199 3304 milii
1231 3267 1244 3304 :
1286 3257 1343 3304 et
1368 3249 1700 3304 confirmasti
1731 3264 1894 3318 super
1918 3263 2004 3304 me
2035 3264 2256 3304 manum

674 3349 844 3396 tuam.
877 3340 993 3394 Non
1021 3350 1106 3395 est
1131 3341 1336 3397 sanitas
1360 3341 1413 3394 in
1435 3356 1598 3396 carne
1623 3354 1740 3395 mea
1766 3355 1798 3395 a
1826 3339 1963 3395 facie
1985 3342 2079 3396 ira:
2107 3350 2213 3396 tuae
2239 3358 2252 3394 :

673 3448 780 3486 non
807 3439 890 3486 est
928 3445 1031 3501 pax
1065 3432 1280 3487 ossibus
1324 3431 1463 3486 meis
1489 3447 1520 3485 a
1551 3431 1689 3486 facie
1725 3440 2070 3502 peccatorum
2108 3447 2257 3489 meo-

669 3539 812 3578 rum.
869 3523 1135 3589 Quoniam
1175 3522 1490 3592 iniquitates
1547 3538 1683 3580 mea:
1729 3539 2093 3596 supergressa:
2131 3532 2259 3579 sunt

671 3625 832 3687 caput
861 3631 1040 3671 meum
1064 3632 1077 3670 :
1107 3623 1162 3671 et
1184 3618 1323 3672 sicut
1351 3633 1487 3671 onus
1507 3632 1672 3688 grave
1693 3625 1928 3689 gravatae
1951 3625 2078 3672 sunt
2095 3631 2260 3687 super

669 3719 778 3760 me.
807 3703 1144 3760 Putruerunt
1162 3715 1217 3761 et
1253 3716 1523 3777 corruptae
1550 3715 1674 3762 sunt
1699 3708 1986 3764 cicatrices
2022 3723 2156 3765 mea:
2184 3727 2195 3762 :
2225 3721 2257 3765 a

671 3793 808 3850 facie
830 3795 1154 3867 insipientia:
1180 3813 1334 3853 mae.
1362 3797 1525 3854 Miser
1554 3795 1729 3854 factus
1765 3814 1886 3854 sum
1915 3808 1970 3854 et
1999 3809 2259 3857 conatus

659 3901 790 3947 sum
816 3901 989 3956 usque
1011 3887 1066 3942 in
1104 3887 1265 3943 linem
1297 3906 1308 3940 :
1341 3897 1451 3943 tota
1475 3889 1560 3944 die
1583 3889 1938 3945 contristatns
1979 3889 2256 3960 ingredie-

670 3977 788 4030 bar.
817 3975 1082 4043 Quoniam
1115 3977 1282 4032 lumbi
1327 3980 1433 4033 mei
1463 3977 1669 4050 impleti
1702 3984 1831 4035 sunt
1864 3979 2206 4037 illusionibus
2239 4001 2252 4038 :

667 4076 723 4123 et
748 4085 854 4123 non
878 4076 962 4124 est
987 4071 1194 4125 sanitas
1225 4070 1276 4124 in
1301 4085 1464 4125 carne
1491 4082 1632 4126 mea.
1657 4069 1899 4127 Aﬁiictus
1933 4081 2053 4127 sum
2074 4081 2131 4128 et
2157 4074 2258 4128 bu-

672 4161 908 4215 miliatus
939 4176 1058 4214 sum
1095 4163 1256 4216 nimis
1291 4180 1303 4214 :
1344 4162 1620 4233 rugiebam
1643 4179 1672 4217 a
1701 4164 1903 4234 gemltu
1928 4165 2107 4220 cordis
2125 4167 2252 4221 mei.

670 4249 916 4315 Domine,
948 4259 1072 4305 ante
1097 4259 1146 4304 te
1166 4260 1326 4305 cunne
1348 4252 1675 4308 desiderium
1700 4259 1881 4310 meum
1903 4273 1916 4310 :
1940 4264 1998 4311 et
2019 4257 2256 4327 gemitus

671 4357 822 4396 meus
860 4358 890 4395 a
919 4353 970 4396 te
1000 4357 1108 4396 non
1135 4351 1217 4397 est
1261 4344 1631 4400 absconditus.
1676 4344 1786 4401 Cor
1825 4362 2008 4402 meum
2039 4357 2255 4404 contur-

671 4435 860 4489 batum
887 4441 989 4499 est,
1015 4433 1302 4503 dereliquit
1338 4451 1422 4490 me
1448 4435 1623 4493 virtus
1642 4452 1766 4494 mea
1799 4457 1814 4492 :
1846 4446 1901 4494 et
1923 4439 2103 4496 lumen
2124 4455 2254 4498 ocu-

671 4541 842 4580 .orum
860 4541 1123 4592 meorum,
1149 4537 1203 4584 et
1231 4529 1405 4599 ipsum
1428 4546 1533 4586 non
1563 4539 1646 4586 est
1678 4549 1913 4589 mecum.
1942 4533 2119 4591 Amici
2141 4535 2249 4592 mei

669 4627 724 4671 et
755 4620 988 4689 proximi
1029 4621 1136 4674 mei
1165 4621 1453 4676 adversum
1489 4637 1576 4678 me
1599 4627 2168 4697 appropinquaverunt
2195 4635 2250 4684 et
2274 4598 2326 4658 θ

668 4719 954 4765 steterunt.
990 4712 1057 4766 Et
1077 4712 1338 4784 quijuxta
1374 4730 1460 4770 me
1485 4725 1642 4771 erant
1669 4719 1734 4774 de
1762 4719 1919 4792 longe
1941 4727 2209 4778 steterunt
2233 4736 2248 4778 :

668 4810 722 4855 et
749 4802 855 4855 vim
878 4802 1168 4868 faciebant,
1201 4805 1291 4873 qni
1317 4808 1636 4876 qumrebant
1666 4811 1902 4866 animam
1935 4828 2132 4868 meam.
2184 4815 2253 4870 Et

667 4892 759 4960 qui
785 4892 1130 4961 inquirebant
1161 4894 1300 4948 mala
1338 4898 1490 4963 mihi,
1514 4898 1680 4956 locuti
1709 4913 1836 4958 sunt
1861 4906 2126 4963 vanitates
2155 4927 2167 4962 :
2195 4917 2249 4964 et

668 4982 817 5039 dolos
846 4992 956 5038 tota
1005 4984 1092 5038 die
1134 4986 1555 5043 meditabantur.
1609 4991 1722 5063 Ego
1754 5001 1934 5049 autem
1987 5005 2247 5069 tanquam

666 5074 861 5129 surdus
887 5090 993 5130 non
1020 5077 1304 5133 audiebam
1338 5098 1350 5132 :
1384 5089 1439 5135 et
1478 5083 1620 5138 sicut
1646 5095 1827 5141 mutus
1856 5102 1962 5141 non
1997 5091 2246 5158 aperiens

664 5181 729 5221 os
748 5181 922 5220 suum.
947 5166 1016 5221 Et
1048 5167 1222 5224 factus
1244 5185 1364 5225 sum
1387 5173 1526 5228 sicut
1547 5175 1705 5230 homo
1727 5177 1836 5248 66
1857 5194 1962 5234 non
1985 5181 2242 5237 audiens:

663 5264 724 5309 et
748 5272 857 5309 non
898 5258 1104 5311 habens
1157 5259 1208 5312 in
1257 5275 1350 5315 ore
1377 5277 1473 5316 suo
1513 5264 1937 5335 redargutiones.
1977 5267 2243 5334 Quoniam

667 5348 726 5401 in
753 5357 827 5413 te,
856 5347 1100 5415 Domine,
1127 5353 1359 5423 speravi,
1375 5361 1430 5407 tu
1452 5356 1708 5412 exaudies
1731 5373 1838 5424 me,
1863 5359 2086 5416 Domine
2104 5361 2244 5419 Deus

665 5454 837 5494 meus.
869 5440 1005 5508 Quia
1029 5441 1138 5496 dixi
1174 5461 1187 5500 :
1219 5447 1498 5515 nequando
1523 5451 1955 5521 supergaudeant
1977 5454 2104 5509 mibi
2140 5456 2242 5510 ini-

663 5534 793 5588 mici
823 5535 926 5588 mei
955 5553 966 5587 :
1001 5543 1056 5589 et
1078 5537 1204 5593 dum
1237 5551 1644 5599 commoventur
1687 5544 1850 5614 pedes
1882 5547 2018 5612 mei,
2077 5563 2243 5619 super

663 5639 752 5678 me
772 5639 968 5695 magna
992 5626 1154 5681 locuti
1182 5638 1326 5683 sunt.
1349 5628 1613 5696 Quoniam
1640 5647 1741 5703 ego
1765 5635 1818 5688 in
1847 5634 2053 5708 flagella
2077 5655 2238 5708 para-

664 5722 752 5767 tus
781 5727 899 5769 sum
927 5733 939 5767 :
976 5723 1032 5769 et
1061 5717 1215 5772 dolor
1241 5733 1393 5774 meus
1420 5721 1476 5774 in
1511 5734 1802 5792 conspectu
1851 5742 1972 5784 meo
2003 5745 2236 5802 semper,

662 5805 928 5871 Quoniam
960 5807 1298 5879 iniquitatem
1331 5827 1504 5869 meam
1528 5820 1877 5887 annuntiabo,
1916 5831 1970 5878 ct
1990 5825 2240 5896 cogitabo

2371 1979 2476 2035 que
2501 1973 2744 2021 nostrum
2769 1979 2956 2022 coram
3006 1976 3059 2024 te
3087 1967 3449 2039 deplorantes,
3503 1967 3790 2023 valeamus
3817 1969 3973 2024 evin—

2369 2072 2494 2113 cere
2516 2057 2892 2117 insultationes
2916 2061 3321 2118 adversantium
3349 2060 3623 2118 vitiorum.
3660 2058 3772 2117 Per
3787 2060 3977 2119 Domi-

2371 2163 2499 2204 num
2526 2157 2794 2207 nostrum.
2968 2219 2975 2224 _

2941 2231 3266 2290 PSALMUS
3293 2232 3384 2290 IV.

2438 2321 2621 2394 (PSAL.
2641 2324 2716 2397 ι..)
2745 2324 3001 2382 Miserere
3029 2326 3159 2392 mei,
3189 2326 3351 2394 Deus,
3379 2328 3676 2385 secundum
3708 2343 3969 2400 magnam

2366 2413 2796 2473 misericordiam
2820 2425 2986 2473 tuam.
3020 2416 3088 2472 Et
3114 2420 3412 2474 secundum
3432 2418 3841 2476 multitudinem
3869 2421 3969 2476 mi-

2367 2509 2700 2564 serationum
2717 2518 2961 2564 tuarum:
2987 2509 3106 2566 dele
3121 2510 3460 2581 iniquitatem
3482 2526 3683 2568 meam.
3716 2512 3968 2584 Amplius

2368 2595 2488 2652 lava
2519 2613 2606 2655 me
2629 2597 2699 2654 ab
2727 2599 3009 2670 iniquitate
3031 2616 3181 2657 mea:
3212 2609 3268 2658 et
3297 2618 3328 2657 a
3350 2611 3578 2674 peccato
3603 2618 3728 2661 meo
3758 2605 3964 2662 munda

2366 2702 2474 2744 me.
2535 2687 2804 2758 Quoniam
2845 2690 3187 2761 iniquitatem
3219 2707 3398 2748 meam
3426 2707 3528 2765 ego
3557 2707 3834 2766 cognosco
3865 2713 3880 2750 :
3913 2705 3969 2754 et

2364 2790 2649 2852 peccatum
2688 2797 2874 2840 meum
2921 2790 3110 2838 contra
3159 2798 3247 2840 me
3297 2791 3384 2840 est
3417 2799 3654 2856 semper.
3709 2784 3836 2843 Tibi
3865 2787 3965 2844 soli

2362 2875 2609 2946 peccavi,
2638 2883 2696 2931 et
2716 2875 2917 2932 malum
2954 2891 3139 2932 coram
3178 2884 3234 2933 te
3272 2876 3406 2934 feci:
3463 2887 3526 2935 ut
3547 2879 3868 2949 justiﬁoeris
3908 2881 3964 2938 in

2364 2967 2707 3024 sermonibus
2729 2968 2859 3034 tuis,
2881 2976 2936 3023 et
2961 2968 3152 3025 vincas
3180 2984 3302 3025 cum
3319 2968 3603 3041 iudicaris.
3645 2971 3790 3028 Ecce
3814 2974 3960 3030 enim

2364 3059 2421 3114 in
2450 3059 2827 3130 iniquitatibus
2851 3068 3146 3131 conceptus
3171 3076 3325 3118 sum:
3379 3069 3437 3118 et
3477 3063 3532 3118 in
3559 3067 3807 3135 peccatis
3838 3081 3963 3122 con-

2364 3150 2508 3221 cepit
2529 3166 2616 3206 me
2638 3158 2815 3206 mater
2833 3167 2973 3207 mea.
3031 3151 3170 3209 Ecce
3193 3154 3338 3209 enim
3364 3155 3651 3211 veritatem
3679 3156 3954 3213 dilexisti:

2286 3229 2331 3292 C
2361 3243 2568 3298 incerta
2601 3249 2656 3297 et
2683 3241 2898 3297 occulta
2925 3241 3207 3315 sapientis
3259 3251 3365 3300 tua:
3409 3245 3776 3305 manifestasti
3803 3249 3955 3305 mihi.

2357 3331 2628 3408 Asperges
2641 3349 2748 3401 me,
2761 3333 3010 3401 Domine,
3027 3335 3357 3408 liyssopo,et
3384 3339 3715 3407 mundabor;
3752 3341 3956 3398 larabis

2357 3442 2465 3494 me,
2515 3434 2573 3483 et
2607 3443 2769 3498 super
2810 3429 2988 3483 nivem
3020 3428 3332 3486 dealbabor.
3383 3430 3605 3487 Auditui
3646 3447 3772 3490 meo
3801 3433 3954 3490 dabis

2356 3519 2610 3589 gaudium
2634 3528 2691 3575 et
2709 3519 2987 3576 laetitiam:
3023 3527 3080 3576 et
3106 3520 3460 3578 exsultabunt
3487 3539 3609 3580 ossa
3644 3524 3947 3580 bumiliata.

2362 3609 2555 3666 Averte
2583 3610 2776 3669 faciem
2803 3620 2949 3667 tuam
2975 3627 3005 3667 a
3050 3613 3289 3684 peccatis
3326 3613 3464 3671 meis
3509 3632 3522 3669 :
3555 3621 3610 3671 et
3636 3629 3830 3672 omnes
3855 3616 3951 3671 ini-

2358 3702 2595 3774 quitates
2628 3717 2780 3758 meas
2809 3703 2946 3758 dele.
2988 3703 3098 3759 Cor
3123 3705 3384 3760 mundum
3411 3720 3536 3761 crea
3571 3706 3623 3761 in
3658 3722 3746 3762 me
3775 3706 3942 3764 Deus:

2354 3801 2412 3847 et
2453 3793 2705 3862 spiritum
2758 3803 2967 3849 rectum
3002 3795 3200 3850 innova
3228 3801 3284 3852 In
3320 3796 3619 3854 visceribus
3661 3800 3818 3855 meis.
3872 3800 3948 3856 Ne

2356 3883 2611 3957 projicias
2639 3901 2725 3942 me
2755 3901 2786 3940 a
2819 3886 2957 3943 facie
2985 3895 3104 3942 tua:
3150 3897 3207 3942 et
3225 3887 3491 3959 Spiritum
3520 3899 3766 3947 sanctum
3797 3899 3942 3946 tuum

2355 3993 2423 4033 ne
2453 3976 2667 4034 auferas
2690 3996 2721 4034 a
2751 3996 2858 4035 me.
2896 3979 3079 4036 Redde
3105 3982 3237 4037 mihi
3281 3981 3523 4038 laetitiam
3557 3985 3810 4042 salutaris
3836 3987 3942 4042 tui:

2354 4079 2411 4125 et
2438 4071 2632 4141 spiritu
2677 4072 2962 4143 principali
3017 4073 3281 4130 conﬁrma
3311 4091 3418 4131 me.
3478 4076 3693 4135 Docebo
3726 4078 3940 4150 iniquos

2354 4163 2470 4218 vias
2495 4172 2646 4219 tuas:
2694 4165 2914 4235 etimpii
2935 4167 3004 4222 ad
3031 4175 3086 4221 te
3108 4176 3513 4224 mnvertentur.
3551 4169 3748 4228 Libera
3773 4187 3860 4228 me
3879 4172 3941 4226 de

2353 4256 2709 4327 sanguinibus
2745 4256 2911 4324 Deus,
2947 4258 3092 4314 Deus
3117 4259 3314 4315 salutis
3337 4276 3472 4318 mea:
3505 4279 3518 4317 :
3566 4271 3624 4320 et
3656 4264 3942 4320 exsultabit

2352 4346 2538 4419 lingua
2564 4363 2688 4404 mea
2706 4348 2978 4420 justitiam
2998 4360 3169 4407 tuam.
3219 4352 3450 4411 Domine
3481 4354 3627 4412 labia
3649 4355 3781 4412 'mea
3816 4373 3937 4429 ape—

2353 4444 2491 4501 ries:
2522 4453 2578 4500 et
2601 4448 3210 4504 osmeumannuntiabit
3237 4448 3452 4506 laudem
3478 4458 3646 4508 tuam.
3677 4452 3933 4522 Quoniam

2350 4537 2398 4592 si
2420 4536 2683 4593 voluisses
2712 4538 3059 4605 sacrificium,
3089 4539 3360 4597 dedissem
3382 4542 3571 4613 utique
3619 4560 3632 4597 :
3696 4544 3932 4602 holocau-

2352 4627 2450 4684 stis
2471 4645 2580 4684 non
2614 4628 2992 4687 delectaberis.
3051 4629 3394 4690 Sacrificium
3435 4633 3549 4692 Deo
3574 4637 3798 4708 spiritus
3819 4652 3929 4694 con-

2353 4720 2647 4777 tribulatus
2679 4738 2692 4775 :
2720 4737 2814 4777 cor
2836 4724 3133 4779 contritum
3162 4733 3219 4782 et
3244 4725 3611 4796 bumiliatum,
3642 4728 3810 4798 Deus,
3832 4745 3929 4787 non

2351 4813 2637 4883 despicies.
2655 4815 2889 4887 Benigne
2915 4814 3026 4882 fac,
3050 4815 3292 4886 Domine,
3312 4820 3366 4875 in
3387 4819 3528 4877 bona
3550 4821 3823 4880 voluntate
3848 4833 3928 4879 tua

2354 4903 2485 4962 Sion
2526 4925 2538 4960 :
2572 4915 2633 4960 ut
2667 4907 3007 4964 aedificentur
3033 4910 3176 4965 muri
3213 4909 3534 4969 Jerusalem.
3596 4913 3748 4972 Tunc
3789 4931 3928 4973 acce—

2350 4998 2530 5067 ptabis
2552 4997 2879 5054 sacrificium
2898 5001 3147 5071 justitite,
3177 5003 3481 5060 oblationes
3505 5011 3562 5060 et
3587 5005 3922 5064 holocausta:

2350 5097 2477 5144 tunc
2502 5088 2778 5159 imponent
2796 5107 2960 5160 super
2983 5091 3158 5148 altare
3185 5101 3335 5150 tuum
3359 5095 3578 5154 vitulos.

2421 5177 2492 5234 Ut
2519 5198 2702 5251 supra.
2754 5181 2979 5239 Domine
3023 5186 3283 5242 miserere
3330 5188 3462 5255 mei,
3520 5206 3650 5248 sana
3700 5194 3918 5249 animam

2348 5289 2547 5340 meam,
2564 5275 2690 5344 quia
2708 5278 2928 5346 peccavi
2946 5275 3063 5332 tibi.
3083 5277 3339 5335 Miserere
3354 5281 3481 5349 mei,
3505 5283 3663 5352 Deus,
3680 5287 3917 5344 miserere

2347 5367 2476 5430 mei,
2509 5367 2766 5436 quoniam
2796 5368 2848 5421 in
2883 5376 2934 5423 te
2980 5369 3205 5426 confidit
3236 5373 3418 5428 anima
3472 5390 3613 5429 mea.
3685 5376 3898 5433 Domine

2351 5467 2533 5514 averte
2556 5459 2747 5516 faciem
2773 5468 2918 5514 tuam
2942 5477 2972 5515 a
2986 5463 3224 5534 peccatis
3244 5466 3671 5532 meis,etomnes
3691 5470 3919 5540 iniquita~

2351 5557 2434 5605 tes
2453 5567 2602 5606 meas
2612 5550 2749 5606 dele.
2777 5551 2855 5609 Ne
2868 5555 3200 5622 memineris,
3214 5555 3460 5624 Domine,
3481 5558 3822 5630 iniquitatum
3843 5577 3918 5616 no-

2349 5653 2586 5699 strarum
2607 5644 2981 5716 antiquarum:
3006 5647 3116 5702 cito
3137 5647 3429 5718 anticipcnt
3445 5666 3542 5706 nos
3556 5651 3914 5710 misericordia-

2350 5746 2474 5804 tnzc,
2499 5741 2624 5809 quia
2648 5754 2916 5810 pauperes
2959 5738 3089 5795 facti
3138 5753 3326 5799 smnus
3367 5744 3551 5799 nimis.
3578 5744 3786 5814 Adjuva
3811 5760 3910 5807 nos,

2350 5831 2512 5898 Dens,
2543 5831 2799 5890 salutaris
2821 5840 3008 5889 noster
3033 5851 3043 5886 :
3073 5841 3294 5905 propter
3315 5831 3544 5907 gloriam
3568 5838 3806 5894 nominis
3829 5836 3907 5898 tui.
