4122 6614
266 462 373 521 5'39

1257 464 1651 523 LITURGICA.
1693 496 1763 506 —
1799 464 2070 522 OFFlClA
2111 464 2247 522 PER
2286 463 2556 521 FERIAS.

3436 466 3540 522 530

267 578 716 657 Domine,.libera
746 595 847 636 nos
872 598 886 647 ;
917 588 973 637 et
1016 583 1286 654 propitius
1317 591 1439 638 esto
1484 583 1723 654 peccatis
1750 596 1849 637 no—
1874 577 2161 643 AtExaudi
2192 595 2277 637 mc
2303 580 2551 645 Domine,
2584 581 2839 652 quoniam
2864 580 3097 653 benigna
3125 593 3207 638 est
3234 584 3543 649 misericor-

266 670 397 727 stris
424 678 649 742 propter
676 686 874 726 nomen
906 680 1078 727 tuum.

359 758 566 817 Oratio.
597 760 823 816 Profluze
841 763 1211 821 miserationis
1229 763 1497 821 ineffabile
1518 779 1712 821 nomen
1735 761 1856 820 Tri-

264 849 457 909 uitatis
483 849 629 907 Deus
652 849 807 924 [Cod.
831 852 957 925 Reg.
976 894 991 918 ,
1027 854 1280 912 Persolve
1308 856 1684 913 miserationes
1711 863 1850 923 tuas,

264 941 422 998 nobis
466 941 737 1000 ineffabile
773 960 973 1001 nomen
1020 953 1195 1015 tuum,
1222 948 1462 1005 Trinitas
1518 948 1708 1022 Deus],
1760 952 1853 1021 qui

266 1033 490 1091 humani
509 1036 747 1107 pectoris
773 1044 989 1092 antrum
1019 1038 1323 1095 emundans
1346 1040 1513 1107 vitiis,
1539 1055 1705 1112 super
1728 1054 1857 1095 can-

264 1125 454 1183 dorem
477 1125 647 1183 eflicis
693 1128 874 1194 nivis;
903 1130 1122 1196 innova,
1165 1145 1497 1201 quaesumus,
1528 1131 1584 1188 in
1634 1132 1859 1189 visceri-

264 1218 368 1276 bus
394 1220 601 1276 nostris
655 1218 917 1291 Spiritum
968 1230 1219 1278 sanctum
1262 1230 1436 1289 tuum,
1484 1239 1593 1295 quo
1639 1223 1854 1280 laudem

265 1314 415 1364 tuam
461 1311 788 1368 annuntiare
826 1311 1140 1384 possimus:
1173 1322 1236 1367 ut
1266 1321 1417 1370 recto
1462 1314 1855 1388 principalique

261 1402 458 1474 spiritu
485 1403 818 1471 confirmati,
839 1418 1150 1461 mereamur
1169 1407 1388 1463 aeternis
1416 1407 1636 1464 sedibus
1655 1408 1711 1464 in
1728 1407 1855 1466 llic-

262 1492 500 1552 rusalem
527 1494 807 1553 cmiestem
828 1495 1101 1568 componi.
1126 1495 1250 1553 Per.

761 1627 872 1701 s7
905 1623 1230 1685 PSALMUS
1268 1628 1336 1685 v.

333 1764 516 1836 (Pus.
547 1763 667 1838 et.)
702 1765 951 1834 Domine,
976 1766 1171 1823 exaudi
1215 1767 1521 1824 cntionem
1548 1782 1723 1824 meam
1754 1784 1769 1823 :
1799 1777 1857 1824 et

259 1855 470 1913 clamor
489 1871 641 1913 meus
672 1859 741 1913 ad
767 1867 820 1912 te
856 1860 1059 1914 veniat.
1089 1857 1205 1915 Non
1240 1867 1458 1915 avertas
1486 1859 1679 1917 faciem
1707 1870 1853 1916 tuam

1956 674 2043 729 dia
2100 683 2189 729 tua
2238 689 2254 728 :
2324 674 2620 731 secundum
2673 674 3073 731 multitudinem
3136 676 3542 734 miseratiouum

1957 774 2169 822 tuarum
2204 768 2412 838 respice
2438 767 2494 821 in
2659 765 2725 820 Et
2764 783 2837 825 ne
2861 777 3076 825 avertas
3104 770 3296 825 faciem
3335 780 3481 825 tuam
3514 788 3542 825 a

1954 872 2129 928 puero
2162 866 2289 923 tuo;
2323 856 2578 929 quoniam
2619 857 2869 925 tribulor,
2906 859 3164 916 velociter
3200 859 3397 916 exaudi
3432 876 3540 916 me.

1955 946 2176 1004 Intende
2204 948 2399 1004 anima:
2426 961 2588 1004 mete.
2625 956 2680 1004 et
2719 947 2887 1005 libera
2926 964 3054 1004 eam
3074 970 3091 1003 ι
3118 959 3338 1021 propter

1956 1051 2049 1094 eos
2081 1054 2232 1094 meos
2259 1039 2411 1108 eripe
2435 1052 2523 1093 me

2028 1125 2234 1182 Oratio.
2275 1128 2576 1183 Exorabilis
2607 1126 2858 1193 Domine,
2889 1128 3111 1185 intende
3152 1130 3207 1186 in
3238 1133 3543 1189 orationem

1955 1220 2255 1292 supplicum
2289 1230 2527 1286 tuorum,
2560 1231 2641 1287 ut,
2687 1221 2781 1292 qui
2822 1223 2874 1276 in
2922 1224 3161 1292 peccatis
3197 1225 3397 1281 detenti
3427 1236 3545 1281 tan—

1953 1326 2117 1383 quam
2146 1310 2330 1367 fenum
2368 1312 2639 1379 aruimus,
2666 1322 2919 1384 respectu
2958 1315 3197 1373 caelestis
3232 1318 3544 1377 misericor-

1955 1402 2058 1460 dia
2084 1401 2447 1459 sublevemur.
2486 1403 2612 1460 Per.

2527 1539 2849 1599 PSALMUS
2888 1542 2976 1599 Vl.

2027 1654 2208 1727 (PSAL.
2259 1653 2467 1727 cxxtx.)
2505 1654 2583 1711 De
2620 1653 2901 1725 profundis
2946 1658 3172 1714 clamavi
3222 1659 3289 1716 ad
3337 1671 3391 1717 te
3438 1662 3544 1718 Do«

1952 1746 2136 1803 mine:
2184 1746 2411 1802 Domine
2451 1748 2643 1802 exaudi
2674 1762 2867 1809 vocem
2916 1764 3114 1805 meam.
3166 1748 3327 1807 Fiant
3382 1768 3544 1810 aures

1954 1844 2063 1893 tute
2092 1836 2431 1894 intendentes
2457 1839 2511 1893 in
2534 1853 2721 1894 vocem
2747 1841 3145 1910 deprecationis
3174 1858 3328 1899 mete.
3359 1844 3416 1901 Si
3444 1833 3547 1901 ini-

259 1964 294 2004 ,
324 1963 411 2004 me
438 1966 453 2005 ε
480 1947 536 2005 in
557 1964 880 2020 quacunque
904 1950 991 2005 die
1017 1950 1265 2018 ιτίδυιοτ,
1294 1952 1498 2008 inclina
1524 1952 1594 2009 ad
1624 1969 1714 2012 me
1751 1970 1846 2010 au_
1878 1940 1927 2003 Β
1954 1929 2191 2003 quitates
2236 1930 2634 1999 observaveris,
2662 1930 2910 1999 Domine,
2956 1932 3203 2002 Domine,
3236 1936 3357 2007 quis
3385 1941 3549 2009 susti-

260 2054 378 2096 rem
406 2049 573 2095 tuam.
602 2040 660 2096 ln
694 2055 1020 2114 quacunque
1043 2042 1132 2099 die
1160 2043 1485 2102 invocavero
1514 2054 1569 2101 te
1599 2063 1612 2098 :
1652 2045 1853 2102 veloci-

261 2139 347 2187 ter
380 2131 580 2188 exaudi
624 2148 730 2188 me.
783 2131 921 2201 Quia
970 2134 1285 2192 defecerunt
1328 2136 1469 2194 sicut
1504 2136 1685 2194 fumus
1736 2138 1853 2194 dies

196 2290 197 2293 η
259 2222 369 2279 mei
394 2240 409 2277 :
433 2230 491 2279 et
515 2237 640 2280 ossa
670 2237 791 2279 mea
832 2225 975 2281 sicut
1003 2224 1266 2281 cremium
1307 2236 1589 2282 aruerunt.
1623 2226 1852 2284 Percus-

257 2331 355 2376 sus
380 2330 502 2372 sum
528 2326 587 2370 nt
616 2313 823 2382 fenum,
849 2324 906 2371 et
936 2316 1085 2372 aruit
1112 2331 1208 2372 cor
1232 2330 1413 2373 meum
1439 2332 1453 2371 :
1500 2319 1626 2389 quia
1654 2318 1853 2375 oblitus

257 2423 381 2465 sum
421 2408 707 2464 comedere
745 2422 943 2480 panem
976 2423 1177 2464 meum.
1226 2407 1273 2464 A
1302 2424 1437 2465 voce
1466 2408 1700 2482 gemitus
1747 2410 1854 2466 mei

257 2499 490 2561 adhasit
520 2515 584 2556 os
628 2515 809 2555 meum
852 2500 1005 2556 carni
1055 2513 1210 2557 mete.
1266 2498 1473 2556 Similis
1518 2500 1693 2557 factus
1731 2517 1853 2556 sum

257 2592 509 2663 pelicano
554 2591 911 2649 solitudinis:
960 2590 1138 2648 factus
1185 2606 1305 2647 sum
1360 2591 1503 2648 sicut
1536 2594 1854 2664 nycticorax

258 2681 317 2738 in
343 2682 637 2738 domicilio.
675 2681 933 2754 Vigilavi,
961 2689 1017 2737 et
1052 2678 1227 2738 factus
1250 2696 1371 2737 sum
1397 2682 1538 2738 sicut
1562 2697 1750 2753 passer
1774 2696 1855 2737 so-

258 2772 475 2829 litarius
506 2773 560 2828 in
606 2781 769 2827 tecto.
817 2772 956 2829 Tota
986 2772 1073 2827 die
1109 2773 1520 2844 exprobrabant
1566 2774 1701 2829 mihi
1752 2774 1855 2829 ini-

259 2863 391 2922 mici
417 2865 561 2921 mei:
605 2872 660 2920 et
685 2864 779 2936 qui
819 2864 1114 2921 laudabant
1140 2879 1244 2930 me,
1275 2865 1567 2921 adversum
1596 2881 1684 2922 me
1698 2864 1852 2935 jura-

258 2960 414 3017 baut.
461 2959 601 3028 Quia
628 2961 870 3016 cinerem
901 2968 1163 3029 tanquam
1189 2971 1388 3031 panem
1430 2959 1853 3026 manducabam,

257 3057 319 3106 et
342 3056 531 3122 potum
579 3065 761 3105 meum
801 3066 928 3107 cum
969 3048 1098 3107 fletu
1138 3051 1457 3107 miscebam.
1504 3050 1552 3107 Α
1596 3050 1735 3108 facie
1763 3051 1858 3106 iraa

260 3140 649 3213 indignationis
688 3149 831 3199 tute:
865 3143 994 3213 quia
1036 3140 1260 3199 elevans
1306 3141 1518 3200 allisisti
1568 3158 1676 3199 me.
1731 3143 1859 3199 Dies

261 3233 369 3288 mei
400 3233 545 3290 sicut
586 3234 777 3290 umbra
806 3235 1257 3292 declinaverunt:
1289 3242 1346 3291 ct
1372 3250 1472 3307 ego
1506 3235 1645 3291 sicut
1674 3236 1858 3291 fenum

1953 2022 2142 2079 nebit?
2171 2022 2309 2091 Quia
2340 2024 2480 2096 apud
2509 2034 2561 2080 te
2603 2026 2918 2096 propitiatio
2956 2036 3042 2084 est
3072 2046 3084 2081 :
3128 2038 3185 2085 et
3222 2040 3443 2101 propter
3469 2032 3546 2088 lc-

1952 2131 2076 2188 gem
2090 2126 2239 2173 tuam
2253 2118 2489 2175 sustinui
2508 2126 2580 2185 te,
2598 2118 2843 2176 Domine.
2874 2119 3331 2178 Sustinuitanima
3358 2140 3477 2179 mea
3494 2127 3545 2180 in

1952 2208 2120 2263 verbo
2148 2207 2267 2277 ejus
2296 2227 2309 2263 :
2355 2210 2595 2280 speravit
2635 2211 2814 2264 anima
2862 2227 2982 2268 mea
3025 2211 3079 2266 in
3110 2212 3356 2267 Domino.
3383 2213 3426 2267 Α
3458 2230 3546 2268 cu-

1955 2298 2422 2360 stodiamatutina
2445 2316 2616 2370 usque
2637 2301 2705 2356 ad
2731 2310 2945 2358 noctem
2970 2314 3153 2374 speret
3171 2304 3335 2359 lsrael
3366 2306 3418 2359 in
3445 2305 3547 2361 Do-

1954 2395 2123 2462 mino.
2153 2394 2289 2463 Quia
2316 2395 2459 2468 apud
2484 2395 2769 2451 Dominum
2800 2398 3200 2462 misericordia,
3239 2407 3295 2452 et
3330 2398 3548 2468 copiosa

1959 2488 2101 2558 apud
2138 2502 2265 2543 cum
2313 2487 2632 2557 redemptio.
2682 2487 2752 2542 Et
2785 2488 2900 2569 ipse
2950 2489 3183 2545 redimet
3234 2488 3422 2557 lsrael,
3479 2506 3547 2548 ex

1957 2579 2616 2649 omnibusiniquitatibus
2654 2577 2791 2648 ejus.
3520 2644 3523 2645 ν

2029 2668 2100 2726 Ut
2131 2687 2316 2741 supra.
2354 2670 2604 2736 Domine,
2633 2671 2756 2727 vide
2800 2672 3160 2729 humilitatem
3186 2690 3364 2731 meam
3394 2684 3450 2732 et
3470 2675 3548 2736 la-

1958 2762 2145 2819 borem
2172 2776 2355 2817 meum
2385 2780 2399 2818 :
2428 2769 2486 2818 et
2510 2760 2723 2819 dimitte
2751 2763 3005 2821 universa
3047 2750 3242 2821 defieta
3273 2781 3415 2821 mea.
3462 2767 3542 2823 Ne

1956 2855 2173 2926 perdas,
2228 2853 2477 2921 Domine,
2530 2869 2657 2911 cum
2709 2855 2890 2926 impiis
2936 2855 3173 2911 animam
3218 2870 3431 2921 meam;
3486 2867 3545 2925 et

1959 2960 2083 3002 cum
2113 2944 2248 3000 viris
2299 2946 2623 3017 sanguinum
2675 2945 2843 3002 vitam
2900 2961 3098 3003 meam.
3152 2946 3378 3005 Redime
3434 2962 3540 3014 me,

1960 3036 2211 3103 Domine,
2240 3043 2295 3092 et
2332 3036 2593 3092 miserere
2622 3036 2751 3092 mei.

2029 3128 2144 3200 68
2164 3126 2371 3184 Oratio.
2410 3128 2699 3185 lntendant
2726 3126 2879 3201 [Cod.
2913 3127 3068 3201 Reg.,
3096 3127 3363 3204 Intende],
3396 3145 3543 3200 quae-

1961 3236 2148 3277 sumus
2177 3219 2423 3288 Domine,
2455 3221 2670 3292 pietatis
2693 3229 2796 3278 tua:
2819 3238 2980 3279 aures
3001 3224 3055 3279 in
3076 3221 3324 3280 oratione
3352 3221 3543 3296 ΗΜΛ..

261 3326 407 3381 arui.
439 3327 519 3383 Tu
546 3337 752 3393 autem,
790 3328 1036 3393 Domine,
1066 3326 1121 3382 in
1161 3336 1424 3384 aeternum
1448 3344 1735 3399 permanes
1763 3347 1774 3382 :
1803 3338 1854 3383 et

1962 3314 2017 3368 in
2042 3310 2366 3385 orationem]
2397 3312 2718 3385 supplicum,
2747 3314 2877 3385 quia
2911 3315 3054 3384 apud
3091 3325 3143 3371 te
3172 3322 3254 3370 est
3287 3316 3546 3387 propitia-

261 3418 583 3477 memoriale
624 3429 775 3474 tuum
824 3418 880 3474 in
928 3416 1277 3490 generatione
1326 3426 1383 3474 et
1428 3419 1857 3490 generationem.

260 3508 343 3567 Tu
377 3524 678 3581 exsurgens
716 3509 1065 3566 misereberis
1102 3507 1232 3564 Sion
1258 3527 1272 3562 :
1303 3509 1431 3580 quia
1461 3518 1674 3580 tempus
1698 3512 1861 3565 miseo

261 3602 418 3658 rendi
462 3601 602 3673 ejus,
644 3601 773 3672 quia
798 3600 946 3658 venit
975 3608 1207 3671 tempus.
1239 3599 1507 3669 Quoniam
1538 3601 1861 3673 placuerunt

259 3692 437 3751 servis
462 3693 570 3750 tuis
598 3692 804 3762 lapides
835 3690 954 3761 ejus
986 3710 999 3746 :
1053 3699 1113 3746 et
1152 3698 1314 3748 terrm
1359 3690 1478 3761 ejus
1525 3692 1860 3748 miserebun-

260 3789 372 3840 tur.
402 3782 471 3838 Et
496 3783 765 3839 timebunt
808 3790 996 3854 gentes
1040 3798 1239 3839 nomen
1284 3792 1456 3849 tuum,
1517 3783 1765 3850 Domine,
1804 3792 1863 3839 et

258 3888 454 3930 omnes
482 3888 639 3945 reges
681 3883 843 3930 terra:
885 3874 1115 3947 gloriam
1166 3883 1335 3931 tuam.
1388 3874 1527 3942 Quia
1569 3874 1857 3931 mdificavit

259 3970 525 4029 Dominus
552 3970 685 4028 Sion
713 3986 729 4027 :
771 3980 829 4027 et
850 3972 1123 4028 videbitur
1147 3971 1202 4028 in
1231 3972 1402 4046 gloria
1430 3987 1549 4028 sua.
1594 3969 1856 4041 Respexit

261 4066 317 4122 in
343 4067 649 4123 orationem
678 4065 962 4121 humilium
993 4083 1003 4119 :
1038 4072 1093 4121 et
1118 4080 1224 4122 non
1265 4066 1471 4136 sprevit
1510 4078 1727 4136 precem
1756 4080 1855 4120 eo-

258 4174 405 4215 rum.
437 4158 759 4215 Seribantur
795 4160 911 4216 haec
938 4160 997 4215 in
1040 4160 1390 4230 generatione
1434 4158 1641 4216 altera:
1680 4168 1735 4216 et
1762 4174 1857 4232 po-

260 4252 443 4325 pulus,
472 4254 563 4323 qui
593 4253 891 4319 creabitur,
923 4253 1170 4310 laudabit
1216 4253 1523 4310 Dominum.
1571 4253 1709 4321 Quia
1736 4267 1859 4323 pro-

261 4349 443 4417 spexit
469 4348 534 4404 de
573 4347 790 4404 excelso
829 4356 1019 4406 sancto
1066 4362 1188 4415 sue,
1224 4348 1486 4403 Dominus
1531 4347 1598 4404 de
1624 4349 1761 4404 ccelo
1801 4348 1855 4403 in

262 4448 468 4496 terram
488 4440 725 4510 aspexit.
760 4439 832 4495 Ut
873 4438 1085 4496 audiret
1129 4439 1363 4512 gemitus
1403 4439 1856 4508 compeditorum,

261 4540 323 4585 ut
363 4530 599 4587 solveret
640 4528 783 4587 ﬁlios
824 4530 1296 4600 interemptorum.
1344 4529 1413 4586 Ut
1444 4530 1762 4587 annuntient
1797 4529 1855 4586 in

263 4619 394 4676 Sion
423 4635 621 4675 nomen
647 4620 858 4674 Domini
888 4637 899 4672 :
933 4626 989 4675 et
1016 4619 1228 4675 laudem
1255 4617 1375 4688 ejus
1404 4619 1459 4674 in
1489 4618 1848 4675 Hierusalem.

262 4713 319 4769 ln
342 4711 713 4768 conveniendo
737 4712 963 4784 populos
1005 4712 1061 4766 in
1101 4726 1266 4765 unum
1292 4720 1348 4767 et
1379 4726 1536 4783 reges
1564 4721 1722 4767 terrm
1749 4730 1762 4766 :
1794 4721 1857 4769 ut

262 4805 503 4862 serviant
532 4805 783 4860 Domino.
831 4803 1129 4873 Respondit
1159 4803 1208 4857 ei
1253 4803 1305 4857 in
1340 4802 1424 4856 via
1454 4802 1669 4857 virtutis
1700 4818 1809 4858 suae
1836 4821 1849 4857 :

262 4899 590 4972 paucitatem:
612 4897 821 4952 dierum
851 4910 1097 4951 meorum
1124 4895 1311 4950 nuntia
1336 4894 1486 4949 mihi.
1530 4893 1607 4949 Ne
1632 4910 1855 4950 revoces

264 5005 352 5049 me
398 4990 452 5045 in
500 4989 724 5045 dimidio
763 4989 974 5043 dierum
1019 5000 1302 5041 meorum:
1342 4986 1395 5041 in
1432 4987 1777 5055 generatione
1801 4994 1855 5042 et

263 5080 667 5156 generationem
682 5078 808 5134 anni
837 5076 1116 5143 tui._lnitio
1132 5086 1211 5141 tu,
1232 5074 1482 5138 Domine,
1508 5083 1707 5129 terram
1734 5075 1855 5130 fun-

264 5175 427 5238 dasti,
449 5181 507 5229 et
529 5186 693 5242 opera
718 5185 975 5225 manuum
998 5177 1213 5223 tuarum
1249 5174 1374 5222 sunt
1402 5166 1543 5221 coeli.
1576 5166 1681 5236 Ipsi
1710 5167 1851 5236 peri-

264 5269 421 5331 bunt,
450 5275 503 5322 tu
531 5274 713 5321 autem
739 5277 1025 5334 permanes
1055 5280 1067 5315 :
1099 5270 1156 5316 et
1177 5275 1368 5316 omnes
1393 5258 1536 5314 sicut
1560 5260 1852 5316 vestimen-

265 5370 381 5418 tum
404 5364 765 5414 veterascent.
804 5356 872 5412 Et
916 5355 1058 5411 sicut
1096 5353 1427 5422 Opertorium
1475 5351 1710 5407 mutabis
1735 5367 1849 5416 eos,

264 5468 321 5511 et
353 5452 743 5510 mutabuntur:
772 5460 829 5507 tu
875 5459 1055 5506 autem
1096 5450 1239 5506 idem
1269 5450 1383 5520 ipse
1417 5463 1502 5513 es,
1534 5458 1589 5503 et
1620 5448 1744 5503 anni
1772 5448 1848 5502 tui

266 5560 373 5602 non
402 5544 673 5600 deficient.
702 5543 827 5598 Filii
856 5557 1136 5599 servorum
1168 5549 1381 5597 tuorum
1408 5540 1732 5597 habitabunt
1759 5559 1770 5593 :
1800 5550 1856 5594 et

268 5652 455 5693 semen
482 5650 671 5695 eorum
704 5635 757 5689 in
787 5634 1043 5691 saculum
1072 5633 1357 5703 dirigetur.

340 5727 409 5783 Ut
463 5744 644 5799 supra.
698 5726 861 5791 Deus,
909 5735 965 5782 tu
1015 5726 1124 5781 scis
1152 5724 1515 5795 insipientiam
1561 5738 1763 5787 meam,
1802 5734 1856 5779 et

270 5822 461 5879 delicta
491 5835 615 5877 mea
641 5834 670 5875 a
700 5827 752 5874 te
779 5833 886 5873 non
919 5824 1045 5872 sunt
1065 5816 1401 5871 abscondita.
1426 5815 1483 5871 ln
1515 5813 1857 5870 multitudine

272 5912 657 5969 misericordiae
687 5918 792 5966 tua:
823 5909 1015 5967 exaudi
1045 5923 1151 5973 me,
1182 5909 1235 5964 in
1258 5908 1485 5963 veritate
1519 5907 1706 5962 salutis
1730 5914 1854 5962 tum.

1964 3405 2040 3460 tio
2083 3413 2475 3475 peccatorum:
2524 3412 2585 3459 ut
2631 3420 2739 3461 non
2783 3406 3041 3462 observes
3085 3405 3401 3477 iniquitates
3445 3423 3545 3463 no-

1962 3504 2124 3560 stras,
2154 3498 2249 3553 sed
2298 3495 2580 3566 impertias
2620 3495 2778 3552 nobis
2812 3497 3233 3554 misericordias.
3258 3506 3399 3556 tuas.
3439 3497 3547 3556 Per

1964 3588 2272 3645 Dominum.

2515 3676 2836 3737 PSALMUS
2873 3680 3002 3736 Ἣῐι.

2033 3790 2213 3863 (Ρειι.
2252 3791 2444 3864 exui.)
2484 3791 2737 3856 Domine,
2770 3793 2969 3850 exaudi
3016 3798 3318 3851 orationem
3345 3813 3537 3862 meam,

1963 3883 2187 3938 aurbus
2228 3882 2447 3953 percipe
2490 3883 2923 3940 obsecrationem
2976 3901 3156 3941 meam
3210 3886 3268 3942 in
3318 3889 3547 3951 veritate

1964 3982 2053 4027 tua
2087 3990 2099 4027 :
2133 3973 2326 4029 exaudi
2356 3987 2442 4028 me
2480 3972 2536 4031 in
2564 3982 2654 4028 tua
2690 3974 2922 4045 justitia.
2956 3975 3024 4031 Et
3050 3991 3159 4031 non
3187 3977 3358 4034 intres
3386 3980 3440 4034 in
3460 3978 3547 4048 ju-

1960 4064 2161 4119 dicium
2209 4078 2333 4119 cum
2377 4078 2535 4121 servo
2566 4072 2698 4120 tuo:
2743 4066 2872 4136 quia
2917 4081 3025 4121 non
3064 4065 3453 4135 justificabitur
3493 4071 3547 4125 in

1959 4165 2253 4226 conspectu
2304 4163 2397 4212 tuo
2439 4158 2617 4213 omnis
2658 4157 2863 4213 vivens.
2916 4157 3055 4225 Quia
3100 4169 3417 4231 persecutus
3447 4171 3550 4222 .est

1959 4247 2213 4303 inimicus
2257 4247 2495 4303 animam
2536 4262 2714 4305 meam
2743 4267 2757 4302 :
2791 4249 3096 4305 humiliavit
3125 4251 3179 4305 in
3209 4261 3352 4308 terra
3379 4252 3545 4311 vitam

1959 4353 2159 4394 meam.
2188 4336 2488 4394 Collocavit
2520 4352 2608 4396 me
2642 4340 2697 4395 in
2724 4341 2973 4396 obscuris
2998 4342 3139 4397 sicut
3168 4353 3545 4414 mortuossm-

1955 4429 2086 4494 culi,
2110 4435 2165 4485 et
2194 4431 2445 4485 anxiatus
2474 4438 2558 4486 est
2577 4446 2742 4502 super
2766 4444 2853 4488 me
2880 4432 3102 4502 spiritus
3138 4449 3295 4490 meus
3329 4454 3342 4490 :
3372 4436 3427 4490 in
3456 4452 3543 4491 me

1954 4519 2233 4576 turbatum
2261 4529 2343 4576 est
2361 4535 2458 4577 cor
2493 4536 2694 4577 meum.
2725 4521 2931 4578 Memor
2957 4523 3032 4579 fui
3063 4523 3273 4581 dierum
3295 4526 3548 4597 antiquo-

1955 4629 2097 4680 rum,
2142 4615 2439 4670 meditatus
2465 4629 2587 4670 sum
2630 4615 2684 4671 in
2716 4616 2971 4671 omnibus
2996 4616 3252 4687 operibus
3286 4619 3392 4675 tuis
3422 4636 3456 4671 ;ηΔ
3491 4618 3543 4672 in

1962 4706 2125 4765 factis
2168 4722 2426 4763 manuum
2476 4716 2691 4765 tuarum
2720 4709 3045 4765 meditabar.
3077 4710 3323 4783 Expandi
3355 4726 3546 4767 manus

1961 4817 2111 4858 meas
2141 4802 2208 4857 ad
2237 4811 2289 4857 te
2320 4820 2332 4854 :
2366 4801 2547 4856 anima
2579 4816 2698 4857 mea
2726 4802 2868 4857 sicut
2898 4808 3042 4856 terra
3073 4802 3191 4858 sine
3236 4818 3377 4873 aqua
3422 4803 3539 4858 tibi.

1960 4892 2233 4949 Voloeiter
2261 4892 2453 4947 exaudi
2481 4906 2587 4955 me,
2610 4890 2867 4948 Domine:
2897 4890 3092 4948 defecit
3121 4893 3344 4962 spiritus
3365 4909 3539 4963 meus,

1960 4982 2078 5039 Non
2118 4990 2334 5037 avertas
2364 4982 2557 5036 faciem
2594 4990 2741 5037 tuam
2771 4995 2803 5035 a
2845 4998 2931 5037 me
2961 5000 2972 5034 :
3017 4990 3073 5038 et
3101 4983 3295 5038 similis
3322 4999 3419 5039 ero
3448 4984 3541 5039 dc-

1959 5075 2341 5133 scendentibus
2394 5075 2447 5129 in
2498 5074 2696 5130 lacum.
2750 5075 3003 5131 Auditam
3057 5074 3145 5132 fac
3196 5078 3329 5133 mihi
3384 5066 3542 5135 mane

1957 5166 2380 5223 misericordiam
2416 5172 2600 5220 tuam:
2636 5165 2762 5235 quia
2790 5166 2844 5220 in
2867 5173 2921 5219 te
2950 5168 3182 5235 speravi.
3222 5166 3419 5224 Notam
3446 5169 3539 5225 fac

1956 5258 2088 5313 mihi
2128 5258 2271 5312 viam
2326 5255 2379 5312 in
2427 5271 2533 5326 qua
2582 5254 2858 5311 ambulem
2900 5272 2917 5312 :
2968 5256 3096 5326 quia
3145 5256 3213 5311 ad
3264 5267 3318 5312 te
3368 5258 3539 5315 levavi

1955 5351 2190 5407 animam
2212 5363 2409 5404 meam.
2439 5347 2602 5416 Eripe
2628 5360 2714 5401 me
2751 5347 2819 5404 de
2852 5347 3086 5403 inimicis
3106 5348 3263 5424 meis,
3289 5348 3538 5415 Domine,

1956 5442 2023 5497 ad
2070 5449 2123 5495 te
2165 5440 2425 5513 confugi:
2473 5439 2608 5495 doce
2639 5453 2727 5494 me
2779 5438 2961 5495 facere
3006 5439 3340 5497 voluntatem
3371 5453 3539 5505 tuam,

1957 5533 2082 5604 quia
2107 5532 2253 5588 Deus
2288 5546 2441 5587 meus
2469 5546 2528 5587 es
2560 5539 2639 5587 tu.
2682 5529 2918 5600 Spiritus
2954 5539 3080 5588 tuus
3104 5532 3280 5589 bonus
3315 5534 3545 5592 deducet

1958 5642 2046 5685 me
2081 5629 2136 5682 in
2166 5634 2368 5683 terram
2411 5633 2661 5682 rectam:
2707 5635 2933 5698 propter
2970 5643 3169 5684 nomen
3210 5637 3383 5693 tuum,
3430 5628 3543 5703 Do;-

1958 5720 2129 5784 mine,
2157 5717 2462 5777 vivificabis
2508 5732 2600 5775 me
2643 5717 2697 5774 in
2748 5719 3003 5789 aaquitate
3057 5727 3169 5778 tua.
3222 5719 3435 5777 Educes
3480 5719 3547 5776 de

1961 5810 2309 5867 tribulatione
2339 5809 2575 5865 animam
2616 5825 2817 5876 meam,
2856 5820 2914 5865 et
2942 5812 2996 5867 in
3037 5811 3405 5871 misericordia
3450 5820 3543 5866 tua

1964 5902 2242 5975 disperdes
2273 5916 2461 5958 omnes
2495 5902 2739 5959 inimicos
2778 5917 2946 5959 meos.
2998 5902 3096 5959 Et'
3117 5905 3311 5974 perdes
3354 5918 3545 5979 omnes
