4122 6548
645 330 742 387 55f

1495 313 1557 370 Β.
1592 313 1654 369 F.
1696 309 1921 367 ALBlNl
1960 308 2092 366 SEU
2126 304 2405 362 ALCUINI
2442 304 2729 362 OPERUM
2763 303 2946 361 PARS
2980 302 3069 359 IV.

3824 295 3930 351 532

646 449 741 521 qui
778 442 1041 502 tribulant
1078 438 1314 496 animam
1345 448 1523 490 meam
1554 451 1566 486 :
1598 428 1855 502 quoniam
1892 440 1993 497 ego
2037 440 2230 483 servus
2253 427 2304 487 Α
2331 422 2485 521 stris,
2515 430 2570 479 et
2590 420 2885 479 exorabilis
2909 422 3019 477 tuis
3045 428 3165 477 esto
3187 418 3541 521 supplicibus,
3564 426 3629 521 ut
3656 430 3929 521 concessa

650 548 779 595 ιυιις
810 548 953 591 sum.

2333 512 2516 579 venia,
2544 527 2710 585 quam
2752 527 3063 583 precamur,
3094 519 3357 584 perpetuo
3391 508 3789 568 misericordize
3825 515 3931 563 tua

721 627 791 685 Ut
818 641 1003 698 supra.
1040 622 1280 680 Clava
1328 619 1397 675 ad
1439 626 1514 681 te.
1559 613 1806 679 Domine,
1844 613 1955 670 dixi
1991 630 2004 667 :
2040 609 2122 669 Tu
2170 625 2234 667 es
2330 619 2563 661 munere
2585 604 2898 677 gloriemur.
2929 604 3054 661 Per.

649 736 779 794 epes
802 732 947 783 mea,
972 713 1151 787 portio
1174 726 1293 769 mea
1312 713 1368 767 in
1392 718 1539 766 terra
1568 706 1890 763 viventium.
1914 705 2137 763 Intende
2162 706 2232 761 ad

650 811 1087 885 deprecationem
1115 820 1314 869 meam,
1365 802 1496 874 quia
1546 799 1863 857 humiliatus
1890 815 2010 856 sum
2048 802 2231 857 nimis.

652 902 845 959 Libera
896 912 986 954 me
1035 913 1064 951 a
1110 893 1562 967 persequentibus
1610 906 1719 956 me,
1766 892 1895 961 quia
1943 890 2235 947 eonfortati

650 1002 779 1050 sunt
814 1006 977 1063 super
1007 1004 1115 1045 me.
1141 987 1291 1043 Educ
1320 987 1388 1041 de
1426 985 1672 1041 custodia
1697 985 1934 1039 animam
1961 1000 2139 1041 meam
2166 984 2236 1041 ad

649 1085 1020 1143 confitendum
1034 1079 1244 1136 nomini
1264 1085 1357 1133 tuo
1386 1095 1400 1131 :
1431 1092 1519 1137 me
1540 1084 1862 1147 exspectant
1880 1076 2037 1147 justi,
2064 1078 2238 1133 donec

654 1177 927 1234 mribus:
962 1172 1121 1229 mihi.

728 1266 936 1322 Oratio.
978 1262 1120 1319 Deus
1145 1261 1238 1333 qui
1274 1261 1596 1317 matutinam
1625 1274 1797 1316 sacra:
1821 1260 2238 1317 resurrectionis

651 1368 762 1417 tua:
789 1358 1029 1414 auditam
1054 1355 1229 1412 fecisti
1268 1352 1698 1426 iucunditatem:
1743 1368 1867 1411 cum
1911 1369 1981 1409 ex
2020 1353 2237 1411 inferno

653 1453 873 1511 rediens
923 1450 1142 1521 replesti
1188 1458 1393 1504 terram
1442 1449 1677 1518 gaudiis,
1724 1464 1888 1519 quam
1940 1449 2239 1518 reliqueras

654 1546 713 1602 in
738 1544 1023 1602 obscuris:
1057 1556 1310 1613 rogamus
1346 1541 1601 1612 potentia:
1628 1548 1731 1595 tua:
1770 1539 2095 1596 ineﬁ‘abilem
2122 1556 2240 1597 ma-

648 1640 927 1713 iestatem,
957 1646 1016 1692 ut
1046 1636 1188 1692 sicut
1234 1643 1366 1689 tunc
1404 1641 1683 1689 catervam
1729 1634 2078 1704 apostolicam
2104 1649 2239 1706 gau-

652 1737 788 1795 dere
814 1735 990 1795 fecisti
1013 1745 1168 1789 sacra
1191 1732 1247 1786 in
1278 1728 1516 1785 anastasi
1552 1724 1708 1799 [Cod.
1740 1725 1890 1796 Reg.,
1919 1741 2075 1781 sacra
2104 1741 2241 1780 ana-

655 1828 821 1901 stasi]
856 1847 870 1881 :
921 1828 996 1883 ita
1042 1826 1186 1881 hanc
1241 1820 1565 1884 Ecclesiam,
1611 1827 1761 1873 tuam
1806 1819 2239 1874 misericordiam
2271 1820 2316 1882 Β

649 1920 908 1991 expansis
960 1916 1211 1971 mnibus
1263 1911 1617 1984 ﬂagitantem,
1667 1909 1954 1980 splendore
2003 1908 2240 1965 caelestis

652 2010 861 2080 iubaris
886 2006 1161 2064 illustrare
1190 2005 1450 2077 digneris.
1481 2003 1586 2059 Per
1609 2001 1921 2058 Dominum.

726 2102 936 2159 Lilania
966 2110 1022 2154 ut
1048 2116 1229 2172 supra.

1340 2203 1560 2245 PBECES.

724 2286 837 2356 Ego
880 2284 1015 2349 dixi,
1060 2281 1309 2347 Domine,
1337 2280 1600 2335 miserere
1636 2278 1767 2343 mei,
1818 2289 1949 2332 sana
2001 2275 2242 2331 animam

654 2392 852 2439 meam,
879 2374 1003 2444 quia
1035 2372 1257 2443 peccavi
1286 2371 1404 2425 tibi.
1450 2369 1615 2435 Deus,
1645 2367 1787 2423 Deus
1829 2382 2003 2432 meus,
2035 2368 2245 2439 respice

653 2471 842 2532 inme,
868 2481 1037 2536 quare
1082 2480 1166 2520 me
1190 2462 1564 2532 dereliquisti?
1606 2461 1767 2531 longe
1811 2476 1845 2516 a
1894 2460 2070 2516 salute
2121 2473 2245 2513 mea

654 2561 821 2616 verba
861 2559 1180 2615 delictorum
1224 2570 1490 2611 meorum.
1518 2555 1630 2626 Ego
1659 2562 1838 2609 autem
1867 2568 1986 2608 sum
2018 2551 2242 2615 vermis,

652 2662 711 2709 et
755 2667 865 2706 non
915 2651 1126 2705 homo:
1178 2648 1532 2718 opprobrium
1576 2645 1881 2708 hominum,
1927 2651 1985 2698 et
2012 2640 2246 2711 abjectio

653 2745 847 2817 plebis.
890 2741 1157 2813 Quoniam
1202 2748 1262 2796 tu
1306 2754 1389 2805 es,
1416 2737 1667 2803 Domine,
1698 2736 1793 2806 qui
1816 2734 2103 2791 extraxisti
2156 2748 2246 2789 me

654 2835 723 2891 de
746 2843 957 2899 ventre,
986 2846 1112 2903 spes
1135 2846 1253 2886 mea
1284 2829 1353 2885 ab
1389 2830 1648 2885 uberibus
1676 2828 1867 2882 matris
1894 2842 2030 2882 mea:
2055 2844 2068 2880 :
2102 2826 2157 2881 in
2191 2833 2246 2881 te

655 2925 929 3000 proiectus
952 2938 1071 2978 sum
1095 2938 1159 2977 ex
1206 2930 1381 2977 utero.
1410 2920 1571 2976 Salva
1599 2935 1686 2974 me
1710 2934 1779 2975 ex
1818 2934 1913 2976 ore
1941 2919 2112 2975 leonis
2145 2938 2157 2974 :
2190 2928 2247 2977 et

653 3034 687 3070 a
714 3014 972 3071 cornibus
1003 3012 1345 3068 unicornium
1368 3010 1729 3065 humilitatem
1753 3025 1948 3064 meam.
1983 3010 2060 3065 Ne
2090 3027 2248 3067 aver-

653 3117 741 3164 tas
762 3107 957 3162 faciem
977 3114 1123 3161 tuam
1152 3121 1182 3159 a
1205 3120 1311 3169 me,
1336 3120 1404 3160 ne
1424 3104 1661 3160 declines
1688 3105 1740 3159 in
1773 3106 1853 3159 ira
1881 3121 1911 3159 a
1941 3119 2100 3160 servo
2129 3114 2244 3161 tuo.

655 3200 884 3271 Adjutor
908 3214 1063 3256 meus
1106 3206 1240 3263 esto,
1293 3213 1358 3253 ne
1400 3197 1745 3273 derelinquas
1775 3212 1859 3251 me
1887 3216 1898 3251 :
1942 3212 2118 3268 neque
2146 3197 2241 3251 de-
2271 3180 2315 3244 C

655 3293 858 3365 spicies
886 3306 995 3357 me,
1046 3288 1189 3345 Deus
1220 3289 1474 3343 salutaris
1517 3304 1689 3343 meus.
1732 3287 1811 3343 Ne
1851 3288 2011 3343 simul
2061 3288 2247 3344 tradas

657 3399 745 3441 me
773 3399 895 3441 cum
938 3382 1334 3453 peccatoribus,
1364 3390 1420 3434 et
1447 3396 1569 3435 cum
1613 3380 1962 3449 operantibus
1993 3380 2249 3449 iniquita-

659 3487 769 3532 tem
816 3492 886 3532 ne
934 3474 1132 3544 perdas
1178 3489 1283 3529 me.
1320 3472 1563 3546 Amplius
1590 3472 1708 3529 lava
1738 3489 1823 3527 me
1868 3475 1936 3528 ab
1963 3473 2250 3542 iniquitate

657 3581 802 3633 mea,
828 3574 885 3620 et
912 3582 941 3619 a
972 3572 1195 3635 peccato
1235 3578 1353 3618 meo
1376 3564 1571 3617 munda
1613 3578 1719 3618 me.
1752 3562 2020 3629 Quoniam
2046 3565 2247 3636 iniqui-

657 3666 826 3713 tatem
856 3670 1030 3711 meam
1058 3671 1160 3726 ego
1187 3669 1474 3725 cognosco,
1514 3662 1567 3708 et
1588 3662 1871 3725 peccatum
1905 3669 2085 3709 meum
2118 3669 2250 3710 con-

658 3762 742 3806 tra
770 3764 857 3806 me
878 3757 961 3805 est
983 3763 1216 3817 semper.
1247 3748 1514 3819 Asperges
1540 3764 1627 3802 me
1658 3748 1915 3817 hyssopo,
1947 3756 2002 3802 et
2025 3748 2253 3803 munda—

658 3844 800 3898 bor:
835 3842 1043 3896 lavabis
1081 3856 1187 3905 me,
1235 3850 1291 3893 et
1342 3854 1506 3909 super
1559 3840 1737 3894 nivem
1787 3839 2096 3895 dealbabor.
2140 3839 2251 3893 Ex—

656 3948 843 4003 surge,
886 3932 1133 3997 Domine,
1176 3929 1365 3998 adjuva
1408 3944 1544 3984 nos:
1578 3938 1634 3984 et
1686 3930 1855 3985 libera
1896 3944 1994 3984 nos
2029 3938 2251 3999 propter

659 4042 859 4082 nomen
899 4032 1071 4079 tuum.
1105 4023 1328 4078 Domine
1353 4022 1496 4076 Deus
1522 4022 1783 4076 virtutum
1805 4064 1819 4087 ,
1849 4030 2104 4077 converte
2131 4037 2247 4086 nos,

655 4130 718 4175 et
740 4119 963 4175 ostende
1016 4116 1209 4171 faciem
1244 4124 1391 4169 tuam
1420 4133 1432 4168 :
1484 4121 1537 4169 et
1566 4115 1700 4169 salvi
1728 4115 1951 4169 erimus.
1982 4114 2252 4170 Converte

660 4227 778 4274 nos,
809 4212 952 4265 Deus
979 4210 1235 4263 salutaris
1277 4216 1482 4273 noster,
1531 4217 1587 4261 et
1630 4216 1815 4263 averte
1858 4210 1994 4262 iram
2043 4218 2190 4263 tuam
2219 4223 2251 4263 a

661 4301 839 4355 nobis.
872 4300 1010 4353 Deus
1038 4308 1095 4350 tu
1140 4312 1434 4352 conversus
1476 4298 1775 4353 vivitieabis
1821 4313 1940 4364 nos,
1995 4306 2052 4353 et
2099 4299 2252 4369 plebs

662 4402 755 4446 tua
786 4392 1061 4445 lmtabitur
1089 4390 1141 4443 in
1172 4396 1243 4443 te.
1274 4388 1511 4446 Ostende
1548 4392 1726 4454 nobis,
1768 4389 2013 4455 Domine,
2042 4391 2253 4445 miseri-

663 4483 912 4539 cordiam
953 4491 1122 4547 tuam,
1153 4490 1208 4537 et
1249 4482 1484 4537 salutare
1514 4490 1664 4535 tuum
1691 4482 1757 4535 da
1787 4481 1959 4536 nobis.
1999 4480 2246 4549 Domine,

2333 753 2538 796 οιιΑτω
2562 754 2717 795 FER“
2748 754 2813 805 Π,
2841 754 2888 794 Si
2913 754 3033 802 ουιε
3076 753 3134 795 δε
3162 755 3217 794 IN
3248 752 3740 796 TBIBULATIONIBUS
3770 750 3933 792 »εκε-

2604 825 2805 865 ιιετωι
2834 825 3182 876 ικτειιισλτ,
3211 825 3563 866 ιιεοΑιςτΑῐςυΑ
3590 821 3636 863 ³.

2406 921 2435 962 ι’
2459 920 2626 987 Deus,
2646 922 2740 993 qui
2767 921 3127 978 contritorum
3156 936 3264 977 non
3292 922 3531 993 despicis
3556 920 3852 994 gemitum,
3882 927 3939 975 et

2335 1014 2684 1069 maerentium
2724 1028 2833 1070 non
2872 1014 3186 1085 aspernaris
3224 1012 3501 1080 aﬁ'ectum,
3531 1016 3727 1071 adesto
3767 1013 3943 1085 preci-

2334 1101 2437 1159 bus
2457 1105 2685 1170 nostris,
2712 1119 2849 1175 quas
2874 1104 3064 1175 pietati
3098 1113 3204 1160 tuae
3224 1121 3326 1177 pro
3362 1104 3720 1160 tribulatione
3749 1111 3942 1159 nostra

2334 1195 2566 1252 fundere
2590 1196 3004 1267 praesumimus:
3036 1195 3489 1267 implorantes,nt
3515 1211 3609 1252 eas
3630 1194 3946 1251 clementer

2335 1285 2616 1356 suscipere
2639 1285 2906 1359 digneris,
2934 1288 3253 1359 tribuasque
3281 1328 3297 1353 ,
3339 1294 3398 1341 ut
3423 1286 3689 1358 quidquid
3747 1295 3946 1341 contra

2337 1396 2438 1436 nos
2458 1379 2741 1436 diabolica:
2766 1387 2932 1449 atque
2951 1378 3203 1435 humanae
3226 1378 3525 1434 moliuntur
3544 1377 3947 1441 adversitates,

2336 1472 2404 1527 ad
2424 1470 2655 1526 nihilum
2679 1471 2917 1543 redigas,
2947 1479 3004 1527 et
3025 1469 3257 1526 consilio
3292 1468 3517 1541 pietatis
3565 1476 3676 1522 tuae
3708 1466 3947 1530 allidas,

2334 1569 2398 1616 ut
2423 1561 2587 1618 nullis
2607 1562 3033 1619 adversitatibus
3056 1562 3195 1629 laesi,
3225 1561 3323 1618 sed
3364 1558 3540 1631 erepti
3567 1559 3635 1615 de
3663 1556 3825 1613 omni
3854 1558 3951 1612 tris

2335 1653 2616 1711 bulatione
2643 1662 2701 1711 et
2726 1655 3002 1726 angustia,
3040 1653 3151 1710 lati
3200 1654 3299 1709 tibi
3328 1653 3386 1708 in
3412 1651 3659 1708 Ecclesia
3693 1659 3792 1705 tua
3824 1666 3949 1707 san-

2338 1757 2426 1805 cta
2470 1749 2676 1822 gratias
2701 1749 3027 1815 referamus,
3056 1762 3157 1819 per
3189 1746 3468 1803 Christum
3523 1743 3829 1802 Dominum
3856 1760 3950 1800 no-

2341 1849 2518 1898 strum
2543 1860 2558 1897 :
2585 1857 2686 1914 per
2712 1858 2879 1913 quem
2900 1850 2977 1908 te,
3003 1856 3217 1897 sumine
3238 1839 3406 1906 Deus,
3436 1853 3719 1911 rogamus,
3741 1846 3807 1893 ut
3830 1853 3947 1909 pre

2341 1950 2438 1993 ces
2461 1933 2565 1990 has
2585 1934 2840 1992 attendas
2868 1932 3199 2009 propitiabili
3249 1931 3589 2008 dignatione,
3614 1937 3671 1987 et
3706 1930 3780 1986 ad
3806 1929 3949 1987 hanc

2344 2034 2589 2085 nostram
2608 2027 2915 2083 orationem
2934 2024 3222 2099 respicias,
3237 2039 3402 2099 quam
3428 2024 3527 2083 tibi
3540 2039 3638 2095 pro
3657 2025 3951 2095 ereptione

2343 2125 2400 2174 et
2417 2118 2753 2174 relevatione
2778 2126 2967 2174 nostra
2992 2134 3024 2173 a
3052 2131 3312 2189 pressura
3353 2124 3557 2173 nostrae
3602 2115 3951 2173 inﬁrmitatis

2343 2207 2642 2265 oli‘erimus.
2694 2209 2838 2276 Jam,
2865 2209 3127 2275 Domine,
3177 2209 3394 2281 respice
3439 2223 3605 2280 super
3630 2223 3737 2264 nos
3795 2207 3950 2262 vultu

2342 2296 2620 2369 placabili,
2650 2306 2707 2355 et
2733 2297 3110 2357 misericordia
3154 2298 3415 2371 singulari
3448 2313 3479 2353 a
3505 2298 3665 2354 nobis
3714 2313 3949 2364 amove,

2344 2390 2489 2462 quod
2515 2390 2727 2447 saevitia
2761 2390 3029 2449 malorum
3079 2392 3371 2463 permittit,
3396 2390 3540 2463 quod
3588 2391 3950 2448 inimicorum

2344 2483 2587 2553 pravitas
2616 2481 2803 2550 infert,
2830 2481 2975 2555 quod
2998 2498 3291 2555 pravorum
3330 2483 3387 2538 in
3432 2482 3681 2538 consiliis
3706 2481 3952 2540 adversi-

2344 2582 2431 2630 tas
2454 2574 2659 2647 alligat,
2675 2576 2818 2647 quod
2837 2591 2907 2633 ex
2928 2576 3139 2648 judicio
3160 2578 3432 2643 imminet,
3453 2577 3596 2647 quod
3622 2591 3694 2632 ex
3721 2584 3951 2634 senten-

2346 2668 2422 2722 tia
2444 2669 2669 2738 pendet,
2691 2668 2835 2739 quod
2858 2668 3265 2741 conspiratione
3290 2669 3658 2736 machinatur,
3684 2669 3841 2741 quod
3869 2684 3953 2727 ac-

2345 2761 2629 2817 cusatione
2638 2760 2992 2834 conﬁngitur,
3013 2761 3158 2833 quod
3185 2761 3419 2832 propria:
3438 2769 3718 2817 merentur
3746 2761 3952 2832 iniqui.

2348 2862 2513 2920 tates,
2536 2856 2682 2926 quod
2718 2854 2913 2911 alienis
2959 2854 3272 2912 ﬁctionibus
3311 2855 3600 2927 alligatur:
3624 2854 3776 2927 quod
3803 2870 3951 2927 pres-

2348 2949 2493 3003 suris
2522 2948 2828 3017 deiiciatur,
2859 2949 3005 3021 quod
3051 2948 3385 3006 cruciatibus
3413 2949 3749 3020 premimur,
3807 2949 3952 3020 quod

2350 3042 2620 3113 angustiis
2646 3044 3039 3114 angustiamur.
3073 3042 3191 3100 Non
3219 3042 3432 3114 justitia
3483 3050 3573 3097 tua
3605 3084 3622 3108 ,
3680 3040 3949 3107 Domine,

2350 3145 2684 3202 quzesumus,
2712 3131 3008 3201 injustitias
3058 3141 3275 3190 nostras
3303 3148 3565 3189 exerceas
3595 3151 3608 3188 :
3640 3132 3736 3189 sed
3766 3134 3949 3207 potius

2348 3221 2611 3293 pietatem
2662 3229 2813 3277 tuam
2857 3223 2913 3278 in
2952 3223 3158 3279 nostris
3205 3223 3584 3294 iniquitatibus
3628 3223 3942 3282 manifesta.

2347 3310 2467 3367 Non
2493 3328 2592 3368 nos
2612 3314 2668 3368 in
2696 3315 3077 3384 persecutione
3096 3313 3321 3384 dejicias
3348 3332 3361 3369 :
3393 3330 3501 3371 non
3523 3331 3622 3386 per
3647 3313 3945 3373 intoleran-

2348 3403 2483 3459 tiam
2505 3406 2724 3476 perdas,
2755 3407 2852 3462 sed
2870 3423 2969 3479 per
3006 3407 3411 3465 tribulationem
3441 3424 3640 3466 exerce
3662 3451 3677 3476 ,
3720 3426 3825 3483 per
3840 3412 3947 3484 pie-

2352 3502 2522 3551 tatem
2549 3497 2761 3560 attolle,
2781 3514 2881 3571 per
2906 3499 3338 3557 misericordiam
3387 3516 3554 3573 rege:
3586 3518 3694 3572 quo
3740 3519 3842 3574 per
3888 3513 3946 3561 te

2351 3591 2421 3646 ab
2448 3590 2795 3647 inimicorum
2846 3590 3043 3662 jaculis
3071 3594 3201 3654 tuti.
3225 3610 3255 3649 a
3281 3596 3534 3665 praesenti
3594 3596 3947 3653 tribulatione

2351 3682 2614 3752 exempti,
2643 3689 2700 3738 te
2724 3682 2894 3739 Deum
2944 3700 3112 3741 unum
3155 3685 3211 3740 in
3258 3686 3526 3743 Trinitate
3552 3702 3795 3745 consona
3841 3687 3946 3743 col-

2351 3770 2632 3829 laudemus
2658 3789 2810 3831 voce.
2835 3776 2937 3843 Qui
2965 3792 3092 3831 cum
3132 3792 3197 3833 eo
3224 3777 3508 3850 unigenito
3531 3778 3672 3836 Filio
3715 3788 3812 3837 tuo
3851 3781 3959 3837 Do-

2352 3864 2502 3919 mino
2524 3874 2714 3921 nostro
2732 3866 2860 3923 Jesu
2901 3866 3144 3933 Christo,
3172 3878 3471 3940 sanctoque
3508 3872 3785 3942 paracleto
3830 3871 3953 3947 Spi-

2352 3957 2460 4011 ritu
2482 3957 2622 4013 vivis
2666 3968 2721 4013 et
2747 3975 2966 4030 regnas,
2990 3960 3219 4017 Domine
3246 3960 3391 4018 Deus
3411 3962 3757 4035 omnipotens
3777 4006 3794 4033 ,
3849 3982 3946 4038 per

2353 4049 2536 4104 omnia
2559 4049 2754 4105 saecula
2778 4051 3116 4107 szeculorum.
3149 4052 3344 4110 Amen.

2957 4183 3298 4242 PSALMUS.

2424 4294 2605 4363 (PSAL.
2638 4296 2762 4366 xu.)
2792 4296 3107 4369 Usquequo,
3134 4299 3383 4368 Domine,
3414 4304 3754 4362 Oblivisceris
3778 4321 3866 4364 me
3889 4308 3940 4364 in

2351 4384 2547 4440 ﬁnem:
2570 4403 2852 4458 usquequo
2877 4390 3077 4446 avertis
3099 4390 3291 4448 faciem
3321 4402 3466 4450 tuam
3496 4411 3525 4450 a
3552 4398 3674 4454 me?
3695 4395 3940 4467 Quandiu

2352 4488 2551 4544 ponam
2579 4477 2805 4532 consilia
2821 4479 2876 4533 in
2901 4482 3079 4535 anima
3109 4497 3228 4538 mea
3254 4501 3266 4536 :
3300 4483 3539 4540 dolorem
3560 4487 3615 4543 in
3638 4489 3803 4545 corde
3821 4506 3942 4546 meo

661 4576 859 4633 exaudi
898 4576 1203 4630 orationem
1231 4588 1427 4637 meam,
1472 4580 1526 4627 et
1552 4572 1752 4627 clamor
1796 4589 1948 4628 meus
1977 4574 2044 4627 ad
2068 4583 2119 4627 te
2151 4589 2247 4627 ve-
2280 4543 2328 4603 θ
2352 4581 2449 4635 per
2466 4567 2649 4622 diem?
2679 4567 2968 4639 Usquequo
2988 4571 3315 4629 exaltabitur
3336 4575 3588 4632 inimicus
3609 4594 3764 4636 meus
3781 4595 3941 4652 super

664 4669 799 4724 niat.
831 4666 1085 4720 Miserere
1116 4666 1221 4720 mei
1251 4664 1729 4730 Deus,secundum
1757 4678 2005 4733 magnam
2038 4664 2251 4719 miseri-

664 4762 905 4817 cordiam
939 4767 1107 4812 tuam.

733 4851 849 4925 69
869 4848 1073 4904 Oratio.
1108 4848 1449 4915 Qumsumus,
1498 4848 1837 4918 omnipotens
1862 4847 2005 4902 Deus
2025 4888 2040 4912 ,
2067 4846 2251 4902 alllicti

666 4940 847 5013 pepuli
876 4939 1142 5009 lacrymas
1170 4938 1377 5006 respice
1404 4978 1418 5002 ,
1469 4947 1526 4991 et
1555 4938 1692 4991 iram
1716 4946 1821 4991 tua:
1869 4937 2252 5005 indignationis

668 5041 883 5093 averte,
933 5038 995 5083 ut
1028 5030 1118 5097 qui
1151 5037 1359 5081 reatum
1402 5036 1597 5082 nostra:
1646 5026 1977 5081 infirmitatis
2010 5028 2255 5097 agnosci-

668 5137 812 5186 mus,
844 5124 931 5175 t‘ua
962 5120 1331 5173 consolatione
1356 5118 1667 5173 liberemur.
1692 5117 1815 5171 Per.

739 5213 877 5265 Alia.
909 5212 1074 5275 Deus,
1114 5210 1204 5278 qui
1250 5210 1521 5279 conspicis
1547 5210 1693 5263 omni
1719 5224 1818 5263 nos
1847 5212 2047 5263 virtute
2090 5208 2254 5264 desti-

670 5303 771 5361 tui.
799 5303 1027 5356 interius
1053 5302 1400 5370 exteriusque
1428 5301 1635 5355 custodi
1665 5318 1677 5354 :
1723 5308 1781 5353 ut
1825 5308 1880 5355 et
1906 5300 1974 5355 ab
1999 5301 2250 5356 omnibus

670 5395 1092 5448 advmitatibus
1122 5394 1429 5447 muniamnr
1454 5392 1508 5445 in
1549 5402 1855 5463 corpore,et
1882 5410 1910 5446 a
1937 5393 2119 5463 pravis
2162 5408 2256 5448 co—

667 5484 1016 5552 gitationibus
1046 5482 1367 5537 mundemur
1396 5484 1450 5536 in
1486 5492 1689 5537 mente.
1728 5483 1848 5537 Per.

740 5575 871 5628 [tam
894 5575 1079 5626 oratio.
1122 5570 1445 5642 Propitiare,
1471 5573 1719 5639 Domine,
1752 5574 2126 5644 iniquitatibus
2155 5590 2248 5630 no-

735 5721 763 5747 ο
807 5706 993 5781 Oratio
1020 5705 1118 5781 fer.
1140 5722 1177 5763 tt
1209 5717 1410 5781 etquae
1458 5718 1759 5781 sequuntur
1794 5723 1964 5781 usque
1999 5710 2065 5764 ad
2102 5718 2241 5765 orat.

669 5774 750 5834 fer
802 5795 858 5833 lli
890 5779 1078 5831 desunt
1110 5779 1161 5831 in
1191 5774 1323 5832 rodf
1343 5792 1442 5832 ms.
1470 5774 1655 5849 Regio.

2347 4661 2470 4715 me?
2496 4663 2707 4731 respice
2755 4673 2811 4719 et
2837 4667 3031 4720 exaudi
3064 4683 3172 4733 me,
3196 4668 3426 4724 Domine
3452 4668 3597 4727 Dens
3620 4686 3794 4727 meus.
3825 4671 3941 4727 lliu-

2348 4752 2496 4805 mina
2522 4754 2707 4809 oculos
2724 4770 2896 4820 meos,
2913 4771 2982 4812 ne
3009 4773 3248 4829 unquam
3272 4760 3609 4815 obdormiam
3640 4762 3694 4816 in
3724 4770 3899 4818 morte
3920 4782 3934 4796 ο

2349 4845 2638 4912 nequando
2665 4846 2810 4902 dicat
2838 4849 3092 4905 inimicus
3122 4867 3275 4906 meus
3295 4893 3308 4915 ,
3365 4852 3621 4922 prtevalui
3676 4854 3939 4909 adversus

2350 4949 2493 4988 eum.
2519 4935 2618 5002 Qui
2647 4938 2908 4993 tribulant
2938 4957 3044 5005 me,
3074 4942 3441 5007 exsultabunt,
3473 4946 3517 4999 si
3544 4954 3722 5000 motus
3746 4945 3897 5001 fuero
3922 4966 3933 5000 :

2356 5040 2456 5096 ego
2486 5036 2666 5083 autem
2723 5031 2776 5083 in
2826 5032 3196 5087 misericordia
3229 5043 3317 5088 tua
3351 5038 3587 5105 speravi.
3633 5037 3940 5092 Exsultabit

2354 5134 2451 5173 cor
2509 5137 2689 5175 meum
2739 5122 2793 5176 in
2845 5124 3069 5179 salutari
3098 5130 3485 5184 tuozcantabo
3537 5129 3798 5197 Domino,
3845 5135 3936 5201 qui

2352 5210 2493 5265 bona
2526 5211 2716 5267 tribuit
2748 5215 2901 5281 mihi,
2930 5225 2985 5270 et
3020 5217 3243 5287 psallam
3272 5221 3481 5275 nomini
3527 5221 3740 5277 Domini
3780 5223 3937 5281 altis-

2353 5318 2498 5356 Slml.

2428 5391 2494 5446 Ut
2522 5411 2701 5462 supra.
2734 5395 2845 5467 Ego
2870 5406 3051 5452 autem
3083 5400 3137 5454 in
3162 5401 3510 5460 multitudine
3553 5406 3938 5462 misericordia:

2359 5495 2462 5541 tuae
2503 5486 2736 5540 introibo
2770 5487 2824 5540 in
2855 5489 3070 5544 domum
3100 5501 3270 5558 tuam,
3294 5494 3533 5550 adorabo
3559 5496 3625 5551 ad
3678 5496 3936 5567 templum

2355 5584 2603 5632 sanetum
2631 5587 2778 5633 tuum
2826 5581 2878 5634 in
2911 5581 3103 5638 timore
3130 5592 3237 5639 tuo.
3273 5586 3500 5644 Domine
3526 5589 3695 5645 deduc
3742 5605 3830 5645 me
3882 5590 3937 5649 in

2429 5710 2455 5749 ι’
2491 5709 2596 5764 Pro
2618 5726 2717 5767 usu
2747 5722 2923 5779 sexto,
2948 5730 3132 5786 supra,
3167 5717 3267 5772 col.
3304 5717 3424 5775 £67.
