4122 6626
228 476 340 535 533

1225 482 1623 561 ιιτωιςιω.
1660 514 1736 529 -
1766 485 2038 543 OFFlClA
2074 487 2212 545 PER
2249 490 2520 552 FERLAS.

3406 496 3514 552 558

217 590 435 666 justitia
466 601 560 649 tua
586 602 809 665 propter
834 594 1084 652 inimicos
1113 592 1473 669 meos,dirige
1501 596 1558 654 in
1585 612 1812 670 conspe-
1836 602 1886 663 Α
1914 597 2135 655 ritatem
2167 607 2316 654 tuam
2337 601 2691 673 requirimus,
2716 611 2985 661 tumorem
3035 605 3390 663 exsecrabilis
3426 623 3515 665 su—

221 695 315 743 ctu
345 693 439 742 tuo
465 686 612 742 viam
649 702 847 743 meam.

297 773 504 829 Oratio.
536 773 616 831 Ne
633 782 851 830 avertas
878 774 1075 832 faciem
1120 784 1271 833 tuam
1292 793 1329 833 a
1358 777 1517 834 nobis
1571 778 1818 851 omnipo-

223 873 351 923 tens
398 864 566 933 Deus,
595 882 667 924 ne
714 867 924 924 inimici
979 870 1153 926 nostri
1202 871 1511 927 exaltentur
1554 871 1818 928 adversus

224 972 328 1013 nos
350 975 366 989 ο
390 957 488 1013 sed
535 955 613 1013 ita
649 973 746 1013 cor
781 968 1028 1016 nostrum
1054 962 1311 1018 salutaris
1343 963 1421 1018 tui
1452 962 1820 1019 exsultatione

220 1047 587 1121 perfunde,ut
613 1049 776 1107 faciat
802 1065 902 1108 nos
930 1067 1180 1109 somnum
1204 1053 1455 1110 secunda:
1473 1054 1668 1111 mortis
1690 1068 1819 1111 eva-

225 1141 378 1198 dere.
403 1139 530 1199 Per.

761 1279 871 1353 70
905 1279 1247 1339 psaeuus.

295 1408 482 1480 (PstL.
503 1407 655 1481 ιιι.)
679 1409 737 1464 ln
763 1418 840 1476 te,
871 1411 1121 1479 Domine,
1137 1414 1379 1484 speravi,
1396 1429 1504 1472 non
1515 1414 1821 1472 confundar

226 1503 284 1557 in
322 1511 586 1559 aeternum
613 1522 627 1557 :
658 1504 716 1559 in
749 1502 968 1573 justitia
1000 1515 1093 1561 tua
1123 1506 1297 1563 libera
1315 1523 1404 1563 me
1432 1516 1488 1563 et
1532 1508 1681 1578 eripe
1707 1523 1815 1563 me.

225 1594 429 1649 lnclina
448 1595 519 1649 ad
558 1610 648 1650 me
673 1611 861 1651 aurem
886 1605 1035 1651 tuam
1060 1615 1072 1650 :
1103 1605 1159 1652 et
1186 1597 1336 1653 salva
1364 1613 1471 1654 me.
1501 1599 1636 1655 Esm
1680 1598 1817 1653 mibi

224 1684 282 1740 in
310 1685 482 1741 Deum
526 1693 893 1756 protectorem
918 1728 933 1753 ,
966 1694 1023 1743 et
1073 1688 1129 1742 in
1180 1688 1358 1743 locum
1416 1689 1685 1743 munitum
1710 1707 1728 1743 :
1759 1697 1820 1744 ut

222 1775 435 1832 salvum
466 1791 555 1832 me
585 1775 774 1832 facias.
804 1776 1071 1846 Quoniam
1113 1777 1515 1834 firmamentum
1545 1795 1725 1834 meum
1763 1787 1821 1836 et

223 1869 495 1941 refugium
515 1886 696 1927 meum
709 1887 771 1927 es
800 1880 878 1926 tu.
903 1870 1048 1928 Deus
1072 1887 1247 1938 meus,
1278 1873 1431 1944 eripe
1450 1889 1539 1929 me
1559 1872 1626 1929 de
1652 1889 1816 1928 manu

1915 688 2120 760 perbiae
2136 697 2507 748 conteramus.
2536 691 2661 749 Per.

1987 779 2131 837 Alia.
2162 782 2382 840 Excelsi
2407 783 2533 841 solii
2562 792 2830 857 regnator,
2841 793 3045 843 aeterne
3065 784 3232 853 Deus,
3251 785 3349 858 qui
3389 802 3515 860 spe.

1919 881 2112 930 rantes
2137 872 2195 929 in
2224 882 2280 931 te
2306 873 2555 931 damnari
2579 876 2799 931 aeternis
2836 875 3376 934 confusionibusnou
3421 894 3515 952 pa-

1917 963 2076 1030 teris,
2103 963 2275 1035 reple,
2300 978 2635 1037 qumsumus,
2668 964 2810 1022 labia
2850 976 3039 1023 nostra
3081 968 3239 1025 laude
3284 976 3410 1036 tua,
3457 978 3516 1026 et

1917 1053 2006 1109 his
2032 1069 2135 1109 nos
2161 1068 2381 1125 semper
2411 1056 2857 1114 meditationibus
2892 1056 3158 1114 bonorum
3205 1057 3520 1116 insinuatoa

1918 1158 2133 1202 exerce.
2156 1145 2279 1202 Per.

2539 1278 2887 1339 PSALMUS.

1990 1409 2173 1484 (Pstt.
2203 1410 2388 1484 mn.)
2409 1411 2556 1468 Deus
2580 1414 2806 1470 auribus
2830 1414 3037 1470 nostris
3060 1410 3393 1485 audivimus,
3418 1429 3516 1490 pa-

1921 1510 2035 1559 tres
2056 1504 2231 1559 nostri
2261 1504 2729 1560 annuntiaverunt
2755 1505 2932 1562 nobis.
2975 1505 3123 1576 Opus
3145 1508 3288 1577 quod
3317 1523 3513 1579 opera-

1920 1604 2008 1652 tus
2026 1612 2089 1653 es
2115 1598 2171 1653 in
2195 1596 2388 1655 diebus
2415 1614 2626 1665 eorum,
2648 1598 2706 1654 in
2759 1599 2953 1656 diebus
3002 1600 3263 1670 antiquis.
3319 1600 3512 1658 Manus

1919 1695 2013 1743 tua
2041 1697 2234 1759 gentes
2272 1689 2634 1759 disperdidit,
2684 1699 2739 1745 et
2790 1691 3053 1762 plantasti
3100 1708 3197 1748 eos
3227 1710 3242 1747 :
3272 1691 3514 1750 alﬁixisti

1915 1781 2164 1852 populos,
2194 1790 2253 1837 et
2271 1781 2525 1851 expulisti
2548 1797 2661 1838 eos.
2679 1780 2789 1837 Nec
2817 1782 2964 1837 enim
2984 1782 3040 1837 in
3065 1783 3245 1855 gladio
3269 1799 3367 1840 suo
3388 1799 3516 1854 pos-

1917 1870 2178 1926 sederunt
2207 1878 2411 1927 terram
2442 1887 2458 1925 :
2484 1879 2543 1927 et
2566 1872 2851 1927 brachium
2897 1887 3087 1951 eorum
3124 1888 3237 1927 non
3280 1871 3517 1930 salvavit

221 1961 563 2035 peccatoris:
595 1969 653 2018 et
676 1962 927 2019 demanu
955 1972 1147 2019 contra
1190 1963 1364 2035 legem
1395 1965 1608 2035 agentis
1631 1972 1687 2019 et
1714 1963 1817 2019 ini—
1845 1980 1891 2041 Β
1919 1978 2031 2019 eos.
2060 1961 2173 2019 Sed
2202 1962 2428 2019 dextera
2478 1970 2593 2029 tua,
2622 1972 2679 2020 et
2706 1963 2987 2019 brachium
3018 1972 3197 2031 tuum,
3225 1973 3283 2020 et
3315 1963 3518 2023 illumio

218 2054 337 2126 qui.
366 2053 642 2120 Quoniam.
660 2062 718 2108 tu
742 2068 804 2109 es
827 2053 1094 2125 patientia
1118 2054 1536 2121 mea,Domine;
1563 2053 1812 2121 Domine,

217 2162 352 2218 spes
380 2162 501 2204 mea
530 2162 563 2201 a
598 2145 886 2218 juventute
913 2161 1055 2203 mea.
1092 2147 1154 2203 ln
1181 2154 1239 2203 te
1281 2146 1641 2203 confirmatus
1690 2160 1814 2201 sum

220 2261 291 2301 ex
336 2252 525 2300 utero:
552 2242 623 2298 de
660 2250 855 2299 ventre
902 2243 1096 2299 matris
1145 2257 1284 2299 meae
1330 2250 1390 2297 tu
1426 2257 1489 2298 es
1535 2249 1815 2313 protector

220 2351 398 2393 meus.
429 2334 490 2390 In
520 2343 576 2391 te
620 2334 862 2391 cantatio
887 2349 1009 2390 mea
1058 2349 1314 2406 semper:
1340 2342 1602 2404 tanquam
1637 2333 1820 2405 prodi-

220 2427 371 2499 gium
398 2427 573 2483 factus
600 2443 720 2483 sum
752 2426 958 2493 multis,
985 2433 1041 2482 et
1064 2434 1124 2481 tu
1160 2422 1374 2494 adiutor
1392 2424 1572 2483 fortis.
1594 2424 1820 2497 Replea-

220 2526 393 2573 turos
419 2531 601 2572 meum
625 2516 805 2581 laude,
833 2523 895 2571 ut
922 2524 1141 2572 cantem
1178 2516 1406 2588 glon'am
1461 2526 1649 2572 tuam:
1689 2523 1805 2572 tota

221 2608 318 2664 die
348 2607 778 2679 magnitudinem
828 2617 995 2663 tuam.
1019 2606 1097 2664 Ne
1148 2608 1406 2680 projicias
1445 2624 1533 2665 me
1583 2609 1640 2664 in
1688 2617 1822 2664 tem-

222 2716 358 2771 pore
376 2700 676 2756 senectutis
704 2718 717 2751 :
748 2714 871 2755 cum
892 2698 1155 2753 defecerit
1183 2700 1359 2754 virtus
1405 2714 1551 2764 mea,
1577 2715 1647 2755 ne
1667 2700 1822 2756 dere-

221 2793 439 2864 linquas
465 2808 572 2849 me.
603 2792 742 2861 Quia
769 2793 1025 2848 dixerunt
1050 2792 1259 2848 inimici
1305 2793 1412 2848 mei
1436 2793 1570 2848 mibi
1597 2813 1609 2846 :
1638 2802 1696 2849 et
1722 2793 1820 2864 qui

221 2886 607 2942 custodiebant
651 2885 892 2940 animam
933 2900 1136 2951 meam,
1163 2884 1456 2940 consilium
1484 2884 1734 2940 fecerunt
1761 2886 1821 2941 in

222 2990 418 3041 unum,
438 2974 717 3031 dicentes:
742 2974 886 3031 Deus
908 2975 1199 3045 dereliquit
1226 2991 1371 3041 eum,
1402 2976 1820 3047 persequimini,

219 3075 282 3121 et
306 3064 750 3137 comprehendite
782 3080 906 3121 eum
932 3082 946 3120 :
973 3065 1102 3137 quia
1129 3081 1239 3122 non
1276 3074 1398 3133 est,
1448 3066 1541 3138 qui
1601 3067 1818 3138 eripiat.

224 3158 370 3215 Deus
393 3173 465 3215 ne
490 3158 765 3231 elongeris
817 3172 849 3213 a
887 3172 1020 3213 me:
1071 3156 1215 3213 Deus
1251 3172 1408 3215 meus
1453 3159 1509 3212 in
1558 3158 1821 3213 auxilium

225 3265 409 3306 meum
452 3251 685 3321 respice.
749 3248 1169 3306 Confundantur
1220 3257 1277 3306 et
1314 3248 1598 3305 deficiant
1643 3250 1823 3306 detra-

1917 2057 2070 2112 natio
2096 2054 2279 2111 vultus
2307 2054 2421 2110 tui:
2448 2056 2707 2126 quoniam
2733 2056 3109 2127 complacuisti
3129 2056 3185 2113 in
3213 2059 3315 2114 eis.
3346 2058 3428 2113 Tu
3451 2072 3517 2116 es

1918 2144 2038 2217 ipse
2082 2144 2199 2200 Rex
2226 2160 2383 2201 meus
2421 2155 2479 2201 et
2502 2144 2647 2203 Deus
2666 2161 2859 2202 meus:
2890 2147 2984 2216 qui
3030 2146 3260 2202 mandas
3310 2146 3515 2205 salutes

1914 2234 2101 2292 Iacob.
2122 2236 2181 2291 ln
2207 2242 2263 2291 te
2287 2235 2539 2292 inimicos
2559 2245 2777 2292 nostros
2801 2236 3188 2292 ventilabimus
3210 2253 3381 2295 cornu
3408 2256 3424 2294 :
3458 2247 3517 2295 et

1918 2329 1977 2386 in
2006 2331 2229 2386 nomine
2255 2337 2349 2385 tuo
2376 2345 2697 2401 spernemus
2744 2331 3088 2402 insurgentes
3140 2331 3197 2386 in
3225 2345 3346 2388 nos.
3393 2329 3516 2387 Non

1916 2418 2066 2476 enim
2092 2420 2147 2475 in
2174 2435 2304 2476 arcu
2330 2435 2455 2475 meo
2476 2421 2708 2491 sperabo
2730 2440 2745 2475 ε
2774 2427 2831 2477 et
2854 2421 3063 2493 gladius
3091 2436 3245 2477 meus
3274 2434 3386 2476 non
3411 2419 3515 2481 sal-

1917 2513 2068 2570 vabit
2094 2530 2200 2568 me.
2231 2513 2466 2568 Salvasti
2496 2514 2645 2569 enim
2664 2529 2767 2570 nos
2792 2514 2862 2569 de
2896 2512 3262 2586 aflligentibus
3296 2528 3429 2570 nos:
3459 2522 3518 2570 et

1915 2603 2168 2659 odientes
2191 2617 2293 2659 nos
2309 2602 2623 2660 confudisti.
2651 2602 2710 2658 ln
2739 2604 2854 2661 Deo
2882 2604 3222 2661 laudabimur
3249 2614 3362 2661 tota
3386 2605 3511 2662 die:

1919 2702 1976 2750 et
2004 2695 2059 2751 in
2089 2696 2314 2751 nomine
2339 2704 2436 2750 tuo
2463 2695 2848 2753 conﬁtebimur
2873 2698 2928 2751 in
2957 2698 3177 2754 saecula.
3240 2697 3396 2755 Nunc
3423 2713 3515 2755 au—

1918 2795 2031 2841 tem
2060 2785 2309 2856 repulisti
2337 2794 2395 2842 et
2420 2786 2716 2843 confudisti
2763 2803 2904 2846 nos:
2944 2796 3002 2845 et
3047 2804 3161 2845 non
3214 2790 3518 2861 egredieris

1919 2878 2065 2934 Deus
2086 2878 2143 2933 in
2165 2878 2457 2934 virtutibus
2477 2880 2700 2935 nostris.
2750 2878 3014 2936 Avertisti
3059 2897 3165 2937 nos
3212 2890 3518 2938 retrorsum

1918 2980 2045 3043 post
2066 2970 2315 3027 inimicos
2341 2979 2557 3027 nostros
2589 2990 2602 3025 :
2630 2980 2687 3027 et
2714 2972 2807 3042 qui
2833 2972 3069 3029 oderunt
3100 2987 3202 3029 nos
3225 3014 3242 3040 ,
3299 2973 3518 3046 diripie-

1920 3064 2055 3118 bant
2074 3062 2200 3117 sibi.
2234 3060 2448 3117 Dedisti
2478 3078 2580 3119 nos
2610 3072 2870 3133 tanquam
2889 3079 3021 3121 oves
3046 3080 3333 3121 escarum:
3372 3073 3431 3120 et
3460 3067 3519 3120 in

1923 3153 2173 3227 gentibus
2218 3153 2527 3224 dispersisti
2588 3170 2710 3211 nos.
2740 3155 3050 3212 Vendidisti
3104 3156 3208 3227 71
3261 3156 3520 3228 populum

1925 3260 2080 3305 tuum
2110 3250 2229 3307 sine
2250 3250 2461 3322 pretio:
2495 3259 2552 3307 et
2586 3266 2698 3307 non
2725 3249 2829 3305 fuit
2876 3250 3170 3306 multitudo
3198 3252 3254 3306 in
3282 3265 3501 3307 conunu

222 3344 421 3399 fientes
445 3343 643 3398 animae
672 3358 844 3399 mea:
885 3343 1204 3415 operiantur
1249 3340 1568 3400 confusione
1623 3353 1681 3399 et
1722 3359 1824 3414 pu-
1850 3337 1897 3402 C
1928 3343 2226 3400 tationibus
2264 3359 2472 3401 eorum.
2493 3342 2734 3401 Posuisti
2782 3361 2885 3402 nos
2929 3345 3278 3417 opprobrium
3323 3346 3523 3402 vicinis

224 3432 395 3503 dore,
443 3437 535 3506 qui
586 3445 840 3507 quammt
865 3437 1177 3492 malamihi.
1210 3438 1324 3510 Ego
1369 3444 1552 3494 autem
1607 3453 1827 3509 semper

226 3528 461 3598 sperabo
493 3547 507 3583 :
536 3537 594 3584 et
632 3528 882 3599 adjiciam
932 3544 1098 3599 super
1134 3544 1352 3585 omnem
1388 3529 1603 3586 laudem
1650 3538 1823 3585 tuam.

225 3618 306 3673 Os
349 3633 530 3674 meum
583 3620 929 3675 annuntiabit
976 3619 1248 3689 justitiam
1330 3630 1525 3677 luam:
1576 3628 1690 3677 tota
1737 3620 1829 3677 die

225 3707 471 3765 salutare
500 3717 669 3764 tuum.
700 3709 968 3777 Quoniam
996 3725 1104 3765 non
1140 3712 1372 3784 cognovi
1422 3712 1787 3767 litteraturam
1810 3752 1827 3777 ,

228 3801 466 3858 introibo
495 3803 550 3857 in
592 3804 868 3875 potentias
916 3803 1132 3859 Domini
1159 3823 1173 3859 :
1199 3804 1428 3861 Domine
1483 3805 1831 3861 memorabor

227 3893 453 3959 iustitia:
504 3899 612 3949 tua:
663 3894 852 3951 solius.
886 3893 1029 3950 Deus
1079 3895 1313 3952 docuisti
1344 3911 1432 3951 me
1458 3911 1491 3951 a
1540 3897 1831 3969 juventute

228 4001 356 4041 mea
380 4003 393 4040 :
430 3995 487 4041 et
512 3999 687 4055 usque
721 4001 868 4041 nunc
895 3987 1261 4056 pronuntiabo
1288 3986 1561 4043 mirabilia
1591 3995 1704 4043 tua.
1761 3986 1831 4042 Et

226 4095 405 4150 usque
432 4079 491 4135 in
511 4087 793 4135 senectam
840 4086 896 4134 et
924 4081 1139 4135 senium
1163 4098 1178 4134 :
1210 4081 1356 4137 Deus
1384 4096 1457 4139 ne
1483 4080 1831 4151 derelinquas

229 4186 341 4225 me.
372 4169 557 4225 Donec
591 4170 911 4225 annuntiem
962 4170 1245 4227 brachium
1281 4182 1437 4227 tuum
1488 4173 1831 4244 generationi

230 4263 403 4328 omni,
427 4278 547 4333 qum
568 4271 799 4318 ventura
828 4270 930 4317 est.
961 4261 1269 4320 Potentiam
1296 4272 1447 4319 tuam
1475 4270 1533 4319 et
1562 4260 1834 4332 justitiam

232 4366 384 4410 tuam
414 4355 557 4411 Deus
587 4370 758 4425 usque
799 4358 855 4411 in
883 4357 1174 4424 altissima,
1202 4373 1325 4428 qua:
1350 4355 1527 4414 fecisti
1552 4398 1569 4423 ,
1616 4373 1836 4429 magna-

232 4449 306 4502 Iia
342 4469 352 4500 :
386 4446 528 4504 Deus
547 4448 670 4518 quis
707 4448 905 4506 similis
934 4450 1066 4505 tibi?
1092 4449 1340 4517 Quantas
1379 4449 1669 4505 ostendisti
1699 4450 1833 4504 mihi

234 4539 621 4594 tribulationes
641 4541 841 4597 multas
860 4549 915 4596 et
955 4541 1162 4596 malas?
1196 4550 1253 4597 et
1277 4556 1574 4598 conversus
1595 4540 1837 4596 vivifica-

234 4633 314 4686 sti
344 4647 471 4686 me:
503 4640 560 4687 et
601 4633 668 4688 de
695 4634 909 4704 abyssis
953 4642 1113 4690 terra:
1156 4634 1353 4689 iterum
1401 4634 1671 4689 reduxisti
1724 4649 1833 4688 me.

1926 3435 2155 3502 nostris,
2184 3435 2672 3491 subsannationem
2698 3444 2754 3493 et
2775 3436 3017 3493 derisum
3036 3437 3147 3504 bis,
3174 3438 3267 3507 qui
3310 3444 3437 3493 sunt
3464 3436 3522 3490 in

1923 3528 2160 3586 circuitu
2187 3536 2398 3584 nostro.
2430 3526 2671 3584 Posuisti
2696 3544 2797 3583 nos
2818 3529 2873 3582 in
2905 3528 3322 3585 similitudinem
3347 3528 3526 3600 genti-

1928 3618 2028 3674 bus
2053 3636 2070 3673 :
2097 3617 2521 3673 commotionem
2544 3619 2743 3689 capitis
2780 3619 2834 3673 in
2883 3619 3113 3689 populis.
3143 3617 3281 3674 'l‘ota
3321 3618 3412 3674 die
3435 3633 3526 3674 ve-

1927 3710 2187 3767 reCundia
2218 3725 2341 3765 mea
2366 3720 2559 3767 contra
2582 3728 2669 3767 me
2697 3720 2816 3767 est:
2849 3722 2906 3768 et
2922 3711 3173 3767 confusio
3200 3710 3359 3767 faciei
3387 3727 3524 3767 mea:

1925 3802 2209 3871 cooperuit
2230 3816 2337 3856 me.
2357 3800 2400 3855 A
2426 3817 2558 3858 voce
2576 3803 2957 3873 exprobrantis
2983 3812 3039 3859 et
3076 3802 3421 3873 obloquentis
3439 3844 3456 3869 ,
3492 3818 3526 3857 a

1929 3889 2071 3949 facie
2100 3891 2306 3947 inimici
2335 3903 2391 3948 et
2418 3895 2819 3965 persequentis.
2868 3893 2995 3951 Haec
3036 3895 3219 3950 omnia
3256 3901 3528 3951 venerunt

1930 4001 2098 4056 super
2123 4001 2246 4052 nos,
2276 4002 2380 4042 nec
2403 3987 2558 4043 obliti
2587 4004 2775 4045 sumus
2805 3998 2892 4054 te,
2950 3997 3006 4043 et
3047 3988 3234 4059 inique
3265 4002 3375 4043 non
3420 3986 3530 4059 egi-

1932 4096 2054 4136 mus
2075 4080 2131 4134 in
2153 4085 2488 4136 testamento
2512 4089 2625 4137 tuo.
2657 4081 2726 4136 Et
2751 4098 2862 4138 non
2884 4081 3111 4136 recessit
3131 4089 3279 4135 retro
3302 4094 3398 4135 cor
3426 4094 3524 4136 uo-

1933 4186 2109 4231 strum
2135 4220 2151 4245 ,
2186 4181 2243 4228 et
2261 4174 2550 4231 ileclinasti
2576 4174 2802 4230 semitas
2832 4181 3050 4228 nostras
3072 4187 3101 4225 a
3123 4173 3209 4226 via
3235 4180 3344 4226 tua.
3388 4170 3530 4238 Quo-

1933 4272 2083 4325 niam
2105 4268 2408 4325 humiliasti
2433 4282 2536 4322 nos
2564 4266 2616 4321 in
2655 4265 2773 4320 loco
2794 4263 3137 4319 afllictiouls:
3171 4272 3227 4319 et
3246 4262 3531 4333 cooperuit

1934 4380 2035 4420 nos
2062 4364 2254 4419 umbra
2275 4362 2491 4418 mortis.
2539 4359 2599 4416 Si
2637 4358 2803 4414 obliti
2836 4373 3025 4415 sumus
3075 4372 3273 4412 nomen
3309 4355 3407 4412 Dei
3436 4371 3535 4411 no-

1936 4455 2039 4510 stri
2064 4469 2079 4507 :
2107 4460 2164 4509 et
2186 4454 2232 4509 si
2261 4452 2610 4508 extendimus
2630 4464 2826 4504 manus
2850 4456 3068 4504 nostras
3107 4446 3178 4505 ad
3215 4446 3384 4505 Deum
3404 4446 3533 4502 alie-

1937 4562 2089 4603 num.
2116 4544 2309 4600 Nonne
2332 4544 2479 4599 Deus
2495 4541 2898 4612 requiretista?
2922 4541 3038 4611 ipse
3064 4539 3212 4595 enim
3236 4537 3388 4593 novit
3408 4538 3529 4595 abs-

1937 4637 2157 4694 condita
2195 4636 2395 4693 cordis.
2429 4635 2699 4703 Quoniam
2754 4641 2977 4705 propter
3029 4639 3087 4687 te
3135 4630 3532 4687 mortificamur

245 4722 618 4792 Mulliplicasti
672 4725 1136 4795 magnificentiam
1189 4735 1379 4781 tuam:
1427 4733 1486 4781 et
1528 4741 1830 4781 conversus
1863 4703 2055 4784 I)tota
2110 4728 2249 4785 die:
2289 4726 2545 4783 aestimati
2600 4741 2790 4782 sumus
2848 4725 2992 4779 sicut
3042 4739 3172 4779 oves
3212 4723 3526 4780 occisionis.

237 4814 551 4870 consolatus
582 4831 643 4871 es
670 4832 777 4870 me.
800 4816 932 4871 Nam
960 4824 1017 4872 et
1041 4833 1143 4889 ego
1165 4817 1469 4873 contebor
1489 4818 1584 4873 tibi
1610 4819 1664 4872 in
1686 4817 1833 4872 vasis

239 4907 435 4976 psalmi
479 4906 762 4961 veritatem
789 4915 934 4962 tuam
952 4909 1097 4964 Deus
1123 4928 1136 4963 :
1168 4909 1394 4979 psallam
1413 4908 1510 4964 tibi
1541 4909 1597 4964 in
1621 4909 1831 4964 cithara

244 5006 472 5051 sanctus
500 4997 688 5053 Israel.
732 4996 1095 5054 Exsultabunt
1147 5001 1288 5056 labia
1316 5017 1436 5057 mea
1455 5042 1470 5067 ,
1496 5016 1622 5056 cum
1650 5011 1835 5057 canta-

246 5105 378 5143 vcro
406 5089 505 5142 tibi
532 5106 542 5142 ;
571 5097 627 5144 et
653 5089 835 5144 anima
887 5105 1030 5156 mea,
1063 5106 1223 5159 quam
1272 5091 1577 5146 redemisti.
1623 5091 1735 5147 Sed
1779 5099 1836 5146 et

249 5188 431 5257 lingua
457 5202 576 5241 mea
602 5186 823 5241 tota‘die
841 5186 1193 5243 meditabitur
1214 5187 1485 5257 justitiam
1516 5193 1690 5252 tuam‘,
1713 5201 1837 5241 cum

249 5280 464 5336 confusi
513 5288 571 5334 et
591 5280 817 5335 reveriti
864 5278 1090 5345 fuerint,
1123 5280 1216 5349 qui
1242 5287 1493 5349 quaerunt
1513 5278 1654 5334 mala
1684 5279 1839 5334 mihi.

326 5369 394 5426 Ut
416 5386 598 5441 supra.
629 5369 709 5425 Tu
740 5385 824 5435 es,
848 5368 1098 5437 Domine,
1128 5369 1396 5442 refugium
1424 5386 1635 5435 meum;
1686 5386 1718 5424 a
1746 5370 1846 5425 tri-

254 5463 555 5529 bulatione,
583 5478 704 5534 quae
720 5462 1081 5519 circumdedit
1108 5479 1218 5530 me,
1248 5462 1541 5519 exsultatio
1566 5477 1687 5518 mea
1714 5478 1845 5519 erue

257 5575 348 5615 me
371 5574 402 5613 a
432 5556 1015 5613 circumdantibusme.
1031 5555 1113 5613 Ne
1138 5550 1485 5627 derelinquas
1497 5555 1846 5621 me,Domine

258 5653 404 5708 Deus
423 5665 600 5716 meus,
627 5665 696 5705 ne
724 5648 1045 5706 discesseris
1071 5666 1101 5705 a
1132 5666 1239 5706 me.
1280 5648 1509 5707 Intende
1540 5647 1595 5703 in
1642 5647 1848 5718 adjuto-

259 5742 401 5799 rium
421 5755 624 5806 meum,
650 5738 877 5797 Domine
905 5741 1097 5798 salutis
1124 5755 1279 5797 mete.

334 5856 541 5913 Oratio.
571 5855 899 5911 lmmensam
932 5853 1331 5910 multitudinem
1373 5849 1675 5907 dulcedinis
1702 5855 1808 5903 tute
1832 5890 1849 5914 ,

263 5945 512 6018 piissime
547 5944 797 6014 Domine,
830 5942 1147 6016 suppliciter
1164 5955 1486 6010 exoramus;
1515 5946 1578 5995 ut
1619 5939 1746 5996 dum
1767 5954 1854 5996 vc-

1940 4819 2204 4889 Exsurge,
2221 4832 2389 4887 quare
2411 4816 2687 4872 obdormis
2708 4814 2974 4871 Domine?
2998 4830 3252 4884 exsurge,
3279 4822 3333 4869 et
3360 4830 3430 4869 ne
3453 4831 3531 4869 re-

1938 4910 2109 4982 pellas
2136 4908 2190 4962 in
2216 4907 2398 4962 finem.
2434 4905 2613 4975 Quare
2637 4905 2828 4960 faciem
2865 4914 3014 4959 tuam
3055 4904 3294 4959 avertis:
3345 4904 3533 4960 oblivi-

1943 5002 2115 5059 sceris
2139 5001 2333 5070 inopia:
2376 5006 2575 5054 nostrze
2619 5005 2676 5053 et
2714 4998 3081 5052 tribulationis
3133 4996 3369 5053 nostrae?
3391 4997 3536 5065 Quo-

1946 5101 2094 5155 niam
2119 5096 2401 5153 humiliala
2438 5104 2524 5151 est
2565 5094 2619 5147 in
2648 5093 2872 5163 pulvere
2920 5093 3102 5147 anima
3140 5101 3326 5146 nostra
3356 5110 3370 5145 :
3406 5107 3533 5146 con-

1940 5191 2239 5262 glutinatus
2276 5195 2361 5241 est
2401 5188 2453 5239 iu
2484 5194 2627 5241 terra
2670 5192 2860 5238 venter
2901 5190 3112 5236 noster.
3142 5182 3409 5253 Exsurge,
3434 5181 3537 5236 Do—

1944 5284 2113 5345 mine,
2145 5281 2337 5349 adjuva
2387 5294 2486 5332 nos
2519 5296 2531 5329 :
2562 5284 2618 5332 et
2659 5274 2867 5331 redime
2915 5288 3016 5328 nos
3056 5281 3280 5343 propter
3334 5288 3534 5329 nomen

1947 5381 2120 5427 tuum.

2020 5461 2088 5515 Ut
2124 5478 2304 5532 supra.
2334 5458 2480 5514 Deus
2518 5457 2573 5510 in
2611 5454 2835 5512 nomine
2885 5462 2979 5510 tuo
3034 5452 3242 5510 salvum
3292 5467 3381 5509 me
3428 5450 3535 5507 fac.

1948 5554 2093 5610 Deus
2146 5551 2344 5609 exaudi
2406 5547 2711 5605 orationem
2778 5561 2990 5614 meam;
3057 5546 3281 5602 auribus
3320 5545 3543 5616 percipe

1948 5646 2114 5702 verba
2138 5644 2253 5700 oris
2280 5643 2409 5699 mei.

2023 5754 2229 5811 Oratio.
2260 5753 2525 5826 Exsurge,
2550 5752 2802 5819 Domine,
2827 5751 2884 5808 in
2905 5751 3165 5807 auxilium
3182 5757 3461 5812 nostrum;
3485 5762 3542 5809 et

1951 5864 2084 5906 erue
2112 5862 2212 5903 nos
2248 5847 2316 5902 ab
2338 5845 2644 5918 opprobriis
2678 5844 2935 5899 vitiorum
2969 5862 2982 5896 :
3016 5852 3075 5899 et
3109 5842 3202 5913 qui
3232 5854 3415 5897 coram
3445 5856 3540 5911 pa-

1952 5940 2127 5996 tribus
2156 5936 2362 5994 nostris
2416 5935 2758 5995 inimicarum
2800 5934 3040 6007 gentium
3072 5948 3237 6007 regna
3275 5931 3476 6000 vicisti,
3506 5946 3540 5986 a
