4122 6546
641 355 741 412 2453

1490 341 1548 396 Β.
1589 336 1652 394 F.
1677 332 1906 392 ALBlNl
1944 329 2075 386 SEU
2115 323 2395 382 ALCUINI
2433 322 2720 382 OPERUM
2758 320 2940 378 PARS
2973 317 3062 376 IV.

3827 308 3930 367 535

641 490 1094 569 persequentibus
1121 482 1358 543 inimicis
1384 479 1567 536 wltus
1597 477 1675 532 tui
1707 470 2110 529 illuminatione
2134 479 2233 521 nos
2259 461 2312 523 Δ
2339 471 2398 518 ut
2443 470 2498 519 te
2537 471 2593 520 et
2620 468 2940 569 vespere.“
2989 469 3152 569 mane
3176 496 3200 569 ζ
3229 450 3564 569 meridieqpe
3603 446 3929 569 laudauit:

642 591 813 663 eripe.
842 584 948 643 Per
969 582 1279 640 Dominum.

1280 663 1619 726 PSALMUS.

716 774 897 847 (Pun.
924 770 1059 841 uv.)
1087 763 1298 823 Exaudi
1320 762 1490 824 Deus,
1528 754 1834 812 orationem
1855 753 2147 847 meamnet
2168 759 2240 801 ne

645 839 968 938 despexeris
990 839 1429 930 deprecationem
1458 862 1659 912 meam,
1688 844 1911 900 intende
1957 839 2090 894 mihi
2120 877 2137 899 ,
2182 842 2240 892 et

646 937 840 1019 exaudi
871 950 1359 1012 me.Contristatus
1385 959 1505 1002 sum
1553 943 1609 997 in
1635 937 2031 996 exercitatione
2081 945 2236 988 mea:

647 1064 705 1114 et
725 1051 1082 1113 conturbatus
1110 1059 1232 1102 sum
1253 1057 1284 1098 a
1315 1053 1447 1095 voce
1491 1034 1723 1098 inimici,
1744 1038 1801 1087 et
1833 1045 1864 1085 a
1890 1024 2242 1083 tribulatione

647 1142 973 1220 peccatoris.
1008 1136 1275 1206 Quoniam
1315 1131 1726 1188 declinaverunt
1777 1124 1834 1180 in
1863 1138 1953 1177 me
1990 1118 2246 1188 iniquita-

650 1215 774 1294 tes:
806 1232 936 1290 etin
962 1232 1043 1286 ira
1067 1225 1284 1283 molesti
1313 1229 1467 1279 erant
1496 1218 1650 1274 mihi.
1683 1215 1791 1272 Cor
1817 1227 1997 1270 meum
2027 1216 2247 1264 contur-

649 1329 840 1385 batum
875 1329 963 1379 est
988 1322 1045 1376 in
1076 1335 1201 1373 me:
1231 1321 1288 1371 et
1322 1310 1555 1368 formido
1605 1305 1801 1362 mortis
1844 1298 2042 1357 cecidit
2080 1311 2248 1367 super

654 1435 762 1476 me.
792 1417 979 1473 Timor
1002 1419 1058 1469 et
1097 1417 1297 1467 tremor
1325 1407 1596 1459 venerunt
1614 1412 1780 1468 super
1829 1409 1917 1449 me
1941 1411 1953 1448 :
1984 1398 2040 1446 et
2063 1396 2250 1445 conte-

653 1516 856 1567 xerunt
878 1520 967 1560 me
995 1501 1254 1558 tenebrat.
1286 1495 1355 1550 Et
1383 1492 1521 1558 dixi,
1550 1488 1675 1561 quis
1703 1484 1856 1542 dabit
1879 1480 2012 1537 mihi
2037 1491 2248 1549 pennas

654 1602 798 1656 sicut
859 1593 1159 1653 columbae:
1190 1595 1246 1643 et
1297 1584 1528 1655 volabq,
1570 1588 1629 1636 et
1679 1571 2058 1647 requiescam?
2107 1570 2249 1625 Ecce

657 1690 905 1762 elongavi
928 1685 1162 1757 fugiens,
1201 1688 1257 1736 et
1286 1677 1464 1734 mansi
1495 1675 1551 1728 in
1608 1670 1916 1727 solitudine.
1961 1666 2252 1762 Exspecta-

659 1751 956 1846 bam‘eum,
987 1751 1081 1848 qui
1101 1773 1309 1831 salvum
1338 1783 1426 1824 me
1457 1765 1587 1822 fecit
1613 1779 1644 1817 a
1673 1755 2122 1832 pusillanimitate
2145 1751 2251 1822 spi-

2339 569 2651 610 mereamur
2672 552 2743 609 ab
2776 549 2941 621 hujus
2973 547 3156 606 saeculi
3181 543 3598 617 tempestatibus
3631 535 3929 598 defensari.

2337 643 2465 702 Per.

2970 778 3312 838 PSALMUS.

2413 928 2595 1003 (PSAL.
2629 927 2742 1000 ιν.)
2778 926 3044 982 Miserere
3092 923 3203 980 mei
3239 922 3410 991 Deus,
3430 921 3694 993 quoniam
3727 917 3941 977 concul-

2341 1026 2490 1080 vavit
2523 1038 2614 1079 me
2641 1023 2804 1078 homo
2830 1039 2844 1076 :
2879 1028 2994 1076 tota
3046 1018 3138 1074 die
3168 1017 3492 1088 impugnans
3516 1012 3807 1070 tribulavit
3834 1026 3938 1066 me.

2342 1112 2813 1170 Conculcaverunt
2835 1125 2923 1167 me
2955 1108 3164 1166 inimici
3220 1109 3327 1164 mei
3357 1113 3474 1163 tota
3520 1106 3609 1162 die
3634 1124 3651 1161 :
3681 1104 3940 1176 quoniam

2343 1204 2502 1259 multi
2537 1201 2802 1260 bellantes
2843 1201 3132 1257 adversum
3157 1214 3264 1255 me.
3299 1198 3382 1254 Ab
3408 1197 3701 1253 altitudine
3749 1195 3860 1251 diei
3883 1194 3945 1249 ti-

2346 1295 2509 1350 mebo
2536 1310 2549 1348 :
2585 1309 2684 1364 ego
2717 1307 2849 1347 vero
2877 1292 2931 1345 in
2958 1298 3011 1346 te
3045 1290 3297 1360 sperabo.
3326 1287 3384 1342 In
3410 1286 3524 1343 Deo
3563 1285 3806 1343 laudabo
3829 1299 3942 1339 ser-

2348 1399 2541 1440 mones
2569 1399 2745 1449 meos,
2778 1384 2833 1438 in
2882 1381 2993 1436 Deo
3019 1381 3237 1451 speravi
3267 1399 3279 1434 :
3314 1395 3424 1435 non
3460 1378 3692 1443 timebo,
3716 1375 3852 1447 quid
3875 1373 3948 1430 fa-

2347 1476 2460 1533 ciat
2481 1474 2616 1530 mihi
2650 1490 2798 1530 caro.
2833 1473 2968 1529 Tota
2993 1473 3081 1529 die
3110 1473 3278 1528 verba
3329 1487 3449 1528 mea
3471 1470 3944 1528 exsecrabantur:

2350 1568 2638 1623 adversum
2667 1582 2757 1622 me
2785 1581 2977 1621 omnes
3020 1565 3384 1636 cogitationes
3410 1578 3598 1619 eorum
3625 1563 3684 1619 in
3723 1560 3943 1617 malum.

2350 1658 2736 1713 lnliabitabunt
2765 1664 2821 1712 et
2844 1656 3215 1711 abscondent:
3254 1655 3356 1725 ipsi
3399 1654 3718 1710 calcaneurn
3768 1668 3947 1708 meum

2351 1748 2735 1803 observabunt.
2763 1746 2917 1802 Sicut
2944 1747 3322 1802 sustinuerunt
3345 1746 3584 1801 animam
3624 1760 3948 1815 meam,pro

659 1821 1590 1941 :i'l‘us‘e‘t-terlipes'tatejvﬂzecipita.
1614 1821 1872 1916 Domine,
1922 1846 2104 1907 divide
2148 1821 2251 1899 lin-
2280 1821 2326 1883 Β
2353 1839 2524 1893 nihilo
2553 1837 2731 1894 salvos
2757 1837 2927 1893 facies
2953 1836 3072 1893 illos
3100 1857 3112 1892 :
3143 1837 3199 1892 in
3251 1837 3331 1892 ira
3356 1837 3582 1908 populos
3606 1835 3945 1908 confringes.

661 1981 794 2038 guas
813 1933 1036 2022 eorum:
1058 1957 1325 2025 Quoniam
1352 1951 1462 2007 vidi
1489 1948 1836 2017 iniquitatem
1881 1947 1936 1997 et
1952 1933 2251 2038 -contradi-

660 2031 901 2114 ctionem
927 2054 981 2109 in
1012 2052 1249 2107 civitate.
1282 2047 1378 2099 Die
1423 2057 1487 2098 ac
1514 2047 1676 2095 nocte
1725 2031 2086 2091 circumdabit
2128 2042 2249 2086 eam

664 2162 830 2218 super
855 2157 1042 2200 muros
1068 2140 1187 2211 ejus
1216 2135 1499 2207 iniquitas,
1520 2139 1578 2186 et
1615 2129 1768 2184 labor
1797 2127 1851 2180 in
1869 2123 2060 2218 medio
2100 2117 2216 2218 ejus
2233 2157 2249 2185 ,

665 2211 749 2300 ει-
773 2237 989 2310 justitia
1016 2233 1130 2307 [L.,
1173 2225 1486 2299 injustitia}.
1519 2223 1588 2279 Et
1627 2235 1736 2276 non
1791 2215 1992 2310 defecit
2029 2213 2097 2269 de
2143 2211 2255 2282 pla-

665 2309 915 2402 teisejus
944 2341 1106 2384 usura
1128 2331 1182 2379 et
1203 2321 1375 2377 dolus.
1405 2316 1674 2385 Quoniam
1706 2311 1753 2366 si
1795 2309 2051 2365 inimicus
2099 2319 2253 2402 meus

665 2395 1037 2484 maledixisset
1076 2414 1209 2471 mihi
1237 2433 1249 2466 :
1282 2407 1668 2468 sustinuissem
1710 2402 1922 2471 utique.
1975 2397 2046 2453 Et
2093 2395 2143 2451 si
2171 2395 2252 2459 is,

665 2516 762 2587 qui
788 2511 982 2570 oderat
1005 2523 1114 2569 me.
1136 2518 1296 2575 super
1321 2516 1408 2556 me
1424 2511 1615 2568 magna
1630 2495 1842 2550 locutus
1864 2489 2059 2545 luisset
2082 2505 2095 2542 :
2126 2487 2255 2542 abs-

665 2581 978 2662 ebndissem
1022 2613 1110 2655 me
1139 2595 1369 2652 forsitan
1403 2591 1472 2645 ab
1504 2604 1590 2645 eo.
1649 2586 1731 2640 Tu
1758 2597 1888 2638 vero
1915 2581 2079 2635 homo
2127 2591 2257 2633 una-

668 2695 861 2761 nimis,
884 2693 992 2749 dux
1012 2702 1168 2744 meus
1192 2694 1249 2742 et
1265 2691 1431 2738 notus
1473 2693 1648 2734 meus.
1680 2674 1781 2742 Qui
1834 2671 1996 2728 simul
2041 2683 2256 2725 mecum

667 2791 854 2850 dulces
877 2787 1134 2858 capiebas
1178 2782 1373 2837 cibos:
1407 2777 1462 2832 in
1503 2775 1663 2830 domo
1717 2769 1814 2826 Dei
1866 2764 2259 2823 ambulavimus

669 2899 792 2942 cum
811 2854 1102 2938 consensu.
1117 2873 1313 2930 Veniat
1333 2882 1479 2924 mors
1491 2880 1652 2936 super
1666 2862 1785 2917 illos
1812 2879 1825 2913 :
1851 2865 1908 2914 et
1925 2854 2259 2912 descendant

671 2976 730 3030 in
762 2969 1038 3029 infernum
1065 2965 1333 3021 viventes.
1360 2956 1631 3026 Quoniam
1673 2949 1931 3022 nequitiae
1956 2949 2013 3002 in
2052 2944 2262 3000 habita-

669 3066 813 3123 culis
836 3076 1026 3120 eorum
1062 3059 1121 3113 in
1146 3055 1326 3112 medio
1369 3064 1578 3106 eorum.
1610 3046 1723 3117 Ego
1746 3051 1930 3098 autem
1977 3040 2046 3097 ad
2089 3039 2260 3096 Deum

670 3153 900 3213 clamavi
925 3170 940 3206 :
970 3157 1026 3208 et
1041 3146 1306 3203 Dominus
1331 3139 1560 3198 salvabit
1587 3152 1694 3192 me.
1721 3135 1959 3204 Vespere
1986 3138 2222 3238 eti-mane
2238 3168 2253 3194 ,
2284 3172 2332 3238 c

673 3256 731 3304 et
763 3243 993 3302 meridie
1035 3237 1270 3296 narrabo
1291 3239 1347 3290 et
1376 3227 1742 3286 annuntiabo:
1768 3231 1825 3280 et
1873 3220 2127 3279 exaudiet
2171 3233 2260 3273 vo-

672 3354 795 3398 cem
822 3349 1034 3394 meam:
1074 3329 1324 3386 Redimet
1352 3326 1406 3380 in
1421 3337 1556 3395 pace
1579 3320 1820 3375 animam
1840 3330 2020 3371 meam
2044 3314 2114 3369 ab
2143 3311 2251 3378 his,

674 3432 768 3503 qui
828 3426 1266 3500 appropinquant
1323 3416 1459 3473 mihi
1506 3433 1519 3469 :
1573 3413 1829 3483 quoniam
1886 3410 2031 3465 inter
2064 3405 2263 3461 multos

2350 1929 2491 1985 Deus
2516 1931 2683 1985 vitam
2719 1945 2896 1985 meam
2939 1929 3258 1984 annuntiavi
3299 1930 3396 1985 tibi
3428 1948 3441 1984 :
3479 1930 3714 2001 posuisti
3774 1929 3942 2000 lacry-

2350 2041 2466 2082 mas
2489 2041 2638 2080 meas
2663 2026 2719 2079 in
2752 2033 3049 2095 conspectu
3077 2035 3188 2079 tuo.
3218 2024 3374 2079 Sicut
3408 2031 3463 2080 et
3495 2024 3549 2078 in
3575 2023 3948 2094 promissione

2351 2124 2484 2172 tua:
2515 2125 2642 2172 tunc
2683 2122 3071 2171 convertentur
3101 2115 3307 2170 inimici
3355 2114 3464 2170 mei
3517 2123 3845 2170 retrorsum.
3885 2109 3943 2168 in

2351 2224 2674 2280 quacunque
2694 2209 2784 2264 die
2807 2210 3132 2264 invocavero
3159 2214 3211 2263 te
3237 2226 3252 2262 :
3287 2222 3413 2263 ecce
3434 2205 3664 2278 cognovi
3690 2204 3949 2277 quoniam

2352 2300 2496 2359 Deus
2525 2318 2679 2358 meus
2703 2317 2783 2358 es.
2798 2300 2858 2357 ln
2871 2302 2981 2358 Deo
3011 2301 3241 2358 laudabo
3262 2301 3583 2366 verbum,in
3599 2297 3951 2356 Dominolau-

2353 2393 2494 2448 dabo
2519 2409 2826 2450 sermonem
2853 2411 2867 2447 :
2895 2395 2950 2448 in
2989 2393 3102 2448 Deo
3154 2392 3390 2462 speravi,
3424 2406 3532 2446 non
3563 2389 3797 2456 timebo,
3823 2387 3950 2458 quid

2354 2481 2518 2540 faciat
2540 2485 2671 2540 mihi
2709 2484 2891 2540 homo.
2925 2483 2982 2538 ln
3020 2499 3108 2539 me
3158 2489 3286 2538 sunt
3322 2481 3466 2537 Deus
3499 2488 3625 2536 vota
3654 2487 3754 2535 tua
3783 2496 3800 2545 ;
3837 2491 3954 2550 qua

2354 2574 2576 2630 reddam
2608 2572 2949 2629 laudationes
2984 2573 3106 2627 tibi.
3134 2570 3404 2638 Quoniam
3439 2569 3692 2640 eripuisti
3716 2569 3953 2625 animam

2356 2679 2535 2720 meam
2560 2665 2627 2720 de
2648 2672 2848 2730 morte,
2873 2671 2929 2719 et
2954 2663 3118 2734 pedes
3141 2678 3291 2718 meos
3318 2661 3386 2718 de
3415 2661 3588 2732 lapsu,
3616 2667 3679 2715 ut
3704 2658 3951 2734 placeam

2355 2772 2540 2813 coram
2577 2756 2688 2811 Deo
2715 2757 2770 2812 in
2799 2755 3004 2812 lumine
3026 2755 3346 2810 viventium.
3889 2733 3898 2741 ’

2431 2847 2498 2904 Ut
2523 2865 2702 2920 supra.
2735 2849 3003 2916 Quoniam
3028 2847 3272 2920 probasti
3315 2861 3417 2902 nos
3446 2845 3624 2913 Deus,
3681 2844 3813 2918 igne
3857 2857 3954 2898 nos

2358 2942 2707 3008 examinasti,
2739 2941 2882 2996 sicut
2933 2941 3276 2996 examinatur
3318 2946 3624 3010 argentum.
3688 2935 3954 2992 lnduxisti

2358 3049 2460 3090 nos
2489 3035 2544 3088 in
2582 3033 2856 3104 laqueum,
2881 3031 3111 3102 posuisti
3143 3030 3526 3086 tribulationes
3563 3028 3619 3085 in
3658 3029 3828 3085 dorso
3868 3042 3956 3084 no-

2362 3133 2478 3181 stro
2509 3142 2521 3177 :
2557 3122 2865 3194 imposuisti
2901 3121 3151 3176 homines
3199 3135 3366 3190 super
3404 3120 3586 3190 capita
3615 3127 3831 3176 nostra.
3883 3117 3954 3173 Da

2364 3217 2547 3284 nobis,
2572 3215 2824 3281 Domine,
2850 3213 3112 3268 auxilium
3156 3212 3223 3268 de
3267 3211 3653 3277 tribulatione;
3707 3218 3772 3268 et
3822 3224 3955 3267 vana

2364 3307 2511 3364 salus
2543 3305 2804 3360 hominis.

2436 3397 2640 3455 Oratio.
2668 3393 3216 3462 Transfer,Domine,
3241 3391 3588 3464 iniquitatem
3618 3390 3846 3447 familiae
3866 3388 3957 3444 hu-

864 3484 1406 3574 ‘mecumjlixaudiet
1433 3506 1611 3570 Deus,
1648 3511 1704 3559 et
1738 3500 2047 3558 humiliabit
2099 3498 2219 3553 illos
2245 3537 2260 3564 ,
2353 3491 2446 3560 jus
2468 3491 2569 3548 sub
2604 3498 2820 3545 tuarum
2852 3488 3063 3544 alarum
3090 3487 3281 3542 umbra
3311 3485 3610 3557 sperantis,
3634 3491 3695 3540 ut
3732 3484 3952 3539 missam

675 3615 772 3686 qui
806 3619 893 3670 est
925 3615 1053 3664 ante
1074 3601 1286 3661 sazcula.
1320 3599 1438 3654 Non
1465 3597 1612 3653 enim
1635 3601 1724 3651 est
1753 3593 1858 3648 illis
1884 3590 2261 3655 commutatio,

679 3680 737 3762 et
771 3719 880 3759 non
911 3702 1212 3756 timuerunt
1240 3694 1409 3749 Deum
1436 3709 1449 3744 :
1480 3687 1727 3766 extendit
1761 3699 1981 3739 manum
2006 3697 2160 3737 suam
2206 3680 2262 3734 in

677 3792 987 3852 tribuendo.
1038 3784 1556 3844 Contaminaverunt
1586 3783 1973 3834 testamentum
2025 3773 2163 3842 ejus,
2187 3771 2256 3825 di-

676 3889 786 3943 visi
822 3890 949 3942 sunt
972 3885 1041 3938 ab
1071 3881 1150 3935 ira
1196 3877 1377 3932 vultus
1410 3873 1527 3945 ejus
1554 3892 1567 3926 :
1597 3879 1653 3928 et
1687 3867 2137 3941 appropinquavit
2168 3880 2265 3920 cor

678 3980 845 4037 illius.
873 3973 1064 4030 Molliti
1090 3977 1217 4026 sunt
1273 3979 1553 4024 sermones
1605 3960 1722 4031 ejus
1755 3975 1920 4030 super
1948 3959 2126 4015 oleum
2155 3975 2167 4010 :
2207 3964 2264 4012 et

680 4071 786 4143 ipsi
815 4074 943 4123 sunt
964 4062 1161 4133 jacula.
1200 4057 1351 4114 Jacta
1377 4070 1539 4125 super
1563 4053 1853 4108 Dominum
1873 4065 2062 4104 curam
2089 4055 2262 4114 tuam,

680 4138 738 4219 et
805 4161 922 4230 ipse
975 4164 1030 4211 te
1082 4152 1359 4208 enutriet:
1395 4164 1503 4202 non
1565 4145 1714 4202 dabit
1749 4145 1805 4198 in
1852 4148 2119 4198 :Blemum
2171 4138 2266 4193 llu-

679 4251 1015 4311 ctuationcm
1037 4245 1205 4315 justo.
1258 4242 1337 4296 Tu
1368 4256 1496 4296 vero
1528 4239 1670 4294 Deus
1701 4236 1935 4292 deduces
1970 4249 2064 4289 eos
2093 4235 2145 4287 in
2170 4247 2264 4303 pu-

682 4353 831 4398 teum
867 4338 1143 4395 interitus.
1171 4334 1284 4389 Viri
1311 4332 1633 4402 sanguinum
1662 4335 1718 4383 et
1751 4326 1945 4390 dolosi,
1974 4341 2084 4379 non
2109 4323 2267 4378 dimi-

682 4432 910 4492 diabunt
935 4428 1052 4484 dies
1076 4441 1224 4490 suos,
1247 4438 1346 4494 ego
1375 4431 1557 4476 autem
1586 4417 1814 4489 sperabo
1845 4418 1900 4471 in
1934 4424 1987 4471 te
2014 4414 2260 4469 Domine.

2363 3585 2432 3641 de
2458 3581 2595 3639 ccelo
2623 3579 3059 3638 misericordiam
3087 3587 3259 3645 tuam,
3282 3595 3313 3634 a
3355 3577 3738 3651 nequissimis,
3766 3576 3957 3648 quibus

2362 3673 2712 3738 insidiamur,
2735 3671 2909 3728 foveis
2930 3685 3207 3727 eruamur.
3240 3669 3364 3727 Per.

2434 3766 2647 3821 Litam’a
2671 3775 2728 3821 ut
2748 3782 2927 3838 supra.

2433 3856 2493 3911 In
2540 3858 2629 3912 die
2653 3857 3017 3913 tribulationis
3058 3871 3191 3912 mete
3215 3855 3385 3912 Deum
3406 3854 3676 3927 exquisivi
3707 3853 3957 3911 manibus

2364 3953 2501 4009 meis
2523 3961 2683 4009 nocte
2706 3960 2894 4008 contra
2919 3968 3064 4017 eum,
3080 3961 3134 4007 et
3157 3967 3264 4008 non
3279 3966 3400 4006 sum
3415 3950 3693 4022 deceptus.
3723 3949 3954 4006 Domine

2365 4042 2507 4098 Deus
2545 4044 2806 4098 virtutum
2837 4083 2852 4109 ,
2895 4049 3154 4098 converte
3189 4057 3289 4097 nos
3319 4081 3335 4108 ,
3387 4050 3444 4098 et
3477 4040 3708 4097 ostende
3759 4039 3954 4096 faciem

2365 4145 2536 4202 tuam,
2551 4145 2607 4191 et
2628 4137 2761 4192 salvi
2782 4137 3005 4191 erimus.
3033 4135 3262 4190 Domine
3284 4133 3428 4190 Deus
3449 4133 3738 4198 virtutum,
3753 4129 3947 4188 exaudi

2362 4227 2669 4282 orationem
2699 4242 2898 4291 meam,
2923 4227 3144 4281 auribus
3186 4226 3407 4297 percipe
3441 4223 3586 4280 Deus
3605 4222 3795 4279 Jacob.
3830 4221 3956 4278 Pro-

2363 4324 2539 4372 tector
2561 4318 2941 4387 nosteraspice
2956 4316 3188 4382 Deus,et
3215 4316 3428 4386 respice
3455 4314 3510 4370 in
3535 4313 3729 4370 faciem
3751 4313 3956 4370 Christi

2363 4409 2466 4462 tui.
2515 4407 2768 4479 Nunquid
2795 4409 2851 4463 in
2874 4416 3139 4464 aeternum
3169 4407 3425 4463 irasceris
3446 4407 3626 4471 nobis,
3649 4414 3746 4461 aut
3767 4414 3956 4463 exten-

759 4520 825 4578 Ut
849 4537 1028 4594 supra.
1063 4519 1176 4590 Ego
1212 4523 1392 4570 autem
1428 4513 1659 4569 cantabo
1691 4508 2061 4565 fortitudinem
2085 4515 2262 4571 tuam,
2294 4533 2346 4596 Β
2368 4503 2465 4557 des
2497 4502 2635 4555 iram
2665 4510 2814 4555 tuam
2842 4517 2875 4555 a
2901 4501 3260 4571 generatione
3288 4501 3341 4554 in
3357 4498 3801 4570 generationem?
3825 4498 3958 4553 Deus

683 4621 739 4671 et
760 4610 1008 4673 exaltabo
1043 4621 1202 4666 mane
1233 4603 1659 4660 misericordiam
1703 4608 1866 4654 tuam.
1901 4597 2036 4665 Quia
2088 4595 2263 4652 factus

683 4721 745 4763 es
771 4708 1054 4772 susceptor
1097 4713 1273 4761 meus,
1297 4704 1353 4750 et
1399 4693 1663 4764 refugium
1696 4705 1875 4744 meum
1905 4689 1961 4744 in
1989 4687 2076 4744 die
2101 4689 2265 4742 tribu-

684 4794 902 4850 lationis
930 4805 1082 4847 meae.
1118 4787 1347 4859 Adjutor
1380 4798 1558 4848 meus,
1588 4782 1686 4836 tibi
1714 4779 2099 4851 psallam,quia
2123 4778 2264 4834 Deus

683 4892 969 4955 susceptor
998 4894 1153 4935 meus
1187 4893 1269 4941 es,
1294 4876 1438 4930 Deus
1473 4889 1647 4938 meus,
1676 4872 2048 4928 misericordia
2085 4885 2224 4925 mea.

754 4976 961 5034 Oratio.
992 4973 1260 5027 Bellorum
1296 4965 1866 5036 invisibiliumOptime
1899 4970 2265 5034 propugnator

682 5066 848 5134 Deus,
884 5065 976 5135 qui
1027 5065 1080 5117 in
1106 5071 1159 5116 te
1198 5061 1517 5116 confitentes
1565 5058 1632 5112 ab
1678 5057 1913 5111 inimicis
1970 5053 2126 5109 obrui
2157 5069 2263 5108 non

680 5159 983 5231 permittis;
1022 5162 1263 5224 exterge,
1296 5165 1604 5222 precamur,
1638 5148 1705 5203 ab
1735 5147 1903 5203 oculis
1924 5147 2125 5201 nostris
2159 5147 2264 5217 72

682 5255 902 5319 peccata
939 5245 1329 5314 lacrymarum,
1364 5250 1422 5294 ut
1456 5241 1584 5295 dum
1644 5237 1882 5294 carnalia
1937 5235 2077 5291 bella
2110 5250 2262 5290 com-

681 5337 989 5408 primimus,
1014 5334 1228 5404 placere
1254 5332 1349 5387 tibi
1396 5332 1448 5384 in
1476 5330 1675 5384 lumine
1728 5328 2021 5383 viventium
2054 5339 2265 5381 merea-

682 5447 819 5488 mur.
848 5431 971 5486 Per.

758 5520 893 5574 Alia.
928 5521 1054 5575 Jesu
1086 5517 1336 5582 Domine,
1363 5519 1454 5586 qui
1479 5526 1604 5572 ante
1648 5527 1840 5572 sarcula
1867 5531 1989 5570 cum
2022 5514 2179 5570 Patre
2216 5523 2272 5570 et

684 5615 888 5684 Spiritu
925 5619 1114 5667 sancto
1138 5624 1364 5664 manens
1393 5652 1406 5675 ,
1470 5609 1943 5676 COIldlllOIlcmqlle
1976 5607 2265 5661 humanam

682 5705 1005 5774 suscipiens,
1033 5704 1100 5757 ab
1127 5701 1404 5756 unianimo
1439 5699 1702 5768 discipulo
1755 5697 1998 5768 proditus
2035 5705 2265 5751 mortem

684 5801 896 5856 subiisti
936 5813 1030 5871 pro
1055 5795 1284 5868 perditis
1315 5814 1326 5848 :
1360 5793 1552 5847 exaudi
1603 5793 1900 5848 orationem
1930 5791 2229 5860 supplicum
2251 5829 2264 5853 ,

2372 4601 2428 4647 tu
2462 4607 2758 4647 conversus
2780 4591 3079 4647 vivificabis
3129 4607 3248 4656 nos,
3272 4598 3324 4646 et
3357 4590 3510 4662 plebs
3557 4599 3650 4646 tua
3694 4590 3958 4646 laetabitur

2369 4679 2424 4738 in
2451 4691 2520 4738 te.
2546 4681 2783 4738 Ostende
2813 4681 2990 4746 nobis,
3015 4681 3263 4746 Domine,
3295 4680 3729 4737 misericordiam
3771 4688 3918 4735 tuam
3940 4719 3954 4742 .

2369 4783 2424 4831 et
2455 4776 2694 4832 salutare
2721 4782 2871 4829 tuum
2896 4774 2962 4829 da
3006 4772 3183 4828 nobis.
3214 4771 3449 4843 Respice
3491 4772 3546 4826 in
3582 4785 3691 4837 me,
3719 4779 3778 4827 et
3806 4771 3958 4826 mise-

2369 4885 2491 4926 rere
2523 4870 2659 4936 mei;
2696 4869 2822 4939 quia
2859 4867 3053 4923 unicus
3082 4875 3138 4923 et
3166 4882 3372 4936 pauper
3399 4880 3520 4922 sum
3567 4879 3689 4937 ego.
3721 4862 3957 4920 Tribula-

2373 4963 2551 5019 tiones
2580 4961 2758 5016 cordis
2790 4959 2897 5013 mei
2927 4956 3301 5027 multiplicata:
3342 4963 3489 5022 sunt,
3514 4955 3581 5010 de
3628 4951 3959 5008 necessitati-

2369 5056 2471 5108 bus
2496 5053 2632 5106 meis
2658 5065 2788 5106 erue
2825 5064 2929 5104 me.
2983 5048 3210 5118 Adjutor
3253 5062 3410 5102 meus
3453 5052 3595 5112 esto,
3618 5060 3690 5101 ne
3725 5043 3952 5100 derelin-

2368 5157 2505 5212 quas
2541 5156 2650 5207 me,
2675 5155 2852 5209 neque
2874 5139 3143 5208 despicias
3172 5153 3279 5204 me,
3313 5135 3458 5194 Deus
3485 5135 3741 5193 salutaris
3775 5149 3950 5191 meus.

2369 5235 2481 5306 Ego
2519 5242 2699 5288 autem
2730 5232 2784 5286 in
2821 5239 2877 5285 te
2914 5230 3152 5300 speravi,
3177 5228 3429 5293 Domine,
3454 5228 3568 5283 dixi
3597 5246 3609 5282 :
3643 5226 3782 5282 Deus
3803 5241 3954 5282 meus

2369 5341 2428 5381 es
2443 5331 2524 5390 tu,
2553 5324 2608 5377 in
2630 5322 2880 5379 manibus
2910 5321 3018 5375 tuis
3034 5327 3209 5376 sortes
3231 5333 3383 5374 meae.
3402 5318 3565 5388 Eripe
3588 5334 3676 5373 me
3704 5317 3770 5374 de
3796 5332 3955 5372 manu

2373 5415 2717 5470 inimicorum
2743 5425 3011 5475 meorum,
3041 5417 3097 5465 et
3138 5424 3168 5462 a
3194 5407 3650 5479 persequentibus
3693 5419 3798 5462 me.
3832 5404 3953 5461 Illu-

2373 5515 2488 5562 stra
2523 5505 2715 5560 faciem
2749 5511 2896 5557 tuam
2927 5516 3088 5572 super
3143 5515 3362 5556 servum
3409 5510 3584 5562 tuum,
3615 5498 3824 5554 salvum
3872 5512 3954 5552 me

2374 5597 2456 5650 fac
2492 5596 2546 5649 in
2578 5592 2949 5649 misericordia
3011 5600 3122 5655 tua,
3173 5589 3432 5655 Domine,
3491 5604 3599 5644 non
3625 5585 3952 5648 confundar.

2372 5687 2626 5758 quoniam
2660 5681 2903 5739 invocavi
2966 5689 3037 5736 te.
3075 5680 3153 5737 Ne
3206 5680 3548 5743 memineris,
3577 5676 3826 5742 Domine,
3863 5676 3956 5731 ini-

2375 5777 2643 5851 quitatum
2668 5783 2980 5831 nostrarum
3002 5773 3372 5844 antiquarum,
3400 5770 3510 5828 cito
3535 5770 3834 5840 anticipent
3860 5783 3954 5836 nos
