4122 6478
308 347 413 403 557

1300 356 1697 416 LITURGICA.
1738 391 1808 402 --
1843 362 2113 420 OFFICIA
2150 364 2288 419 PER
2321 366 2594 423 FERIAS.

3474 375 3586 436 533

306 458 693 519 misericordia:
722 472 850 531 tuae,
873 465 1001 536 quia
1036 480 1305 539 pauperes
1335 468 1466 527 facti
1492 488 1681 528 sumus
1701 472 1882 530 nimis.
1916 480 1961 538 Α
1991 487 2213 549 protege
2242 492 2348 544 me,
2378 495 2409 534 a
2437 479 2578 537 facie
2623 482 2933 553 impiorum,
2971 488 3071 557 qui
3123 504 3209 545 me
3252 489 3584 550 aﬂlixerunt.

376 548 581 609 Oratio.
619 554 826 624 Adjuva
848 571 971 623 nos,
995 557 1138 613 Deus
1162 559 1419 615 salutaris
1441 571 1650 628 noster,
1673 574 1894 635 propter

302 643 531 711 gloriam
546 648 785 704 nominis
809 649 907 715 tui,
929 649 1177 719 Domine,
1204 652 1374 709 libera
1406 664 1599 722 nos,et
1624 657 1893 728 propitius

301 748 426 797 esto
449 740 688 811 peccatis
709 743 915 799 nostris
936 751 1165 814 propter
1185 760 1383 801 nomen
1413 757 1584 802 tuum.
1632 747 1857 804 Dimitte
1876 790 1890 814 ,

302 830 470 898 Deus,
497 839 723 903 peccata
751 842 962 901 nostra,
982 843 1041 891 et
1065 836 1244 891 tribue
1274 837 1432 894 nobis
1459 839 1891 896 misericordiam

300 928 454 978 tuam
489 923 602 979 oris
618 924 789 981 nostri
820 925 1144 997 deprecatus
1168 927 1505 999 alloquio,ac
1526 931 1893 989 humilitatem

299 1012 547 1080 attende,
572 1013 789 1070 vincula
818 1015 990 1086 solve,
1026 1017 1225 1074 delicta
1270 1018 1391 1077 dele
1414 1063 1430 1087 ,
1484 1023 1891 1081 tribulationem

299 1102 528 1175 inspice,
564 1104 951 1163 adversitatem
980 1110 1203 1180 repelle,
1230 1110 1588 1184 effectumque
1613 1115 1893 1185 petitionis

297 1202 500 1252 nostra:
528 1195 765 1270 largiens
790 1206 847 1254 et
872 1200 1139 1273 benignus
1157 1202 1459 1260 clementer
1476 1206 1693 1262 exaudi.
1729 1207 1853 1263 Per.

366 1286 723 1360 Omnipotens
747 1293 1080 1363 sempiterne
1093 1293 1259 1361 Deus,
1280 1296 1373 1366 qui
1396 1297 1655 1354 subvenis
1677 1299 1734 1354 in
1755 1300 1897 1370 peri-

294 1376 434 1435 culis
479 1388 538 1436 et
593 1383 1019 1440 necessitatibus
1070 1386 1487 1456 laborantibus,
1546 1391 1893 1462 majestatem

297 1477 449 1526 tuam
481 1471 802 1543 suppliciter
822 1489 1134 1543 exoramus,
1157 1485 1220 1532 ut
1253 1478 1474 1535 mittere
1508 1480 1749 1551 digneris
1771 1496 1896 1537 san-

294 1570 446 1619 ctum
476 1563 727 1635 angelum
759 1573 933 1634 tuum,
961 1567 1055 1638 qui
1089 1583 1191 1625 nos
1221 1569 1278 1625 in
1305 1571 1574 1642 angustiis
1613 1581 1670 1627 et
1704 1587 1894 1631 noces-

293 1656 553 1713 sitatibus
578 1659 785 1715 nostris
821 1658 1162 1727 laborantes,
1193 1662 1661 1719 consolationibus
1708 1663 1892 1720 foveat

294 1749 425 1815 tuis,
461 1749 657 1821 quibus
689 1759 748 1807 et
771 1751 839 1808 de
879 1754 1140 1823 praesenti
1189 1753 1541 1813 tribulatione
1593 1772 1895 1829 consequa-

1994 566 2208 621 Inimici
2231 569 2337 623 mei
2358 571 2598 625 animam
2619 587 2797 628 meam
2826 576 3339 636 circumdederunt:
3371 582 3584 653 adipem

1994 671 2155 712 suum
2206 660 2705 729 concluserunt,vos
2751 680 2938 722 eorum
2986 668 3224 727 locutum
3270 682 3358 730 est
3403 691 3587 747 super-

1995 748 2161 803 biam.
2194 749 2553 819 Projicientes
2594 770 2705 821 me,
2734 772 2879 813 nunc
2924 760 3401 821 circumdederunt
3444 783 3532 823 me
3566 787 3579 822 :

1994 840 2181 895 oculos
2209 856 2339 897 suos
2367 852 2677 900 statuerunt
2691 847 2964 905 declinare
2993 852 3048 905 in
3072 861 3294 909 terram.
3321 855 3585 929 Suscepe-

1995 939 2123 986 runt
2150 948 2238 1012 me
2266 934 2407 989 sicut
2436 935 2521 991 leo
2539 946 2762 1008 paratus
2789 940 2857 994 ad
2888 944 3145 1012 praedam,
3176 954 3232 1001 et
3268 948 3409 1003 sicut
3434 961 3585 1006 catu-

1994 1019 2080 1077 lus
2121 1010 2295 1083 leonis
2352 1025 2607 1084 habitans
2656 1030 2711 1086 in
2763 1010 2981 1087 abditis.
3034 1033 3301 1110 Exsurge,
3332 1040 3581 1105 Domine.

1994 1118 2232 1186 prteveni
2273 1134 2430 1185 eum,
2456 1129 2515 1176 et
2562 1123 2847 1194 supplanta
2897 1143 3021 1182 eum
3072 1147 3087 1184 :
3142 1132 3293 1202 eripe
3342 1136 3581 1193 animam

1994 1224 2173 1264 meam
2202 1209 2271 1266 ab
2290 1211 2477 1283 impio,
2508 1213 2771 1272 frameam
2814 1225 2963 1272 tuam
3010 1221 3081 1277 ab
3110 1222 3351 1280 inimicis
3387 1241 3583 1285 manus

1995 1310 2118 1357 tuae.
2144 1301 2373 1361 Domine
2399 1320 2429 1359 a
2474 1307 2662 1378 paucis
2706 1308 2775 1366 de
2822 1318 2970 1366 terra
3010 1312 3193 1370 divide
3239 1331 3336 1374 eos
3376 1319 3430 1374 in
3470 1321 3579 1376 vita

1993 1409 2222 1450 eorum:
2253 1396 2323 1452 de
2365 1396 2701 1456 absconditis
2738 1402 2849 1458 tuis
2891 1404 3214 1476 adimpletus
3263 1418 3348 1465 est
3388 1420 3581 1469 venter

1994 1501 2204 1543 eorum.
2239 1487 2478 1546 Saturati
2508 1500 2638 1549 sunt
2667 1492 2797 1550 ﬁliis
2827 1512 2841 1549 :
2871 1504 2928 1551 et
2954 1497 3283 1557 dimiserunt
3317 1502 3579 1574 reliquias

1994 1595 2122 1636 suas
2150 1582 2388 1651 parvulis
2413 1583 2547 1639 suis.
2577 1584 2690 1659 Ego
2726 1594 2910 1643 autem
2957 1589 3014 1644 in
3049 1591 3261 1661 justitia
3307 1596 3579 1665 apparebo

1993 1673 2308 1741 conspectui
2333 1680 2424 1728 tuo
2449 1694 2461 1729 :
2486 1676 2754 1742 satiabor,
2781 1694 2903 1735 cum
2932 1682 3244 1752 apparuerit
3266 1682 3435 1755 gloria
3465 1695 3574 1741 tua.

2065 1758 2133 1813 Ut
2159 1777 2340 1831 supra.
2383 1763 2497 1835 Ego
2541 1765 2673 1831 dixi,
2704 1767 2951 1835 Domine,
2975 1770 3241 1827 miserere
3285 1773 3415 1839 mei,
3444 1790 3576 1829 sana

292 1856 418 1897 mur
440 1843 700 1900 auxilium
727 1885 744 1912 ,
799 1854 855 1901 et
900 1854 1103 1902 aeterna
1133 1849 1375 1904 remedia
1426 1852 1887 1923 comprehendere
1917 1836 1962 1897 Β
1987 1855 2226 1910 animam
2283 1873 2482 1915 meam.
2533 1859 2792 1918 Miserere
2839 1865 2967 1929 mei,
2993 1864 3243 1932 Domine,
3279 1876 3337 1923 et
3379 1870 3575 1925 exaudi

292 1933 591 1991 valeamus.
626 1934 753 1992 Per.

710 2050 818 2125 73
893 2068 1195 2151 FERIA
1272 2074 1423 2152 III.

441 2218 522 2261 AD
565 2215 896 2265 SPECIALES
942 2223 1298 2272 ORATIONBS
1341 2230 1742 2277 FACIENDAS.‘

363 2331 389 2360 ι
417 2319 676 2379 Miserere
707 2322 954 2392 Domine,
978 2328 1239 2385 miserere
1266 2330 1484 2388 Christe
1515 2352 1527 2388 :
1561 2341 1620 2390 tu
1664 2335 1889 2393 miseri-

288 2416 475 2476 cOrdia
496 2433 637 2484 mea,
669 2420 933 2484 miserere
958 2424 1090 2478 mihi
1116 2422 1271 2498 [Cod.
1286 2427 1436 2501 Reg.,
1451 2428 1879 2505 miserere'mei].

291 2508 549 2569 Miserere
575 2511 823 2581 Domine,
847 2516 1108 2573 miserere
1128 2518 1377 2588 Christe;
1406 2529 1468 2577 ut
1487 2523 1707 2578 credam
1731 2525 1785 2581 iu
1806 2532 1879 2582 te.

291 2599 549 2661 Miserere
577 2603 826 2673 Domine,
855 2607 1121 2664 miserere
1159 2608 1409 2679 Christe;
1461 2621 1524 2670 ut
1557 2614 1778 2687 diligam
1803 2623 1877 2672 te.

290 2689 549 2752 Miserere
578 2695 804 2753 Domine
822 2740 836 2763 ,
861 2700 1121 2756 miserere
1146 2700 1395 2770 Christe;
1448 2714 1511 2760 ut
1555 2720 1879 2778 cognoscam

288 2791 364 2838 te.
390 2781 647 2841 Miserere
670 2785 917 2854 Domine,
941 2790 1203 2848 miserere
1223 2792 1471 2860 Christe;
1500 2802 1561 2850 ut
1587 2812 1801 2866 sperem
1824 2798 1878 2853 in

288 2882 363 2931 te.
395 2874 657 2935 Miserere
695 2878 944 2948 Domine,
976 2884 1242 2941 miserere
1284 2885 1532 2956 Christe;
1590 2898 1653 2944 ut
1698 2890 1877 2946 anima

282 2978 411 3032 mea
442 2966 589 3024 vivat
611 2967 665 3023 in
692 2977 764 3025 te.
791 2969 1055 3027 Miserere
1074 2972 1324 3042 Domine,
1344 2978 1608 3034 miserere
1626 2979 1871 3047 Christe;

287 3066 348 3113 ut
375 3072 509 3116 caro
535 3075 657 3116 mea
683 3061 924 3118 exsultet
950 3064 1006 3119 in
1055 3071 1127 3119 te.
1159 3064 1417 3123 Miserere
1438 3066 1688 3136 Domine,
1717 3072 1878 3127 mise-

287 3164 408 3206 rere
432 3149 680 3221 Christe;
711 3162 774 3209 ut
795 3155 907 3211 vita
932 3171 1055 3211 mea
1085 3155 1239 3229 [Cod.
1262 3156 1419 3237 Reg.,
1439 3168 1501 3215 ut
1523 3162 1704 3217 anima
1729 3162 1873 3236 mea]
1903 3194 1920 3237 λ

286 3241 539 3313 proticiat
565 3246 621 3300 in
644 3254 700 3302 te
732 3245 1018 3319 [Μαι-ωηο,
1043 3249 1359 3320 perﬁciatur
1383 3252 1440 3309 in
1471 3250 1567 3326 te].
1617 3253 1876 3313 Miserere

287 3332 519 3393 Domine
546 3336 689 3395 Deus
712 3338 899 3407 Pater,
921 3341 1266 3414 gloria-mea,
1296 3342 1411 3399 vita
1447 3358 1590 3399 mea.
1617 3344 1876 3404 Miserere

284 3428 502 3488 Christe
527 3427 797 3499 Salvator,
827 3432 974 3488 salus
987 3448 1130 3500 mea,
1163 3432 1426 3490 fortitudo
1454 3449 1595 3489 mea.
1621 3434 1876 3493 Miserere

285 3517 521 3592 Spiritus
544 3521 860 3592 paraclitus,
886 3522 1191 3580 consolatio
1216 3539 1361 3592 mea,
1382 3525 1708 3583 illuminatio
1729 3542 1870 3584 mea.

283 3612 545 3672 Miserere
564 3614 794 3671 Domine
818 3615 986 3683 Deus,
1018 3616 1259 3674 Trinitas
1282 3625 1340 3673 et
1362 3618 1566 3674 unitas.
1592 3618 1669 3675 Te
1688 3618 1869 3687 laudo.

283 3714 338 3761 te
365 3705 557 3773 adoro,
585 3715 639 3763 te
662 3705 948 3763 confiteor.
973 3705 1085 3764 Pax
1105 3722 1249 3774 mea,
1270 3724 1397 3779 spes
1423 3723 1565 3775 mea,
1587 3708 1707 3765 laus
1727 3724 1868 3776 mea,

280 3794 375 3853 lux
404 3796 906 3869 mea,pulchritudo
933 3798 1372 3865 mea,beatitudo
1398 3814 1540 3856 mea.
1565 3798 1688 3856 Tibi
1715 3800 1866 3868 laus;

280 3889 381 3944 tibi
416 3886 610 3962 gloria,
632 3888 729 3945 tibi
756 3888 1056 3960 gratiarum
1081 3889 1227 3946 actio
1254 3903 1471 3962 semper
1493 3897 1552 3946 et
1573 3890 1772 3963 ubique
1812 3892 1869 3947 in

280 3980 484 4038 mla
512 3982 868 4053 sempiterna.

349 4071 497 4130 Deus
515 4070 864 4142 adiutorium,
893 4082 994 4129 ter.

890 4183 1119 4242 PSALM
1129 4186 1233 4244 US.

348 4295 530 4369 (Pus.
563 4295 698 4369 ινι.)
727 4294 758 4336 δ
802 4295 1009 4355 Exaudi
1040 4298 1268 4356 Domine
1305 4297 1577 4372 justitiam
1622 4316 1798 4356 meam
1844 4320 1858 4356 ε

276 4388 498 4445 intende
524 4389 963 4460 deprecationem
985 4406 1181 4447 meam.
1212 4389 1451 4449 Auribus
1480 4393 1703 4465 percipe
1742 4410 1864 4449 ora-

279 4481 482 4537 tionem
509 4496 710 4547 meam,
741 4496 850 4536 non
882 4482 937 4536 in
965 4480 1122 4537 labiis
1159 4481 1381 4539 dolosis.
1435 4481 1514 4540 De
1566 4484 1715 4540 vultu
1767 4493 1860 4539 tuo

1985 1949 2292 2005 orationem
2331 1966 2529 2007 meam.
2562 1952 2786 2011 Intende
2826 1957 2946 2012 voci
2976 1959 3245 2015 orationis
3272 1976 3427 2027 meae,
3458 1961 3575 2023 Rex

1984 2052 2170 2107 meus,
2193 2048 2252 2097 et
2278 2042 2421 2099 Deus
2446 2059 2614 2101 meus.
2648 2045 2916 2115 Quoniam
2944 2048 3012 2104 ad
3030 2052 3287 2119 teorabo,
3320 2052 3570 2121 Domine,

1983 2145 2146 2188 mane
2173 2134 2436 2191 exaudies
2462 2151 2650 2194 vocem
2672 2155 2872 2196 meam.

2057 2220 2264 2278 Oratio.
2289 2224 2578 2293 Converte,
2602 2229 2851 2297 Domine,
2881 2234 3068 2290 oculos
3096 2237 3276 2293 coriis
3296 2240 3489 2304 nostri,
3505 2240 3573 2296 ad

1982 2315 2313 2372 cernendam
2360 2319 2438 2375 tui
2475 2318 2667 2388 judicii
2710 2325 3031 2392 veritatem,
3063 2336 3144 2395 ut,
3175 2330 3303 2385 dum
3330 2329 3419 2388 hic
3449 2332 3572 2404 igne

1981 2408 2213 2479 spiritali
2233 2412 2545 2482 probamur,
2572 2415 2639 2474 de
2668 2418 2778 2477 tuis
2807 2420 2861 2475 in
2890 2430 3158 2481 aeternum
3186 2429 3572 2499 conspectibus

1981 2514 2104 2556 cum
2130 2501 2305 2559 fructu
2323 2502 2553 2574 iustitia:
2579 2511 2862 2568 satiemur.

2598 2619 2941 2683 PSALMUS.

2049 2727 2242 2801 (Ρελι.
2282 2730 2467 2804 ntv.)
2507 2743 2530 2773 ε
2571 2734 2655 2790 Ad
2707 2743 2760 2791 te
2810 2737 3041 2795 Domine
3093 2741 3267 2798 levavi
3313 2745 3555 2803 animam

1979 2836 2157 2876 meam
2187 2839 2201 2875 :
2249 2821 2393 2877 Deus
2433 2840 2586 2880 uicus
2627 2826 2685 2881 in
2737 2835 2790 2882 te
2818 2829 3055 2897 conﬁdo,
3082 2848 3192 2889 non
3221 2837 3563 2893 erubescam.

1980 2910 2167 2983 Neque
2196 2914 2458 2970 irrideant
2492 2932 2579 2973 me
2622 2918 2829 2975 inimici
2878 2923 2985 2977 mei
3020 2942 3034 2976 :
3065 2925 3268 2979 etenim
3299 2927 3564 2995 universi,

1977 3005 2069 3074 qui
2119 3007 2395 3061 sustinent
2443 3016 2529 3076 te,
2561 3024 2671 3065 non
2710 3012 3131 3071 confundentur.
3154 3016 3574 3084 Coul‘uudantur

1978 3111 2168 3154 ornnes
2216 3099 2401 3170 iniqua
2444 3112 2669 3174 agentes
2715 3119 3069 3175 supervacue.
3122 3108 3255 3167 Vias
3302 3120 3444 3179 tuas,
3468 3114 3570 3169 Do-

1903 3194 1950 3271 C
1979 3190 2150 3257 mine,
2176 3191 2491 3251 demonstra
2525 3196 2657 3252 mihi
2686 3216 2699 3252 :
2731 3207 2789 3253 et
2813 3202 3039 3259 semitas
3078 3211 3198 3260 tuas
3243 3205 3409 3263 edoce
3455 3223 3563 3263 me.

1978 3280 2160 3353 Dirige
2182 3300 2271 3339 me
2295 3286 2351 3339 in
2378 3287 2607 3342 veritate
2632 3297 2741 3355 tua,
2772 3298 2831 3348 et
2854 3293 2989 3350 doce
3016 3310 3105 3351 me
3151 3315 3164 3347 τ
3214 3298 3342 3369 quia
3393 3307 3451 3354 tu
3505 3316 3565 3356 es

1976 3372 2119 3432 Deus
2146 3375 2399 3434 Salvator
2424 3395 2578 3436 meus
2595 3422 2608 3447 ,
2633 3390 2690 3437 et
2719 3391 2771 3437 te
2797 3384 3028 3441 sustinui
3078 3394 3191 3443 tota
3234 3389 3342 3445 die.
3385 3390 3569 3446 [lenii-

1974 3466 2191 3523 niscere
2244 3471 2655 3528 miserationum
2714 3483 2951 3543 tuarum,
2983 3476 3231 3547 Domine,
3253 3492 3311 3537 et
3354 3484 3569 3540 miseri-

1974 3561 2281 3618 cordiarum
2304 3572 2541 3632 tuarum,
2563 3583 2685 3638 quae
2718 3584 2749 3624 a
2804 3570 3006 3626 smculo
3054 3582 3202 3630 sunt.
3232 3574 3441 3632 Delicta
3481 3578 3569 3647 ju-

1971 3653 2211 3709 ventutis
2253 3669 2409 3724 meas,
2439 3665 2495 3713 et
2538 3658 2878 3730 ignorantias
2920 3677 3074 3719 meas
3123 3680 3194 3720 ne
3222 3667 3561 3724 memineris.

1972 3742 2282 3800 Secundum
2312 3747 2745 3806 misericordiam
2796 3761 2945 3809 uiam
2996 3765 3273 3812 memento
3320 3760 3427 3815 mei
3480 3768 3560 3825 tu,

1968 3847 2194 3907 propter
2230 3839 2530 3897 bonitatem
2564 3850 2733 3911 tuam,
2766 3843 3011 3901 Domine.
3042 3847 3224 3905 Dulcis
3276 3858 3334 3907 et
3382 3860 3564 3911 rectus

1968 3929 2229 3987 Dominus
2254 3951 2268 3987 :
2290 3942 2514 4004 propter
2540 3934 2644 3991 hoc
2665 3935 2842 4007 legem
2872 3938 3026 3995 dabit
3044 3940 3482 4012 delinquentibus
3504 3945 3560 4000 in

1969 4025 2073 4078 via.
2103 4024 2311 4097 Diriget
2336 4036 2650 4084 mansuetos
2679 4029 2735 4084 in
2757 4029 2966 4099 judicio
2990 4050 3003 4086 :
3029 4033 3245 4089 docebit
3267 4036 3426 4091 mites
3444 4035 3561 4093 vias

1965 4131 2114 4173 suas.
2140 4118 2421 4174 Universze
2445 4120 2547 4173 viae
2576 4119 2794 4176 Domini
2832 4122 3207 4179 misericordia
3228 4134 3287 4181 et
3308 4128 3511 4182 veritas
3542 4145 3556 4181 :

1964 4207 2368 4277 requirentibus
2397 4218 2785 4267 testamentum
2814 4212 2956 4281 ejus,
2985 4222 3043 4269 et
3067 4216 3383 4272 testimonia
3415 4215 3556 4288 ejus.

1964 4296 2074 4370 75.
2109 4298 2338 4369 Propter
2359 4317 2556 4357 nomen
2581 4310 2733 4358 tuum
2762 4305 2986 4361 Domine
3008 4308 3392 4378 propitiaberis
3429 4325 3560 4381 pec.

1960 4398 2085 4445 cato
2127 4407 2250 4447 meo
2283 4411 2294 4446 :
2327 4393 2554 4448 multum
2595 4404 2683 4451 est
2726 4398 2892 4452 enim.
2943 4397 3077 4466 Quis
3122 4407 3209 4455 est
3256 4401 3421 4457 homo
3462 4404 3559 4474 qui

1961 4482 2119 4535 timet
2145 4481 2468 4537 Dominum?
2516 4484 2686 4557 legem
2713 4490 2906 4543 statuit
2931 4491 2980 4544 ei
3021 4491 3074 4543 in
3105 4491 3212 4556 via,
3236 4507 3401 4562 quam
3451 4493 3559 4550 elc-

273 4570 537 4641 iudicium
554 4587 733 4628 meum
749 4573 1161 4644 prodeat:oculi
1186 4576 1262 4630 tui
1287 4576 1509 4632 videant
1528 4578 1857 4647 aequitatem.
1893 4574 1939 4634 D
1964 4574 2059 4644 git.
2086 4574 2277 4628 Anima
2301 4576 2417 4646 ejus
2439 4577 2494 4632 in
2523 4578 2678 4635 bonis
2705 4580 3077 4638 demorabitur
3105 4601 3118 4638 :
3147 4592 3204 4638 et
3222 4599 3408 4640 semen
3439 4584 3555 4655 ejus

273 4660 525 4718 Prohasti
549 4677 649 4719 cor
668 4678 872 4730 meum,
887 4671 943 4719 et
968 4664 1207 4721 visitasti
1236 4674 1396 4722 nocte
1429 4685 1441 4721 :
1474 4666 1595 4738 igne
1624 4682 1711 4723 me
1734 4683 1863 4724 esa-

272 4751 517 4819 minasti,
544 4760 602 4809 et
626 4768 736 4808 non
762 4763 849 4809 est
886 4755 1105 4812 inventa
1138 4756 1192 4810 in
1224 4772 1310 4812 mc
1340 4758 1623 4830 iniquitas.
1652 4758 1723 4815 Ut
1750 4775 1857 4815 non

273 4843 529 4916 loquatur
555 4860 618 4902 os
652 4860 831 4901 meum
859 4862 1025 4918 opera
1071 4848 1354 4905 hominum
1385 4868 1399 4905 :
1426 4859 1652 4922 propter
1692 4851 1859 4907 verba

272 4936 539 4993 labiorum
579 4946 794 4994 tuorum
836 4954 937 5012 ego
979 4940 1252 4997 custodivi
1289 4941 1405 4997 vias
1430 4942 1615 4999 duras.
1646 4943 1859 4999 Perﬁce

272 5043 492 5101 gressus
518 5044 669 5086 meos
697 5030 753 5085 in
783 5033 994 5088 semitis
1019 5033 1129 5089 tuis
1154 5053 1165 5087 :
1191 5042 1253 5090 ut
1275 5050 1384 5090 non
1418 5043 1739 5092 moveantur
1775 5051 1861 5091 ve-

271 5124 434 5195 stigia
485 5140 626 5180 mea.
680 5125 793 5197 Ego
837 5125 1091 5194 clamavi,
1148 5130 1404 5198 quoniam
1456 5128 1726 5185 exaudisti
1768 5145 1858 5185 me

272 5214 461 5274 Deus:
506 5216 708 5272 inclina
756 5233 943 5273 aurem
991 5228 1137 5275 tuam
1182 5219 1336 5284 mihi,
1366 5227 1425 5275 et
1467 5220 1662 5276 exaudi
1691 5220 1855 5276 verba

270 5323 413 5363 mea.
434 5307 656 5365 Misiﬁca
683 5310 1085 5367 misericordias
1107 5320 1246 5377 tuas,
1262 5314 1354 5385 qui
1378 5313 1557 5369 salvos
1584 5313 1719 5369 facis
1739 5329 1860 5384 spe-

271 5410 457 5457 rantes
486 5402 541 5459 in
572 5410 643 5458 te.
688 5404 732 5457 A
784 5402 1165 5460 resistentibus
1205 5406 1444 5462 dextera:
1491 5415 1597 5461 tuae
1642 5405 1855 5461 custodi

272 5509 359 5551 mc
394 5502 451 5549 ut
478 5494 732 5567 pupillam
784 5494 945 5551 oculi.
991 5495 1105 5551 Sub
1156 5496 1347 5552 umbra
1390 5496 1596 5553 alarum
1641 5505 1855 5551 tuarum

343 5650 558 5727 0_Apud
583 5650 847 5727 Marti-n.4,
872 5655 939 5709 de
982 5654 1151 5724 antiq.
1178 5654 1322 5727 Eccl.
1355 5653 1600 5727 Discipl.,
1632 5670 1683 5727 p.
1725 5653 1847 5712 G55.

270 5751 341 5765 -—
375 5721 481 5779 Pro
506 5739 603 5778 usu
632 5725 889 5792 secundo,
919 5721 1235 5795 supru,’col.
1268 5726 1386 5780 46:5.

1964 4664 2302 4721 hiereditahit
2357 4674 2578 4722 terram.
2624 4669 3055 4727 Firmamentum
3085 4680 3172 4729 est
3200 4672 3463 4730 Dominus
3492 4676 3557 4730 ti-

1962 4756 2239 4811 mentibus
2265 4772 2389 4812 cum
2421 4777 2434 4813 :
2467 4767 2523 4814 et
2548 4768 2929 4817 testamentum
2958 4764 3129 4833 ipsius
3149 4773 3209 4821 ut
3246 4767 3552 4825 manifestei

1962 4855 2052 4903 tur
2082 4848 2205 4903 illis.
2240 4848 2391 4905 Oculi
2423 4852 2530 4907 mei
2560 4869 2778 4924 semper
2821 4857 2889 4911 ad
2938 4856 3225 4913 Dominum
3256 4861 3551 4930 :quouiam

1961 4940 2079 5011 ipse
2104 4942 2390 5000 evelletde
2417 4942 2612 5014 laqueo
2640 4947 2805 5016 pedes
2854 4962 3024 5004 meos.
3072 4949 3304 5019 Respice
3341 4952 3397 5005 in
3439 4969 3550 5018 me,

1960 5045 2017 5091 et
2043 5037 2305 5094 miserere
2331 5038 2440 5094 mei
2474 5040 2639 5109 :quia
2676 5042 2873 5096 unicus
2915 5051 2974 5096 et
3016 5058 3224 5113 pauper
3263 5061 3384 5100 sum
3425 5063 3546 5121 ego.

1964 5125 2364 5182 Tribulationes
2393 5128 2575 5184 cordis
2603 5132 2710 5185 mei
2737 5130 3108 5202 multiplicata:
3148 5144 3276 5189 sunt
3302 5156 3314 5191 :
3345 5138 3413 5193 de
3459 5156 3550 5196 ne-

1963 5216 2308 5273 cessitatibus
2352 5219 2489 5274 meis
2522 5234 2653 5275 erue
2681 5237 2787 5277 me.
2824 5220 2957 5279 Vide
2982 5224 3342 5281 humilitatem
3370 5245 3546 5287 meam

1962 5318 2018 5364 et
2039 5310 2282 5366 laborem
2311 5326 2492 5368 meum
2527 5331 2538 5367 :
2573 5320 2629 5368 et
2652 5314 2861 5373 dimitte
2889 5317 3141 5373 universa
3175 5319 3373 5376 delicta
3401 5338 3544 5379 mea.

1960 5403 2193 5475 Respice
2228 5404 2479 5461 inimicos
2509 5422 2681 5473 meos,
2705 5410 2963 5480 quoniam
3002 5411 3344 5483 multiplicati
3374 5424 3502 5469 sunt
3530 5432 3542 5471 :

1959 5504 2013 5550 et
2039 5495 2165 5551 odio
2208 5494 2397 5568 iniquo
2424 5497 2656 5554 oderunt
2683 5515 2788 5558 me.
2819 5500 3043 5561 Custodi
3081 5503 3320 5562 animam
3366 5521 3546 5561 meam

2028 5651 2057 5689 ι’
2100 5650 2157 5705 In
2187 5650 2368 5708 libello
2400 5650 2576 5709 Caroli
2605 5651 2773 5721 Calvi,

1959 5722 2246 5860 "uiui.ng
2269 5809 2391 5867 pag.
2420 5796 2507 5863 δι,
2532 5798 2739 5868 absque
2764 5796 3119 5881 orationibus-

2803 5670 2926 5728 pag.
2958 5657 3050 5721 52,
3088 5658 3292 5730 absque
3347 5660 3534 5719 oratio
