4122 6556
588 342 697 400 559

1439 331 1500 387 Β.
1539 329 1602 386 F.
1644 325 1872 383 ALBINI
1909 323 2044 383 SEU
2082 321 2361 381 ALCUIN!
2393 321 2680 378 OPERUM
2720 319 2902 374 PARS
2931 318 3023 374 iV.

3768 304 3874 362 5H

588 477 647 523 et
672 476 805 521 erue
832 475 920 516 me
945 478 958 513 ε
987 472 1096 514 non
1117 455 1458 513 erubescam,
1485 461 1741 521 quoniam
1765 443 1981 516 speravi
2009 441 2064 498 in
2096 451 2172 497 te.
2206 443 2253 503 Α
2281 439 2506 512 populos
2532 440 2588 494 in
2611 437 2886 508 aequitate.
2911 441 2969 490 et
2992 439 3181 505 gentes
3210 430 3266 484 in
3309 435 3450 484 terra
3497 423 3712 497 dirigis.
3735 421 3878 523 Con-

586 556 911 612 lnnocentcs
961 557 1013 606 et
1051 545 1186 603 recti
1234 543 1582 599 adhaeserunt
1627 537 1780 602 mihi,
1832 535 1962 606 quia
2016 533 2178 589 susti-

587 646 686 704 nui
730 652 804 700 te.
833 641 1027 699 libera
1054 637 1199 692 Deus
1222 631 1390 688 Israel
1428 646 1497 685 ex
1521 627 1773 686 omnibus
1800 622 2178 695 iniquitatibus

587 737 730 796 suis.

665 828 736 886 Ut
762 844 942 900 supra.
968 826 1082 896 Ego
1110 822 1248 888 dixi,
1271 818 1522 882 Domine,
1553 813 1820 870 miserere
1865 810 1972 867 mei
1997 828 2012 865 :
2043 822 2178 864 sana

591 921 832 980 animam
877 934 1054 975 meam
1074 959 1090 982 ,
1112 915 1369 986 quoniam
1404 907 1654 982 peccavit
1676 906 1794 962 tibi.
1823 903 2061 969 Exaudi,
2081 902 2204 957 Do-v

599 1017 768 1083 mine,
789 1029 978 1070 vocem
1009 1025 1211 1074 meam,
1236 1022 1343 1077 qua
1390 1001 1617 1060 clamavi
1673 1019 1688 1056 :
1739 1000 2003 1055 miserere
2050 994 2179 1060 mei,

592 1120 652 1167 et
673 1106 868 1163 exaudi
904 1121 1010 1159 me.
1062 1101 1182 1157 Tibi
1234 1099 1371 1153 dixit
1418 1112 1517 1152 cor
1561 1109 1763 1160 meum,
1786 1088 2083 1162 exquisivlt
2130 1093 2186 1142 te

595 1199 767 1256 facies
796 1213 916 1252 mea
942 1214 955 1249 :
981 1195 1178 1248 faciem
1209 1201 1378 1253 tuam,
1403 1189 1650 1252 Domine,
1675 1185 1970 1257 requiram.

669 1286 876 1341 Oratio.
919 1283 1114 1338 Libera
1142 1297 1242 1336 nos
1271 1280 1340 1333 ab
1369 1278 1619 1334 omnibus
1649 1275 1913 1348 angustiis
1958 1271 2183 1338 nostris,

598 1379 889 1435 mitissime
915 1375 1080 1438 Deus,
1111 1374 1203 1444 qui
1229 1373 1296 1427 ad
1328 1379 1380 1427 te
1408 1373 1620 1424 animas
1645 1376 1863 1423 nostras
1887 1365 2145 1436 erigimus
2169 1380 2182 1417 :

597 1470 940 1532 obliviscere,
971 1481 1304 1537 quaesumus,
1346 1464 1538 1518 delicta
1579 1461 1913 1533 iuventutis,
1941 1466 2000 1514 et
2040 1457 2192 1529 igno-

601 1562 793 1617 rantia:
817 1560 1048 1631 prioris;
1105 1567 1163 1612 et
1191 1557 1236 1611 si
1282 1556 1412 1627 quid
1451 1555 1789 1627 negligenter
1835 1549 2188 1620 deliquimus,

603 1649 903 1705 clementer
923 1649 1162 1720 ignosce.
1201 1646 1308 1699 Per
1339 1659 1389 1699 α.

1223 1760 1349 1816 PSA
1358 1759 1566 1814 LMUS.

672 1871 853 1946 (PSAL.
893 1869 1032 1938 ι.ιιι.)
1075 1871 1102 1909 ιι
1144 1870 1289 1924 [lens
1340 1869 1392 1923 in
1447 1869 1671 1922 nomine
1711 1876 1806 1921 tuo
1851 1864 2058 1921 salvan
2100 1878 2195 1919 me

601 1963 729 2019 fac:
759 1973 814 2020 et
858 1965 916 2018 in
966 1964 1163 2017 virtute
1212 1971 1300 2016 tua
1326 1962 1509 2032 judica
1539 1977 1645 2015 me.
1676 1959 1821 2015 Deus
1853 1959 2050 2014 exaudi
2075 1971 2194 2012 ora-

602 2058 806 2111 tionem
867 2070 1092 2110 meam:
1136 2053 1358 2108 auribus
1412 2053 1633 2122 percipe
1684 2052 1850 2106 verba
1896 2049 2008 2105 oris
2061 2047 2190 2103 mei.

603 2149 871 2216 Quoniam
898 2147 1059 2201 alieni
1101 2149 1514 2200 insurrexerunt
1535 2143 1822 2198 adversum
1862 2157 1970 2206 me,
1997 2148 2054 2196 et
2079 2137 2192 2194 for-

605 2247 690 2294 tes
726 2238 1062 2307 quaesierunt
1086 2237 1325 2292 animam
1353 2251 1529 2290 meam
1581 2253 1596 2288 :
1648 2241 1707 2288 et
1759 2248 1869 2288 non
1905 2245 2198 2303 proposue-

605 2337 736 2385 runt
760 2329 928 2386 Deum
955 2336 1082 2384 ante
1119 2335 1473 2397 conspectum
1509 2342 1688 2382 suum.
1717 2325 1857 2380 Ecce
1884 2325 2030 2380 enim
2052 2321 2198 2380 Deus

603 2421 828 2492 adjuvat
849 2434 938 2475 me
968 2439 982 2473 :
1021 2427 1077 2474 ct
1101 2418 1368 2473 Dominus
1406 2425 1688 2486 susceptor
1712 2423 1796 2471 est
1819 2416 2017 2471 anima:
2039 2429 2195 2470 meas.

604 2513 803 2568 Averte
823 2511 962 2565 mala
986 2510 1223 2564 inimicis
1247 2509 1414 2563 meis:
1433 2514 1489 2563 et
1510 2508 1563 2561 in
1585 2507 1816 2562 veritate
1830 2515 1921 2560 tua
1946 2503 2200 2576 disperde

605 2604 745 2662 illos.
777 2601 1094 2659 Voluntarie
1123 2601 1444 2657 sacriﬁcabo
1470 2601 1566 2655 tibi
1610 2618 1623 2654 :
1668 2608 1725 2654 et
1763 2598 2066 2654 conﬁtebor
2101 2615 2200 2653 no-

607 2694 742 2750 mini
767 2703 858 2750 tuo
877 2692 1128 2759 Domine,
1154 2692 1411 2762 quoniam
1443 2693 1642 2746 bonum
1685 2701 1790 2746 est.
1833 2688 2100 2758 Quoniam
2129 2704 2200 2744 ex

607 2787 760 2843 omni
788 2785 1138 2841 tribulatione
1179 2783 1426 2854 eripuisti
1479 2800 1568 2838 me
1598 2804 1610 2838 :
1645 2793 1700 2839 et
1756 2798 1922 2852 super
1949 2781 2202 2838 inimicos

609 2894 763 2935 meos
790 2878 1041 2948 despexit
1063 2878 1250 2932 oculus
1279 2893 1452 2933 meus.

681 2969 750 3025 Ut
775 2988 956 3042 supra.
989 2971 1101 3043 Ego
1127 2972 1256 3033 dixi,
1291 2972 1515 3026 Domine
1540 2971 1802 3025 miserere
1834 2970 1958 3024 mci.
1993 2967 2076 3022 Ad
2121 2977 2199 3034 te,

607 3060 858 3126 Domine,
880 3061 1144 3126 clamabo,
1167 3061 1310 3116 Deus
1341 3078 1511 3126 meus,
1547 3078 1615 3115 nc
1665 3060 1826 3115 sileas
1870 3076 1903 3114 a
1939 3075 2026 3113 me
2060 3078 2072 3113 :
2105 3075 2202 3114 ne—

609 3155 827 3225 quando
845 3161 1025 3210 taceas
1062 3171 1092 3207 a
1128 3170 1234 3218 me,
1265 3162 1320 3209 et
1363 3154 1706 3209 assimilabor
1741 3154 2199 3208 descendentibus
2228 3163 2274 3226 ρ

612 3250 670 3304 in
722 3248 918 3303 lacum.
971 3247 1212 3310 Exaudi,
1267 3247 1523 3309 Domine,
1567 3260 1753 3300 vocem
1805 3244 2203 3316 deprecationis

614 3356 771 3405 mete,
793 3341 919 3396 dum
949 3356 1047 3396 oro
1075 3340 1141 3394 ad
1183 3347 1268 3405 te;
1319 3339 1444 3392 dum
1477 3335 1676 3392 extollo
1708 3351 1900 3390 manus
1943 3351 2093 3389 meas
2137 3333 2205 3388 ad

615 3431 877 3505 templum
908 3441 1156 3488 sanctum
1189 3440 1358 3485 tuum.
1399 3429 1610 3483 lllustra
1640 3427 1833 3482 faciem
1866 3435 2012 3480 tuam
2044 3441 2207 3495 super

615 3540 837 3580 servum
886 3532 1054 3588 tuum,
1083 3522 1290 3576 salvum
1317 3536 1404 3574 me
1431 3519 1514 3572 fac
1540 3519 1593 3572 in
1633 3515 2005 3572 misericordia
2051 3523 2141 3569 tua
2188 3533 2202 3570 :

617 3617 869 3684 Domine,
907 3632 1016 3671 non
1049 3614 1371 3678 confundar,
1397 3613 1653 3681 quoniam
1679 3610 1920 3666 invocavi
1949 3617 2023 3665 te.

692 3709 901 3765 Oratio.
942 3709 1072 3765 Jesu
1123 3707 1374 3772 Domine,
1403 3706 1493 3776 qui
1550 3713 1676 3758 ante
1729 3701 1923 3758 szecula
1955 3717 2206 3767 manens,

619 3804 1101 3873 conditionemqne
1129 3802 1427 3856 humanam
1473 3797 1780 3867 suscipiens
1814 3797 1883 3851 ab
1927 3794 2210 3849 unianimo

621 3895 890 3968 discipulo
942 3895 1190 3964 proditus
1230 3901 1461 3946 mortem
1507 3889 1723 3945 subiisti
1773 3904 1874 3959 pro
1922 3885 2151 3957 perditis
2193 3904 2206 3939 :

621 3991 817 4047 exaudi
837 3989 1140 4046 orationem
1163 3986 1485 4056 supplicum,
1511 3992 1566 4040 et
1583 3990 1800 4053 praesta,
1829 3990 1892 4034 ut
1910 3987 1962 4034 te
1987 3994 2215 4049 vespere

625 4082 956 4153 meridieque
971 4081 1256 4135 laudantes
1279 4091 1588 4132 mercamur
1607 4077 1675 4130 ab
1696 4071 1854 4141 hujus
1877 4070 2061 4128 Stcculi
2086 4079 2216 4124 tem-

625 4175 927 4247 pestatibus
977 4172 1279 4238 defensari,
1305 4187 1403 4241 per
1448 4182 1501 4224 te
1544 4167 1689 4222 Deus
1733 4173 1942 4226 noster,
1967 4163 2216 4232 quicum

630 4277 835 4324 teterno
872 4267 1035 4322 Patre
1068 4253 1206 4320 vivis
1237 4273 1293 4318 et
1315 4277 1515 4333 regnas
1555 4261 1611 4315 in
1641 4257 1839 4314 saecula
1870 4255 2212 4311 saeculorum.

627 4361 803 4418 Amen
832 4372 879 4416 ε.

1243 4445 1586 4503 PSALMUS.

2220 1801 2272 1862 Β

2282 533 2538 588 ﬁteantur
2588 531 2686 586 tibi
2709 527 2912 600 populi,
2964 525 3130 591 Deus,
3159 521 3524 578 conﬁteantur
3563 517 3663 574 tibi
3688 513 3875 588 populi

2277 633 2495 688 omnes,
2546 630 2692 679 terra
2733 620 2883 676 dedit
2929 618 3164 672 fructum
3215 627 3396 670 suum.
3434 609 3738 667 Benedicat
3775 621 3879 663 nos

2278 715 2444 784 Deus,
2472 714 2618 773 Deus
2642 723 2854 780 noster,
2883 711 3170 769 benedicat
3199 723 3300 765 nos
3323 706 3471 762 Deus
3489 724 3505 761 :
3525 713 3584 762 et
3625 709 3881 764 ωειωι

2280 825 2406 866 eum
2434 823 2626 864 omnes
2659 806 2796 862 ﬁnes
2831 813 3010 862 terrm.

2355 899 2424 955 Ut
2453 916 2636 970 supra.
2664 897 2779 970 Ego
2801 896 2936 962 dixi,
2958 894 3208 961 Domine,
3223 894 3489 949 miserere
3511 887 3642 946 mei.
3666 885 3882 955 Adjuva

2282 1009 2385 1049 nos
2400 993 2544 1049 Deus
2573 990 2828 1047 salutaris
2853 995 3042 1044 noster
3069 1007 3082 1041 :
3114 994 3338 1058 propter
3364 983 3590 1057 gloriam
3634 978 3887 1036 nominis

2285 1085 2385 1151 tui,
2413 1083 2659 1148 Domine,
2688 1081 2857 1137 libera
2892 1097 3014 1136 nos.
3043 1079 3115 1135 Et
3139 1077 3410 1150 propitius
3437 1083 3555 1132 esto
3597 1072 3712 1146 75
3759 1085 3886 1143 pee-

2284 1179 2422 1234 catis
2466 1177 2674 1232 nostris
2721 1182 2946 1246 propter
2993 1186 3194 1230 nomen
3243 1179 3414 1226 tuum.
3443 1169 3597 1236 Fiat,
3621 1167 3887 1232 Domine,

2284 1269 2662 1327 misericordia
2697 1275 2788 1322 tua
2825 1281 2990 1336 super
3017 1281 3117 1321 nos
3149 1283 3162 1319 :
3189 1259 3645 1334 quemadmodum
3701 1272 3892 1330 spera-

2287 1365 2465 1419 vimus
2495 1363 2550 1419 in
2580 1371 2651 1417 te.
2687 1360 2893 1416 Exaudi
2924 1374 3025 1415 nos
3065 1357 3211 1414 Deus
3240 1353 3498 1412 salutaris
3521 1359 3739 1418 noster,
3761 1364 3892 1422 spes

2288 1449 2532 1507 omnium
2559 1448 2748 1503 ﬁnium
2770 1455 2932 1503 terrae
2951 1453 3008 1502 et
3033 1445 3088 1500 in
3112 1444 3250 1499 mari
3275 1443 3456 1514 longe.

2361 1541 2570 1598 Oratio.
2600 1539 2870 1606 lllumina,
2895 1538 3147 1602 Domine,
3161 1536 3369 1591 vultum
3393 1543 3543 1590 tuum
3564 1548 3738 1605 super
3763 1544 3892 1596 nos,

2290 1646 2350 1693 et
2387 1635 2823 1692 misericordiam
2871 1632 3029 1688 nobis
3063 1631 3308 1695 uberem,
3340 1626 3897 1695 benedictionemque

2293 1730 2513 1802 largire.
2541 1727 2649 1785 Per
2680 1739 2726 1782 ο.

2922 1819 3269 1878 PSALMUS.

2363 1936 2546 2012 (Ρειιι.
2568 1936 2705 2001 ιιι.)
2737 1935 2758 1976 τ
2782 1937 2948 2002 Deus,
2973 1936 3030 1992 in
3053 1934 3385 2006 adiutorium
3409 1947 3593 1988 meum
3617 1930 3848 1988 intende
3877 1947 3895 1985 :

2291 2029 2543 2096 Domine,
2560 2028 2630 2085 ad
2641 2027 3009 2098 adjuvandum
3031 2042 3126 2082 me
3145 2026 3366 2081 festina.
3397 2022 3825 2080 Confundantur
3841 2029 3901 2078 et

2291 2128 2671 2186 revereantur,
2686 2119 2781 2191 qui
2803 2125 3055 2190 quierunt
3081 2118 3320 2172 animam
3346 2130 3545 2171 meam.
3562 2114 3900 2170 Avertantur

2293 2221 2598 2270 retrorsum
2625 2219 2682 2268 et
2701 2210 3050 2274 erubescant,
3065 2207 3160 2278 qui
3181 2206 3372 2261 volunt
3386 2205 3520 2260 mihi
3543 2203 3706 2260 mala.
3729 2202 3903 2258 Aver-

2293 2313 2482 2361 tantur
2506 2304 2693 2360 statim
2724 2302 3114 2359 emMcentes
3140 2318 3154 2354 :
3179 2298 3274 2370 qui
3301 2297 3492 2352 dicunt
3513 2295 3650 2351 mihi
3683 2317 3697 2348 :
3722 2294 3897 2367 Euge,

2295 2397 2463 2468 euge!
2493 2395 2785 2451 Exsultent
2807 2402 2865 2449 et
2881 2394 3130 2448 laetentur
3145 2392 3201 2446 in
3226 2398 3283 2445 te
3301 2405 3518 2454 omnes,
3532 2388 3625 2458 qui
3642 2393 3904 2459 quan-unt

2296 2495 2351 2542 te
2385 2505 2397 2540 :
2429 2493 2487 2542 et
2510 2486 2699 2541 dicant
2739 2499 2960 2556 semper
3006 2501 3021 2538 :
3069 2480 3448 2553 magniﬁcetur
3483 2480 3777 2542 Dominus,
3803 2476 3898 2549 qui

2297 2579 2530 2654 diligunt
2573 2579 2812 2635 salutare
2852 2587 3025 2633 tuum.
3051 2577 3165 2648 Ego
3187 2591 3320 2632 vero
3345 2590 3549 2648 egenus
3587 2583 3647 2628 et
3690 2586 3904 2643 pauper

2299 2685 2420 2726 sum
2452 2690 2467 2725 :
2509 2669 2656 2726 Deus
2695 2668 2890 2741 adjuva
2925 2684 3032 2725 me.
3061 2667 3292 2739 Adjutor
3329 2681 3484 2723 meus
3538 2674 3596 2721 et
3639 2664 3904 2722 liberator

2298 2776 2453 2817 meus
2481 2777 2543 2818 es
2571 2769 2628 2816 tu
2655 2780 2669 2816 :
2700 2760 2954 2827 Domine,
2982 2775 3055 2816 ne
3084 2760 3342 2815 moreris.

2374 2848 2442 2906 Ut
2471 2869 2654 2923 supra.
2677 2851 2791 2923 Ego
2819 2849 2959 2916 dixi,
2986 2847 3216 2906 Domine
3263 2850 3529 2906 miserere
3571 2848 3700 2904 mei.
3756 2846 3900 2903 Deus

2302 2958 2377 3000 ne
2412 2942 2684 3014 elongeris
2705 2957 2845 2998 ame
2877 2960 2892 2997 :
2924 2940 3071 2997 Deus
3117 2956 3272 2996 meus
3321 2941 3376 2995 in
3424 2939 3688 2994 auxilium
3716 2953 3900 2993 meum

2304 3035 2536 3105 respice.
2566 3033 2680 3105 Ego
2725 3042 2911 3089 autem
2939 3033 2996 3087 in
3024 3041 3098 3097 te,
3124 3031 3374 3097 Domine,
3390 3046 3608 3100 semper
3628 3028 3898 3099 sperabo:

2306 3137 2364 3183 et
2381 3126 2632 3196 adjiciam
2662 3143 2828 3198 super
2854 3142 3072 3183 omnem
3106 3125 3319 3183 laudem
3361 3133 3529 3180 tuam.
3548 3123 3762 3195 Adjuva
3791 3138 3902 3188 me,

2307 3217 2536 3273 Domine
2571 3217 2715 3272 Deus
2750 3231 2906 3272 meus
2935 3235 2951 3271 :
2982 3216 3194 3272 salvum
3234 3230 3323 3271 me
3349 3213 3438 3270 fac
3477 3213 3779 3272 secundum
3809 3211 3905 3268 mi-

2306 3307 2665 3365 sericordiam
2689 3316 2858 3363 tuam.

2378 3399 2584 3455 Oratio.
2636 3399 2949 3456 lnexhausti
2977 3398 3231 3471 adjutorii
3253 3399 3417 3463 .Deus
3444 3407 3670 3464 aeterne,
3699 3397 3771 3452 ad
3809 3395 3902 3452 ad-

2302 3489 2601 3562 iuvandum
2636 3490 2851 3547 familia:
2881 3501 2986 3547 tua
3014 3491 3341 3562 supplicanti
3371 3487 3526 3562 [Cod.
3560 3487 3690 3558 Reg.
3711 3529 3728 3553 ,
3753 3485 3906 3542 fami-

2309 3583 2394 3638 liae
2421 3583 2672 3657 supplici]
2736 3583 2970 3640 festinus
3023 3599 3252 3640 occurre
3284 3601 3298 3636 :
3330 3589 3390 3636 ut
3432 3579 3624 3635 evictis
3662 3578 3904 3635 macula-

2308 3691 2432 3730 rum
2461 3675 2615 3748 [Cod.
2645 3674 2797 3746 Reg.,
2819 3683 2881 3729 ut
2907 3675 3099 3730 evictis
3129 3671 3418 3744 malorum]
3448 3670 3905 3744 opprobriis,tuis

2312 3785 2531 3840 semper
2553 3768 2770 3824 auxiliis
2800 3769 3127 3824 muniamur.

2935 3877 3279 3936 PSALMUS.

2387 3993 2565 4065 (Ρειιιμ
2595 3991 2747 4065 xxx.)
2789 3995 2814 4034 ε
2845 3993 2903 4049 In
2939 4001 2992 4048 te
3013 3991 3245 4047 Domine
3274 3992 3510 4062 speravi,
3539 4005 3649 4047 non
3676 3989 3906 4046 confun-

2317 4087 2416 4142 dar
2441 4089 2494 4142 in
2529 4095 2795 4142 aeternum
2827 4106 2839 4141 :
2868 4087 2923 4141 in
2947 4085 3160 4157 iustitia
3198 4092 3291 4139 tua
3327 4083 3497 4140 libera
3544 4097 3651 4138 me.
3701 4079 3907 4137 lnclina

2318 4179 2388 4234 ad
2419 4195 2507 4235 me
2538 4195 2726 4233 aurem
2759 4186 2906 4234 tuam
2946 4177 3236 4233 :accelera
3288 4185 3350 4232 ut
3398 4189 3560 4231 eruas
3609 4189 3718 4230 me.
3779 4171 3909 4228 Esto

2319 4273 2454 4327 mihi
2490 4272 2545 4326 in
2587 4271 2758 4325 Deum
2795 4279 3180 4340 protectorem,
3218 4278 3274 4324 et
3309 4269 3363 4323 in
3397 4267 3617 4324 domum
3651 4265 3847 4338 refugii
3890 4284 3905 4318 :

2323 4375 2382 4419 ut
2401 4364 2608 4419 salvum
2637 4378 2729 4418 me
2759 4362 2946 4418 facias.
2975 4361 3246 4428 Quoniam
3274 4357 3535 4414 fortitudo
3566 4371 3686 4412 mea
3728 4363 3786 4410 et
3831 4370 3909 4411 re-

2325 4456 2529 4528 fugium
2567 4470 2747 4510 meum
2781 4471 2842 4512 es
2881 4463 2940 4508 tu
2979 4473 2992 4508 :
3031 4463 3087 4508 et
3118 4460 3342 4523 propter
3374 4465 3576 4507 nomen
3618 4457 3774 4504 tuum
3823 4447 3912 4503 de-

705 4565 885 4638 (Psu.
914 4561 1087 4634 vai.)
1119 4561 1146 4600 ιι
1176 4563 1322 4616 Deus
1353 4561 1678 4614 misereatur
1713 4556 1922 4620 nostri,
1951 4562 2010 4611 et
2057 4554 2218 4609 bene—
2247 4530 2297 4589 θ
2321 4548 2487 4603 duces
2510 4555 2690 4610 me,et
2720 4547 2961 4602 enutries
2987 4561 3093 4600 me.
3120 4543 3336 4598 Educes
3365 4557 3457 4598 me
3478 4541 3546 4597 de
3569 4541 3767 4612 laqueo
3786 4539 3910 4602 hoc,

633 4660 779 4716 dicat
815 4659 970 4714 nobis
1003 4677 1015 4712 :
1051 4657 1318 4713 illuminet
1357 4655 1562 4709 vultum
1616 4669 1773 4708 suum
1812 4669 1977 4722 super
2021 4667 2142 4716 nos,
2167 4658 2224 4705 et

636 4754 958 4808 misereatur
984 4749 1176 4804 nostri.
1233 4748 1304 4802 Ut
1350 4760 1745 4817 cognoscamus
1790 4743 1847 4797 in
1897 4751 2040 4797 terra
2076 4743 2220 4796 viam

637 4854 824 4897 tuam:
863 4842 917 4895 in
946 4840 1198 4895 omnibus
1245 4837 1494 4906 gentibus
1543 4834 1781 4890 salutare
1827 4840 1995 4887 tuum.
2049 4831 2225 4886 Conﬁ-

638 4941 855 4988 teantur
881 4930 976 4985 tibi
1005 4928 1184 4998 populi
1231 4926 1375 4981 Deus
1425 4943 1438 4979 :
1494 4924 1860 4979 conﬁteantur
1897 4921 1995 4976 tibi
2039 4920 2224 4991 populi

637 5038 847 5079 omnes.
865 5020 1140 5075 Lastentur
1161 5025 1216 5072 et
1236 5013 1994 5086 exsultentgentes,quoniam
2006 5011 2225 5082 judicas

713 5174 736 5202 ιι
778 5159 836 5213 In
865 5155 998 5212 Cod.
1032 5170 1133 5208 ms.
1167 5153 1334 5224 Regio
1357 5152 1475 5207 loco
1515 5151 1678 5224 hujus
1728 5148 2229 5224 orationis__l_egitur

642 5243 876 5301 sequens
920 5246 932 5279 ε
981 5243 1000 5276 c
1044 5221 1562 5301 Vide,¢pia35|lrnlts,_
1588 5221 1835 5301 Domine,
1863 5221 2224 5301 humilitatem

645 5291 908 5362 nostram,
937 5304 994 5350 et
1015 5291 1309 5364 propitiare
1356 5293 1597 5363 peccatis
1640 5293 1838 5345 nostris
1860 5333 1877 5364 ,
1897 5291 2021 5360 quia
2058 5291 2223 5344 multa

643 5380 771 5427 sunt
795 5386 807 5422 :
837 5378 895 5420 et
912 5363 1126 5437 prmsta,
1152 5373 1219 5437 ut
1242 5365 1314 5417 ita
1344 5365 1638 5418 deﬂeamus
1667 5363 1963 5430 praeterita,
1993 5370 2054 5414 ut
2095 5375 2229 5431 prte-

645 5441 818 5498 sentia
851 5433 1160 5491 caveamus.
1189 5433 1308 5488 Per.
1346 5453 1364 5485 ι

716 5511 744 5552 ι)
777 5511 833 5565 In
873 5506 1055 5562 libello
1093 5504 1268 5560 Caroli
1305 5503 1476 5566 Calvi,
1512 5517 1631 5573 pag.
1678 5501 1770 5566 ιι,
1795 5503 1999 5570 absque
2031 5508 2168 5573 orat.

719 5595 742 5621 ε
784 5580 844 5636 In
874 5579 996 5635 cod.
1026 5575 1157 5644 Reg.
1184 5575 1429 5630 oratione
1462 5572 1628 5644 priori
1668 5575 1866 5629 omissa
1913 5574 2030 5628 hate
2074 5572 2233 5644 habe.-

651 5664 781 5709 tur:
825 5667 844 5700 ι
882 5643 1154 5707 Salviﬁca,
1183 5645 1429 5710 Domine,
1459 5643 1756 5698 Ecelesiam
1795 5645 1847 5699 in
1887 5645 1961 5699 tui
1997 5643 2232 5697 nominis

650 5720 985 5795 protectione
1015 5717 1267 5795 ﬁdentem
1287 5755 1302 5779 ,
1330 5725 1393 5795 ut
1407 5713 1690 5795 despectis
1731 5715 1964 5771 inimicis
1993 5713 2235 5769 volunta-

654 5783 732 5854 ria
758 5802 808 5851 te
835 5787 1179 5848 confessione
1216 5783 1542 5858 magniﬁcet.
1587 5784 1708 5840 Per.
1751 5804 1770 5838 ι

2321 4655 2484 4710 quem
2523 4637 2925 4694 absconderant
2959 4636 3093 4691 mihi
3122 4655 3135 4690 :
3165 4634 3422 4706 quoniam
3460 4641 3516 4688 tu
3549 4647 3610 4688 es
3639 4639 3915 4704 protector

2324 4747 2498 4787 meus.
2527 4730 2585 4785 ln
2613 4746 2811 4785 manus
2837 4739 2957 4784 tuas
3003 4726 3326 4784 commendo
3371 4727 3624 4795 spiritum
3669 4739 3851 4780 meum
3896 4743 3909 4775 :

2325 4822 2605 4878 redemisti
2641 4837 2752 4887 me,
2779 4821 3011 4876 Domine
3039 4820 3179 4875 Deus
3222 4817 3490 4874 veritatis.
3529 4815 3702 4872 Odisti
3738 4817 3914 4872 obser-

2325 4927 2518 4973 vantes
2538 4917 2812 4972 vanitates
2833 4930 3190 4988 supervacue.
3231 4914 3344 4985 Ego
3378 4923 3560 4968 autem
3598 4912 3653 4967 in
3688 4910 3913 4967 Domino

2329 5010 2544 5082 speravi
2580 5028 2593 5064 :
2634 5008 2918 5064 exsultabo
2955 5015 3012 5064 et
3046 5007 3271 5062 laetabor
3307 5005 3360 5059 in
3394 5003 3766 5060 misericordia
3804 5011 3908 5056 tua.

2399 5145 2427 5185 δ
2468 5145 2614 5200 Loco
2640 5143 2828 5209 citato,
2857 5157 2982 5214 pag.
3011 5141 3102 5196 42.

2406 5249 2430 5277 ε
2470 5237 2526 5291 In
2573 5235 2692 5291 eod.
2738 5235 2936 5290 Codice
2985 5234 3105 5289 loco
3148 5230 3348 5302 prioris
3388 5247 3470 5302 ται
3507 5229 3776 5302 lllumina.
3819 5226 3915 5281 Do—

2333 5309 2498 5372 mine,
2521 5307 2729 5360 vultum
2754 5314 2905 5359 tuum
2929 5320 3094 5375 super
3114 5301 3235 5366 nos,
3259 5301 3800 5375 benedicimcmque
3822 5312 3916 5352 no-

2333 5379 2415 5433 bis
2444 5367 2760 5448 perpetuam
2790 5367 3018 5448 largire}
3053 5383 3113 5429 ut
3147 5372 3472 5448 confitentes
3519 5371 3615 5448 tibi
3645 5371 3698 5426 in
3718 5367 3914 5448 timore

2335 5439 2526 5504 sancto
2543 5439 2786 5502 Tructum
2808 5439 3036 5516 justitize
3058 5461 3243 5500 coram
3284 5443 3421 5498 facie
3465 5439 3763 5512 maiestatis
3813 5446 3916 5494 tua

2335 5527 2614 5590 reportare
2639 5531 2964 5573 mereamur.
3000 5516 3122 5572 Per.
3168 5535 3186 5567 ι

2411 5616 2428 5656 ί
2461 5616 2587 5671 Loc.
2622 5614 2876 5687 cit.,pag.
2911 5611 2999 5665 45.

2413 5711 2436 5749 ⁸
2477 5707 2602 5764 Loc.
2635 5706 2752 5772 cit.,
2782 5719 2903 5775 pag.
2933 5702 3022 5757 '57.
