4122 6622
300 502 371 559 5.ί
382 501 402 555 l

1301 500 1699 559 LITURGICA.
1732 529 1807 545 —-
1842 502 2112 561 OFFICIA
2149 505 2286 561 PER
2323 506 2591 564 FERIAS.

3466 504 3570 562 δότ

300 616 570 685 Quoniam
595 615 881 686 respexisti
906 613 1267 669 humilitatem
1322 628 1526 680 meam,
1560 613 1783 670 salvasti
1827 614 1897 669 de
1923 619 1974 679 Α
2000 616 2212 673 laetiﬁca
2236 617 2471 674 animam
2495 616 2638 673 servi
2660 616 2765 683 tui,
2786 617 3041 688 quoniam
3089 617 3156 674 ad
3211 625 3284 684 te,
3324 615 3572 686 Domine.

302 705 716 764 necessitatibus
745 707 982 762 animam
1008 720 1207 760 meam.
1234 703 1348 760 Nec
1369 705 1685 761 conclusisti
1713 721 1802 761 me
1831 704 1890 760 in

301 797 555 854 manibus
586 798 793 854 inimici
821 819 833 852 :
859 797 1097 853 statuisti
1147 796 1203 851 in
1257 795 1377 852 loco
1432 797 1674 867 spatioso
1724 797 1892 867 pedes

300 907 472 949 meos.
527 889 786 948 Miserere
840 891 949 947 mei
989 889 1251 955 Domine,
1289 890 1545 960 quoniam
1593 889 1819 945 tribulor
1873 906 1887 943 :

302 982 654 1038 conturbatum
687 991 773 1038 est
809 983 865 1037 in
903 982 986 1036 ira
1013 980 1203 1037 oculus
1238 996 1413 1045 meus,
1441 980 1621 1037 anima
1669 996 1812 1045 mea,
1836 986 1894 1034 et

300 1082 497 1130 venter
522 1088 695 1129 meus.
732 1072 1000 1142 Quoniam
1031 1071 1234 1129 defecit
1267 1072 1322 1127 in
1351 1071 1537 1129 dolore
1580 1070 1689 1126 vita
1743 1086 1889 1136 mea,

300 1175 358 1221 et
377 1165 504 1221 anni
530 1165 637 1225 mei
660 1165 717 1219 in
744 1165 1051 1237 gemitibus.
1078 1164 1356 1219 Inﬁrmata
1380 1171 1468 1218 est
1490 1162 1546 1216 in
1573 1169 1893 1233 paupertate

301 1258 478 1315 virtus
516 1273 671 1324 mea,
708 1267 765 1314 et
798 1273 921 1312 ossa
967 1272 1090 1312 mea
1138 1255 1459 1311 conturbata
1510 1261 1657 1308 sunt.
1715 1252 1893 1322 Super

301 1364 496 1405 omnes
519 1350 769 1405 inimiws
803 1364 955 1405 meos
986 1348 1165 1404 factus
1195 1362 1315 1403 sum
1348 1346 1698 1419 opprobrium
1725 1363 1740 1399 :
1767 1344 1896 1400 vici-

302 1442 389 1498 nis
438 1443 575 1498 meis
600 1442 773 1509 valde,
825 1452 881 1498 et
930 1443 1095 1500 timor
1137 1442 1283 1498 notis
1313 1442 1470 1497 meis.
1498 1439 1602 1509 Qui
1636 1440 1894 1494 videbant

302 1553 409 1603 me,
436 1536 582 1593 foras
616 1536 874 1611 fugerunt
905 1553 935 1591 a
972 1552 1062 1592 me
1100 1555 1115 1591 :
1150 1535 1410 1591 oblivioni
1444 1535 1601 1589 datus
1623 1548 1743 1588 sum
1775 1542 1893 1587 tan-

302 1646 467 1702 quam
497 1639 740 1686 mortuus
778 1646 807 1685 a
845 1630 1029 1687 corde.
1068 1629 1268 1684 Factus
1323 1643 1444 1683 sum
1490 1636 1749 1698 tanquam
1796 1640 1893 1679 vas

299 1722 570 1793 perditum
598 1744 610 1778 :
637 1725 891 1794 quoniam
924 1723 1099 1779 audivi
1121 1722 1576 1793 vituperationem
1598 1720 1891 1775 multorum

300 1817 753 1871 commorantium
791 1816 845 1872 in
879 1816 1132 1871 circuitu.
1165 1814 1224 1870 In
1272 1830 1338 1869 eo
1376 1815 1502 1893 dum
1534 1814 1893 1869 convenirent

298 1906 459 1963 simul
493 1907 782 1965 adversum
810 1925 899 1965 me
938 1927 954 1966 :
993 1911 1243 1982 accipere
1283 1910 1526 1965 animam
1561 1923 1740 1963 meam
1766 1923 1894 1962 con-

1991 711 2229 766 animam
2261 728 2438 768 meam
2465 710 2658 768 levavi.
2685 709 2949 778 Quoniam
2973 720 3030 767 tu
3061 708 3287 766 Domine
3316 710 3495 768 suavis
3519 720 3574 769 et

1990 805 2138 859 mitis
2161 824 2174 859 :
2197 813 2253 861 et
2285 805 2469 861 multa!
2502 802 2890 860 misericordia:
2915 803 3167 860 omnibus
3201 803 3578 864 invocantibus

1991 903 2065 951 te.
2096 895 2331 952 Auribus
2374 898 2593 967 percipe
2645 896 2869 952 Domine
2905 897 3206 952 oralionem
3238 910 3413 952 meam
3449 914 3465 953 :
3497 896 3577 954 ina

1993 987 2153 1042 tende
2187 988 2308 1044 voci
2342 988 2744 1058 deprecationis
2770 1003 2921 1043 mem.
2978 987 3036 1043 In
3079 988 3166 1043 die
3216 984 3578 1047 tribulationis

1991 1094 2126 1135 mem
2152 1079 2379 1134 clamavi
2405 1080 2471 1134 ad
2501 1089 2552 1135 te
2585 1098 2598 1134 :
2630 1080 2754 1150 quia
2787 1079 3053 1135 exaudisti
3090 1094 3197 1135 me.
3248 1077 3366 1135 Non
3392 1087 3478 1137 est
3507 1078 3579 1137 si-

1991 1171 2135 1227 milis
2163 1172 2309 1229 tuiin
2338 1173 2460 1239 diis,
2486 1172 2747 1229 Domine:
2771 1182 2826 1228 et
2851 1190 2960 1228 non
2985 1181 3070 1229 est
3096 1171 3390 1229 secundum
3411 1187 3575 1246 opera

1991 1270 2103 1315 tua.
2140 1260 2343 1319 Omnes
2388 1274 2611 1334 gentes,
2651 1279 3005 1334 quascunque
3044 1262 3251 1330 fecisti,
3281 1266 3497 1321 venient
3520 1273 3579 1321 et

1991 1352 2298 1409 adorabunt
2313 1370 2496 1409 coram
2525 1364 2578 1411 te
2609 1354 2839 1411 Domine
2864 1374 2877 1409 :
2903 1365 2958 1410 et
2983 1355 3354 1426 glorificabunt
3381 1372 3576 1414 nomen

1993 1451 2164 1497 tuum.
2190 1443 2455 1512 Quoniam
2479 1460 2707 1518 magnus
2744 1462 2802 1502 es
2832 1453 2912 1511 tu,
2943 1446 3147 1502 faciens
3178 1445 3442 1503 mirabilia
3472 1466 3485 1502 :
3520 1456 3575 1503 ιιι

1991 1550 2052 1590 es
2078 1536 2219 1591 Deus
2248 1536 2415 1593 solus.
2452 1536 2634 1593 Dcduc
2664 1555 2773 1602 me,
2802 1536 3052 1603 Domine,
3086 1537 3137 1593 in
3164 1535 3251 1594 via
3283 1545 3395 1605 tua,
3420 1547 3475 1597 et
3500 1534 3578 1595 in-

1992 1628 2211 1697 grediar
2230 1628 2285 1682 in
2308 1630 2537 1685 veritate
2568 1636 2658 1684 tua
2687 1649 2700 1683 :
2731 1630 2945 1686 laetetur
2964 1645 3058 1686 cor
3079 1647 3279 1697 meum,
3305 1641 3364 1686 ut
3392 1630 3577 1688 timeat

1992 1734 2188 1774 nomen
2217 1726 2389 1775 tuum.
2418 1720 2734 1777 Confitebor
2762 1722 2859 1777 tibi
2892 1722 3118 1778 Domine
3140 1722 3284 1779 Deus
3321 1739 3473 1780 meus
3521 1724 3575 1779 in

1992 1818 2107 1866 toto
2132 1812 2296 1867 corde
2331 1829 2455 1868 meo
2484 1831 2497 1867 :
2529 1821 2585 1869 et
2614 1814 2923 1885 glorificabo
2940 1830 3138 1869 men
3169 1824 3318 1870 tuum
3346 1817 3398 1871 in
3424 1825 3578 1872 aeter-

1992 1918 2141 1957 num.
2174 1902 2310 1971 Quia
2330 1904 2701 1961 misericordia
2727 1916 2818 1960 tua
2848 1923 3037 1979 magna
3066 1917 3152 1963 est
3167 1922 3333 1978 super
3358 1924 3445 1963 me
3472 1928 3484 1963 :
3522 1917 3575 1963 ct

298 1998 468 2055 ciliati
494 2009 640 2055 sunt.
684 2000 798 2072 Ego
831 2008 1011 2057 autem
1043 2000 1098 2056 in
1130 2009 1183 2056 te
1205 2000 1418 2072 speravi
1442 1999 1668 2055 Domine
1704 2020 1716 2053 :
1756 1999 1886 2063 dixi,
1922 2006 1966 2067 Β
1992 1999 2186 2055 eruisti
2237 1999 2473 2054 animam
2525 2015 2703 2055 meam
2743 2016 2811 2055 ex
2860 1999 3073 2056 inferno
3117 2001 3375 2057 inferiori.
3434 2001 3578 2057 Deus

297 2089 442 2148 Deus
465 2107 621 2147 meus
644 2108 704 2147 es
734 2101 810 2159 tu,
838 2093 892 2148 in
921 2093 1172 2149 manibus
1203 2093 1312 2149 tuis
1343 2102 1522 2148 sortes
1544 2106 1695 2146 meae.
1725 2090 1890 2160 Eripe

299 2198 387 2240 me
409 2183 475 2239 de
498 2198 664 2238 manu
690 2184 1032 2239 inimicorum
1066 2198 1333 2250 meorum,
1361 2191 1418 2241 et
1452 2200 1483 2237 a
1520 2181 1894 2254 persequenti-

295 2278 399 2336 bus
423 2295 530 2335 me.
567 2278 784 2335 lllustra
807 2279 1001 2335 faciem
1029 2288 1177 2335 tuam
1225 2295 1389 2350 super
1439 2295 1657 2334 servum
1713 2287 1887 2344 tuum,

295 2368 507 2424 salvum
557 2383 646 2425 me
695 2368 781 2425 fac
809 2370 865 2425 in
902 2369 1279 2426 misericordia
1314 2378 1404 2425 tua
1450 2370 1678 2425 Domine
1724 2388 1739 2423 :
1778 2385 1888 2424 non

295 2458 615 2526 confundar,
649 2459 905 2530 quoniam
940 2459 1185 2515 invocavi
1228 2469 1300 2514 te.
1336 2459 1683 2516 Erubescant
1714 2459 1886 2531 impii,

292 2558 353 2605 et
388 2549 732 2606 deducantur
778 2551 835 2605 in
890 2550 1162 2607 infernum
1202 2569 1220 2608 :
1252 2559 1403 2606 muta
1454 2551 1591 2607 ﬁant
1624 2552 1767 2609 labia
1801 2553 1891 2609 do-

294 2639 431 2707 losa,
454 2655 576 2712 qua
595 2639 892 2713 loquuntur
911 2642 1170 2700 adversus
1185 2645 1393 2717 justum
1438 2646 1779 2717 iniquitatem
1830 2647 1887 2703 in

294 2732 575 2802 superbia,
607 2737 663 2787 et
706 2733 761 2788 in
813 2733 1091 2790 abusione.
1148 2734 1322 2804 Quam
1364 2752 1559 2806 magna
1602 2738 1888 2793 multitudo

294 2823 597 2882 dulcedinis
624 2834 746 2891 tuae,
766 2825 1010 2891 Domine,
1029 2843 1189 2898 quam
1205 2828 1534 2884 abscondisti
1562 2829 1888 2884 timentibus

295 2917 378 2971 te!
417 2914 697 2972 Perfecisti
746 2917 845 2981 eis,
875 2917 968 2988 qui
1016 2927 1239 2988 sperant
1281 2920 1338 2976 in
1398 2928 1471 2985 te,
1504 2921 1557 2974 in
1590 2930 1885 2989 conspectu

297 3006 535 3063 filiorum
584 3008 886 3075 hominum.
933 3006 1252 3067 Abscondes
1303 3026 1400 3067 eos
1455 3016 1510 3066 in
1566 3012 1885 3069 abscondito

296 3094 455 3153 faciei
492 3104 617 3165 tum,
649 3114 679 3153 a
716 3099 1127 3154 conturbatione
1156 3099 1456 3157 hominum.
1482 3102 1746 3174 Proteges
1788 3118 1885 3157 eos

293 3188 352 3243 in
390 3187 735 3246 tabernaculo
759 3197 871 3259 tuo,
905 3205 935 3245 a
965 3191 1394 3248 contradictione
1425 3192 1751 3264 linguarum.
1784 3191 1885 3250 Be-

294 3278 545 3336 nedictus
572 3278 875 3336 Dominus:
912 3283 1167 3351 quoniam
1215 3282 1529 3339 mirificavit
1574 3285 1884 3341 misericor-

1995 2089 2165 2159 iniqui
2188 2089 2599 2145 insurrexerunt
2631 2106 2795 2162 super
2821 2108 2908 2147 me
2942 2113 2956 2147 :
2994 2102 3049 2148 et
3076 2108 3344 2165 synagoga
3390 2102 3577 2164 poten-

1990 2178 2123 2232 tium
2150 2180 2481 2249 quaesierunt
2506 2181 2744 2236 animam
2770 2197 2947 2237 meam
2980 2203 2991 2237 :
3025 2193 3082 2239 et
3131 2200 3237 2239 non
3283 2199 3578 2257 proposue-

1988 2276 2116 2322 runt
2144 2276 2197 2324 te
2218 2270 2272 2324 in
2299 2280 2593 2341 conspectu
2624 2287 2742 2327 suo.
2772 2274 2839 2328 Et
2864 2282 2943 2338 tu,
2979 2274 3207 2331 Domine
3233 2275 3378 2332 Deus
3411 2280 3578 2333 mise-

1988 2366 2139 2413 rator
2166 2368 2223 2415 et
2246 2361 2574 2428 misericors,
2600 2364 2813 2433 patiens
2852 2374 2907 2419 et
2942 2365 3123 2421 multm
3157 2367 3574 2435 misericordim,

1987 2456 2041 2503 et
2064 2464 2249 2504 verax.
2277 2450 2509 2522 Respice
2538 2453 2592 2507 in
2622 2469 2730 2520 me,
2754 2462 2809 2508 et
2831 2454 3088 2510 miserere
3133 2456 3271 2521 mei,
3301 2458 3369 2511 da
3413 2458 3579 2527 impe-

1988 2536 2127 2592 rium
2158 2546 2309 2594 tuum
2334 2555 2503 2611 puero
2538 2550 2630 2595 tuo
2670 2558 2683 2594 :
2720 2550 2775 2596 et
2809 2542 3015 2599 salvum
3048 2544 3134 2600 fac
3168 2544 3336 2600 filium
3368 2546 3579 2601 ancillae

1986 2637 2111 2684 tuae.
2138 2629 2247 2685 Fac
2273 2646 2487 2687 mecum
2527 2634 2740 2704 signum
2774 2636 2831 2689 in
2878 2636 3099 2701 bonum,
3132 2647 3193 2692 ut
3229 2638 3450 2693 videant
3484 2638 3577 2708 qui

1984 2722 2219 2778 oderunt
2244 2736 2352 2790 me,
2382 2732 2439 2779 et
2460 2723 2865 2781 confundantur
2890 2746 2902 2781 :
2931 2728 3188 2797 quoniam
3221 2735 3298 2797 tu,
3328 2727 3576 2794 Domine,

1987 2816 2241 2887 adjuvisti
2271 2832 2359 2873 me
2382 2825 2436 2873 et
2461 2819 2775 2876 consolatus
2808 2836 2867 2876 es
2899 2837 3004 2877 me.

2061 2905 2128 2962 Ut
2164 2926 2345 2979 supra.
2400 2910 2513 2982 Ego
2560 2910 2701 2979 dixi,
2736 2911 2960 2969 Domine
3013 2914 3273 2971 miserere
3317 2915 3445 2971 mei.
3498 2914 3577 2971 Ne

1985 3000 2331 3070 derelinquas
2368 3017 2475 3065 me,
2498 3001 2744 3069 Domine,
2767 3004 2909 3059 Deus
2938 3021 3089 3061 meus
3120 3025 3132 3059 :
3168 3022 3234 3062 ne
3259 3008 3578 3062 discesseris

1984 3106 2014 3145 a
2050 3107 2155 3145 me.
2194 3090 2417 3147 Intende
2462 3093 2515 3147 in
2555 3091 2881 3163 adjutorium
2933 3111 3134 3161 meum,
3160 3095 3391 3151 Domine
3434 3096 3578 3152 Dens

1988 3180 2182 3237 salutis
2204 3197 2357 3237 meae.
2381 3181 2613 3255 Adjutor
2642 3200 2817 3252 meus,
2848 3194 2902 3240 et
2928 3194 3205 3256 protector
3230 3202 3403 3253 meus,
3429 3194 3487 3241 tu
3518 3202 3581 3244 es

1986 3273 2129 3330 Deus
2158 3291 2331 3343 meus,
2364 3291 2433 3331 ne
2460 3278 2781 3333 tardaveris.

294 3370 443 3426 diam
478 3385 632 3427 suam
661 3371 790 3427 mihi
831 3373 883 3427 in
909 3372 1129 3429 civitate
1153 3375 1379 3431 munita.
1408 3374 1522 3447 Ego
1547 3386 1730 3432 autem
1771 3377 1883 3435 dixi

2061 3366 2270 3424 Oratio.
2330 3368 2598 3439 Laetificat,
2656 3371 2912 3439 Domine,
2956 3372 3163 3428 vultum
3215 3373 3430 3430 familim
3472 3383 3579 3432 tua:

294 3462 355 3520 in
379 3478 607 3522 excessu
639 3465 837 3521 mentis
868 3481 1003 3522 mea:
1042 3485 1057 3520 :
1087 3467 1363 3539 projectus
1387 3484 1507 3523 sum
1535 3484 1566 3524 a
1592 3468 1735 3525 facie
1761 3486 1887 3525 ocu-

294 3559 472 3614 lorum
512 3567 748 3614 tuorum.
782 3558 909 3616 Ideo
935 3559 1203 3615 exaudiin
1228 3576 1419 3617 vocem
1439 3562 1702 3617 orationis
1728 3578 1881 3629 mem,

291 3648 426 3704 dum
452 3647 744 3706 clamarem
770 3650 835 3706 ad
872 3658 945 3705 te.
974 3651 1083 3723 76
1112 3649 1327 3725 Diligite
1363 3652 1671 3720 Dominum,
1695 3671 1886 3711 omnes

291 3740 471 3795 sancti
508 3738 667 3809 ejus:
705 3740 958 3812 quoniam
984 3742 1270 3799 veritatem
1319 3746 1562 3817 requiret
1601 3746 1881 3813 Dominus,

292 3838 351 3886 et
386 3830 650 3889 retribuet
687 3833 1027 3890 abundanter
1055 3834 1379 3892 facientibus
1413 3839 1741 3909 superbiam.
1795 3840 1886 3895 Vi-

293 3927 469 3987 riliter
498 3930 661 4002 agite,
687 3939 744 3987 et
769 3930 1105 3988 confortctur
1132 3948 1229 3989 cor
1252 3943 1491 3990 vestrum
1531 3954 1544 3990 :
1576 3950 1767 3992 omnes
1789 3938 1883 4008 qui

290 4024 527 4093 speratis
547 4024 603 4079 in
631 4024 875 4081 Domino.

278 4142 281 4143 ν
368 4109 436 4168 Ut
492 4130 673 4187 supra.
723 4114 837 4187 Ego
898 4115 1048 4184 dixi,
1098 4115 1366 4185 Domine,
1427 4121 1688 4177 miserere
1751 4122 1877 4178 mei.

291 4206 519 4274 Exaudi,
552 4208 726 4277 Deus,
754 4211 1052 4265 orationem
1090 4226 1264 4267 meam
1284 4254 1299 4279 ,
1328 4223 1384 4268 et
1434 4229 1503 4268 ne
1561 4214 1883 4286 despexeris

290 4300 728 4371 deprecationem
762 4316 937 4358 meam
974 4320 987 4357 :
1023 4302 1242 4358 intende
1277 4303 1430 4369 mihi,
1457 4313 1512 4360 et
1545 4307 1738 4362 exaudi
1771 4324 1878 4362 mc.

290 4390 519 4448 Domine
542 4393 737 4449 exaudi
759 4394 1059 4449 orationem
1088 4409 1286 4461 meam,
1314 4404 1365 4450 et
1394 4396 1599 4451 clamor
1626 4413 1778 4452 mens
1812 4399 1882 4452 ad

290 4492 345 4538 te
380 4483 580 4539 veniat.
618 4482 674 4539 ln
708 4499 1030 4555 quacunque
1055 4486 1142 4540 die
1180 4486 1509 4542 invocavero
1532 4489 1883 4554 te,velocitcr

288 4575 485 4630 exaudi
512 4589 618 4631 me.

362 4663 571 4721 Oratio.
628 4666 843 4723 Excelsi
893 4667 1013 4723 solii
1071 4678 1325 4741 regnator
1380 4672 1643 4728 immense
1707 4672 1871 4744 [ϐοά.

1991 3455 2145 3531 [ϐοά.
2175 3456 2327 3529 Reg.,
2363 3459 2567 3516 vultum
2595 3468 2747 3517 tuum
2795 3476 2962 3533 super
3009 3461 3267 3519 familiam
3296 3463 3489 3538 tuam],
3521 3476 3579 3521 et

1988 3564 2119 3603 erue
2141 3549 2351 3603 animas
2374 3559 2591 3605 nostras
2610 3566 2675 3607 ex
2699 3550 2911 3607 inferno
2936 3552 3201 3620 inferiori,
3217 3562 3276 3609 ut
3300 3555 3376 3610 tui
3396 3554 3581 3611 vultus

1986 3644 2444 3716 contemplatione
2483 3647 2733 3717 protecti,
2780 3645 3051 3705 desideria
3104 3649 3290 3704 carnis
3341 3648 3574 3721 spiritali

1985 3740 2353 3795 dominatione
2379 3740 2669 3796 calcemus.
2695 3741 2817 3797 Per.

2057 3830 2269 3885 Litam'a
2294 3840 2348 3885 ut
2376 3850 2556 3904 supra.

2055 3923 2168 3995 Ego
2191 3922 2335 3990 dixi,
2360 3923 2587 3979 Domine
2622 3923 2766 3981 Deus
2807 3942 2983 3993 meus,
3010 3928 3064 3984 in
3097 3936 3149 3983 te
3189 3930 3423 4001 speravi.
3464 3929 3578 3986 Sal-

1982 4034 2109 4073 vum
2137 4034 2225 4076 me
2256 4017 2342 4075 fac
2366 4033 2433 4074 ex
2460 4020 2710 4075 omnibus
2733 4022 3185 4094 persequentibus
3205 4039 3313 4089 me,
3329 4032 3383 4079 et
3404 4024 3576 4081 libera

1982 4126 2089 4166 me.
2139 4110 2219 4166 Ne.
2265 4111 2481 4182 quando
2529 4111 2705 4184 rapiat
2749 4121 2809 4166 ιιι
2838 4113 2920 4166 leo
2952 4114 3189 4168 animam
3223 4130 3422 4180 meam,
3448 4116 3576 4171 dum

1980 4216 2090 4256 non
2136 4209 2221 4256 est
2254 4201 2345 4270 qui
2381 4201 2633 4267 redimat,
2674 4217 2849 4272 neque
2893 4206 2984 4273 qui
3020 4203 3229 4260 salvum
3274 4206 3454 4261 faciat.
3495 4205 3575 4261 Tu

1984 4300 2196 4356 autem,
2225 4290 2562 4359 Domine,ne
2587 4292 2924 4363 elongaveris
2944 4295 3207 4350 auxilium
3224 4305 3371 4351 tuum
3403 4313 3432 4351 a
3456 4313 3572 4354 me:

1982 4383 2049 4438 ad
2072 4381 2444 4452 defensionem
2473 4398 2647 4438 meam
2673 4385 2940 4455 eonspice.
2966 4383 3177 4451 Judica,
3204 4386 3454 4453 Domine,
3480 4404 3576 4443 no-

1983 4483 2167 4529 centes
2206 4489 2326 4539 me,
2359 4488 2608 4545 expugna
2650 4474 3029 4548 impugnantes
3077 4492 3182 4533 me.
3219 4478 3576 4549 Appreliendc

1982 4585 2132 4624 arma
2160 4577 2215 4623 et
2237 4577 2471 4634 scutum,
2498 4577 2552 4623 et
2576 4584 2808 4641 exsurge
2839 4571 2891 4625 in
2917 4572 3245 4644 adjutorium
3282 4575 3435 4628 mihi.
3480 4575 3572 4629 Ef-

1982 4658 2148 4713 funde
2174 4656 2456 4721 frameam,
2476 4666 2530 4713 et
2557 4658 2819 4714 conclude
2850 4661 3113 4718 adversus
3150 4665 3372 4732 eos,qui
3395 4680 3577 4736 perse-

292 4755 444 4832 Reg.,
475 4768 728 4836 regnator
760 4760 1120 4833 reterne],qui
1138 4736 1431 4833 sperantes
1458 4765 1511 4819 in
1541 4776 1592 4820 te
1626 4742 1874 4821 damnari
1908 4736 1955 4796 θ
1980 4757 2220 4816 quum“?
2249 4763 2334 4803 me
2361 4765 2373 4798 ³
2409 4748 2495 4803 die
2530 4749 2725 4803 δηίηιίε
2756 4766 2922 4817 "me:
2949 4750 3108 4807 salus
3141 4759 3231 4806 ωδ
3268 4769 3369 4824 93°
3426 4772 3569 4809 sum-

287 4860 493 4907 attema
538 4851 855 4908 confusione
902 4869 1008 4907 non
1059 4855 1306 4926 pateris:
1338 4856 1506 4927 reple,
1531 4873 1875 4927 quaesumus,

290 4940 433 4995 labia
470 4950 654 4997 nostra
689 4941 869 5014 [laude
899 4942 1011 5016 tua]
1048 4954 1104 5000 et
1138 4945 1189 4998 in
1216 4943 1301 5000 his
1330 4962 1428 5001 nos
1452 4963 1667 5017 semper
1710 4951 1881 5004 medi—

286 5032 584 5088 tationibus
637 5036 901 5089 bonorum
951 5036 1253 5092 insinuator
1300 5054 1496 5093 exerce
1543 5039 1697 5111 [ϐοά.
1726 5041 1878 5112 Πινυη

283 5139 547 5184 exercere
573 5125 853 5199 digneris].
881 5126 1006 5181 Per.

904 5311 1245 5369 PSALMUS.

358 5465 541 5538 (PSAL.
578 5468 803 5534 uxxv.)
844 5480 867 5507 α
903 5467 1103 5523 lnclina
1147 5466 1375 5524 Domine
1401 5485 1587 5525 aurem
1619 5480 1796 5538 tuam,
1824 5483 1878 5529 et

283 5558 483 5615 exaudi
520 5572 608 5613 me
633 5576 645 5612 :
675 5559 929 5628 quoniam
964 5560 1118 5629 inops
1144 5570 1199 5614 et
1222 5577 1429 5631 pauper
1454 5579 1575 5617 sum
1604 5580 1724 5635 ego.
1774 5566 1877 5620 (ιιι-

284 5650 426 5707 stodi
449 5651 683 5705 animam
714 5665 912 5713 meam,
945 5652 1200 5721 quoniam
1234 5662 1456 5708 sanctus
1479 5670 1596 5708 sum
1626 5674 1637 5708 :
1668 5655 1873 5709 salvum

285 5741 373 5797 fac
401 5754 620 5795 servum
662 5750 813 5795 tuum
847 5740 988 5796 Dens
1023 5758 1176 5797 meus
1198 5752 1508 5815 sperantem
1542 5746 1595 5799 in
1626 5756 1697 5799 te.
1726 5747 1880 5803 Mise-

287 5848 414 5891 rere
435 5832 564 5899 mei,
593 5832 840 5899 Domine,
878 5836 1134 5903 quoniam
1169 5837 1234 5891 ad
1268 5847 1319 5893 te
1352 5838 1580 5894 clamavi
1616 5848 1727 5894 tota
1749 5841 1834 5896 die
1862 5860 1871 5894 :

360 5959 385 5987 ι
424 5943 570 6003 Loco
597 5947 783 6014 citato,
815 5962 937 6019 pag.
972 5947 1058 6001 $4.

1977 4842 2205 4895 Domine
2220 4848 2401 4896 averte
2419 4838 2611 4895 faciem
2634 4848 2778 4894 tuam
2804 4858 2833 4896 a
2859 4845 3101 4913 peccatis
3129 4845 3358 4911 meis,ct
3383 4861 3575 4903 omnes

1984 4935 2304 5003 iniquitates
2332 4949 2482 4988 meas
2507 4933 2642 4988 dele.
2658 4932 2765 4990 Cor
2781 4938 3179 4994 mnndnmcrca
3202 4937 3256 4992 in
3280 4954 3389 5005 me,
3406 4938 3569 5007 Deus,

1977 5040 2033 5084 et
2059 5031 2305 5098 spiritum
2340 5037 2547 5084 rectum
2600 5030 2797 5084 innova
2845 5031 2897 5083 in
2941 5032 3241 5088 visceribus
3286 5032 3446 5087 meis.
3492 5032 3571 5087 Ne

1977 5124 2235 5194 projieias
2262 5139 2347 5175 me
2383 5138 2413 5175 a
2442 5121 2579 5176 facie
2600 5114 2731 5187 tua;
2766 5131 2821 5175 et
2845 5121 3107 5191 Spiritum
3143 5134 3392 5181 sanctum
3421 5136 3571 5183 tuum

1981 5232 2049 5269 ne
2078 5215 2293 5270 auferas
2314 5230 2345 5269 a
2386 5230 2491 5267 me.
2535 5213 2721 5269 lledde
2752 5215 2884 5269 mihi
2916 5213 3160 5270 laetitiam
3187 5216 3440 5273 salutaris
3469 5218 3568 5285 tui,

1980 5320 2028 5365 cl
2054 5310 2248 5381 spiritu
2269 5310 2550 5382 principali
2580 5309 2843 5365 conﬁrma
2871 5325 2977 5365 me.
3007 5311 3170 5381 Eripe
3184 5324 3297 5377 me,
3322 5310 3567 5376 Domine,

1978 5403 2047 5456 ab
2078 5403 2296 5457 homine
2327 5403 2486 5467 malo,
2517 5419 2546 5456 a
2584 5404 2700 5457 viro
2728 5403 2917 5473 iniquo
2955 5405 3103 5474 eripe
3153 5418 3259 5458 mc.
3303 5401 3422 5457 Non
3466 5412 3575 5458 tra-

1979 5493 2097 5556 das,
2135 5491 2383 5557 Dominc,
2410 5493 2677 5547 desiderio
2718 5509 2837 5548 meo
2871 5493 3167 5564 peccatori,
3196 5493 3572 5564 cogitaverunt

1978 5592 2165 5636 contra
2194 5597 2280 5636 me
2312 5600 2324 5634 :
2360 5598 2426 5636 ne
2460 5583 2801 5652 derelinquas
2834 5599 2919 5638 me
2938 5628 2952 5649 ,
2973 5599 3049 5638 ne
3079 5582 3218 5639 forte
3241 5582 3565 5639 exaltentur.

1979 5671 2224 5736 Domine,
2258 5673 2566 5727 clamaviad
2598 5683 2670 5739 te,
2698 5675 2890 5729 exaudi
2909 5675 3248 5741 mc,intende
3272 5673 3389 5729 voci
3412 5688 3566 5738 mea,

1980 5780 2101 5817 cum
2132 5764 2436 5820 clamavcro
2482 5767 2548 5821 ad
2594 5776 2664 5820 te.
2720 5766 2996 5838 Dirigatur
3043 5769 3218 5823 oratio
3262 5782 3379 5823 mea
3428 5766 3568 5822 sicut

1982 5854 2260 5910 incensum
2291 5857 2343 5911 in
2374 5866 2661 5927 conspectu
2694 5867 2784 5914 tuo
2821 5874 2834 5911 :
2877 5860 3104 5916 elevatio
3134 5875 3390 5916 manuum
3425 5873 3570 5917 mec-
