4122 6550
611 334 721 391 5ιὸ

1441 334 1503 391 Β.
1542 333 1607 390 F.
1635 333 1865 391 ALBINI
1900 331 2033 392 SEU
2069 330 2349 390 ALCUINI
2384 329 2670 388 OPERUM
2706 327 2887 385 PARS
2919 328 3007 384 IV.

3791 322 3891 379 5η

611 472 736 513 rum
770 454 1093 512 sacriﬁcium
1125 453 1516 526 vespertinum.
1551 451 1721 520 Pone,
1754 451 2001 517 Domine,
2025 457 2204 506 custo-
2225 449 2276 507 Δ
2304 454 2358 502 et
2398 461 2507 503 non
2559 452 2647 503 est
2689 444 2900 502 sanitas
2927 445 2982 500 in
3012 458 3177 501 carne
3218 458 3361 500 mea.
3416 441 3648 513 Propter
3692 455 3891 499 nomen

612 545 759 605 diam
783 546 866 603 ori
888 561 1042 615 meo;
1079 554 1138 602 et
1162 546 1361 602 ostium
1394 544 1818 601 circumstantia:
1850 542 2008 599 labiis
2044 541 2199 597 meis.

613 638 733 697 Non
759 638 996 696 declines
1018 653 1115 694 cor
1138 652 1319 695 meum
1368 638 1425 693 in
1479 637 1644 694 verba
1690 637 1798 709 77
1848 636 2091 703 malitiae,
2136 635 2207 692 ad

614 728 957 788 excusandas
978 728 1362 785 excusationes
1388 728 1443 785 in
1460 729 1723 801 peccatis.
1751 726 1982 784 Domine
2007 725 2205 784 exaudi

2303 545 2479 604 tuum,
2507 536 2759 600 Domine,
2788 535 3172 607 propitiaberis
3196 542 3422 606 peccato
3470 549 3593 589 meo
3620 552 3633 587 :
3665 531 3891 586 multum

2303 639 2390 687 est
2417 630 2587 687 enim.
2618 629 2831 686 Delicta
2877 631 3001 702 quis
3044 629 3343 703 intelligit?
3368 627 3438 686 ab
3479 628 3713 685 occultis
3758 627 3895 683 meis

2302 723 2506 780 munda
2532 737 2622 781 me
2648 741 2662 778 :
2694 730 2753 780 et
2786 721 2858 779 ab
2895 722 3092 779 alienis
3115 738 3282 794 parce
3306 737 3468 779 servo
3514 730 3628 778 tuo.
3686 719 3893 777 Delicta

612 822 923 881 cntionem
978 836 1191 887 meam,
1245 820 1466 876 auribus
1508 820 1726 892 percipe
1774 816 2206 876 obsecrationem
2297 815 2603 889 iuventutis
2626 831 2784 884 mete,
2803 824 2860 873 et
2887 816 3223 889 ignorantias
3268 830 3423 874 meas
3451 830 3521 872 ne
3548 813 3892 873 memineris.

616 929 797 971 meam
830 912 887 970 in
912 912 1144 968 veritate
1169 919 1284 978 tua,
1308 910 1504 967 exaudi
1530 925 1618 966 me
1647 910 1703 967 in
1744 918 1837 965 tua
1869 907 2102 978 iustitia.
2140 907 2211 964 Et

617 1018 729 1061 non
754 1005 924 1061 intres
946 1004 1003 1061 in
1017 1003 1228 1077 iudicio
1256 1017 1382 1059 cum
1412 1016 1573 1058 servo
1599 1008 1694 1057 tuo
1720 1019 1734 1056 :
1759 1000 1889 1072 quia
1922 1014 2030 1055 non
2052 998 2212 1071 iusti-

618 1094 870 1154 ficabitur
890 1097 945 1154 in
968 1107 1265 1168 conspectu
1286 1102 1383 1153 tuo
1402 1093 1581 1149 omnis
1608 1093 1817 1147 vivens.
1843 1089 2096 1148 Auditam
2121 1088 2210 1146 fac

615 1187 750 1245 mihi
780 1202 942 1244 mane
970 1184 1398 1243 misericordiam
1448 1190 1595 1240 tuam
1613 1225 1629 1249 ,
1652 1183 1778 1255 quia
1810 1182 1865 1237 in
1892 1189 1946 1237 te
1970 1178 2206 1251 speravi.

616 1280 812 1337 Notam
855 1278 944 1337 fac
972 1278 1108 1335 mihi
1131 1277 1277 1333 viam
1312 1276 1366 1332 in
1404 1290 1513 1347 qua
1559 1275 1850 1340 ambulem.
1879 1273 2007 1346 quia
2035 1270 2104 1329 ad
2156 1279 2211 1329 te

615 1372 792 1429 levavi
820 1372 1061 1428 animam
1096 1383 1296 1425 meam.
1329 1366 1491 1438 Eripe
1537 1381 1624 1423 me
1668 1365 1737 1425 de
1771 1364 2007 1423 inimicis
2046 1361 2206 1429 meis,

617 1465 871 1532 Domine,
892 1464 961 1521 ad
991 1472 1045 1520 te
1078 1461 1294 1536 confugi
1332 1479 1346 1517 :
1384 1461 1519 1518 doce
1546 1476 1637 1521 me
1671 1458 1853 1517 facere
1877 1459 2210 1515 voluntatem

619 1566 794 1626 tuam,
819 1556 947 1630 quia
970 1554 1115 1613 Deus
1135 1570 1292 1611 meus
1313 1569 1376 1612 es
1396 1562 1476 1611 tu.
1506 1552 1742 1626 Spiritus
1767 1560 1893 1609 tuus
1912 1550 2090 1608 bonus
2123 1549 2212 1606 de-

616 1650 783 1706 ducet
808 1662 899 1705 me
924 1648 981 1703 in
1011 1654 1156 1704 terra
1189 1653 1375 1714 recta,
1395 1653 1621 1717 prepter
1666 1658 1867 1701 nomen
1915 1650 2068 1698 tuum
2110 1639 2213 1697 Do-

618 1739 808 1794 mine:
847 1735 1150 1794 vivilicabis
1198 1750 1289 1793 me
1341 1736 1400 1792 in
1446 1734 1704 1805 aequitate
1755 1742 1864 1790 tua.
1892 1733 2105 1790 Educes
2143 1732 2211 1788 de

2306 906 2617 965 Secundqu
2671 907 3104 965 misericordiam
3153 918 3301 965 tuam
3349 916 3625 966 memento
3673 908 3787 964 mei
3817 914 3896 972 tu.

2304 1006 2527 1072 propter
2538 1000 2839 1058 bonitatem
2851 1008 3019 1067 tuam,
3039 1001 3291 1059 Domine.
3305 1000 3568 1059 Miserere
3579 1001 3714 1067 mei,
3730 1000 3895 1062 Deus.

2306 1092 2606 1149 secundum
2635 1108 2888 1165 magnam
2931 1092 3365 1151 misericordiam
3391 1100 3569 1161 tuam,
3620 1090 3749 1151 dele
3800 1090 3898 1147 ini-

2307 1183 2575 1257 quitatem
2603 1198 2803 1240 meam.

2797 1294 3059 1354 ORATIO
3105 1294 3415 1353 METRICA

2522 1384 2805 1445 AURELII
2841 1386 3215 1444 PRUDENTII
3250 1385 3660 1446 CLEMENTIS.

2308 1501 2355 1562 ο
2372 1503 2487 1563 Dee
2512 1503 2892 1574 cunctipotens
2918 1502 3118 1558 anima:
3146 1501 3326 1570 dator,
3358 1517 3394 1560 o
3412 1500 3526 1560 Dee
3544 1500 3773 1560 Christe

2310 1594 2479 1665 Cujus
2503 1595 2573 1651 ab
2593 1609 2691 1652 ore
2714 1594 2860 1652 Deus
2879 1595 3135 1653 subsistit
3158 1593 3384 1666 spiritus
3411 1608 3576 1659 unus,

2312 1688 2391 1747 Te
2416 1690 2738 1746 moderante
2758 1705 2941 1763 regor,
2967 1696 3025 1746 te
3051 1690 3219 1746 vitam
3248 1688 3494 1760 principe
3519 1688 3660 1753 duco
3685 1705 3700 1742 :

618 1779 2209 1895 an;.;.;;';:.:.;:.;;.;;mtz:sanguine
2235 1803 2284 1865 ε
2312 1780 2815 1895 gemmas
2845 1780 3088 1895 sseae,
3102 1779 3579 1895 :e_i_‘{di°f

616 1918 814 1991 perdes
836 1917 1087 1976 inimicos
1111 1933 1278 1977 meos.
1297 1919 1365 1976 Et
1392 1918 1592 1991 perdes
1614 1933 1827 1985 omnes,
1841 1915 1934 1988 qui
1950 1915 2212 1972 tribulant

616 2008 861 2066 animam
888 2023 1091 2076 meam,
1118 2010 1380 2081 quoniam
1408 2023 1508 2082 ego
1535 2023 1727 2065 servus
1752 2016 1879 2064 tuus
1921 2021 2063 2063 sum.
2111 2004 2216 2062 Do-

618 2100 769 2158 mine
792 2099 990 2158 exaudi
1010 2101 1315 2158 orationem
1338 2116 1539 2169 meam,
1559 2109 1616 2156 et
1639 2099 1847 2157 clamor
1878 2115 2035 2157 meus
2055 2099 2126 2155 ad
2155 2106 2213 2155 te

616 2194 824 2251 veniat.
842 2192 1103 2252 Miserere
1118 2194 1246 2261 mei,
1262 2192 1426 2262 Deus,
1447 2193 1749 2251 secundum
1769 2207 2024 2264 magnam
2035 2198 2141 2249 etc.
2158 2203 2209 2247 ι.

923 2306 1182 2366 ORATIO
1214 2306 1462 2366 SANCTI
1496 2305 1893 2365 AUGUSTINI.

684 2416 812 2477 Tibi
838 2419 965 2488 soli,
990 2418 1245 2487 Domine,
1267 2404 1513 2491 peccavi,
1542 2419 1675 2492 quia
1718 2416 1899 2476 nullus
1926 2417 2209 2475 hominum

622 2512 744 2570 sine
766 2519 993 2585 peccato
1021 2529 1036 2567 :
1077 2519 1135 2569 et
1156 2511 1281 2568 ideo
1309 2512 1408 2569 tibi
1428 2511 1528 2569 soli
1556 2512 1802 2584 peccavi,
1826 2512 1957 2583 quia
1985 2518 2043 2566 tu
2063 2510 2212 2567 solus

622 2618 685 2660 es
708 2602 829 2659 sine
848 2609 1096 2674 peccato.
1122 2601 1224 2669 Da,
1252 2601 1502 2671 Domine,
1534 2602 1967 2660 misericordiam
1986 2602 2210 2669 misero,

621 2693 717 2766 qui
739 2693 925 2749 tandiu
953 2693 1243 2765 pepercisti
1270 2693 1586 2750 criminose.
1616 2692 1815 2766 Aspice
1838 2692 1908 2750 ad
1935 2692 2212 2751 infelicem

621 2785 800 2857 pietas
827 2784 1115 2842 immensa.
1146 2784 1379 2857 Respice
1413 2786 1691 2843 crudelem
1714 2786 2090 2844 misericordia
2116 2802 2214 2858 pu-

623 2876 789 2933 blica.
823 2874 975 2933 Pene
995 2874 1318 2947 desperatus
1344 2876 1415 2933 ad
1433 2878 1869 2949 omnipotentem
1892 2878 2073 2945 venio,
2101 2877 2214 2933 vul-

623 2973 850 3022 neratus
878 2965 950 3023 ad
993 2965 1266 3022 medicum
1290 2981 1473 3023 curro.
1504 2965 1675 3024 Serva
1695 3008 1712 3036 ,
1746 2966 1975 3025 Domine
2000 3008 2015 3035 ,
2043 2968 2216 3039 pieta-

625 3064 735 3114 tem
759 3057 1192 3114 mansuetudinis
1216 3099 1233 3123 ,
1261 3058 1354 3129 qui
1386 3057 1573 3115 tandiu
1616 3059 1947 3131 suspendisti
1977 3059 2214 3133 gladium

2312 1875 2477 1948 Spem
2506 1876 2666 1947 capio
2694 1875 2833 1943 fore,
2864 1874 3128 1947 quidquid
3156 1890 3280 1947 ago,
3329 1873 3605 1932 veniabile
3634 1872 3783 1944 apud
3830 1880 3903 1937 te,

2310 1967 2623 2037 Quamlth
2648 1966 2933 2041 indignum
2958 1967 3143 2035 venia,
3177 1966 3485 2038 faciamque
3507 1965 3838 2036 loquarque,

2310 2059 2610 2128 Conﬁteor,
2640 2060 2852 2117 dimitte
2869 2058 3070 2126 libens,
3095 2066 3154 2115 et
3173 2072 3339 2129 parce
3363 2056 3580 2114 fatenti.

2310 2151 2487 2211 Omne
2503 2152 2712 2208 malum
2741 2150 2943 2219 merui,
2963 2150 3061 2208 sed
3089 2158 3169 2217 tu,
3192 2149 3371 2216 bonus
3391 2149 3618 2215 arbiter,
3642 2145 3809 2203 aufer

2311 2243 2468 2313 Quod
2484 2244 2696 2311 merui;
2722 2241 2947 2299 meliora
2974 2240 3164 2297 favens
3184 2240 3384 2314 largire
3415 2237 3688 2311 precanti.

2309 2334 2463 2393 Dona
2490 2334 2689 2391 animae
2714 2331 3039 2405 quandoque
3086 2345 3245 2397 meae,
3292 2345 3420 2388 cum
3445 2328 3698 2401 corporis
3746 2324 3908 2394 huius

2311 2427 2427 2501 78
2447 2424 2697 2498 Liquerit
2718 2423 3038 2496 hospitium,
3052 2422 3263 2488 nervis,
3286 2428 3433 2487 cute,
3462 2420 3760 2493 sanguine,
3782 2417 3906 2476 felle

2312 2518 2387 2576 Os
2410 2517 2514 2576 sibi
2529 2523 2865 2574 exstructum
2892 2520 3145 2584 corrupta
3170 2513 3312 2584 quod
3334 2512 3511 2569 incola
3539 2510 3672 2567 luxu

2312 2607 2431 2667 Heu
2458 2608 2690 2665 nimium
2716 2605 2998 2678 complexa
3021 2603 3189 2670 fovet,
3217 2619 3341 2659 cum
3360 2602 3556 2659 ﬁebilis
3584 2602 3722 2658 hora

2311 2701 2583 2760 Clauserit
2597 2700 2699 2756 hos
2723 2698 2909 2765 orbes,
2937 2704 2995 2754 et
3021 2695 3365 2753 conclamata
3381 2695 3588 2768 iacebit

2312 2793 2591 2859 Materies,
2616 2790 2898 2862 oculisque
2918 2790 3036 2846 suis
3054 2803 3212 2845 mens
3241 2786 3384 2843 nuda
3406 2786 3640 2850 fruetur.

2311 2882 2393 2941 Ne
2412 2889 2604 2941 cernat
2623 2880 2991 2938 truculentum
3013 2878 3251 2951 aliquem
3263 2877 3332 2937 de
3343 2883 3507 2950 gente
3524 2875 3803 2933 latronum

2293 2974 2608 3041 immitem,
2634 2971 2908 3039 rabidum,
2931 2970 3194 3042 vultuque
3212 2976 3270 3026 et
3295 2981 3427 3025 voce
3448 2967 3746 3033 minacem,

2314 3064 2663 3132 Terribilem,
2683 3064 2776 3135 qui
2797 3077 2885 3119 me
2908 3061 3246 3118 maculosum
3271 3059 3561 3132 aspergine
3580 3073 3806 3115 morum

625 3148 871 3206 ultionis.
902 3147 1034 3206 Dele
1073 3151 1520 3209 numerositatem
1550 3151 1842 3210 criminum
1870 3153 2215 3212 multitudine
2239 3167 2289 3233 ο
2317 3158 2376 3214 in
2395 3170 2638 3229 praeceps
2662 3162 2727 3211 ut
2741 3155 2922 3226 praedo
2940 3151 3142 3219 trahat,
3168 3150 3452 3224 nigrisque
3472 3156 3727 3205 ruentem

625 3240 1144 3298 misericordiarum.
1175 3282 1193 3298 .
1236 3283 1251 3297 .
1284 3241 1388 3299 Hic
1403 3243 1663 3300 nonnulla
1683 3243 1893 3301 desunt.

697 3329 891 3402 Etego
918 3329 989 3387 ad
1040 3338 1116 3398 te,
1147 3330 1400 3401 Domine,
1450 3334 1703 3402 clamavi,
1753 3345 1808 3393 et
1832 3352 1994 3394 mane
2039 3338 2217 3397 oratio

632 3434 756 3476 mea
782 3420 1082 3491 praeveniet
1104 3429 1179 3479 te.
1212 3422 1285 3481 Ut
1309 3425 1439 3496 quid
1472 3466 1491 3494 ,
1520 3426 1771 3496 Domine,
1817 3429 2035 3501 repellis
2089 3446 2216 3487 ora-

630 3512 837 3569 tionem
879 3527 1057 3568 meam
1075 3554 1091 3580 ,
1119 3516 1325 3572 avertis
1371 3515 1569 3574 faciem
1598 3525 1749 3574 tuam
1778 3534 1809 3575 a
1840 3520 1976 3576 me?
2005 3520 2221 3592 Pauper

629 3619 755 3662 sum
775 3619 899 3678 ego,
921 3614 978 3661 et
996 3606 1051 3660 in
1075 3604 1351 3665 laboribus
1382 3624 1415 3664 a
1435 3607 1725 3679 iuventute
1749 3626 1873 3669 mea
1905 3630 1919 3667 :
1949 3613 2218 3671 exaltatus

629 3702 814 3750 autem
837 3734 853 3760 ,
881 3693 1198 3751 humiliatus
1250 3703 1309 3753 et
1348 3699 1725 3756 conturbatus.
1756 3698 1817 3755 In
1867 3715 1957 3762 me
1983 3702 2211 3759 transis.

630 3792 763 3841 runt
800 3785 895 3841 irae
919 3793 1063 3841 tum:
1115 3796 1174 3843 et
1197 3794 1437 3846 terrores
1486 3791 1568 3846 tui
1595 3791 2062 3849 conturbaverunt
2106 3808 2216 3850 me.

631 3876 1120 3935 Circumdederunt
1143 3895 1233 3938 me
1250 3882 1396 3939 sicut
1417 3897 1557 3954 aqua
1578 3890 1691 3940 tota
1712 3884 1825 3951 die,
1848 3884 2221 3944 circumdede-

632 3978 763 4027 runt
792 3985 881 4028 me
901 3972 1079 4028 simul.
1097 3972 1377 4047 Elongasti
1403 3990 1537 4033 ame
1557 3976 1791 4032 amicum
1818 3985 1874 4032 et
1884 3976 2217 4047 proximum,

634 4068 692 4118 et
718 4068 878 4119 notos
902 4076 1054 4119 meos
1082 4077 1114 4119 a
1137 4064 1380 4120 miseria.

708 4152 915 4209 Oratio.
935 4155 1266 4226 Redemptor
1275 4157 1542 4226 omnium,
1564 4154 1955 4228 ineffabilisque
1971 4157 2221 4215 Salvator

636 4245 802 4316 Deus,
824 4247 916 4319 qui
944 4262 1046 4320 pro
1096 4248 1255 4304 nobis
1306 4247 1518 4307 inferna
1562 4258 1889 4321 penetrans,
1956 4251 2129 4307 {acuis
2158 4264 2220 4306 es

636 4338 784 4395 inter
832 4347 1079 4397 mortuos
1120 4339 1303 4399 liber:
1337 4342 1537 4398 exaudi
1588 4344 1913 4399 matutinam
1948 4358 2167 4413 precem
2201 4361 2213 4397 :

636 4428 925 4497 miserere,
950 4428 1203 4499 Domine,
1231 4429 1450 4489 familia
1474 4474 1490 4501 ,
1518 4440 1577 4489 et
1623 4448 1755 4489 erue
1784 4449 1886 4488 nos
1914 4434 1983 4489 ab
2010 4433 2219 4491 inimici

639 4519 951 4579 insidiantis
975 4522 1213 4594 pessima
1242 4525 1523 4582 servitute.
1553 4525 1677 4582 Per.

707 4616 832 4672 Alia
854 4617 1044 4673 oratio.
1102 4616 1285 4671 Palma
1316 4617 1482 4673 totius
1528 4617 1881 4675 beatitudinis
1905 4617 2073 4683 Deus,
2119 4617 2215 4688 qui

640 4695 828 4768 ﬁdeles
854 4717 1000 4778 tuos,
1022 4716 1086 4767 ut
1112 4709 1167 4766 in
1195 4710 1315 4782 lege
1342 4717 1434 4765 tua
1463 4709 1763 4777 ambulent,
1785 4711 2097 4767 testimonia
2125 4719 2217 4766 tua

639 4809 953 4862 scrutentur
978 4844 995 4871 ,
1022 4802 1278 4859 mandata
1324 4794 1669 4868 custodiant,
1698 4799 1933 4857 salubris
1971 4801 2222 4872 provisor

643 4896 945 4954 informas:
990 4897 1230 4953 concede
1274 4894 1433 4951 nobis
1471 4892 1893 4963 iustificationes
1939 4904 2061 4951 tuas
2105 4903 2221 4949 toto

638 4990 805 5047 corde
828 5005 1093 5062 quarere,
1121 4988 1337 5062 eloquia
1378 4988 1704 5059 intelligere,
1732 4987 1998 5044 mirabilia
2026 4987 2222 5058 prmdi—

640 5096 805 5140 care:
832 5090 894 5137 ut
930 5081 1025 5152 qui
1070 5080 1337 5137 hactenus
1379 5079 1535 5150 quasi
1573 5080 1799 5149 perditm
1849 5094 1979 5134 oves
2022 5077 2226 5133 erravi-

645 5192 791 5243 mus,
813 5176 922 5231 tuis
945 5175 1051 5248 piis
1086 5174 1331 5232 humeris
1367 5173 1582 5230 restitui
1610 5173 1862 5244 paradiso
1908 5171 2217 5244 gloriemur.

647 5267 773 5324 Per.
1220 5321 1223 5324 .

716 5358 930 5416 Litania
948 5369 1011 5416 ut
1036 5376 1216 5433 supra.

715 5472 888 5541 Deus,
938 5474 1210 5546 propitius
1263 5480 1384 5531 esto
1437 5474 1573 5531 mihi
1622 5475 1917 5547 peccatori.
1966 5472 2221 5540 Domine,

646 5567 910 5624 miserere
952 5570 1085 5635 mei,
1114 5583 1247 5625 sana
1291 5568 1531 5624 animam
1575 5583 1753 5626 meam
1780 5608 1795 5634 ,
1824 5567 1951 5639 quia
2003 5566 2223 5637 peccavi

648 5663 767 5720 tibi.
800 5662 1067 5730 Quoniam
1095 5659 1263 5717 lumbi
1314 5662 1419 5717 mei
1451 5660 1656 5733 impleti
1701 5668 1827 5719 sunt
1853 5659 2220 5729 illusionibus,

724 5816 747 5846 ι
773 5796 872 5859 llic
896 5802 1079 5861 deﬁcit
1099 5798 1219 5858 cod.
1244 5813 1346 5855 ms.
1373 5796 1500 5867 Reg.

2315 3250 2607 3322 [inmergat
2631 3246 2903 3319 specubus
2922 3250 3118 3301 cuncta
3142 3249 3436 3299 exacturus
3466 3239 3533 3294 ad
3554 3253 3733 3308 usque

2316 3340 2687 3410 Quadrantem
2710 3336 2998 3393 minimum
3017 3334 3294 3390 damnosae
3315 3330 3497 3386 debita
3518 3328 3662 3383 vitae.

2318 3430 2484 3488 Multa
2511 3430 2567 3485 in
2595 3426 2868 3485 thesauris
2890 3425 3063 3498 patris
3088 3431 3175 3481 est
3195 3420 3484 3487 habitatio,
3513 3417 3766 3487 Christe.

2316 3521 2639 3595 Disparibus
2662 3526 2874 3577 secreta
2893 3517 3048 3574 locis.
3080 3515 3201 3571 Non
3228 3529 3396 3587 posco
3423 3515 3582 3569 beata

2315 3616 2375 3673 In
2397 3614 2621 3688 regione
2652 3612 2895 3678 domum,
2917 3610 3031 3666 sint
3045 3608 3154 3664 illic
3176 3615 3364 3664 castra
3395 3606 3656 3661 virorum.

2315 3707 2571 3780 Amina,
2592 3704 2910 3777 pulvereum
2936 3716 3058 3773 quae
3090 3700 3438 3773 dedignantia
3465 3711 3692 3755 censum

2319 3796 2553 3853 Divitias
2575 3796 2784 3869 petiere
2799 3800 2943 3860 tuas,
2966 3792 3041 3848 sit
3063 3790 3197 3848 ﬂore
3219 3788 3448 3862 perenni

2318 3887 2562 3945 Candida
2587 3886 2872 3958 virginitas
2898 3884 3142 3939 animum
3160 3888 3397 3937 castrata
3427 3880 3683 3937 recisum.

2316 3980 2389 4036 At
2412 3980 2547 4036 mihi
2570 3979 2796 4034 tartarei
2822 3978 2955 4033 satis
2984 3984 3073 4034 est
3090 3979 3139 4033 si
3168 3976 3317 4032 nulla
3344 3975 3582 4031 ministri

2317 4070 2583 4129 Occurrat
2610 4069 2799 4135 facies,
2836 4069 3011 4125 avidae
3039 4082 3144 4125 nec
3177 4066 3393 4124 flamma
3419 4066 3685 4139 gehennm

2318 4164 2553 4221 Devoret
2574 4162 2716 4218 hanc
2741 4176 3009 4227 animam,
3044 4175 3285 4217 mersam
3321 4157 3636 4215 fornacibus
3672 4154 3801 4211 imis

2320 4253 2472 4320 Esto,
2498 4267 2823 4319 cavernoso,
2851 4254 2980 4323 quia
3001 4251 3088 4330 sic
3112 4266 3213 4323 pro
3234 4250 3369 4307 labet
3388 4264 3616 4306 necesse
3636 4256 3726 4305 est

2319 4344 2615 4415 Corporea,
2648 4343 2826 4398 tristis
2862 4357 2950 4398 me
2972 4342 3196 4397 sorbeat
3216 4340 3356 4413 ignis
3380 4339 3619 4396 Averno.

2323 4435 2521 4492 Statim
2545 4434 2799 4492 mitiﬁcos
2834 4431 3087 4489 incendia
3108 4431 3260 4488 lenta
3290 4444 3521 4501 vapores

2240 4525 2294 4589 ι)
2319 4526 2611 4591 Exhalent,
2642 4532 2886 4593 :estuque
2906 4522 3057 4579 calor
3075 4520 3366 4593 languente
3388 4523 3651 4590 tepescat.

2318 4618 2439 4677 Lux
2472 4618 2738 4673 immensa
2772 4614 2930 4680 alios,
2952 4620 3010 4670 et
3030 4621 3274 4683 tempora
3304 4611 3490 4681 iuncta
3514 4608 3732 4665 coronis

2320 4708 2619 4775 Gloriﬁcet,
2644 4723 2734 4765 me
2754 4722 2917 4779 paena
2950 4705 3087 4761 levis
3113 4704 3411 4760 clementer
3443 4701 3657 4756 adurat.

2643 4820 2779 4878 Item
2813 4836 2988 4893 preces
3009 4817 3074 4873 de
3096 4816 3368 4872 charitatis
3397 4813 3555 4869 dono.

2393 4916 2623 4986 Diligam
2646 4922 2723 4981 te,
2748 4913 2996 4979 Domine,
3026 4908 3286 4967 fortitudo
3312 4923 3454 4963 mea.

2904 5013 2982 5067 De
3007 5010 3165 5066 laude
3197 5007 3313 5064 Dei.

2392 5108 2719 5166 Benedicam
2768 5103 3058 5161 Dominum
3087 5103 3143 5157 in
3185 5097 3335 5157 omni
3369 5105 3611 5169 tempore
3648 5117 3660 5152 :
3691 5112 3899 5167 semper

2321 5202 2440 5258 laus
2474 5200 2593 5271 eius
2623 5201 2680 5255 in
2708 5213 2803 5254 ore
2838 5212 2981 5253 meo.

2985 5282 3094 5339 Pro
3128 5282 3254 5353 ﬁde.

2401 5381 2629 5439 Domine
2655 5392 2791 5452 auge
2814 5377 2971 5435 nobis
2994 5375 3177 5431 ﬁdem.

3003 5466 3109 5521 Pro
3133 5483 3240 5539 spe.

2401 5564 2607 5622 Exaudi
2637 5578 2738 5620 nos
2782 5561 2955 5632 Deus,
2989 5558 3243 5616 salutaris
3267 5567 3474 5629 uoster,
3501 5570 3627 5630 spes
3660 5552 3901 5614 omnium

2329 5659 2520 5716 ﬁnium
2552 5666 2728 5716 term.
