4122 6606
799 578 907 637 Pro
932 568 1171 636 custodia
1196 577 1313 633 Dei.

338 674 563 733 Custodi
592 689 704 741 me,
736 674 987 739 Domine,
1010 682 1070 729 ut
1102 672 1361 744 pupillam
1385 669 1530 728 oculi
1561 689 1575 725 :
1606 666 1709 725 sub
1734 682 1857 722 um-

305 781 369 823 ra
395 766 604 825 alarum
634 772 852 823 tuarum
874 775 1100 837 protege
1121 778 1244 820 nos.

801 853 911 910 Pro
952 854 1306 911 conuersione.

341 947 572 1004 Domine
597 988 614 1014 ,
651 946 865 1003 dimitte
909 961 1035 1014 me,
1083 955 1148 1002 ut
1191 944 1487 1017 reirigerer
1540 943 1860 1016 priusquam

269 1042 486 1110 abeam,
512 1050 571 1099 et
590 1041 823 1113 amplius
860 1056 968 1097 non
1001 1055 1119 1096 ero.

836 1129 947 1187 Pro
973 1131 1303 1202 fortitudine.

336 1224 739 1283 Fortitudinem
788 1239 968 1279 meam
994 1222 1064 1279 ad
1096 1230 1150 1277 te
1172 1221 1503 1285 custodiam,
1536 1221 1665 1291 quia
1714 1218 1859 1275 Deus

269 1325 556 1389 susceptor
578 1330 734 1373 meus
758 1333 773 1369 :
802 1314 948 1371 Deus
972 1327 1148 1381 meus,
1177 1310 1554 1369 misericordia
1582 1310 1704 1382 ejus
1727 1324 1861 1381 pra:-

269 1406 458 1466 veniet
481 1421 593 1465 me.

862 1490 970 1549 Pro
993 1496 1169 1567 gratia
1189 1494 1309 1551 Dei.

339 1586 711 1647 Misericordia
766 1594 859 1644 tua
883 1587 1182 1658 praeveniet
1220 1600 1331 1649 me,
1388 1592 1446 1641 et
1480 1583 1859 1639 misericordia

269 1691 364 1741 tua
387 1682 752 1753 subseqnatur
777 1696 867 1738 me
891 1681 1147 1738 omnibus
1183 1680 1375 1736 diebus
1403 1678 1531 1735 vita
1559 1688 1715 1734 mea.

805 1768 918 1827 Pro
945 1781 1178 1827 extremo
1208 1768 1316 1824 die.

339 1862 609 1933 Quoniam
630 1871 688 1919 tu
715 1876 777 1920 es
801 1869 1074 1935 protector
1095 1876 1273 1927 meus,
1300 1859 1553 1928 Domine,
1580 1859 1637 1915 in
1664 1874 1859 1916 manus

269 1962 392 2010 uias
415 1952 810 2010 commendabo
833 1952 1085 2023 spiritum
1114 1965 1318 2007 meum.

836 2059 950 2116 Pro
984 2062 1291 2117 tentatione.

338 2157 481 2213 Erue
508 2196 525 2224 ,
555 2155 811 2222 Domine,
839 2170 872 2211 a
906 2154 1116 2212 framea
1163 2155 1405 2211 animam
1437 2169 1615 2213 meam
1642 2174 1656 2211 :
1688 2163 1747 2213 et
1786 2157 1856 2216 de

262 2259 432 2304 manu
465 2248 624 2304 canis
657 2247 878 2304 unicam
908 2262 1108 2302 meam.

335 2339 381 2395 0
403 2339 654 2406 Domine,
692 2338 861 2396 libera
898 2339 1137 2395 animam
1172 2354 1375 2405 meam,
1412 2338 1729 2397 misericors
1756 2338 1860 2396 Do-

265 2431 472 2501 minus,
499 2440 552 2488 et
576 2433 782 2507 justus,
814 2439 872 2489 et
898 2431 1046 2489 Deus
1059 2440 1249 2489 noster
1273 2434 1582 2490 miseretur.

826 2520 938 2578 Pro
960 2523 1157 2579 visione
1182 2522 1303 2579 Dei.

337 2614 512 2671 Unam
544 2615 678 2686 petii
702 2630 736 2671 a
771 2614 1026 2682 Domino,
1056 2614 1200 2671 hanc
1247 2615 1566 2685 requiram;
1598 2623 1662 2671 nt
1704 2614 1858 2671 inha-

264 2705 435 2763 bitem
480 2708 538 2762 in
564 2706 725 2763 domo
753 2706 971 2763 Domini
1001 2707 1255 2763 omnibus
1290 2707 1483 2764 diebus
1528 2708 1656 2763 vita:
1697 2723 1852 2764 mem.

268 2800 337 2859 Ut
364 2799 574 2854 videam
615 2798 946 2855 voluntatem
972 2796 1085 2871 [L.,
1110 2796 1469 2871 voluptatem]
1503 2796 1746 2865 Domini,
1799 2809 1860 2856 et

267 2892 483 2950 visitem
513 2892 773 2963 templum
814 2889 953 2962 ejus.
991 2890 1146 2949 Beati
1188 2893 1283 2964 qui
1318 2891 1570 2948 habitant
1604 2893 1662 2949 in
1693 2893 1858 2951 domo

266 2993 382 3054 tua,
415 2984 667 3052 Domine,
692 2985 750 3040 in
776 2982 975 3041 saecula
1001 2984 1321 3040 saeculorum
1346 2984 1644 3041 laudabunt
1669 2994 1743 3043 te.

768 3098 1027 3158 ORATIO
1047 3098 1349 3156 ALCUlNl.

264 3171 346 3228 De
373 3172 638 3245 agnitione
665 3244 670 3245 γ
694 3171 810 3239 Dei,
836 3182 897 3245 et
944 3170 1275 3245 indulgentia
1320 3171 1638 3245 delictorum
1663 3216 1679 3236 ,
1710 3184 1763 3231 et
1791 3174 1858 3230 de

509 3244 776 3315 ereptione
807 3241 1135 3298 diuersarum
1174 3241 1599 3299 tribulationum.

273 3343 283 3353 ‘
336 3347 365 3377 ι
396 3311 654 3394 Miserere
679 3335 932 3401 Domine,
963 3335 1227 3392 miserere
1257 3333 1478 3392 Christe
1504 3355 1518 3389 :
1550 3344 1608 3391 tu
1650 3337 1860 3393 miseri—
1883 3311 1931 3379 ο

274 3427 466 3486 cordia
486 3442 634 3495 mea,
660 3427 928 3484 miserere
948 3427 1110 3482 mihi.
1137 3426 1399 3484 Miserere
1419 3427 1671 3495 Domine,
1687 3430 1859 3486 mise-

266 3535 392 3577 rere
416 3518 632 3577 Christe
659 3538 674 3574 :
704 3527 767 3575 ut
798 3521 941 3576 bene
981 3534 1171 3592 rogem
1217 3528 1291 3577 te.
1319 3518 1582 3577 Miserere
1605 3518 1860 3589 Domine,

267 3613 532 3670 miserere
560 3611 781 3670 Christe
826 3630 841 3667 :
886 3620 949 3667 ut
981 3612 1204 3685 dignum
1240 3628 1330 3672 me
1385 3610 1557 3669 iacias
1590 3612 1858 3670 exaudiri.

267 3705 531 3764 Miserere
584 3705 816 3763 Domine
840 3748 857 3774 ,
893 3707 1159 3763 miserere
1214 3705 1470 3763 Christe:
1496 3714 1559 3763 ut
1597 3708 1863 3765 exandias

270 3813 380 3856 me.
437 3796 699 3856 Miserere
732 3798 965 3856 Domine
996 3839 1012 3866 ,
1043 3799 1308 3856 miserere
1354 3798 1609 3855 Christe:
1639 3807 1701 3855 ut
1730 3815 1862 3856 san-

267 3900 415 3948 ctam
436 3891 770 3949 voluntatem
793 3899 941 3948 tuam
957 3893 1156 3948 doceas
1183 3907 1290 3947 me.
1322 3891 1583 3950 Miserere
1610 3892 1864 3961 Domine,

269 3986 529 4043 miserere
565 3983 783 4042 Christe
810 4003 825 4042 :
873 3993 935 4040 ut
967 3984 1024 4040 in
1055 3983 1324 4040 cbaritate
1350 3992 1442 4040 tua
1479 3985 1727 4041 enutrias
1752 4000 1862 4041 me.

270 4078 532 4136 Miserere
575 4077 828 4145 Domine,
853 4077 1118 4134 miserere
1144 4077 1396 4135 Christe:
1422 4086 1485 4133 ut
1504 4077 1713 4150 Spiritu
1736 4092 1863 4134 san-

268 4179 361 4227 cto
372 4180 466 4228 tuo
493 4170 888 4244 79illumines
916 4185 1022 4226 me.
1041 4169 1301 4227 Miserere
1328 4169 1581 4236 Domine,
1604 4170 1868 4227 miserere

269 4263 488 4322 Christe
513 4281 530 4323 :
553 4273 615 4321 ut
636 4263 857 4322 credam
892 4263 949 4319 in
996 4272 1071 4319 te.
1105 4263 1368 4322 Miserere
1401 4264 1657 4333 Domine,
1708 4266 1869 4322 mise-

252 4373 399 4417 rere
449 4356 703 4413 Christe:
736 4362 800 4413 ut
828 4371 1156 4429 cognoscam
1201 4364 1278 4412 te.
1320 4355 1585 4413 Miserere
1613 4355 1867 4423 Domine,

273 4451 539 4507 miserere
573 4448 791 4506 Christe
818 4467 833 4504 :
866 4456 928 4504 ut
954 4447 1176 4519 diligam
1204 4456 1279 4504 te.
1304 4445 1569 4505 Miserere
1602 4446 1864 4517 Domine,

273 4542 536 4599 miserere
563 4540 821 4597 Christe:
855 4548 917 4595 ut
947 4555 1162 4611 sperern
1196 4540 1252 4594 in
1286 4548 1359 4595 te.
1400 4539 1660 4595 Miserere
1688 4539 1869 4595 Domi—

272 4648 367 4701 ne,
395 4633 660 4690 miserere
682 4630 900 4689 Christe
927 4650 940 4687 :
976 4642 1039 4687 ut
1071 4646 1103 4686 a
1134 4640 1313 4688 morte
1344 4640 1610 4703 perpetua
1657 4631 1863 4704 eripias
1892 4675 1941 4736 υ

274 4735 382 4784 me.
415 4726 674 4785 Miserere
694 4726 946 4791 Domine,
974 4725 1237 4782 miserere
1271 4725 1490 4783 Christe
1523 4739 1540 4779 :
1576 4732 1638 4780 ut
1658 4725 1726 4782 de
1749 4740 1864 4782 om-

274 4820 436 4880 nibus
483 4818 726 4892 peccatis
790 4819 932 4875 meis
988 4834 1176 4875 veram
1215 4818 1598 4890 paenitentiam
1653 4817 1863 4873 tribuas

276 4913 431 4970 mihi.
462 4911 725 4969 Miserere
746 4911 997 4978 Domine,
1021 4910 1285 4969 miserere
1304 4910 1525 4967 Christe
1550 4928 1564 4964 :
1589 4917 1652 4965 ut
1670 4908 1865 4965 remis-

276 5007 492 5065 sionem
520 5006 763 5062 omnium
813 5012 1162 5077 peccatorum
1184 5003 1392 5059 tribuas
1421 5002 1578 5058 mihi.
1604 5001 1865 5060 Miserere

279 5098 530 5163 Domine,
572 5098 839 5152 miserere
869 5094 1089 5151 Christe
1115 5114 1128 5150 :
1155 5102 1216 5150 ut
1239 5094 1309 5149 ab
1331 5096 1480 5150 omni
1510 5093 1866 5150 tribulatione

278 5188 481 5261 eripias
497 5204 606 5244 me.
640 5187 901 5243 Miserere
931 5187 1161 5243 Domine
1188 5228 1204 5253 ,
1232 5186 1497 5242 miserere
1521 5185 1777 5241 Christe:
1807 5195 1870 5241 ut

280 5283 354 5340 ab
379 5282 529 5339 omni
570 5280 915 5349 immunditia
944 5280 1125 5336 cordis
1150 5287 1206 5334 et
1228 5279 1474 5350 corporis
1520 5278 1720 5335 liberes
1757 5294 1867 5334 me.

285 5373 548 5429 Miserere
584 5372 836 5437 Domine,
887 5370 1151 5427 miserere
1177 5368 1435 5425 Christe:
1485 5377 1548 5423 ut
1577 5369 1784 5425 fontem
1809 5369 1877 5425 li-

283 5462 485 5519 bidinis
511 5461 827 5532 exstinguas
858 5460 914 5513 in
944 5475 1049 5515 me.
1078 5458 1337 5515 Miserere
1351 5459 1875 5526 Domine,miserere

282 5553 539 5610 Christe:
567 5559 627 5605 ιιι
650 5551 720 5607 ab
750 5550 964 5606 insidiis
998 5549 1196 5605 diaboli
1238 5548 1437 5605 liberes
1472 5565 1578 5605 me.
1617 5548 1878 5606 Miserere

285 5645 536 5709 Domine,
567 5643 832 5699 miserere
864 5641 1080 5697 Christe
1099 5660 1120 5697 ς
1154 5648 1217 5695 ut
1246 5641 1314 5695 ab
1335 5641 1483 5695 omni
1506 5640 1650 5697 malo
1676 5641 1880 5697 liberes

287 5755 395 5794 me.
421 5736 681 5792 Miserere
706 5735 956 5801 Domine,
992 5733 1260 5790 miserere
1295 5731 1546 5789 Christe:
1584 5734 1734 5790 utab
1774 5733 1878 5788 im-

290 5829 494 5885 munda
521 5828 853 5900 cogitatione
883 5827 1084 5885 liberes
1111 5842 1220 5882 me.
1239 5824 1759 5895 MiserereDomine,
1782 5827 1883 5882 mi—

364 5977 392 6005 ι
416 5966 680 6036 Martem,
703 5967 821 6024 loco
853 5965 1043 6033 citato,
1067 5977 1188 6036 pag.
1223 5962 1343 6018 653.

1273 454 1669 516 ιιτυιισιω..
1707 482 1777 495 ——
1814 446 2086 507 OFFlClA
2121 449 2260 506 PER
2295 447 2566 507 FERMS.

1878 572 1923 629 Α
1954 579 2142 622 serere
2174 564 2394 623 Christe
2420 583 2434 620 :
2472 573 2534 619 ut
2554 564 2735 619 anima
2772 578 2891 620 mea
2914 565 3064 619 vivat
3094 565 3149 620 in
3188 572 3260 619 te.
3288 564 3549 622 Miserere

3440 446 3545 501 Sili

1961 659 2213 727 Domine,
2238 658 2503 716 miserere
2512 657 2731 714 Christe
2758 676 2772 712 :
2800 666 2861 713 ut
2878 673 3009 714 caro
3022 673 3144 714 mea
3155 659 3391 715 exsultet
3402 659 3458 713 in
3472 670 3544 714 te.

1962 750 2223 808 Miserere
2255 750 2507 817 Domine,
2562 750 2828 806 miserere
2883 748 3135 806 Christe:
3172 759 3233 805 nt
3288 751 3396 806 vita
3425 767 3549 806 mea

1958 842 2209 914 proficiat
2236 842 2293 897 in
2322 850 2394 897 te.
2424 840 2687 897 Miserere
2715 839 2944 897 Domine
2990 840 3134 897 Deus
3168 841 3349 906 Pater,
3377 844 3549 915 gloria

1961 949 2104 999 mea,
2123 932 2232 988 vita
2255 948 2396 988 mea.
2422 931 2681 988 Miserere
2695 932 2908 989 Christe
2937 932 3208 1002 Salvator,
3232 936 3380 991 salus
3401 953 3549 1004 mea,

1960 1022 2224 1079 fortitudo
2271 1038 2416 1079 mea.
2464 1022 2721 1079 Miserere
2774 1022 3013 1093 Spiritus
3068 1027 3386 1095 paraclitus,
3419 1044 3547 1084 con-

1958 1113 2154 1169 solatio
2174 1127 2317 1179 mea,
2342 1112 2671 1168 illuminatio
2696 1128 2836 1169 mea.
2855 1113 3115 1171 Miserere
3140 1115 3369 1173 Domine
3383 1119 3548 1185 Deus,

1960 1204 2235 1272 Trinitas,
2253 1212 2311 1261 et
2333 1204 2541 1259 unitas.
2568 1203 2645 1260 'l‘e
2671 1203 2854 1267 laudo,
2880 1212 2937 1260 te
2963 1206 3152 1271 adoro,
3178 1215 3233 1263 te
3254 1207 3544 1274 conﬁteor,

1958 1309 2068 1366 pax
2093 1310 2240 1361 mea,
2262 1309 2388 1366 spes
2418 1309 2564 1360 mea,
2587 1294 2709 1349 laus
2740 1309 2887 1362 mea,
2910 1295 3003 1351 lux
3034 1313 3177 1363 mea,
3200 1298 3550 1369 pulchritudo

1961 1401 2104 1451 mea,
2126 1386 2407 1441 beatitudo
2432 1401 2576 1441 mea.
2608 1386 2729 1442 Tibi
2760 1385 2902 1452 laus,
2925 1386 3021 1442 tibi
3049 1388 3220 1460 gloria
3240 1430 3257 1455 ,
3288 1391 3386 1447 tibi
3424 1408 3549 1463 gra-

1961 1477 2159 1532 tiarum
2190 1476 2336 1534 actio
2359 1490 2578 1547 semper
2606 1477 2807 1549 ubique
2827 1477 2883 1532 in
2906 1478 3105 1534 saecula
3124 1483 3477 1552 sempiterna.

2513 1582 2812 1659 FERIA
2873 1582 3006 1660 IV.

2315 1690 2573 1749 ORATIO
2610 1692 2815 1748 BEATI
2851 1692 3201 1760 AMBROSII,

2139 1787 2208 1845 In
2231 1806 2337 1862 qua
2363 1806 2461 1861 pro
2486 1790 2597 1844 suis
2625 1789 2852 1861 peccatis
2880 1789 3082 1843 veniam
3120 1787 3375 1858 postulat.

2035 1883 2321 1940 Miserator
2348 1893 2406 1941 et
2426 1882 2758 1947 misericors,
2787 1882 3023 1953 patiens,
3054 1890 3107 1936 ct
3132 1880 3363 1935 multum
3391 1882 3555 1937 mise—

1884 1945 1933 2007 Β
1963 1976 2156 2041 ricors,
2200 1989 2396 2046 magne
2418 1979 2475 2029 ct
2502 1945 2763 2028 terribilis
2789 1945 2948 2026 Deus
2974 1989 2987 2025 :
3018 1970 3116 2025 tibi
3155 1970 3419 2025 conﬁteor
3462 1972 3557 2027 de-

1957 2065 2090 2121 licta
2115 2078 2258 2133 mea,
2301 2065 2401 2120 tibi
2442 2062 2715 2135 patefacio
2751 2061 2976 2117 vulnera
3018 2076 3162 2117 mea.
3212 2060 3292 2116 Tu
3336 2070 3559 2134 prepter

1957 2155 2285 2212 inell‘ahilem
2320 2155 2623 2211 bonitatem
2653 2162 2803 2209 tuam
2836 2151 3026 2209 confer
3048 2152 3182 2208 mihi
3211 2153 3414 2210 misero
3442 2168 3558 2210 mc-

1956 2250 2216 2306 dicinam.
2268 2247 2351 2303 Tu
2400 2247 2549 2304 enim
2593 2246 2904 2313 mitissime,
2952 2244 3209 2318 dignatus
3235 2262 3297 2302 es
3326 2247 3551 2304 dicere:

1954 2339 2090 2399 Nolo
2134 2347 2372 2396 mortem
2407 2339 2734 2412 peccatoris,
2782 2337 2878 2393 sed
2906 2346 2967 2393 ut
2992 2347 3362 2406 convertatur,
3392 2348 3448 2395 et
3469 2340 3553 2395 vi-

1954 2439 2067 2489 vat.
2098 2431 2399 2494 Conliteor,
2429 2430 2615 2501 inique
2640 2430 2727 2503 egi
2752 2447 2766 2483 :
2793 2445 3051 2501 perversa
3078 2440 3164 2485 est
3187 2431 3241 2485 in
3263 2441 3555 2503 conspectu

1956 2533 2050 2580 tuo
2084 2524 2172 2579 via
2194 2537 2337 2579 mea.
2372 2522 2551 2594 Lapsa
2574 2530 2662 2577 est
2694 2521 2751 2577 in
2789 2522 2967 2578 lacum
3004 2523 3241 2579 miseria:
3266 2524 3380 2579 vita
3412 2540 3553 2589 mea,

1955 2617 2224 2672 exstincta
2248 2623 2336 2673 est
2370 2616 2444 2672 in~
2467 2614 2846 2687 iniquitatibus
2877 2616 3059 2670 anima
3091 2631 3232 2671 mea.
3262 2610 3557 2689 Superbia,

1956 2708 2145 2775 libido,
2177 2708 2279 2774 ira,
2305 2706 2668 2779 impatientia,
2693 2703 2924 2773 malitia,
2951 2707 3177 2774 invidia,
3200 2708 3347 2779 gula,
3380 2690 3559 2765 ebrio;-

1956 2807 2062 2866 tas,
2099 2800 2555 2872 concupiscentia,
2588 2798 2798 2870 rapina,
2828 2798 3196 2865 mendacium,
3222 2799 3556 2871 pcrjurium,

1956 2893 2282 2961 scurrilitas,
2326 2892 2721 2965 stultiloquium
2741 2933 2757 2961 ,
2805 2893 3145 2965 ignorantia,
3191 2894 3556 2967 negligentia,

1956 3000 2056 3040 seu
2094 2992 2309 3040 exteras
2348 2991 2535 3056 pestes
2569 2984 2890 3040 occiderunt
2925 2984 3165 3041 animam
3197 3001 3399 3041 meam.
3428 2985 3557 3043 Pol—

1956 3076 2129 3132 lutum
2160 3083 2245 3132 est
2276 3090 2373 3132 cor
2399 3090 2602 3143 meum,
2649 3086 2705 3130 et
2746 3074 2890 3133 labia
2922 3092 3081 3144 mea;
3128 3077 3279 3133 visus
3318 3092 3477 3134 meus
3504 3086 3563 3134 et

1956 3166 2197 3232 auditus,
2239 3175 2450 3239 gustus,
2499 3166 2759 3221 odoratus
2824 3174 2879 3222 et
2905 3175 3201 3224 tactuszet
3229 3170 3560 3228 omnimodis

1960 3258 2310 3330 cogitatione,
2350 3256 2645 3326 locutione,
2698 3259 2814 3315 sive
2862 3260 3076 3316 actione
3121 3261 3368 3332 perditus
3414 3278 3558 3320 sum.

1962 3355 2159 3423 Qumso
2189 3364 2261 3423 te,
2285 3354 2516 3411 Domine
2539 3356 2696 3421 Deus,
2726 3355 2883 3427 cujus
2918 3357 3199 3413 miseratio
3222 3358 3432 3414 nullum
3462 3359 3559 3414 ba-

1961 3449 2056 3505 bet
2104 3448 2305 3516 linem,
2356 3448 2573 3506 attrahe
2614 3464 2703 3505 me
2751 3449 2895 3507 sicut
2947 3451 3219 3508 attraxisti
3276 3453 3559 3512 mulierem

1962 3541 2343 3611 peccatricem.
2374 3537 2525 3596 Dona
2551 3541 2708 3608 mihi,
2739 3542 2881 3597 sicut
2915 3544 3131 3599 donasti
3162 3543 3263 3612 illi,
3310 3561 3418 3601 non
3443 3561 3563 3603 ces-

1964 3648 2091 3689 sare
2131 3633 2369 3690 osculari
2395 3633 2564 3705 pedes
2593 3641 2738 3699 tuos,
2768 3634 2949 3704 rigare
2977 3634 3254 3707 lacrymis,
3278 3645 3564 3709 extergere

1964 3727 2196 3798 capillis.
2236 3726 2488 3784 Concede
2513 3727 2675 3794 mihi,
2721 3735 2782 3783 ut
2809 3728 3106 3785 secundum
3136 3731 3563 3803 magnitudinem

1964 3819 2316 3889 iniquitatum
2363 3835 2610 3875 mearum
2650 3820 2722 3876 sit
2759 3836 2957 3892 magna
2987 3820 3205 3879 dilectio
3232 3839 3350 3879 mea
3381 3825 3434 3880 in
3466 3834 3520 3883 te
3549 3845 3562 3881 :

1964 3920 2027 3967 ut
2048 3919 2273 3983 propter
2291 3910 2611 3968 immensam
2638 3912 2897 3982 pietatem
2927 3922 3077 3968 tuam
3101 3915 3287 3970 omnia
3322 3917 3566 3974 dimittas

1966 4003 2120 4059 mihi.
2162 4002 2386 4075 Largire
2430 4001 2562 4056 mihi
2609 4003 2677 4057 de
2719 4003 3012 4072 praeteritis
3055 4004 3292 4071 veniam,
3335 4006 3404 4061 de
3427 4022 3565 4077 prae-

1967 4093 2214 4150 sentibus
2254 4091 2417 4147 malis
2462 4080 2874 4159 continentiam,
2920 4093 2987 4148 de
3021 4092 3222 4150 futuris
3271 4096 3561 4152 cautelam.

1968 4174 2079 4243 Fac
2124 4202 2234 4254 me,
2287 4187 2608 4258 priusquam
2653 4189 2897 4251 moriar,
2954 4189 3211 4259 consequi
3254 4190 3567 4261 plenissime

1967 4288 2401 4346 misericordiam
2434 4294 2604 4351 tuam,
2649 4294 2706 4341 et
2738 4301 2808 4342 ne
2834 4288 2952 4343 dies
2978 4302 3128 4343 meos
3153 4297 3279 4350 ante
3307 4289 3451 4345 (iniri
3491 4291 3567 4351 si-

1968 4397 2090 4449 nas,
2126 4396 2289 4453 quam
2317 4388 2544 4453 peccata
2573 4379 2816 4436 dimittas
2842 4400 2855 4436 :
2885 4381 2982 4437 sed
3025 4383 3168 4438 sicut
3202 4382 3306 4443 vis.
3337 4391 3394 4439 et
3418 4384 3561 4441 sicut

1970 4478 2099 4541 scis,
2125 4464 2391 4531 miserere
2416 4474 2543 4529 mei.

2032 4577 2339 4628 »ιιι-ιι
2376 4577 2535 4625 νειο
2575 4578 3056 4643 ρυιαιηιρυι
3097 4579 3498 4630 ἰἸῑΒυῑᾹ-

2398 4647 2644 4697 τιοισε
2683 4651 3116 4699 ωκτικοι.

2586 4722 2931 4785 PSALMUS.

2037 4820 2223 4896 (PSAL.
2266 4818 2406 4892 nt.)
2434 4814 2466 4861 δ
2496 4816 2658 4886 Deus,
2690 4815 2837 4875 Deus
2861 4836 3037 4887 meus,
3069 4822 3282 4894 respice
3326 4822 3380 4877 in
3430 4834 3559 4877 me:

1963 4926 2137 4984 quare
2178 4927 2269 4968 me
2313 4906 2692 4981 dereliquisti‘l
2746 4905 2907 4984 longe
2936 4922 2967 4967 a
2996 4907 3173 4968 salute
3220 4926 3342 4968 mea
3391 4912 3561 4970 verba

1965 5004 2289 5075 delictorum
2336 5015 2604 5058 meorum.
2648 4995 2793 5058 Deus
2816 5015 2968 5058 meus
2995 4998 3244 5061 clamabo
3272 5018 3370 5077 per
3397 5004 3562 5065 diem.

1966 5101 2024 5154 et
2072 5110 2183 5152 non
2226 5093 2489 5151 exaudies
2512 5112 2528 5149 :
2555 5101 2611 5152 et
2648 5102 2831 5162 nocte,
2862 5103 2916 5151 et
2945 5107 3052 5153 non
3091 5096 3159 5152 ad
3191 5096 3561 5170 insipientiam

1970 5188 2122 5244 mihi.
2160 5182 2246 5241 Tu
2285 5194 2468 5242 autem
2504 5186 2563 5243 ir.
2596 5194 2785 5243 sancto
2825 5186 3060 5254 habitas,
3104 5188 3225 5246 laus
3269 5185 3456 5246 Israel.
3502 5188 3562 5246 in

1970 5287 2024 5333 te
2050 5283 2405 5349 speraverub'.
2437 5285 2620 5347 patres
2644 5277 2819 5332 nostri
2845 5295 2857 5330 :
2887 5285 3334 5349 speraverunt,et
3362 5279 3563 5335 libera—

1972 5370 2046 5426 sti
2073 5386 2186 5426 eos.
2218 5368 2301 5424 Ad
2335 5382 2387 5423 te
2410 5368 2808 5434 clamaverunt,
2846 5377 2902 5423 et
2936 5368 3070 5424 salvi
3094 5368 3225 5425 facti
3254 5378 3409 5425 sunt:
3433 5370 3566 5426 in'te

1973 5465 2351 5532 speraverunt,
2395 5466 2451 5513 et
2493 5474 2601 5512 non
2630 5466 2758 5513 sunt
2783 5458 3014 5514 confusi.
3063 5459 3175 5531 Ego
3216 5469 3398 5516 autem
3443 5477 3566 5518 sum

1977 5550 2199 5616 vermis,
2234 5560 2291 5605 et
2318 5565 2426 5604 non
2465 5550 2629 5606 homo
2653 5570 2668 5606 :
2696 5552 3044 5622 opprobrium
3078 5552 3360 5609 hominum
3388 5561 3445 5609 et
3468 5552 3568 5609 ab-

1970 5643 2139 5714 jectio
2179 5643 2373 5713 plebis.
2419 5642 2620 5699 Omnes
2658 5642 2906 5699 videntes
2945 5660 3052 5712 me,
3099 5645 3409 5702 deriserunt
3442 5660 3568 5701 me:

1969 5734 2139 5795 locuti
2172 5741 2299 5790 sunt
2333 5733 2514 5798 labiis,
2555 5742 2610 5789 ct
2651 5743 2940 5791 moverunt
2984 5744 3165 5807 caput.
3216 5733 3469 5808 Speravit
3514 5734 3570 5791 in

1985 5824 2236 5891 Domino,
2282 5823 2478 5893 eripiat
2512 5837 2637 5879 eum
2666 5843 2678 5879 :
2708 5825 2917 5881 salvum
2943 5821 3110 5883 iaciat
3130 5841 3277 5895 eum,
3313 5824 3570 5899 quoniam

2062 5959 2091 6001 δ
2120 5951 2228 6016 Pro
2252 5972 2353 6018 usu
2372 5966 2588 6029 quarto,
2619 5974 2804 6029 supra,
2840 5958 2942 6015 col.
2967 5957 3089 6019 167.
