4122 6552
593 284 691 343 517

1441 281 1500 339 Β.
1539 281 1600 336 F.
1639 277 1868 335 ALBlNl
1904 276 2033 334 SEU
2074 274 2349 332 ALCUlNl
2387 270 2671 330 OPERUM
2706 268 2887 327 PARS
2922 268 3013 325 Ν.
3771 261 3877 315 548

592 401 708 457 vult
734 414 878 456 eum.
917 396 1182 466 Quoniam
1214 406 1269 452 tu
1298 411 1376 459 es,
1409 396 1502 465 qui
1532 397 1817 452 extraxiin
1845 412 1931 451 me
1959 396 2026 450 de
2050 409 2179 449 ven-
2205 403 2257 462 Α
2282 391 2408 446 dine
2450 388 2795 459 operantium
2844 385 3207 455 iniquitatem.
3254 380 3390 448 Quia
3434 389 3782 437 exacuerunt
3822 388 3882 433 ut

593 505 711 553 tre:
736 507 859 565 spes
897 507 1017 548 mea
1062 490 1131 546 ab
1172 490 1433 545 uberibus
1474 490 1669 544 matris
1703 504 1857 544 meae.
1888 488 1947 543 In
1974 498 2028 544 te
2053 503 2178 558 pro-

593 589 766 658 iectus
786 601 905 643 sum
927 599 993 639 ex
1008 594 1159 641 utero
1178 601 1191 638 :
1209 585 1273 640 de
1292 593 1481 639 ventre
1506 583 1699 639 matris
1715 598 1848 638 meae
1863 582 2007 639 Deus
2026 581 2181 638 meus

593 697 654 739 es
686 689 741 736 tu
774 695 788 748 ;
818 694 886 735 ne
910 679 1023 751 80
1048 678 1365 733 discesseris
1391 692 1419 731 a
1455 692 1559 732 me.
1599 675 1866 745 Quoniam
1905 674 2181 731 tribulatio

595 771 841 844 proxima
869 779 974 835 est,
1000 769 1255 839 quoniam
1285 782 1391 821 non
1421 776 1506 822 est
1540 767 1633 836 qui
1662 766 1899 836 adjuvet.
1939 763 2186 820 Circum-

597 862 863 917 dederunt
890 874 978 914 me
1005 856 1156 913 vituli
1182 858 1375 911 multi:
1402 858 1544 912 tauri
1588 857 1815 927 pingues
1856 855 2187 910 obsederunt

601 968 709 1011 me.
728 953 1072 1024 Aperuerunt
1085 966 1248 1021 super
1261 964 1347 1004 me
1363 964 1425 1005 os
1436 964 1591 1003 suum
1614 968 1625 1002 :
1639 949 1780 1003 sicut
1800 948 1883 1002 leo
1898 947 2113 1016 rapiens
2131 953 2188 1000 et

600 1044 842 1117 rugiens.
868 1042 1019 1099 Sicut
1043 1057 1183 1112 aqua
1204 1037 1406 1095 eﬂ‘usus
1426 1055 1575 1095 sum:
1598 1048 1653 1094 et
1674 1039 1912 1109 dispersa
1932 1046 2059 1092 sunt
2077 1051 2188 1091 om-

602 1138 688 1192 nia
720 1150 846 1193 ossa
874 1148 1015 1189 mea.
1045 1132 1267 1187 Factum
1299 1139 1385 1186 est
1430 1146 1526 1186 cor
1553 1145 1731 1185 meum
1772 1139 2029 1199 tanquam
2059 1143 2184 1183 cera

601 1233 910 1304 liquescens
933 1270 949 1295 ,
988 1229 1044 1284 in
1075 1228 1256 1283 medio
1297 1228 1506 1283 ventris
1543 1228 1670 1283 mei.
1719 1226 1879 1282 Aruit
1928 1235 2187 1297 tanquam

604 1331 743 1380 testa
758 1324 932 1379 virtus
948 1335 1091 1386 mea,
1105 1328 1161 1375 et
1176 1319 1357 1391 lingua
1377 1334 1499 1375 mea
1516 1317 2000 1374 adh-.esitfaucibus
2020 1320 2154 1373 meis
2171 1336 2185 1372 :

602 1415 741 1473 etin
768 1413 1049 1486 pulverem
1077 1411 1271 1467 mortis
1317 1410 1589 1467 deduxisti
1634 1425 1739 1465 me.
1780 1409 2047 1478 Quoniam
2084 1410 2191 1465 cir-

607 1505 994 1564 cumdederunt
1021 1518 1107 1559 me
1143 1518 1307 1559 canes
1344 1502 1500 1557 multi
1530 1520 1543 1557 ;
1574 1502 1857 1558 consilium
1895 1501 2192 1573 malignan-

606 1602 741 1656 tium
772 1597 984 1655 obsedit
1028 1612 1134 1651 me.
1180 1594 1456 1650 Foderunt
1500 1608 1695 1649 manus
1739 1608 1889 1649 meas
1934 1602 1990 1647 et
2030 1592 2194 1664 pedes

609 1708 782 1759 meos,
812 1699 868 1748 et
895 1690 1375 1746 dinumeraverunt
1402 1688 1583 1743 omnia
1612 1702 1735 1743 ossa
1765 1702 1904 1743 mea.
1934 1686 2040 1758 lpsi
2064 1700 2194 1742 vero

2285 480 2520 553 gladium
2564 480 2774 549 linguas
2810 492 2959 542 suas,
2990 475 3338 529 intenderunt
3365 488 3553 529 arcum
3582 488 3705 527 rem
3730 486 3883 525 ama-

2284 589 2400 628 ram
2431 588 2446 627 :
2474 581 2534 627 ut
2578 570 2836 642 sagittent
2861 570 2914 624 in
2940 565 3171 624 occultis
3200 566 3629 622 immaculatum.
3682 564 3885 621 Subito

2284 666 2622 739 sagittabunt
2647 679 2794 728 eum,
2834 670 2889 717 et
2926 676 3031 716 non
3060 659 3362 715 timebunt:
3388 658 3751 714 firmaverunt
3778 655 3884 713 sibi

2284 770 2591 812 sermonem
2638 768 2893 824 nequam.
2947 746 3319 806 Narraverunt
3369 756 3431 804 ut
3481 748 3888 804 absconderem

2285 848 2546 918 laqueos:
2581 845 2875 901 dixerunt:
2904 843 3037 911 Quis
3080 840 3288 897 videbit
3325 843 3457 898 eos?
3487 840 3733 897 Scrutati
3760 849 3893 895 sunt

2286 940 2601 1010 iniquitates
2626 955 2641 991 :
2670 936 2985 992 defecerunt
3006 942 3312 990 scrutantes
3339 932 3620 989 scrutinio.
3643 931 3892 987 Accedet

2288 1029 2454 1084 homo
2497 1028 2565 1082 ad
2592 1042 2689 1081 cor
2726 1026 2930 1080 altum:
2961 1034 3018 1081 et
3064 1023 3397 1080 exaltabitur
3443 1024 3603 1079 Deus.
3659 1022 3894 1094 Sagitta:

2287 1121 2639 1193 parvulorum
2684 1118 2841 1175 facta;
2881 1126 3007 1174 sunt
3044 1118 3214 1190 plagae
3252 1132 3468 1183 eorum,
3512 1126 3567 1173 et
3595 1116 3895 1172 infirmat-.e

2290 1223 2417 1272 sunt
2451 1225 2643 1270 contra
2671 1228 2765 1269 eos
2791 1212 2986 1283 lingua:
3011 1226 3221 1267 eorum.
3269 1211 3586 1267 Conturbati
3617 1217 3753 1265 sunt
3780 1223 3897 1263 om-

2291 1320 2389 1361 nes
2416 1306 2509 1375 qui
2537 1306 2792 1361 videbant
2820 1318 2914 1361 eos
2939 1322 2951 1357 :
2983 1311 3037 1358 et
3066 1303 3248 1357 timuit
3270 1303 3451 1358 omnis
3474 1301 3655 1358 homo.
3700 1300 3772 1355 Et
3801 1315 3899 1354 an-

2291 1398 2682 1452 nuntiaverunt
2722 1411 2889 1466 opera
2916 1394 3034 1460 Dei,
3066 1403 3124 1448 et
3146 1391 3289 1447 facta
3322 1392 3439 1461 ejus
3480 1392 3897 1448 intellexerunt.

2293 1489 2589 1545 Laetabitur
2616 1489 2672 1543 in
2709 1488 2960 1553 Domino,
3003 1496 3058 1541 et
3104 1485 3345 1557 sperabit
3376 1485 3431 1539 in
3471 1498 3538 1539 eo
3565 1502 3577 1537 :
3604 1492 3659 1539 et
3704 1483 3900 1538 lauda-

2294 1582 2496 1636 buntur
2527 1594 2719 1635 omnes
2742 1578 2878 1633 recti
2909 1576 3094 1633 corde.
3258 1582 3263 1589 ‘

2371 1671 2442 1727 Ut
2468 1688 2650 1742 supra.
2691 1669 2919 1741 Adjutor
2946 1669 2999 1723 in
3031 1667 3547 1739 opportunitatibus,
3581 1668 3636 1722 in
3662 1666 3901 1722 tribula—

609 1787 1095 1844 consideraverunt
1127 1791 1181 1839 et
1208 1783 1562 1853 inspexerunt
1597 1797 1685 1837 me
1712 1801 1723 1835 :
1753 1781 2055 1837 diviserunt
2090 1779 2193 1835 sibi

2306 1765 2554 1828 tionibus,
2598 1778 2717 1833 qua:
2761 1762 3084 1817 invenerunt
3120 1775 3221 1815 nos
3264 1759 3446 1813 nimis.
3498 1758 3735 1828 Sperent
3763 1757 3820 1812 in
3850 1767 3903 1812 te

610 1878 934 1935 vestimenta
987 1890 1127 1940 mea,
1179 1880 1234 1929 et
1278 1888 1441 1944 super
1466 1883 1674 1928 vestem
1712 1886 1889 1927 meam
1931 1872 2198 1926 miserunt

612 1980 837 2028 sortem.
865 1968 946 2025 Tu
974 1976 1175 2033 autem,
1205 1966 1457 2030 Domine,
1487 1980 1555 2021 ne
1577 1965 1915 2037 elongaveris
1936 1963 2197 2018 auxilium

611 2072 764 2117 tuum
793 2077 823 2115 a
849 2075 972 2115 me:
1007 2059 1074 2114 ad
1114 2056 1482 2114 defensionem
1525 2072 1704 2113 meam
1741 2056 2015 2126 conSpice.
2056 2055 2200 2110 Erue

612 2169 645 2209 a
680 2152 885 2208 framea
932 2151 1166 2205 animam
1212 2166 1389 2204 meam
1422 2169 1434 2203 :
1471 2158 1528 2205 et
1568 2150 1635 2204 de
1680 2165 1841 2204 manu
1880 2148 2033 2205 canis
2074 2148 2199 2202 uni-

612 2260 734 2301 cam
780 2259 976 2299 meam.
1009 2241 1170 2298 Salva
1217 2256 1304 2297 me
1342 2257 1409 2296 ex
1453 2256 1549 2296 ore
1585 2240 1778 2306 leonis,
1806 2248 1863 2295 et
1890 2257 1921 2294 a
1946 2239 2201 2296 cornibus

612 2335 955 2392 unicornium
1016 2333 1377 2390 humilitatem
1440 2348 1639 2389 meam.
1706 2331 1951 2388 Narrabo
2004 2345 2201 2386 nomen

616 2435 770 2482 tuum
799 2424 1060 2480 fratribus
1087 2425 1224 2480 meis
1250 2441 1262 2476 :
1293 2424 1346 2478 in
1374 2424 1554 2478 medio
1582 2422 1841 2479 Ecclesiae
1871 2421 2102 2477 laudabo
2129 2431 2199 2475 te.

614 2515 720 2583 Qui
763 2516 965 2571 timetis
1002 2514 1311 2579 Dominum,
1341 2513 1554 2569 laudate
1584 2528 1743 2570 eum:
1776 2514 2087 2568 universum
2119 2527 2205 2566 se-

619 2623 742 2664 men
765 2606 932 2665 Iacob
955 2606 1253 2677 glorificate
1280 2623 1423 2661 eum.
1456 2606 1668 2661 Timeat
1687 2620 1810 2661 eum
1834 2621 1994 2660 omne
2018 2620 2204 2660 semen

618 2698 785 2754 Israel
811 2713 825 2753 :
859 2698 1118 2767 quoniam
1151 2713 1258 2753 non
1286 2698 1513 2769 sprevit,
1534 2711 1710 2766 neque
1738 2697 1983 2766 despexit
2009 2696 2205 2766 depre-

620 2789 892 2845 cationem
927 2790 1204 2860 pauperis.
1239 2787 1349 2844 Nec
1378 2789 1574 2844 avertit
1599 2787 1794 2843 faciem
1819 2803 1974 2842 suam
2006 2804 2038 2842 a
2073 2804 2159 2842 me
2188 2806 2201 2841 :

615 2892 823 2940 etcum
853 2882 1146 2938 clamarem
1178 2884 1245 2939 ad
1274 2899 1429 2948 eum,
1472 2882 1750 2938 exaudivit
1796 2898 1902 2937 me.
1954 2881 2111 2952 Apud
2155 2891 2208 2936 te

619 2976 739 3032 laus
765 2992 883 3033 mea
912 2977 967 3031 in
994 2977 1237 3033 Ecclesia
1284 2992 1477 3049 magna
1505 2995 1518 3030 :
1549 2985 1674 3032 vota
1733 2991 1855 3031 mea
1896 2976 2119 3031 reddam
2154 2976 2208 3031 in

622 3076 917 3140 conspectu
946 3068 1252 3126 timentium
1289 3084 1433 3125 eum.
1466 3068 1642 3124 Edent
1668 3082 1956 3139 pauperes,
1981 3076 2037 3122 et
2063 3076 2210 3122 satu-

622 3162 925 3216 rabuntur:
955 3170 1011 3216 et
1060 3159 1358 3216 laudabunt
1398 3159 1683 3214 Dominum
1711 3200 1725 3225 ,
1780 3160 1875 3228 qui
1922 3158 2209 3229 requirunt

621 3268 747 3310 eum
772 3269 785 3305 :
816 3253 999 3307 vivent
1022 3253 1185 3307 corda
1211 3267 1399 3307 eorum
1425 3252 1476 3306 in
1500 3250 1755 3306 saeculum
1784 3249 1987 3305 szeculi.
2024 3250 2209 3305 Remi-

628 3347 927 3413 niscentur,
979 3355 1035 3402 et
1082 3356 1463 3402 convertentur
1510 3346 1579 3400 ad
1632 3345 1917 3400 Dominum
1969 3345 2209 3400 universi

625 3439 763 3494 fines
790 3448 967 3494 teme.
997 3438 1066 3493 Et
1083 3438 1385 3494 adorabunt
1409 3438 1463 3492 in
1489 3445 1779 3507 conspectu
1806 3434 1925 3504 ejus
1945 3436 2211 3491 universa:

624 3526 846 3584 familia:
887 3530 1149 3601 gentium.
1200 3528 1463 3595 Quoniam
1501 3526 1711 3581 Domini
1750 3534 1836 3580 est
1865 3542 2088 3596 regnum
2118 3542 2131 3579 :
2160 3535 2215 3582 et

627 3621 745 3691 ipse
772 3618 1137 3675 dominabitur
1153 3619 1413 3690 gentium.
1446 3618 1910 3672 Manducaverunt
1938 3625 1993 3670 et
2018 3618 2213 3671 adora-

632 3718 831 3766 verunt
868 3725 1060 3765 omnes
1086 3711 1317 3781 pingues
1343 3718 1501 3765 terra:
1528 3728 1541 3763 :
1574 3709 1626 3764 in
1657 3718 1946 3781 conspectu
1977 3708 2092 3778 ejus
2122 3725 2212 3763 ca-

629 3803 761 3859 dent
802 3817 1013 3867 omnes,
1048 3801 1139 3871 qui
1171 3801 1504 3857 descendunt
1550 3801 1605 3856 in
1648 3811 1873 3856 terram.
1924 3801 1993 3855 Et
2032 3802 2213 3856 anima

629 3909 751 3951 mea
780 3893 855 3948 illi
886 3894 1065 3949 vivet:
1090 3900 1145 3949 et
1180 3909 1363 3948 semen
1404 3909 1583 3949 meum
1614 3895 1815 3950 serviet
1843 3895 1963 3964 ipsi.
1995 3895 2218 3950 Annuu-

628 3986 855 4044 tiabitur
884 3985 1112 4040 Domino
1141 3985 1415 4056 generatio
1441 3994 1666 4039 ventura
1692 4004 1704 4039 :
1738 3994 1794 4039 et
1819 3987 2219 4040 annuntiabunt

631 4079 752 4136 eteli
771 4078 1038 4148 justitiam
1066 4078 1181 4148 ejus
1208 4079 1429 4149 populo,
1463 4081 1556 4149 qui
1585 4089 1862 4146 nascetur,
1897 4095 2057 4149 quem
2088 4080 2220 4135 fecit

632 4171 913 4226 Dominus.

705 4261 774 4317 Ut
801 4280 982 4333 supra.
1026 4263 1271 4327 Domine,
1305 4264 1433 4334 quid
1463 4264 1802 4335 multiplicati
1831 4275 1975 4331 sunt,
2005 4268 2095 4337 qui
2122 4269 2221 4322 tri-

630 4354 821 4409 bulam.
869 4356 989 4409 me?
1038 4355 1192 4409 multi
1239 4355 1525 4425 insurgunt
1574 4358 1860 4412 adversum
1912 4374 2021 4414 me.
2065 4358 2216 4414 Multi

630 4442 818 4501 dicunt
865 4447 1061 4499 anima:
1099 4461 1253 4510 mere,
1295 4460 1399 4499 non
1433 4454 1515 4500 est
1544 4445 1722 4502 fndus
1748 4446 1838 4521 [Al
1868 4490 1882 4513 ,
1914 4448 2082 4523 salus]

632 4539 688 4593 in
713 4536 823 4591 Deo
843 4535 977 4604 ejus.
1009 4537 1087 4590 Tu
1121 4546 1323 4603 autem,
1356 4536 1603 4602 Domine,
1632 4549 1912 4610 susceptor
1940 4556 2093 4597 meus
2117 4556 2176 4597 es
2201 4559 2216 4597 :

631 4627 802 4698 gloria
831 4643 973 4693 mea,
1001 4637 1059 4683 et
1082 4628 1328 4683 exultans
1359 4638 1519 4699 caput
1541 4645 1743 4685 meum.

705 4738 911 4795 Oratio.
952 4738 1126 4812 Caput
1162 4742 1545 4797 misericordia:
1568 4743 1729 4809 Deus,
1758 4746 1850 4815 qui
1874 4756 2098 4818 propter
2122 4763 2221 4803 nos

634 4831 968 4889 descendens
1022 4834 1079 4890 in
1137 4844 1384 4900 uterum,
1432 4834 1681 4892 addictus
1722 4837 1902 4910 ligno,
1945 4840 2220 4911 perfossus

634 4924 808 4991 clavo,
859 4926 1193 4983 vestimentis
1237 4928 1458 4997 insuper
1494 4939 1643 4985 sorte
1672 4931 1882 4998 divisis,
1934 4937 2219 4991 surrexisti

635 5015 777 5072 liber
814 5017 885 5072 ab
912 5015 1138 5071 infernis
1166 5037 1177 5070 :
1207 5033 1513 5088 precamur,
1555 5032 1618 5075 ut
1652 5020 1812 5090 hujus
1854 5026 2027 5080 sancti
2074 5042 2223 5083 com-

635 5110 825 5164 mercii
850 5126 956 5165 non
977 5110 1264 5166 immemor
1286 5112 1380 5176 sis,
1406 5114 1587 5183 populi
1611 5117 1679 5171 ab
1702 5117 1855 5173 hoste
1880 5119 2051 5174 leonis
2070 5135 2222 5193 erep-

637 5213 743 5267 tor,
791 5203 884 5272 qni
928 5200 1076 5259 fuisti
1117 5206 1389 5274 quondam
1430 5209 1677 5277 patribus
1705 5210 1761 5265 in
1790 5220 1841 5268 te
1875 5215 2221 5285 sperantibus

634 5292 913 5351 libenter.
946 5293 1050 5350 Per
1078 5294 1386 5352 Dominum.

1254 5430 1593 5490 PSALMUS.

707 5558 888 5630 (Pun.
917 5561 1095 5637 ιιηι.)
1133 5562 1341 5620 Exaudi
1378 5565 1520 5623 Deus
1556 5572 1859 5628 orationem
1890 5591 2066 5633 meam
2092 5594 2217 5635 cum

639 5652 933 5722 deprecor:
965 5668 997 5707 a
1039 5655 1231 5710 timore
1282 5656 1486 5714 inimici
1536 5662 1686 5731 eripe
1730 5666 1964 5720 animam
2015 5685 2212 5726 meam.

636 5744 927 5802 Prutexisti
966 5763 1049 5803 me
1076 5765 1106 5805 a
1134 5764 1400 5809 conventu
1435 5756 1843 5829 malignantium
1873 5781 1884 5815 :
1912 5777 1941 5818 a
1973 5765 2216 5825 multitu-

2298 1872 2507 1920 omnes,
2535 1855 2627 1927 qui
2648 1860 2916 1911 noverunt
2940 1867 3134 1909 nomen
3162 1860 3315 1906 tuum
3344 1851 3599 1917 Domine;
3627 1851 3894 1922 quoniam

2295 1964 2405 2004 non
2436 1946 2772 2016 dereliquisti
2802 1952 3110 2015 qumrentes
3140 1950 3211 2010 te,
3234 1942 3482 1999 Domine.
3508 1942 3655 1997 Deus
3683 1942 3783 2013 qui
3812 1955 3899 1996 5e-

2297 2040 2393 2095 des
2415 2053 2577 2110 super
2609 2039 2885 2099 thronum,
2915 2043 2971 2091 et
2992 2035 3209 2107 judicas
3232 2035 3564 2105 aequitatem,
3595 2042 3716 2087 esto
3746 2030 3897 2087 refu-

2300 2132 2447 2203 gium
2494 2144 2818 2200 pauperum,
2868 2128 2995 2198 quia
3026 2136 3083 2182 tu
3111 2125 3259 2181 solus
3296 2126 3535 2181 laborem
3564 2135 3620 2181 et
3644 2124 3896 2179 dolorem

2300 2223 2636 2278 consideras.

2374 2314 2582 2368 Oratio.
2643 2311 2832 2367 Tutela
2883 2312 3125 2366 omnium
3172 2312 3535 2376 credentium,
3576 2312 3746 2376 Deus,
3806 2325 3903 2365 cu-

2302 2406 2444 2461 stodi
2472 2404 2767 2460 Ecclesiam
2793 2415 2938 2459 tuam
2967 2419 2999 2458 a
3023 2414 3288 2459 conventu
3321 2405 3765 2476 malignantium,
3808 2404 3901 2473 qui

2302 2511 2424 2551 eam
2459 2495 2689 2550 occultis
2730 2493 2927 2564 jaculis
2967 2510 3278 2565 oppugnare
3313 2496 3558 2550 nituntur
3590 2514 3602 2548 :
3635 2504 3699 2549 ut
3733 2505 3787 2549 te
3820 2510 3901 2548 sa—

2304 2590 2447 2644 lubri
2480 2597 2737 2658 rectoque
2773 2588 3012 2643 retinens
3042 2587 3335 2651 intellectu,
3376 2585 3648 2656 justorum
3682 2587 3900 2642 meritis

2305 2680 2693 2752 perpetualiter
2723 2679 3038 2735 collactetur.

2861 2793 2968 2863 ει
3005 2791 3347 2848 PSALMUS.

2384 2902 2563 2977 (Psan.
2604 2902 2855 2976 Lxxvm.)
2908 2902 3129 2958 Salvum
3172 2918 3259 2958 me
3304 2902 3392 2958 fac
3436 2902 3580 2958 Deus
3606 2921 3617 2957 :
3646 2903 3908 2972 quoniam

2312 2998 2654 3054 intraverunt
2684 3014 2836 3070 aquae
2874 3014 3043 3069 usque
3068 2998 3137 3053 ad
3176 2998 3412 3051 animam
3460 3013 3659 3052 meam.
3704 2996 3911 3052 infixus

2235 3116 2282 3177 ρ
2313 3109 2432 3147 sum
2462 3093 2517 3148 in
2549 3093 2677 3148 limo
2713 3091 2967 3164 profundi
2994 3112 3006 3145 :
3038 3101 3096 3147 et
3132 3106 3239 3146 non
3273 3099 3356 3145 est
3389 3093 3712 3146 substantia.
3766 3089 3902 3148 Veni

2313 3183 2367 3238 in
2396 3183 2738 3239 altitudinem
2789 3184 2995 3239 maris:
3027 3193 3084 3240 et
3136 3193 3429 3255 tempestas
3482 3184 3748 3241 demersit
3798 3200 3904 3240 me.

2313 3276 2579 3334 Laboravi
2608 3278 2869 3342 clamans,
2915 3294 3093 3333 raucze
3140 3276 3297 3332 factm
3340 3287 3467 3332 sunt
3511 3276 3695 3334 fauces
3734 3293 3906 3333 meae:

2313 3368 2632 3425 defecerunt
2650 3370 2792 3426 oculi
2813 3371 2944 3435 mei,
2958 3370 3086 3424 dum
3109 3384 3268 3441 spero
3290 3370 3342 3423 in
3367 3370 3533 3423 Deum
3557 3386 3762 3425 meum.
3783 3369 3911 3424 Mul-

2315 3465 2542 3536 tiplicati
2578 3474 2705 3521 sunt
2733 3481 2898 3535 super
2928 3466 3154 3537 capillos
3183 3466 3377 3538 capitis
3407 3466 3534 3533 mei,
3564 3468 3656 3536 qui
3678 3467 3911 3522 oderunt

2317 3572 2403 3611 me
2429 3558 2618 3627 gratis.
2647 3556 2953 3614 Confortati
2978 3567 3107 3614 sunt
3130 3560 3223 3629 qui
3250 3560 3520 3629 persecuti
3551 3567 3677 3614 sunt
3696 3574 3785 3616 me
3804 3560 3907 3616 ini-

2316 3652 2443 3706 mici
2465 3653 2572 3706 mei
2596 3651 2794 3723 injuste
2818 3668 2831 3706 :
2859 3668 2981 3723 quze
3013 3668 3121 3708 non
3154 3654 3332 3724 rapui,
3372 3663 3497 3710 tunc
3538 3652 3905 3709 exsolvebam.

2317 3742 2460 3799 Deus
2473 3754 2527 3799 tu
2545 3746 2652 3800 scis
2671 3746 3034 3818 insipientiam
3059 3763 3255 3816 meam;
3273 3759 3328 3803 et
3347 3748 3540 3804 delicta
3559 3764 3679 3806 mea
3692 3766 3721 3803 a
3737 3757 3792 3805 te
3806 3765 3911 3804 non

2319 3840 2788 3896 suntabscondita.
2806 3840 2924 3897 Non
2943 3844 3270 3899 erubescant
3284 3843 3338 3897 in
3360 3857 3468 3909 me,
3482 3843 3573 3913 qui
3593 3853 3909 3915 exspectant

2322 3942 2375 3988 te
2396 3932 2623 3989 Domine
2637 3934 2923 3989 virtutum.
2939 3934 3056 3989 Non
3077 3934 3479 3991 confundantur
3498 3950 3662 4007 super
3680 3950 3789 4002 me,
3817 3936 3908 4006 qui

2319 4034 2569 4096 quaerunt
2596 4033 2671 4091 te,
2714 4024 2857 4082 Deus
2891 4026 3075 4081 lsrael.
3110 4026 3374 4095 Quoniam
3417 4036 3641 4099 propter
3667 4037 3719 4083 te
3749 4028 3910 4083 susti-

2322 4118 2413 4172 nui
2456 4119 2805 4201 opprobrium
2838 4135 2852 4169 :
2884 4119 3101 4189 operuit
3146 4119 3394 4175 confusio
3450 4118 3644 4175 faciem
3702 4136 3899 4176 meam.

2322 4211 2627 4266 Extraneus
2667 4208 2840 4265 factus
2866 4227 2985 4265 sum
3023 4211 3283 4267 fratribus
3308 4212 3446 4267 meis
3472 4229 3485 4265 :
3511 4220 3567 4266 et
3593 4212 3909 4284 peregrinus

2323 4305 2448 4359 ﬁliis
2478 4305 2670 4358 matris
2694 4319 2847 4359 meae.
2894 4304 3162 4370 Quoniam
3201 4304 3347 4360 zelus
3375 4304 3566 4359 domus
3592 4313 3700 4361 tua;
3726 4320 3909 4361 come—

2324 4397 2399 4451 dit
2430 4412 2516 4451 me
2543 4415 2553 4449 :
2582 4404 2637 4451 et
2678 4396 2965 4466 opprobria
3009 4398 3450 4468 exprobrantium
3478 4398 3577 4454 tibi
3599 4399 3911 4455 ceciderunt

2112 4467 2212 4559 1P5!
2244 4481 2296 4544 D
2323 4502 2486 4558 super
2514 4502 2619 4542 me.
2654 4487 2721 4542 Et
2764 4490 2953 4559 operui
3000 4489 3055 4543 in
3082 4467 3303 4559 jejunio
3348 4491 3585 4545 animam
3631 4506 3828 4557 meam,
3859 4500 3918 4547 et

2324 4580 2525 4634 factum
2558 4589 2644 4635 est
2678 4580 2732 4635 in
2768 4581 3119 4652 opprobrium
3150 4582 3303 4637 mihi.
3333 4583 3400 4638 Et
3427 4584 3583 4653 posui
3621 4585 3911 4641 vestimen-

2324 4680 2438 4725 tum
2467 4686 2647 4725 meum
2675 4671 2729 4725 in
2762 4672 2997 4727 cilicium
3026 4688 3039 4727 :
3068 4683 3125 4729 et
3167 4672 3346 4730 factus
3389 4692 3507 4731 sum
3540 4675 3643 4732 illis
3670 4678 3723 4733 in
3750 4694 3907 4749 para-

2320 4760 2520 4817 bolam.
2550 4761 2853 4819 Adversum
2884 4780 2970 4820 me
2999 4764 3383 4837 loquebantur,
3430 4769 3522 4839 qui
3560 4770 3823 4825 sedebant
3856 4771 3909 4825 in

2321 4863 2503 4927 porta,
2528 4863 2585 4912 et
2606 4856 2660 4911 in
2690 4872 2777 4911 me
2803 4857 3124 4929 psallebant,
3155 4861 3249 4930 qui
3274 4861 3533 4918 bibebant
3560 4863 3763 4919 vinum.
3794 4862 3910 4937 Ego

2320 4961 2451 5001 vero
2481 4946 2784 5002 orationem
2822 4963 2997 5003 meam
3027 4949 3095 5004 ad
3122 4958 3175 5005 te
3201 4949 3430 5009 Domine
3457 4970 3471 5006 ε
3505 4961 3718 5025 tempus
3742 4953 3908 5010 bene-

2319 5038 2504 5110 placiti
2526 5038 2690 5095 Deus.
2719 5039 2778 5095 in
2803 5040 3144 5098 multitudine
3165 5044 3556 5102 misericordia:
3583 5055 3687 5104 tua:
3712 5048 3906 5103 exaudi

2320 5146 2451 5185 me:
2486 5131 2542 5186 in
2568 5132 2801 5188 veritate
2850 5132 3040 5188 salutis
3085 5140 3210 5189 tute.
3260 5135 3424 5207 Eripe
3472 5153 3561 5194 me
3603 5139 3670 5196 de
3691 5139 3825 5204 luto,
3854 5149 3911 5195 ut

2320 5238 2430 5278 non
2459 5222 2886 5294 inflgarzlihera
2934 5241 3021 5280 me
3060 5228 3128 5283 ab
3174 5230 3280 5294 his,
3320 5232 3412 5299 qui
3452 5231 3684 5287 oderunt
3711 5249 3816 5297 me,
3856 5243 3912 5288 et

2322 5313 2389 5369 de
2415 5311 2699 5384 profundis
2739 5330 3025 5384 aquarum.
3059 5315 3175 5371 Non
3201 5333 3289 5373 me
3310 5319 3589 5392 demergat
3614 5329 3908 5393 tempestas

2321 5420 2496 5476 aquae,
2536 5420 2713 5476 neque
2765 5406 3056 5463 absorbeat
3095 5422 3182 5463 me
3218 5410 3589 5481 profundum:
3617 5430 3792 5486 neque
3817 5433 3910 5471 ur—

2319 5508 2443 5570 geat
2496 5514 2658 5569 super
2705 5514 2793 5555 me
2838 5508 3034 5570 puteus
3077 5516 3139 5557 os
3185 5519 3361 5559 suum.
3411 5505 3622 5563 Exaudi
3670 5524 3777 5572 me,
3806 5506 3911 5564 Do-

2320 5590 2486 5655 mine,
2536 5591 2790 5659 quoniam
2837 5590 3068 5662 benigna
3117 5603 3201 5648 est
3250 5596 3623 5653 misericordia
3661 5610 3909 5656 tua:se-

2319 5682 2551 5738 eundum
2584 5682 2981 5738 multitudinem
3012 5686 3421 5743 miserationum
3454 5699 3667 5747 tuarum
3699 5694 3910 5762 respice

2317 5770 2373 5829 in
2406 5789 2510 5830 me.
2544 5774 2605 5829 Et
2638 5788 2703 5830 ne
2730 5784 2947 5833 avertas
2983 5775 3175 5835 faciem
3206 5789 3347 5835 tuam
3376 5797 3404 5835 a
3431 5800 3601 5854 puero
3625 5794 3715 5842 tuo
3741 5801 3752 5841 :
3777 5802 3912 5858 quo-
