4122 6616
254 487 358 545 549

1243 485 1640 547 LITURGICA.
1680 514 1751 526 -—-
1786 481 2057 538 OFFICIA
2095 480 2232 537 PER
2267 482 2534 538 FERIAS.

3414 483 3521 538 550

256 610 402 664 niam
434 606 687 673 tribulor,
714 605 977 663 velociter
1004 605 1199 661 exaudi
1237 618 1343 658 me.
1390 603 1610 658 Intende
1645 601 1840 656 animm
1868 600 1912 656 Α
1943 609 2065 649 cum
2096 594 2171 648 Sis
2202 610 2361 658 unus.
2393 594 2447 647 in
2476 601 2661 649 sancta
2696 593 2959 650 Τνὶηίωιε
2983 594 3263 651 ϐοηεῖιεοΐι
3292 593 3529 668 Frange.

254 716 391 755 mea;
426 708 483 755 et
523 699 691 756 libera
739 706 1143 770 eam:propter
1196 698 1447 753 inimicos
1495 711 1646 751 meos
1689 696 1840 766 eripe

254 808 364 849 me.
410 791 495 849 Tu
540 792 617 850 sis
662 793 1049 863 improperium
1097 804 1320 845 meum:
1350 798 1406 843 et
1462 788 1839 843 confusionem

252 899 449 951 meam,
485 893 542 940 et
565 884 928 939 reverentiam
955 898 1153 938 meam.
1180 882 1240 937 In
1267 893 1562 952 conspectu
1590 889 1686 935 tuo
1715 888 1840 935 sunt

250 992 461 1042 omnes,
502 978 594 1048 qui
630 977 890 1032 tribulant
922 992 1010 1032 me
1037 992 1051 1031 :
1078 977 1466 1048 improperium
1503 977 1840 1046 exspectavit

250 1085 346 1125 cor
377 1085 557 1126 meum
582 1077 640 1126 et
665 1069 963 1124 miseriam.
1003 1069 1071 1124 Et
1099 1070 1347 1133 sustinui,
1387 1070 1479 1139 qui
1517 1066 1676 1123 simul
1705 1084 1838 1124 con-

251 1161 581 1228 tristaretur,
625 1171 679 1217 et
719 1177 827 1216 non
854 1160 992 1215 fuit:
1018 1168 1073 1216 et
1101 1163 1194 1231 qui
1220 1161 1610 1225 consolaretur,
1647 1169 1699 1216 et
1730 1176 1837 1216 non

252 1253 455 1308 inveni.
497 1253 566 1309 Et
607 1253 872 1309 dederunt
894 1253 948 1307 in
994 1267 1176 1307 escam
1217 1268 1395 1307 meam
1439 1251 1509 1306 fel
1538 1272 1551 1306 :
1579 1261 1633 1307 et
1662 1254 1715 1308 in
1747 1254 1837 1309 siti

249 1360 371 1401 mea
394 1354 721 1416 potaverunt
742 1359 831 1400 me
856 1352 1030 1400 aceto.
1063 1343 1187 1398 Fiat
1214 1359 1401 1399 mensa
1430 1360 1617 1400 eorum
1648 1360 1836 1401 coram

248 1435 382 1504 ipsis
411 1437 465 1491 in
492 1436 785 1506 laqueum:
813 1437 948 1490 etin
977 1435 1365 1491 retributiones
1407 1444 1463 1491 et
1504 1438 1561 1491 in
1602 1437 1837 1492 scanda-

249 1527 381 1584 lum.
427 1527 801 1584 Obscurentur
838 1527 979 1583 oculi
1022 1541 1237 1592 eorum,
1266 1542 1335 1581 ne
1357 1528 1596 1593 videant,
1629 1537 1680 1583 et
1712 1529 1838 1583 dor-

245 1635 367 1676 sum
395 1636 583 1677 eorum
612 1635 826 1690 semper
856 1621 1097 1675 incurva.
1133 1618 1359 1675 Eti‘unde
1386 1635 1550 1690 super
1575 1636 1671 1675 eos
1697 1621 1833 1675 iram

247 1721 443 1767 tuam:
475 1720 531 1766 et
570 1708 722 1767 furor
769 1712 864 1767 ira:
922 1720 1028 1767 tua:
1085 1713 1510 1784 comprehendat
1552 1729 1663 1768 eos.
1714 1714 1835 1769 Fiat

244 1803 512 1861 habitatio
541 1821 728 1861 eorum
757 1806 971 1862 deserta
1008 1827 1019 1861 :
1051 1816 1107 1862 et
1152 1808 1206 1862 in
1252 1808 1616 1864 tabernaculis
1644 1824 1832 1865 eorum

245 1910 352 1951 non
392 1896 484 1963 sit,
543 1899 633 1968 qui
680 1899 963 1954 inhabitet.
1011 1899 1277 1967 Quoniam
1319 1915 1481 1969 quem
1518 1911 1573 1955 tu
1602 1916 1827 1973 percus-

243 1989 383 2057 sisti,
428 1995 700 2063 persecuti
746 2004 911 2049 sunt:
942 2004 998 2050 et
1041 2010 1206 2066 super
1251 1995 1493 2050 dolorem
1544 1996 1829 2052 vulnerum

240 2097 488 2140 meorum
532 2086 871 2142 addiderunt.
917 2087 1141 2159 Appone
1184 2088 1521 2158 iniquitatem
1544 2104 1708 2160 super
1733 2089 1833 2144 ini-

239 2177 504 2245 quitatem
538 2194 727 2235 comm
754 2199 767 2234 :
794 2190 849 2236 et
890 2196 997 2236 non
1046 2182 1249 2238 intrent
1286 2184 1338 2237 in
1364 2183 1627 2254 justitiam
1659 2193 1827 2239 tuam.

241 2268 534 2327 Deleantur
583 2272 649 2328 de
694 2272 833 2329 libro
880 2276 1174 2329 viventium
1208 2294 1219 2329 :
1248 2282 1303 2330 et
1347 2291 1468 2330 (‘Ilm
1512 2275 1674 2347 justis
1722 2292 1831 2331 non

239 2364 568 2419 scribantur.
612 2365 725 2436 Ego
776 2381 894 2421 sum
944 2382 1152 2437 pauper
1194 2377 1251 2422 et
1294 2368 1523 2423 dolens:
1557 2368 1705 2424 salus
1741 2377 1830 2424 tua

238 2454 382 2511 Deus
422 2457 659 2527 suscepit
703 2471 810 2511 me.
856 2456 1113 2513 Laudabo
1157 2473 1352 2514 nomen
1392 2460 1487 2514 Dei
1523 2475 1648 2515 cum
1696 2477 1828 2515 can-

238 2544 348 2601 tico
375 2563 388 2599 :
416 2554 471 2601 et
500 2546 860 2619 magnificabo
901 2564 1026 2612 eum
1055 2550 1108 2603 in
1138 2549 1314 2603 laude.
1361 2550 1426 2604 Et
1454 2550 1690 2620 placebit
1720 2550 1829 2606 Deo

236 2654 404 2709 super
429 2639 655 2694 vitulum
683 2641 972 2706 novellum,
1015 2657 1217 2696 cornua
1240 2644 1624 2713 producente-ii
1651 2652 1705 2697 et
1730 2660 1831 2697 nn—

236 2731 408 2801 gulas.
438 2732 667 2786 Videant
687 2747 954 2803 pauperes
980 2743 1037 2788 et
1063 2733 1310 2789 Iaztentur
1336 2754 1346 2788 :
1378 2736 1605 2804 qnterite
1633 2735 1823 2802 Deum,

236 2831 293 2878 et
314 2823 460 2877 vivet
482 2823 662 2877 anima
698 2831 898 2878 vestra.
938 2825 1206 2891 Quoniam
1249 2826 1528 2881 exaudivit
1562 2842 1829 2897 pauperes

238 2914 502 2970 Dominus
532 2935 542 2968 :
571 2923 627 2970 et
672 2915 885 2971 vinctos
939 2932 1067 2971 suos
1113 2934 1221 2972 non
1268 2918 1532 2987 despexit.
1584 2917 1829 2973 Laudent

236 3003 388 3061 illum
435 3005 557 3062 caali
582 3014 637 3060 et
664 3015 806 3061 terra
834 3026 846 3060 :
883 3023 1051 3072 mare,
1094 3017 1149 3062 et
1184 3009 1363 3063 omnia
1395 3008 1607 3077 reptilia
1639 3010 1691 3063 in
1723 3009 1823 3066 eis.

234 3095 501 3164 Quoniam
530 3097 673 3153 Deus
700 3097 903 3153 salvam
939 3098 1101 3154 faciet
1129 3099 1261 3154 Sion
1284 3114 1299 3153 :
1320 3108 1376 3154 et
1415 3098 1827 3155 :editicabuntur

233 3188 486 3246 civitates
526 3187 694 3244 ludar.
740 3190 807 3244 Et
846 3190 1223 3245 inhabitabant
1267 3190 1366 3255 ibi,
1407 3199 1463 3245 et
1511 3190 1825 3247 haereditate

234 3281 519 3350 acquirent
561 3295 703 3335 eam.
750 3280 817 3335 Et
859 3295 1044 3335 semen
1088 3295 1368 3336 servorum
1422 3279 1537 3350 ejus
1579 3281 1822 3352 posside-

234 3368 315 3425 bit
357 3385 500 3436 eam,
553 3378 610 3427 et
648 3372 739 3442 qui
788 3372 1016 3443 diligunt
1067 3386 1263 3427 nomen
1308 3370 1447 3441 ejus,
1499 3372 1821 3429 habitabunt

236 3463 294 3519 in
324 3479 409 3521 ea.

310 3553 378 3609 Ut
416 3573 597 3627 supra.
640 3557 697 3613 In
737 3558 1081 3614 tribulatione
1130 3560 1375 3615 invocavi
1419 3560 1728 3625 Dominum,
1770 3569 1828 3617 et

235 3647 306 3702 ad
336 3646 504 3703 Deum
544 3663 723 3704 meum
770 3649 1024 3705 clamavi.
1080 3651 1144 3704 Et
1189 3652 1470 3706 exaudivit
1512 3652 1580 3706 de
1624 3652 1826 3723 templo

236 3749 425 3795 sancto
451 3756 548 3796 suo
578 3756 765 3797 vocem
809 3757 1010 3807 meam,
1061 3750 1116 3797 et
1155 3744 1362 3799 clamor
1406 3758 1561 3799 meus
1604 3744 1658 3799 in
1695 3760 1829 3800 con-

233 3842 424 3903 specta
448 3834 564 3905 ejus
591 3826 836 3890 introibit
860 3836 913 3889 in
942 3851 1104 3891 aures
1130 3837 1266 3908 ejus.
1295 3837 1437 3893 Deus
1462 3846 1649 3893 noster
1675 3837 1825 3894 refu-

235 3926 385 3997 gium
427 3935 483 3981 et
520 3926 695 3982 virtus
725 3946 737 3980 :
772 3927 991 3997 adjutor
1019 3929 1070 3983 in
1098 3927 1559 3995 tribulationibus,
1605 3930 1828 4003 quain—

236 4029 507 4075 venerunt
538 4034 638 4075 nos
664 4020 846 4075 nimis.

309 4107 520 4166 Oratio.
563 4110 958 4182 Benignissime
1004 4115 1231 4169 Domine
1264 4117 1463 4169 exaudi
1503 4128 1603 4171 nos
1653 4116 1710 4172 in
1734 4131 1827 4172 ve-

237 4207 403 4262 ritate
441 4204 631 4260 salutis
676 4213 803 4271 tute,
848 4214 911 4259 ut
936 4208 1074 4261 eruti
1101 4206 1171 4260 ab
1197 4206 1449 4277 squalore
1478 4207 1687 4278 peccati
1716 4224 1828 4263 me-

237 4312 461 4354 reamur
486 4297 539 4352 in
568 4296 708 4352 libro
732 4298 857 4351 vitae
880 4298 1048 4370 digito
1075 4299 1280 4355 caelesti
1312 4301 1601 4356 conscribi.
1629 4300 1752 4357 Per.

310 4391 521 4448 Educcs
550 4392 615 4447 de
647 4392 995 4447 tribulatione
1036 4395 1272 4448 animam
1301 4410 1497 4450 meam.
1542 4396 1609 4451 Et
1632 4398 1827 4467 perdes

238 4500 450 4550 omnes,
498 4483 592 4554 qui
641 4483 904 4537 trilmlant
945 4484 1179 4539 animam
1213 4501 1410 4542 meam.
1445 4486 1654 4544 Exaudi
1682 4488 1827 4547 Deus

238 4581 540 4634 orationem
568 4592 765 4642 meam,
800 4592 924 4632 cum
950 4577 1235 4647 deprecor.

568 4705 826 4765 ORATIO
865 4706 1111 4763 SANCTI
1147 4707 1493 4766 AMBROSII.

313 4846 529 4902 Christe
573 4859 782 4899 summa
814 4844 907 4898 Dei
936 4843 1127 4904 virtus,
1172 4859 1278 4897 una
1302 4853 1359 4900 et
1394 4844 1685 4901 indiscreta
1712 4862 1828 4900 ma-

234 4941 430 5011 iestas,
458 4940 721 4995 orationis
749 4954 886 4994 mea:
907 4947 1019 4992 tota
1056 4937 1383 5004 substantia,
1414 4937 1607 4993 invoco
1632 4953 1827 4994 nomen

240 5043 489 5092 sanctum
528 5043 720 5088 tuum:
750 5033 944 5087 exaudi
993 5046 1082 5085 me
1124 5046 1245 5085 meo
1290 5045 1502 5086 mecum
1535 5031 1699 5087 corde
1746 5031 1829 5085 ιιι-

240 5137 504 5192 ctantem.
531 5133 914 5198 agnoscentem
937 5131 1163 5192 peccata
1200 5122 1525 5189 facinorum,
1556 5134 1611 5178 et
1631 5124 1831 5195 cogita-

240 5226 448 5279 tionum
495 5220 721 5276 crimina
756 5216 1124 5272 confitentem.
1172 5216 1282 5286 82
1313 5215 1547 5286 Frange,
1577 5215 1822 5281 Domine,

242 5326 391 5372 artes
432 5312 663 5379 diaboli;
704 5310 861 5383 fingit
905 5310 1052 5366 enim
1088 5309 1247 5365 labiis
1284 5308 1427 5363 aliud
1466 5309 1824 5380 suggerendo,

242 5412 524 5481 ipsamque
574 5405 878 5460 orationem
938 5401 1193 5473 captivat.
1246 5400 1509 5470 Respice,
1562 5399 1822 5465 Domine,

240 5503 347 5558 mei
396 5499 652 5571 supplicis
695 5496 1001 5566 Iacrymas;
1030 5502 1086 5547 et
1122 5508 1245 5549 cum
1270 5491 1521 5563 lacrymze
1550 5507 1656 5545 non
1691 5490 1821 5556 sint,

240 5592 587 5664 indulgentia:
633 5600 739 5645 tute
778 5589 1034 5660 pietatem
1080 5583 1321 5641 infunde.
1374 5584 1596 5639 Custodi
1641 5584 1693 5637 in
1739 5599 1826 5638 me

242 5684 645 5742 immaculatam
687 5681 870 5748 fidem,
915 5697 1109 5751 meque
1152 5694 1275 5735 cum
1314 5679 1576 5749 proximis
1614 5693 1829 5748 semper

238 5778 297 5837 in
346 5791 481 5847 pace
528 5776 836 5831 recoucilia.
890 5773 1159 5828 Fructuos
1202 5770 1319 5845 [F.,
1351 5787 1413 5826 os
1437 5769 1667 5842 fructus]
1708 5780 1828 5826 tuos

240 5870 417 5942 panis.
447 5909 462 5924 .
490 5909 503 5923 .
531 5910 543 5923 .
572 5910 585 5923 .
613 5870 830 5939 propria
870 5867 1121 5938 largitate
1162 5866 1443 5922 distribue.
1476 5864 1595 5919 Tibi
1626 5865 1825 5918 incliuo

241 5962 530 6019 cervicem.
590 5958 709 6015 Tibi
759 5975 929 6032 genua
962 5957 1138 6016 ﬂecto.
1186 5956 1259 6014 Te
1302 5958 1584 6014 Dominum
1632 5957 1822 6028 Deum,

1942 687 2190 751 Domine,
2237 696 2427 741 contra
2478 702 2566 741 me
2622 686 2967 743 inimicorum
3017 695 3348 758 potestates,
3398 704 3532 745 erue

1943 795 2031 834 me
2057 779 2123 835 de
2151 779 2422 849 periculis,
2461 787 2616 833 tuere
2654 794 2744 835 me
2781 780 2837 835 in
2883 782 3136 837 omnibus
3161 783 3360 847 causis,
3389 789 3447 836 et
3476 783 3531 839 in

1940 868 2320 923 criminatione
2371 866 2620 924 defende.
2669 868 2839 941 Egro
2886 885 2973 925 me
3010 870 3270 940 jacente,
3316 882 3374 928 et
3426 888 3531 939 ea,

1941 974 2062 1029 qua:
2091 960 2312 1031 explere
2358 976 2465 1015 non
2505 975 2725 1033 possum
2755 1004 2771 1028 ,
2809 965 2964 1033 quasi
3001 965 3111 1020 sint
3149 967 3365 1038 expleta
3395 985 3514 1027 con-

1939 1052 2089 1107 cede.

2632 1185 2851 1230 ORATIO.

1940 1277 2050 1334 Pro
2085 1278 2437 1350 familiaribus
2464 1284 2655 1338 nostris
2676 1295 2724 1338 et
2750 1287 2949 1341 cunctis
2979 1287 3224 1357 ﬁdelibus
3246 1290 3527 1361 defunctis.

2009 1367 2103 1435 Te,
2129 1368 2357 1424 Domine
2383 1379 2570 1427 sancte
2599 1372 2762 1428 Pater
2785 1375 3126 1446 omnipotens
3146 1388 3347 1435 a‘terne
3363 1380 3530 1448 Deus,

1936 1461 2208 1531 supplices
2246 1461 2604 1532 deprecamur
2641 1479 2740 1535 pro
2785 1466 3068 1538 spiritibus
3109 1468 3431 1527 famulorum
3477 1482 3535 1532 et

1937 1550 2259 1609 famularum
2292 1562 2528 1621 tuarum,
2556 1570 2692 1626 quos
2730 1557 2798 1613 ab
2825 1559 3035 1631 origine
3064 1562 3244 1618 saeculi
3272 1563 3432 1633 hujus
3462 1567 3532 1621 ad

1936 1655 1989 1701 te
2029 1648 2298 1701 accersire
2336 1650 2668 1719 praecepisti;
2710 1661 2771 1705 ut
2809 1652 3078 1724 digneris,
3109 1654 3365 1727 Domine,
3399 1660 3532 1717 dare

1934 1740 2015 1795 eis
2038 1739 2215 1794 locum
2245 1740 2504 1808 lucidum,
2534 1742 2711 1798 locum
2743 1744 3013 1818 refrigerii
3042 1757 3099 1804 et
3121 1750 3350 1820 quietis;
3382 1762 3439 1807 et
3470 1763 3531 1809 ut

1934 1832 2095 1887 liceat
2131 1833 2212 1887 eis
2243 1835 2474 1889 transire
2508 1845 2694 1905 portas
2734 1837 3071 1896 infernorum
3092 1882 3105 1906 ,
3136 1851 3190 1897 et
3224 1845 3342 1900 vias
3381 1854 3534 1903 tene-

1865 1966 1909 2026 Β
1935 1925 2152 1980 brarum
2172 1968 2186 1991 ,
2212 1937 2577 1998 maneantque
2604 1930 2657 1984 in
2684 1931 3058 1990 mansionibus
3086 1946 3400 1994 sanctorum
3424 1982 3439 2007 ,
3474 1949 3534 1995 et

1934 2019 1988 2073 in
2018 2020 2136 2077 luce
2163 2029 2350 2076 saneta
2369 2063 2384 2088 ,
2412 2038 2575 2092 quam
2608 2023 2735 2079 olim
2762 2024 2994 2083 Abrahae
3028 2031 3325 2099 promisisti
3357 2042 3412 2087 et
3439 2050 3529 2090 se-

1930 2111 2063 2166 mini
2099 2110 2235 2180 ejus.
2276 2112 2489 2167 Nullam
2540 2115 2815 2172 Iresionem
2850 2120 3157 2176 snstineant
3197 2125 3390 2181 anima:
3435 2142 3531 2181 eo—

1931 2222 2073 2273 rum,
2102 2208 2196 2263 sed
2224 2224 2348 2263 cum
2382 2224 2609 2280 magnus
2646 2210 2733 2267 ille
2759 2212 2875 2269 dies
2910 2219 3326 2275 resurrectionis
3353 2236 3418 2277 ac
3445 2238 3531 2277 re-

1929 2301 2322 2355 munerationis
2349 2302 2649 2369 advenerit,
2679 2305 3008 2363 resuscitare
3032 2323 3126 2363 eos
3155 2308 3392 2381 digneris
3426 2314 3531 2369 Do-

1930 2390 2107 2457 mine,
2131 2407 2236 2446 una
2267 2408 2390 2448 cum
2427 2395 2632 2449 sanctis
2677 2402 2734 2450 et
2766 2395 2954 2452 electis
2992 2400 3101 2455 tuis
3128 2416 3142 2454 :
3167 2410 3223 2456 et
3254 2412 3313 2457 ut
3345 2406 3528 2461 deleas

1929 2497 2117 2537 eorum
2163 2484 2359 2540 delicta
2396 2495 2559 2558 atque
2584 2496 2840 2558 peccata,
2876 2507 3048 2562 usque
3073 2494 3139 2549 ad
3169 2498 3526 2553 novissimum

1928 2575 2316 2642 quadrantem,
2354 2584 2639 2648 tecumque
2674 2579 3098 2637 immortalitatis
3136 2583 3302 2639 vitam
3343 2594 3398 2640 et
3442 2602 3528 2642 rc-

1929 2681 2091 2736 gnum
2122 2676 2525 2738 consequantur
2548 2680 2831 2727 :eternum.

2002 2756 2069 2812 Ut
2111 2777 2291 2831 supra.
2330 2760 2407 2816 Ne
2445 2764 2628 2818 tradas
2672 2765 2886 2821 bestiis.
2934 2766 3197 2839 Requiem
3240 2780 3520 2829 mternam.

1927 2848 2207 2907 Justorum
2230 2853 2446 2909 animm.

2564 2987 2907 3047 PSALML‘S.

1996 3083 2187 3157 (Ρδλι.
2219 3086 2307 3157 v.)
2346 3087 2521 3144 Verba
2559 3105 2678 3145 mea
2714 3094 2937 3147 auribus
2969 3095 3209 3165 percipe,
3242 3099 3465 3155 Domine
3499 3117 3513 3153 :

1927 3176 2167 3249 iutellige
2181 3178 2475 3234 clamorem
2492 3197 2693 3238 meum.
2710 3183 2932 3243 Intende
2956 3188 3073 3243 voci
3087 3191 3350 3246 orationis
3365 3208 3520 3258 meae,

1924 3265 2041 3321 Rex
2059 3284 2212 3324 meus
2240 3279 2294 3324 et
2319 3270 2462 3327 Deus
2484 3288 2656 3329 meus.
2680 3273 2947 3341 Quoniam
2968 3279 3035 3333 ad
3064 3288 3115 3335 te
3139 3281 3394 3351 adorabo,
3418 3283 3523 3338 Do-

1926 3362 2071 3416 mine
2114 3379 2128 3415 :
2168 3379 2328 3418 mane
2371 3366 2632 3421 exaudies
2672 3383 2862 3424 vocem
2902 3386 3099 3427 meam.
3143 3372 3296 3428 Mane
3334 3378 3523 3431 astabo

1927 3451 2026 3507 tibi
2049 3460 2106 3507 et
2130 3453 2329 3510 videbo
2354 3474 2367 3509 ι
2394 3457 2653 3525 quoniam
2672 3474 2779 3512 non
2807 3458 2951 3517 Deus
2972 3462 3157 3519 volens
3180 3464 3521 3536 iniquitatem

1926 3554 1986 3599 tu
2011 3560 2089 3601 es.
2116 3544 2302 3617 Neque
2323 3548 2593 3605 habitabit
2609 3547 2763 3618 juxta
2787 3559 2841 3608 te
2868 3552 3137 3625 malignus
3166 3574 3178 3610 :
3210 3574 3384 3630 neque
3403 3574 3527 3629 per-

1926 3637 2223 3692 manebunt
2250 3640 2437 3711 injusti
2462 3650 2589 3698 ante
2608 3644 2795 3699 oculos
2827 3654 2967 3701 tuos.
2998 3646 3171 3704 Odisti
3210 3665 3402 3706 omnes
3429 3651 3521 3721 qui

1925 3739 2218 3800 operantur
2242 3731 2585 3803 iniquitatem
2624 3753 2638 3790 :
2673 3736 2871 3806 perdes
2897 3754 3088 3795 omnes
3116 3742 3206 3811 qui
3229 3741 3523 3813 loquuntur

1925 3824 2293 3880 mendacium.
2319 3827 2507 3882 Virum
2538 3830 2862 3902 sanguinum
2891 3841 2943 3888 et
2975 3834 3219 3891 dolosum
3244 3838 3523 3893 abomina-

1925 3912 2072 3969 bitur
2100 3912 2384 3971 Dominus.
2408 3917 2519 3988 Ego
2547 3927 2730 3974 autem
2761 3921 2814 3974 in
2847 3922 3191 3979 multitudine
3218 3928 3524 3984 misericor—

1926 4006 2029 4061 diae
2064 4014 2171 4063 tua:
2198 4008 2437 4065 inlroibo
2466 4010 2520 4065 in
2553 4011 2774 4068 domum
2799 4022 2944 4070 tuam
2978 4034 2991 4070 :
3023 4018 3259 4073 adorabo
3284 4022 3350 4077 ad
3387 4031 3522 4076 temo

1923 4100 2074 4171 plum
2095 4112 2342 4158 sanetum
2365 4112 2516 4159 tuum
2547 4105 2603 4160 in
2625 4107 2818 4164 timore
2841 4116 2952 4165 tuo.
2984 4110 3210 4167 Domine
3240 4116 3413 4171 deduc
3434 4132 3521 4173 me

1927 4194 1983 4248 in
2002 4195 2213 4265 justitia
2239 4211 2331 4251 tua
2368 4216 2381 4251 :
2411 4207 2632 4268 propter
2654 4199 2907 4257 inimicos
2935 4219 3083 4261 meos
3109 4206 3283 4277 dirige
3311 4210 3365 4262 in
3395 4225 3523 4265 con-

1926 4297 2112 4359 spectu
2142 4300 2234 4347 tuo
2271 4292 2417 4345 viam
2448 4308 2645 4348 meam.
2684 4292 2950 4361 Quoniam
2989 4314 3093 4354 non
3122 4308 3207 4355 est
3233 4302 3286 4355 in
3315 4317 3408 4358 ore
3434 4319 3521 4358 eo-

1926 4396 2048 4437 rum
2079 4383 2322 4438 veritas:
2349 4399 2446 4439 cor
2481 4400 2669 4440 eorum
2701 4402 2897 4443 vanum
2932 4397 3034 4445 est.
3070 4388 3387 4460 Sepulcrum
3426 4410 3517 4464 pa-

1926 4480 2051 4527 tens
2078 4482 2163 4528 est
2192 4483 2376 4544 guttur
2400 4489 2586 4530 eorum
2622 4496 2633 4531 :
2668 4475 2868 4549 linguis
2901 4480 3015 4536 suis
3044 4482 3229 4539 dolose
3267 4486 3519 4554 agebant,

1919 4562 2102 4632 judica
2145 4564 2266 4621 illos
2304 4564 2468 4621 Deus.
2519 4566 2781 4623 Decidant
2832 4585 2863 4625 a
2906 4573 3326 4641 cogitationibus
3372 4577 3517 4643 suis,

1848 4693 1904 4755 Β
1930 4655 2225 4713 secundum
2263 4657 2663 4715 multitudinem
2707 4661 3048 4733 impietatum
3086 4682 3272 4722 eorum
3308 4671 3520 4739 expelle

1928 4766 2051 4817 eos,
2094 4752 2349 4821 quoniam
2389 4752 2741 4810 irritaverunt
2780 4763 2832 4811 te
2876 4756 3121 4814 Domine.
3168 4758 3234 4814 Et
3270 4760 3521 4817 lmtentur

1928 4860 2139 4910 omnes,
2159 4846 2491 4916 quisperant
2511 4846 2567 4902 in
2598 4855 2651 4901 te
2685 4867 2698 4902 :
2729 4848 2785 4904 in
2813 4857 3074 4905 aeternum
3095 4852 3443 4909 cxsultabunt
3464 4864 3519 4911 et

1926 4936 2202 4992 habitabis
2231 4938 2285 4992 in
2317 4938 2416 4993 eis.
2441 4938 2510 4994 Et
2529 4937 2899 5010 gloriabuntur
2920 4941 2975 4996 in
3001 4949 3057 4998 te
3081 4958 3292 5009 omnes,
3315 4947 3409 5016 qui
3440 4947 3519 5002 di-

1927 5028 2102 5102 liguut
2128 5045 2325 5085 nomen
2368 5039 2521 5084 tuum
2560 5048 2574 5084 :
2618 5031 2875 5100 quoniam
2920 5041 2980 5087 tu
3024 5034 3314 5091 benediccs
3346 5036 3515 5105 justo.

1927 5122 2157 5177 Domine
2192 5134 2254 5176 ut
2286 5129 2439 5176 scuto
2466 5121 2621 5175 bonae
2642 5121 2939 5178 voluntatis
2969 5130 3071 5180 tua:
3092 5129 3364 5182 coronasti
3396 5146 3513 5184 nos.

2002 5213 2072 5269 Ut
2096 5231 2275 5286 supra.
2307 5212 2350 5267 Δ
2377 5221 2535 5283 porta
2566 5212 2749 5268 inferi.
2767 5213 3009 5271 Pretiosa
3034 5218 3195 5273 estin
3224 5233 3517 5291 conspectu

1929 5304 2164 5359 Domini.

2002 5394 2204 5451 Oratio.
2240 5395 2334 5451 Pie
2371 5394 2633 5465 Domine,
2672 5396 2763 5467 qui
2801 5398 2972 5454 attriti
3014 5400 3193 5455 cordis
3232 5402 3514 5470 gemitum,

1928 5487 2244 5558 priusquam
2269 5486 2577 5558 proferatur
2596 5529 2610 5554 ,
2640 5486 2899 5561 intelligis
2917 5532 2931 5555 ,
2961 5490 3109 5547 eflice
3144 5508 3246 5549 nos
3264 5534 3279 5558 ,
3311 5511 3514 5565 quaeso,

1930 5582 2187 5653 templum
2217 5581 2471 5636 Paracliti
2493 5623 2506 5647 ,
2537 5589 2600 5636 ut
2627 5596 2936 5647 mereamur
2973 5593 3128 5640 scuto
3158 5586 3396 5643 caelestis
3432 5590 3519 5644 be-

1927 5674 2249 5730 nevolentiae
2275 5674 2550 5729 coronari.
2571 5673 2695 5729 Per.

1998 5768 2117 5822 Alia
2139 5768 2326 5822 oratio.
2354 5765 2852 5835 Supplicationibus
2878 5767 3133 5824 clamoris
3158 5769 3351 5829 nostri,
3375 5785 3516 5838 qum-

1927 5877 2136 5926 snmus,
2158 5860 2406 5923 Domine,
2424 5875 2586 5915 aures
2617 5869 2720 5914 tua:
2741 5860 2961 5930 pietatis
2990 5861 3282 5917 clementer
3302 5876 3514 5915 accom-

1926 5954 2082 6011 moda
2116 5973 2128 6007 :
2164 5960 2222 6009 ut
2250 5952 2440 6010 animm
2470 5950 2789 6009 famulorum
2822 5951 3251 6024 famularumque
3281 5962 3512 6017 tuarum,
