4122 6546
632 273 729 329 55!
1481 260 1541 316 Β.
1581 259 1643 315 ῐ·“.
1684 256 1913 314 ΑιΒιΝι
1948 255 2082 313 SEU
2118 254 2251 311 Δις

2353 252 2395 308 ll
2446 248 2733 309 OPERUM
2770 246 2950 302 PARS
2986 244 3068 302 ιγ.
3825 238 3924 294 539.

633 384 876 444 omnium
909 379 1339 439 christianorum
1359 418 1374 441 ,
1401 375 1472 430 ab
1498 373 1647 430 omni
1676 371 1871 427 mortis
1895 378 2074 426 extitre
2100 384 2232 425 eon-
2258 386 2306 440 Α
2336 365 2481 421 mine
2524 364 2593 419 ad
2632 361 2992 434 adjuvandum
3036 375 3125 415 me
3152 360 3376 430 respice.
3407 358 3834 415 Conftmdantur
3875 368 3925 411 et

637 479 802 552 tagio,
828 474 1041 533 caelesti
1069 470 1274 543 perfrui
1300 483 1471 539 regno
1499 472 1828 521 mereantur.
1862 461 1965 517 Per
1987 470 2040 517 te
2067 458 2227 516 Cbri—
2330 463 2679 512 revereantur
2701 452 2863 509 simul
2887 470 2901 508 :
2925 452 3021 524 qui
3068 460 3316 522 quaerunt
3356 452 3592 506 animam
3638 465 3845 515 meam,
3875 460 3927 503 ut

636 581 722 629 ste
745 569 875 627 .lesu
899 565 992 639 qui
1014 564 1154 622 vivis
1180 570 1239 620 et
1263 574 1478 633 regnas.

1263 722 1611 781 PSALMUS.

714 854 896 927 (Pun.
936 850 1039 924 vt.)
1077 850 1304 907 Domine
1342 864 1411 903 ne
1453 847 1507 902 in
1545 846 1730 901 furore
1754 852 1847 899 tuo
1874 857 2075 913 arguas
2104 856 2229 897 me:

644 962 821 1018 neque
846 946 904 1002 in
933 945 1013 1001 ira
1058 955 1152 1000 tua
1193 943 1461 1011 corripias
1505 955 1611 995 me.
1670 939 1929 994 Miserere
1977 936 2082 990 mei
2129 934 2236 989 Do-

645 1040 827 1106 mine,
876 1038 1132 1109 quoniam
1179 1035 1430 1092 inﬁrmus
1458 1049 1620 1089 sum:
1670 1046 1801 1086 sana
1848 1044 1936 1084 me
1986 1026 2234 1087 Domine,

646 1131 904 1202 quoniam
933 1125 1255 1184 conturbata
1297 1132 1426 1180 sunt
1464 1138 1589 1178 ossa
1630 1136 1771 1177 mea.
1802 1120 1870 1174 Et
1910 1118 2091 1173 anima
2116 1130 2239 1171 mea

649 1221 866 1276 turbata
907 1227 995 1277 est
1037 1216 1232 1273 valde:
1264 1214 1361 1271 sed
1392 1220 1452 1269 tu
1484 1212 1715 1268 Domine
1748 1206 2069 1279 usquequo?
2103 1204 2238 1260 Con-

646 1320 867 1367 vertere
910 1308 1156 1371 Domine,
1209 1314 1267 1363 et
1305 1306 1457 1377 eripe
1501 1305 1739 1359 animam
1779 1315 1978 1363 meam,
2028 1296 2238 1353 salvum

651 1418 740 1461 me
783 1401 868 1460 fac
903 1410 1127 1474 propter
1162 1398 1592 1456 misericordiam
1638 1404 1809 1451 tuam.
1835 1392 2103 1460 Quoniam
2131 1406 2239 1445 non

649 1505 737 1554 est
762 1496 816 1551 in
847 1501 1044 1559 morte,
1082 1494 1173 1565 qui
1210 1507 1421 1549 memor
1448 1492 1521 1547 sit
1551 1490 1627 1545 tui
1655 1508 1669 1544 :
1700 1489 1755 1544 in
1798 1487 2011 1543 inferno
2057 1494 2239 1541 autem

651 1587 777 1659 quis
811 1584 1163 1642 conﬁtebitur
1197 1583 1332 1640 tibi?
1367 1583 1635 1639 Laboravi
1663 1583 1717 1637 in
1745 1581 1945 1653 gemitu
1975 1594 2120 1643 meo,
2157 1576 2240 1631 la—

652 1681 793 1736 vabo
816 1694 916 1751 per
939 1678 1179 1752 singulas
1221 1685 1411 1734 noctes
1444 1676 1554 1750 83
1584 1677 1787 1732 lectum
1818 1689 1998 1730 meum
2025 1692 2038 1727 :
2065 1672 2242 1744 laery—

656 1772 764 1829 mis
809 1774 947 1831 meis
988 1779 1222 1830 stratum
1270 1786 1453 1828 meum
1494 1771 1703 1843 rigabo.
1757 1768 2031 1823 Turbatus
2073 1772 2162 1823 est

656 1866 840 1925 furore
865 1866 1056 1923 oculus
1082 1880 1235 1923 meus
1262 1880 1277 1921 :
1309 1863 1608 1921 inveteravi
1642 1863 1785 1919 inter
1824 1874 2014 1916 omnes
2063 1856 2246 1913 inimi-

655 1974 754 2017 eos
791 1971 961 2014 meos.
1010 1955 1283 2015 Discedite
1316 1971 1347 2011 a
1378 1971 1487 2023 me,
1540 1969 1733 2011 omnes
1794 1952 1889 2024 qui
1941 1949 2244 2023 cperamini

660 2052 1003 2125 iniquitatem
1044 2070 1058 2106 :
1104 2050 1362 2123 quoniam
1411 2047 1691 2105 exaudivit
1730 2044 1994 2102 Dominus
2055 2058 2246 2100 vocem

656 2144 816 2204 fletus
836 2144 962 2201 mei.
980 2143 1271 2201 Exaudivit
1290 2141 1553 2200 Dominus
1572 2139 2009 2213 deprecationem
2033 2152 2242 2192 meam:

656 2236 920 2294 Dominus
941 2235 1246 2293 orationem
1277 2248 1456 2290 meam
1497 2232 1755 2302 suscepit.
1813 2231 2153 2286 Erubescant
2192 2238 2247 2283 et

657 2327 1054 2385 conturbentur
1091 2327 1446 2382 vehementer
1468 2339 1659 2381 omnes
1690 2323 1900 2380 inimici
1931 2322 2038 2379 mei
2071 2341 2083 2376 :
2122 2337 2248 2377 con-

658 2425 945 2475 vertantur
972 2427 1031 2474 et
1051 2416 1376 2474 erubescant
1399 2413 1556 2472 valde
1579 2414 1859 2471 velociter.

730 2507 800 2564 Ut
823 2525 1006 2579 supra.
1031 2507 1089 2564 ln
1117 2507 1380 2565 memoria
1414 2515 1619 2563 :eterna
1637 2506 1746 2563 erit
1786 2505 1992 2577 justus.
2037 2503 2248 2559 Anima:

657 2614 849 2656 eorum
878 2600 933 2653 in
952 2600 1113 2655 bonis
1141 2598 1584 2655 demorabuntur.

730 2693 939 2748 Oratio.
972 2691 1046 2750 Ut
1072 2707 1142 2748 ne
1167 2691 1222 2747 in
1251 2690 1436 2747 furore
1474 2699 1531 2745 et
1567 2692 1649 2746 ira
1689 2699 1782 2745 tua
1813 2691 2024 2746 animas
2074 2687 2250 2744 famu-

657 2783 835 2842 lorum
882 2791 1120 2849 tuorum,
1165 2782 1411 2843 Domine.
1460 2796 1673 2854 arguas,
1724 2782 2122 2853 deprecamur:
2153 2780 2248 2836 sed

655 2884 858 2936 cuncta
901 2875 1275 2947 peccaminum
1322 2874 1443 2930 labe
1494 2875 1806 2938 mundatus,
1872 2882 1978 2928 tua:
2033 2873 2252 2944 pictatis

660 2970 803 3028 dono
829 2967 1097 3042 refrigerii
1120 2968 1296 3023 locum
1322 2967 1579 3024 concede.
1622 2966 1725 3023 Per
1753 2967 2063 3022 Dominum.

1286 3124 1628 3183 PSALMUS.

736 3270 916 3344 (Ρειι.
964 3266 1179 3342 xxxu.)
1218 3251 1555 3337 Exspectans
1573 3265 1883 3335 exspectavi
1919 3263 2203 3319 Dominum
2233 3281 2247 3319 :

664 3373 719 3421 et
742 3361 974 3420 intendit
994 3361 1146 3417 mihi.
1175 3359 1243 3414 Et
1263 3359 1539 3414 exaudivit
1561 3371 1752 3426 preces
1782 3370 1949 3419 meas,
1988 3365 2042 3410 et
2070 3356 2257 3411 eduxit

665 3474 754 3515 me
780 3454 845 3513 de
868 3455 990 3511 lacu
1012 3450 1266 3518 miseriae,
1294 3460 1349 3507 et
1369 3452 1435 3507 de
1455 3446 1570 3505 luto
1591 3447 1760 3508 faecis.
1782 3448 1852 3505 Et
1870 3449 2063 3507 statuit
2090 3463 2254 3520 supra

662 3556 875 3622 petram
899 3545 1065 3619 pedes
1090 3556 1259 3611 meos,
1283 3550 1339 3599 et
1354 3541 1559 3599 direxit
1587 3554 1806 3614 gressus
1851 3554 2023 3597 meos.
2052 3540 2121 3594 Et
2148 3540 2253 3595 im-

666 3642 817 3698 misit
856 3640 914 3696 in
956 3654 1020 3696 os
1058 3650 1242 3694 meum
1296 3637 1569 3693 canticum
1600 3648 1834 3701 novum,
1883 3649 2106 3690 carmen
2144 3633 2257 3688 Deo

667 3746 874 3793 nostro.
900 3735 1172 3791 Videbunt
1190 3731 1349 3787 multi
1376 3738 1432 3786 et
1451 3730 1720 3787 timebunt
1748 3747 1762 3782 :
1788 3737 1845 3784 et
1863 3727 2161 3797 sperabunt
2202 3727 2256 3781 in

666 3828 918 3884 Domino.
944 3823 1145 3881 Beatus
1171 3824 1277 3890 vir,
1305 3822 1463 3892 cujus
1507 3829 1591 3876 est
1632 3835 1831 3877 nomen
1871 3819 2088 3877 Domini
2134 3834 2258 3892 spes

665 3918 785 3990 ejus
816 3935 831 3971 :
861 3925 919 3974 et
945 3932 1051 3972 non
1072 3914 1312 3986 respexit
1331 3911 1387 3969 in
1410 3914 1701 3979 vanitates,
1727 3920 1785 3967 et
1804 3908 2049 3967 insanias
2070 3907 2257 3965 falsas.

669 4011 835 4067 Multa
885 4008 1061 4067 fecisti
1094 4014 1153 4063 tu
1182 4006 1411 4063 Domine
1462 4001 1609 4060 Deus
1656 4018 1810 4060 meus
1839 4002 2117 4073 mirabilia
2144 4012 2258 4067 tua,

671 4114 729 4161 et
773 4103 1187 4177 cogitationibus
1235 4096 1344 4156 tuis
1381 4113 1488 4154 non
1539 4106 1643 4164 est,
1688 4096 1781 4166 qui
1816 4096 2010 4151 similis
2038 4097 2109 4151 sit
2134 4094 2258 4149 tibi.

668 4194 1000 4253 Annuntiavi
1038 4203 1093 4248 et
1114 4194 1325 4249 loeutus
1354 4205 1478 4246 sum
1511 4208 1524 4245 :
1554 4187 1900 4259 multiplicati
1929 4194 2057 4242 sunt
2100 4200 2263 4257 super

672 4302 978 4343 numerum.
1024 4283 1362 4340 Sacrificium
1391 4288 1449 4339 et
1489 4274 1823 4337 oblationem
1867 4279 2085 4334 noluisti
2120 4296 2134 4332 :
2167 4293 2264 4332 au-

673 4394 764 4435 res
792 4387 970 4434 autem
1005 4376 1281 4447 perfecisti
1303 4374 1455 4431 mihi.
1482 4373 1868 4430 nolumustum
1913 4379 1969 4427 et
2008 4386 2110 4444 pro
2139 4386 2264 4442 pec-

674 4482 800 4527 cato
824 4486 929 4526 non
957 4467 1237 4539 postulasti
1263 4486 1276 4522 :
1307 4477 1440 4523 tunc
1460 4465 1592 4531 dixi,
1623 4479 1750 4521 ecce
1774 4464 1953 4520 venio.
1994 4463 2052 4518 ln
2082 4465 2260 4533 capite

676 4564 801 4620 libri
844 4562 1105 4632 scriptum
1155 4568 1239 4615 est
1267 4559 1334 4614 de
1382 4570 1494 4624 me,
1544 4564 1605 4611 ut
1648 4550 1887 4611 facerem
1927 4555 2260 4609 voluntatem

680 4666 848 4719 tuam,
881 4654 1025 4710 Deus
1042 4669 1196 4709 meus
1213 4648 1377 4716 volui,
1406 4661 1464 4707 et
1488 4649 1661 4721 legem
1682 4658 1829 4705 tuam
1852 4648 1907 4703 in
1942 4648 2122 4702 medio
2140 4662 2263 4701 eor-

679 4753 764 4806 dis
815 4748 941 4805 mei.
969 4748 1295 4803 Annuntiavi
1322 4741 1589 4817 justitiam
1616 4751 1765 4799 tuam
1790 4743 1845 4797 in
1877 4741 2120 4796 Ecclesia
2147 4756 2264 4794 ma—

678 4858 782 4915 gna
803 4860 817 4895 :
840 4856 967 4898 ecce
987 4839 1131 4896 labia
1160 4853 1281 4893 mea
1301 4849 1410 4891 non
1425 4833 1747 4907 prohibebo,
1763 4833 1990 4889 Domine
2003 4843 2065 4887 tu
2088 4832 2260 4887 scisti.

679 4936 955 4992 Justitiam
1001 4942 1150 4988 tuam
1184 4947 1291 4986 non
1319 4928 1576 4986 abscondi
1608 4929 1663 4983 in
1688 4927 1852 4983 corde
1878 4940 1999 4981 meo
2023 4945 2035 4980 :
2063 4926 2267 4981 verita-

683 5042 792 5086 tem
816 5038 961 5085 tuam
999 5037 1055 5084 et
1074 5026 1309 5083 salutare
1333 5031 1485 5078 tuum
1515 5021 1647 5076 dixi.
1671 5018 1793 5076 Non
1820 5019 2076 5075 abscondi
2103 5019 2266 5072 mise-

685 5120 978 5177 ricordiam
1009 5127 1156 5173 tuam
1184 5125 1242 5173 et
1262 5116 1543 5170 veritatem
1568 5123 1715 5168 tuam
1758 5128 1787 5166 a
1822 5112 2049 5166 consilio
2070 5111 2266 5165 multo.

687 5215 766 5270 Tu
794 5220 972 5268 autem
1003 5210 1228 5265 Domine
1255 5222 1325 5263 ne
1355 5206 1514 5276 longe
1538 5204 1707 5259 facias
1736 5204 2115 5259 miserationes
2144 5187 2267 5257 tuas

688 5323 721 5363 a
754 5320 861 5371 me,
900 5301 1269 5359 misericordia
1298 5306 1390 5353 tua
1424 5304 1481 5352 et
1504 5297 1707 5353 veritas
1733 5306 1822 5350 tua
1848 5307 2061 5364 semper
2085 5308 2269 5351 susce-

688 5405 883 5471 perunt
907 5411 1011 5451 me.
1043 5393 1308 5462 Quoniam
1332 5388 1803 5446 circumdederunt
1825 5402 1913 5443 me
1950 5385 2114 5451 mala,
2135 5400 2270 5456 quo-

688 5510 811 5552 rum
840 5508 943 5548 non
963 5501 1048 5546 est
1084 5502 1373 5545 numerus:
1410 5482 1935 5555 comprehenderunt
1961 5494 2049 5535 me
2070 5480 2272 5550 iniqui-

693 5600 835 5647 tates
879 5603 1035 5653 mem,
1073 5594 1128 5641 et
1159 5599 1264 5640 non
1307 5580 1459 5651 potui
1491 5590 1549 5633 ut
1597 5578 1858 5632 viderem.
1906 5572 2273 5645 Multiplieatte

693 5690 822 5738 sunt
843 5695 1009 5753 super
1031 5675 1256 5749 capillos
1276 5674 1469 5745 capitis
1495 5671 1598 5727 mei
1626 5690 1637 5724 :
1665 5678 1720 5725 et
1744 5683 1840 5725 cor
1863 5680 2043 5722 meum
2079 5663 2274 5721 dereli-
2346 5712 2349 5715 .

2332 545 2577 603 auferant
2596 560 2739 600 eam.
2753 546 3155 599 Convertuntur
3169 551 3466 598 retrorsum
3480 552 3534 598 et
3546 551 3926 603 rever-cantur,

2333 639 2427 712 qui
2452 637 2637 693 volunt
2658 636 2792 691 mihi
2820 634 2981 689 mala.
3009 634 3210 689 Ferant
3236 634 3520 690 confestim
3547 632 3929 690 confusionem

2336 746 2512 797 suam,
2535 729 2627 800 qui
2648 729 2835 785 dicunt
2857 727 2991 783 mihi
3015 745 3027 780 :
3060 728 3231 799 Euge,
3257 743 3415 799 euge.
3449 728 3747 785 Exsultent
3769 737 3830 784 et
3851 726 3932 783 la}

2336 833 2520 881 tentur
2562 838 2726 894 super
2753 830 2804 877 te
2828 837 3018 877 omnes
3040 832 3348 892 quaerentes
3395 832 3470 887 te,
3497 831 3553 878 et
3572 823 3768 879 dicant
3804 838 3936 878 sent-

2336 930 2477 984 per:
2518 911 2896 981 Magnilicetur
2941 910 3222 975 Dominus,
3278 912 3373 981 qui
3425 910 3658 983 diligunt
3699 912 3936 966 salutare

2338 1014 2512 1059 tuum.
2544 1003 2657 1074 Ego
2683 1011 2865 1057 autem
2906 1000 3187 1056 mendicus
3220 1015 3342 1055 sum
3371 1008 3427 1056 et
3478 1017 3691 1072 pauper
3715 1020 3729 1055 :
3756 1001 3937 1058 Domi-

2338 1114 2445 1153 nus
2486 1096 2750 1152 sollicitus
2798 1102 2881 1150 est
2928 1095 3058 1150 mei.
3110 1091 3340 1162 Adiutor
3380 1110 3534 1150 meus
3556 1104 3612 1150 et
3655 1105 3941 1167 protector

2338 1201 2493 1241 meus
2514 1196 2571 1240 tu
2600 1201 2660 1240 es
2690 1202 2701 1238 :
2735 1184 2877 1239 Deus
2903 1197 3057 1238 meus
3076 1197 3144 1236 ne
3175 1181 3497 1238 tardaveris.

2413 1276 2481 1333 Ut
2524 1294 2707 1348 supra.
2756 1276 3029 1346 Exsurge,
3074 1272 3323 1338 Domine,
3368 1274 3423 1328 in
3475 1274 3727 1347 requiem
3768 1285 3939 1330 tuam.

2338 1367 2479 1425 Justi
2502 1369 2558 1423 in
2586 1375 2907 1440 perpetuum
2941 1367 3142 1422 vivent.

2416 1462 2623 1519 Oratio.
2675 1463 2891 1518 Partem
2947 1462 3122 1517 beate
3174 1462 3593 1518 resurrectionis
3629 1464 3937 1529 obtineant,

2342 1555 2587 1618 Domine,
2638 1554 2833 1608 anima:
2885 1567 3165 1608 servorum
3214 1561 3452 1619 tuorum,
3480 1553 3767 1623 vitamque
3794 1563 3926 1607 teter

2344 1663 2473 1703 nam
2501 1647 2702 1702 habere
2724 1653 3038 1701 mereantur
3063 1645 3117 1700 in
3138 1644 3311 1709 caelis,
3346 1659 3444 1715 per
3473 1654 3526 1699 te
3552 1643 3777 1698 Christe
3797 1643 3945 1710 Jesu,

2208 1781 2240 1819 a
2272 1748 2317 1808 Β
2342 1740 2438 1810 qui
2469 1737 2608 1793 vivis
2652 1745 2708 1794 ct
2754 1752 2950 1811 regnas
2976 1753 3100 1794 cum
3132 1738 3243 1793 Deo
3268 1737 3430 1794 Patre
3472 1738 3528 1792 in
3560 1738 3779 1794 unitate
3835 1737 3948 1808 Spi-

2349 1832 2489 1886 ritus
2540 1831 2716 1886 sancti
2743 1870 2759 1897 ,
2822 1845 2923 1901 per
2980 1830 3309 1886 immortalia
3346 1830 3544 1886 smcula
3595 1831 3942 1886 szeculornm.

2345 1924 2542 1978 Amen.
2889 1919 2897 1925 ’

2418 2015 2540 2070 Alia
2568 2017 2760 2071 oratio.
2799 2015 3148 2087 Exspectatio
3170 2029 3385 2074 tuorum
3400 2021 3561 2076 unica
3591 2020 3922 2076 famulorum

2348 2108 2510 2175 Deus,
2532 2124 2696 2179 quem
2720 2121 3011 2165 venturum
3049 2112 3106 2166 in
3157 2113 3419 2167 mundum
3447 2121 3611 2184 caput
3640 2114 3772 2167 libri
3804 2114 3945 2184 prin-

2348 2205 2538 2275 cipalis
2565 2206 2824 2262 edocuit:
2874 2207 3075 2272 insere,
3118 2224 3426 2279 precamur,
3470 2210 3643 2280 legem
3687 2219 3842 2265 tuam
3895 2210 3933 2265 it

2349 2296 2530 2352 medio
2569 2296 2748 2353 cordis
2788 2298 2990 2362 nostri,
3016 2306 3077 2352 ut
3114 2307 3350 2354 tuas.....
3400 2301 3720 2356 nuntiantes
3744 2300 3816 2355 ab
3856 2302 3937 2356 im-

2349 2391 2682 2447 minentibus
2707 2391 2967 2460 periculis
2990 2406 3268 2447 eruamur.
3300 2391 3424 2448 Per.

2422 2480 2607 2537 Oratio
2633 2498 2729 2554 pro
2749 2483 3101 2555 qualicunque
3139 2485 3348 2540 homine
3371 2485 3639 2556 defuncto.
3689 2486 3950 2558 Omnipo-

2351 2588 2473 2634 tens
2497 2586 2553 2634 ct
2571 2579 2880 2634 misericors
2916 2578 3080 2644 Deus,
3118 2587 3264 2635 tuam
3301 2580 3662 2651 deprecamur
3707 2583 3947 2637 clemen-

2353 2672 2510 2737 tiam,
2557 2672 2683 2741 quia
2729 2671 2932 2743 judicio
2962 2681 3056 2728 tuo
3090 2680 3145 2727 et
3177 2674 3452 2729 nascimur
3479 2683 3533 2729 et
3569 2674 3795 2731 (inimur
3833 2693 3847 2729 :
3894 2687 3949 2731 ut

2355 2763 2592 2820 animam
2620 2764 2806 2819 fratris
2829 2765 3021 2831 nostri,
3054 2781 3215 2835 quem
3261 2774 3351 2821 tua
3384 2767 3561 2838 pietas
3586 2768 3654 2823 de
3707 2769 3944 2824 incolatu

2355 2854 2517 2927 hujus
2546 2856 2733 2911 mundi
2757 2857 2992 2911 transire
3020 2859 3297 2929 prtecepit,
3331 2859 3383 2913 in
3420 2859 3658 2929 requiem
3684 2869 3945 2916 mternam

2353 2952 2639 3024 suscipias,
2669 2961 2725 3008 et
2750 2953 2804 3008 in
2834 2956 3111 3011 consortio
3132 2955 3429 3011 electorum
3456 2963 3670 3012 tuorum
3695 2954 3755 3010 in
3777 2970 3948 3010 resur-

2353 3045 2598 3103 rectione
2623 3045 2817 3103 sociari
2848 3047 3154 3119 permittas,
3189 3057 3251 3104 ut
3291 3048 3344 3103 in
3370 3057 3575 3103 aeterna
3612 3047 3947 3104 beatitudine

2278 3136 2328 3201 C
2357 3156 2465 3195 una
2488 3155 2610 3195 cum
2635 3140 2742 3195 illis
2769 3141 2886 3195 sine
2908 3141 3013 3195 ﬁne
3034 3148 3366 3211 permaneat.
3395 3140 3519 3197 Per.

2426 3229 2700 3296 Animam,
2740 3246 2903 3302 quam
2950 3231 3249 3296 redemisti,
3290 3232 3503 3301 suscipe
3547 3231 3798 3300 Domine,
3825 3248 3942 3289 cum

2356 3324 2532 3379 servis
2560 3323 2697 3389 tuis;
2730 3332 2786 3377 et
2814 3324 2906 3393 qui
2931 3333 2983 3379 te
3009 3322 3289 3379 confessus
3314 3332 3399 3379 est
3428 3325 3481 3381 in
3508 3325 3617 3381 vita
3646 3328 3941 3393 communi,

2356 3416 2657 3473 constituas
2678 3431 2801 3471 eum
2827 3417 2881 3469 in
2903 3417 3013 3471 vita
3036 3418 3283 3488 perenni.
3319 3481 3321 3483 1

2426 3504 2547 3561 Alia
2569 3508 2760 3561 oratio.
2787 3506 2983 3563 Libera
3003 3548 3018 3574 ,
3051 3507 3293 3576 Domine,
3318 3512 3553 3568 animam
3585 3516 3729 3569 servi
3775 3513 3852 3567 tui
3883 3512 3944 3568 de

2356 3596 2616 3668 periculis
2645 3597 2997 3666 infernarum,
3036 3609 3092 3656 et
3125 3600 3191 3655 de
3216 3602 3472 3672 periculis
3495 3605 3869 3671 tenebrarum,
3892 3612 3947 3660 et

2359 3693 2427 3745 de
2456 3692 2926 3761 persecutionibus
2950 3694 3152 3760 multis,
3192 3703 3249 3751 et
3273 3696 3339 3751 de
3363 3694 3701 3751 ﬂammarum
3743 3697 3941 3767 gehen-

2360 3800 2444 3838 na:
2466 3785 2699 3855 ignibus.
2725 3784 2939 3850 Libera,
2970 3786 3218 3850 Domine,
3249 3786 3484 3842 animam
3512 3787 3654 3845 servi
3684 3790 3785 3852 tui,
3812 3789 3949 3843 sicut

2362 3880 2606 3936 liberasti
2640 3880 2917 3935 Abraham
2943 3879 3055 3952 84.
3080 3881 3146 3936 de
3180 3880 3256 3938 Ur
3292 3881 3688 3939 Chaldaeorum.
3733 3882 3944 3943 Libera,

2360 3970 2608 4039 Domine,
2638 3974 2877 4027 animam
2930 3974 3075 4028 servi
3117 3974 3211 4041 tui,
3242 3976 3386 4031 sicut
3430 3975 3674 4031 liberasti
3701 3974 3843 4032 Loth
3886 3976 3949 4029 de

2363 4066 2584 4121 civitate
2609 4065 2987 4121 Sodomorum.
3020 4065 3242 4133 Libera,
3266 4066 3510 4133 Domine,
3547 4068 3786 4123 animant
3806 4070 3946 4123 servi

2363 4159 2465 4225 tui,
2498 4159 2639 4213 sicut
2659 4158 2900 4213 liberasti
2922 4159 3178 4229 populum
3204 4159 3368 4214 lsrael
3397 4160 3463 4215 de
3486 4175 3645 4216 manu
3669 4159 3948 4235 Egyptia-

2362 4266 2504 4306 rum.
2538 4250 2754 4317 Libera,
2785 4250 3032 4316 Domine,
3063 4252 3299 4306 animam
3328 4251 3469 4307 servi
3497 4252 3596 4318 tui,
3630 4252 3772 4308 sicut
3818 4254 3947 4309 libe—

2364 4344 2498 4399 rasti
2530 4343 2766 4414 Moysem
2811 4344 2878 4400 de
2908 4359 3071 4399 manu
3099 4344 3421 4410 Pharaonis,
3468 4346 3561 4416 qui
3599 4344 3946 4402 antecedebat

2363 4437 2618 4510 populum
2644 4437 2809 4492 Israel
2830 4439 2885 4492 in
2907 4438 3142 4492 deserto.
3167 4436 3390 4503 Libera,
3421 4438 3669 4504 Domine,
3716 4438 3942 4493 animant

2293 4520 2342 4580 ο
2365 4536 2507 4591 servi
2541 4536 2641 4599 tui,
2669 4534 2808 4589 sicut
2855 4533 3098 4588 liberasti
3128 4532 3297 4588 David
3325 4534 3391 4589 de
3442 4549 3605 4589 manu
3650 4532 3851 4601 Saulis,
3896 4542 3945 4587 et

2363 4631 2432 4685 de
2476 4645 2638 4684 manu
2661 4628 2833 4683 Golim
2879 4628 3133 4699 gigantis.
3179 4628 3406 4693 Libera,
3436 4627 3685 4693 Domine,
3715 4628 3943 4683 animant

2365 4726 2508 4782 servi
2535 4725 2635 4789 tui,
2666 4726 2807 4779 sicut
2834 4724 3079 4779 liberasti
3104 4724 3275 4779 Eliam
3297 4732 3353 4778 et
3377 4722 3563 4778 Enoch
3591 4721 3659 4778 de
3678 4722 3781 4778 hoc
3801 4737 3947 4776 mun-

2366 4819 2456 4874 do.
2482 4819 2699 4883 Libera,
2726 4817 2974 4883 Domine,
2996 4817 3231 4871 animam
3254 4816 3396 4871 servi
3423 4816 3524 4879 tui,
3551 4815 3693 4870 sicut
3711 4813 3944 4869 liberasti

2368 4920 2482 4967 tres
2495 4927 2692 4982 pueros
2707 4911 2774 4966 de
2796 4911 3011 4965 camino
3028 4910 3166 4981 ignis
3186 4908 3445 4963 ardentis.
3468 4908 3684 4972 Libera,
3700 4906 3942 4967 Domine,

2372 5006 2609 5061 animam
2639 5005 2781 5059 servi
2811 5004 2910 5068 tui,
2936 5003 3078 5058 sicut
3100 5000 3341 5058 liberasti
3372 4998 3673 5065 Susannam
3696 4996 3765 5053 de
3788 5013 3945 5053 manu

2371 5097 2697 5169 principum.
2730 5097 2925 5152 Libera
2952 5094 3200 5161 Domine,
3235 5094 3471 5148 animam
3507 5092 3648 5147 send
3673 5092 3770 5155 tui,
3812 5091 3945 5145 sicut

2372 5189 2619 5247 liberasti
2664 5187 2848 5243 Daniel
2904 5189 2973 5242 de
3020 5186 3139 5242 lacn
3190 5184 3426 5240 leonum.
3478 5182 3631 5239 Sicut
3675 5182 3943 5243 liberasti,

2374 5282 2622 5347 Domine,
2663 5279 2854 5336 Jonam
2893 5279 2961 5335 de
2990 5290 3180 5333 ventre
3207 5277 3335 5340 ceti,
3387 5276 3466 5331 sic
3499 5278 3734 5329 animam
3767 5272 3948 5327 fratris

2374 5375 2548 5430 nostri
2597 5375 2666 5431 ab
2716 5372 2965 5428 omnibus
3000 5369 3255 5440 periculis
3288 5381 3572 5438 pcenarnm
3618 5365 3849 5420 liberare
3878 5364 3948 5419 di-

2374 5469 2575 5538 gneris,
2606 5476 2661 5521 et
2687 5467 2845 5522 bonis
2880 5465 3101 5521 aeternis
3122 5478 3250 5519 cum
3265 5462 3457 5519 electis
3475 5461 3584 5516 tuis
3605 5474 3723 5514 eam
3746 5456 3944 5531 perfrui

2370 5561 2581 5631 jnbcas.
2606 5560 2730 5615 Per.

2446 5654 2503 5709 ln
2541 5654 2801 5708 memoria
2844 5664 3063 5711 acterna.
3088 5651 3354 5723 Requiem
3392 5658 3670 5707 aeternam.
3724 5644 3938 5717 Requie

696 5775 812 5847 quit
840 5749 944 5830 me.
974 5770 1315 5844 Complaceat
1338 5769 1432 5824 tibi
1463 5765 1688 5823 Domine
1739 5771 1797 5818 ut
1836 5773 1994 5815 eruas
2012 5772 2104 5815 me
2130 5772 2142 5811 :
2171 5757 2277 5812 Do-
2379 5759 2530 5805 scant
2561 5749 2612 5803 in
2632 5760 2781 5820 pace.
