  <div class='ocr_page' id='page_1' title='image "/cluster/home/n/w/nwhite01/storage/ocr_20150623/101/umn.31951002477394h/290.png"; bbox 0 0 4122 6622; ppageno 0'>
   <div class='ocr_carea' id='block_1_1' title="bbox 160 566 266 632">
    <p class='ocr_par' dir='ltr' id='par_1_1' title="bbox 160 566 266 632">
     <span class='ocr_line' id='line_1_1' title="bbox 160 566 266 632; baseline 0.028 -3"><span class='ocrx_word' id='word_1_1' title='bbox 160 566 266 632; x_wconf 77' lang='lat'><strong>553</strong></span> 
     </span>
    </p>
   </div>
   <div class='ocr_carea' id='block_1_2' title="bbox 729 706 1177 789">
    <p class='ocr_par' dir='ltr' id='par_1_2' title="bbox 729 706 1177 789">
     <span class='ocr_line' id='line_1_2' title="bbox 729 706 1177 789; baseline -0.004 -1"><span class='ocrx_word' id='word_1_2' title='bbox 729 706 1027 789; x_wconf 77' lang='lat' dir='ltr'><strong>FEBIA</strong></span> <span class='ocrx_word' id='word_1_3' title='bbox 1085 712 1177 787; x_wconf 68' lang='grc' dir='ltr'><strong>ν.</strong></span> 
     </span>
    </p>
   </div>
   <div class='ocr_carea' id='block_1_3' title="bbox 262 857 1644 908">
    <p class='ocr_par' dir='ltr' id='par_1_3' title="bbox 262 857 1644 908">
     <span class='ocr_line' id='line_1_3' title="bbox 262 857 1644 908; baseline -0.005 0"><span class='ocrx_word' id='word_1_4' title='bbox 262 857 602 908; x_wconf 67' lang='lat' dir='ltr'><strong>CONFESSIO</strong></span> <span class='ocrx_word' id='word_1_5' title='bbox 648 864 1069 907; x_wconf 71' lang='lat' dir='ltr'><strong>PECCATOBUM</strong></span> <span class='ocrx_word' id='word_1_6' title='bbox 1117 864 1269 906; x_wconf 80' lang='lat' dir='ltr'><strong>POST</strong></span> <span class='ocrx_word' id='word_1_7' title='bbox 1313 859 1644 904; x_wconf 69' lang='lat' dir='ltr'><strong>ACCEPTAM</strong></span> 
     </span>
    </p>
   </div>
   <div class='ocr_carea' id='block_1_4' title="bbox 796 943 1107 996">
    <p class='ocr_par' dir='ltr' id='par_1_4' title="bbox 796 943 1107 996">
     <span class='ocr_line' id='line_1_4' title="bbox 796 943 1107 996; baseline 0 -10"><span class='ocrx_word' id='word_1_8' title='bbox 796 943 1107 996; x_wconf 65' lang='lat' dir='ltr'><strong>QUIBTEM.</strong></span> 
     </span>
    </p>
   </div>
   <div class='ocr_carea' id='block_1_5' title="bbox 238 1040 1750 1118">
    <p class='ocr_par' dir='ltr' id='par_1_5' title="bbox 238 1040 1750 1118">
     <span class='ocr_line' id='line_1_5' title="bbox 238 1040 1750 1118; baseline -0.003 -19"><span class='ocrx_word' id='word_1_9' title='bbox 238 1054 268 1084; x_wconf 74' lang='grc' dir='ltr'>ι</span> <span class='ocrx_word' id='word_1_10' title='bbox 312 1040 589 1100; x_wconf 89' lang='lat' dir='ltr'><strong>Conﬁteor</strong></span> <span class='ocrx_word' id='word_1_11' title='bbox 644 1045 765 1112; x_wconf 89' lang='lat' dir='ltr'><strong>tibi,</strong></span> <span class='ocrx_word' id='word_1_12' title='bbox 812 1045 1071 1113; x_wconf 86' lang='lat' dir='ltr'><strong>Domine,</strong></span> <span class='ocrx_word' id='word_1_13' title='bbox 1110 1049 1293 1103; x_wconf 85' lang='lat' dir='ltr'><strong>omnia</strong></span> <span class='ocrx_word' id='word_1_14' title='bbox 1337 1055 1561 1118; x_wconf 90' lang='lat' dir='ltr'><strong>peccata</strong></span> <span class='ocrx_word' id='word_1_15' title='bbox 1611 1059 1750 1107; x_wconf 83' lang='lat' dir='ltr'><strong>mea,</strong></span> 
     </span>
    </p>
   </div>
   <div class='ocr_carea' id='block_1_6' title="bbox 164 1135 1756 1212">
    <p class='ocr_par' dir='ltr' id='par_1_6' title="bbox 164 1135 1756 1212">
     <span class='ocr_line' id='line_1_6' title="bbox 164 1135 1756 1212; baseline -0.002 -19"><span class='ocrx_word' id='word_1_16' title='bbox 164 1148 502 1208; x_wconf 68' lang='lat' dir='ltr'><strong>quaecunque</strong></span> <span class='ocrx_word' id='word_1_17' title='bbox 521 1135 656 1205; x_wconf 82' lang='lat' dir='ltr'><strong>feci,</strong></span> <span class='ocrx_word' id='word_1_18' title='bbox 683 1147 741 1193; x_wconf 90' lang='lat' dir='ltr'><strong>et</strong></span> <span class='ocrx_word' id='word_1_19' title='bbox 767 1140 877 1210; x_wconf 92' lang='lat' dir='ltr'><strong>egi,</strong></span> <span class='ocrx_word' id='word_1_20' title='bbox 907 1150 962 1195; x_wconf 91' lang='lat' dir='ltr'><strong>et</strong></span> <span class='ocrx_word' id='word_1_21' title='bbox 987 1142 1130 1212; x_wconf 89' lang='lat' dir='ltr'><strong>gessi</strong></span> <span class='ocrx_word' id='word_1_22' title='bbox 1157 1141 1407 1196; x_wconf 90' lang='lat' dir='ltr'><strong>omnibus</strong></span> <span class='ocrx_word' id='word_1_23' title='bbox 1429 1139 1618 1194; x_wconf 87' lang='lat' dir='ltr'><strong>diebus</strong></span> <span class='ocrx_word' id='word_1_24' title='bbox 1635 1137 1756 1190; x_wconf 78' lang='lat' dir='ltr'><strong>vitze</strong></span> 
     </span>
    </p>
   </div>
   <div class='ocr_carea' id='block_1_7' title="bbox 167 1233 1752 1306">
    <p class='ocr_par' dir='ltr' id='par_1_7' title="bbox 167 1233 1752 1306">
     <span class='ocr_line' id='line_1_7' title="bbox 167 1233 1752 1306; baseline -0.004 -15"><span class='ocrx_word' id='word_1_25' title='bbox 167 1250 323 1291; x_wconf 69' lang='lat' dir='ltr'><strong>meae.</strong></span> <span class='ocrx_word' id='word_1_26' title='bbox 347 1233 512 1302; x_wconf 83' lang='lat' dir='ltr'><strong>Deus,</strong></span> <span class='ocrx_word' id='word_1_27' title='bbox 537 1237 629 1305; x_wconf 87' lang='lat' dir='ltr'><strong>qui</strong></span> <span class='ocrx_word' id='word_1_28' title='bbox 652 1237 849 1292; x_wconf 81' lang='lat' dir='ltr'><strong>creasti</strong></span> <span class='ocrx_word' id='word_1_29' title='bbox 870 1238 1074 1303; x_wconf 87' lang='lat' dir='ltr'><strong>omnia,</strong></span> <span class='ocrx_word' id='word_1_30' title='bbox 1107 1244 1165 1290; x_wconf 91' lang='lat' dir='ltr'><strong>tu</strong></span> <span class='ocrx_word' id='word_1_31' title='bbox 1190 1236 1328 1290; x_wconf 89' lang='lat' dir='ltr'><strong>nosti</strong></span> <span class='ocrx_word' id='word_1_32' title='bbox 1350 1242 1573 1306; x_wconf 88' lang='lat' dir='ltr'><strong>peccata</strong></span> <span class='ocrx_word' id='word_1_33' title='bbox 1596 1248 1714 1287; x_wconf 89' lang='lat' dir='ltr'><strong>mea</strong></span> <span class='ocrx_word' id='word_1_34' title='bbox 1739 1249 1752 1283; x_wconf 93' lang='lat'>:</span> 
     </span>
    </p>
   </div>
   <div class='ocr_carea' id='block_1_8' title="bbox 166 1321 1755 1396">
    <p class='ocr_par' dir='ltr' id='par_1_8' title="bbox 166 1321 1755 1396">
     <span class='ocr_line' id='line_1_8' title="bbox 166 1321 1755 1396; baseline -0.004 -16"><span class='ocrx_word' id='word_1_35' title='bbox 166 1323 386 1395; x_wconf 77' lang='lat' dir='ltr'><strong>indulge</strong></span> <span class='ocrx_word' id='word_1_36' title='bbox 411 1333 467 1380; x_wconf 89' lang='lat' dir='ltr'><strong>et</strong></span> <span class='ocrx_word' id='word_1_37' title='bbox 493 1325 752 1382; x_wconf 83' lang='lat' dir='ltr'><strong>miserere</strong></span> <span class='ocrx_word' id='word_1_38' title='bbox 797 1327 928 1391; x_wconf 91' lang='lat' dir='ltr'><strong>mei,</strong></span> <span class='ocrx_word' id='word_1_39' title='bbox 959 1327 1084 1396; x_wconf 88' lang='lat' dir='ltr'><strong>quia</strong></span> <span class='ocrx_word' id='word_1_40' title='bbox 1108 1326 1332 1381; x_wconf 88' lang='lat' dir='ltr'><strong>nimium</strong></span> <span class='ocrx_word' id='word_1_41' title='bbox 1380 1323 1598 1396; x_wconf 79' lang='lat' dir='ltr'><strong>peccavi</strong></span> <span class='ocrx_word' id='word_1_42' title='bbox 1637 1321 1755 1385; x_wconf 86' lang='lat' dir='ltr'><strong>tibi,</strong></span> 
     </span>
    </p>
   </div>
   <div class='ocr_carea' id='block_1_9' title="bbox 166 1413 1758 1483">
    <p class='ocr_par' dir='ltr' id='par_1_9' title="bbox 166 1413 1758 1483">
     <span class='ocr_line' id='line_1_9' title="bbox 166 1413 1758 1483; baseline -0.004 -11"><span class='ocrx_word' id='word_1_43' title='bbox 166 1413 418 1483; x_wconf 85' lang='lat' dir='ltr'><strong>Domine,</strong></span> <span class='ocrx_word' id='word_1_44' title='bbox 470 1417 731 1473; x_wconf 85' lang='lat' dir='ltr'><strong>miserere</strong></span> <span class='ocrx_word' id='word_1_45' title='bbox 752 1419 879 1472; x_wconf 90' lang='lat' dir='ltr'><strong>mei.</strong></span> <span class='ocrx_word' id='word_1_46' title='bbox 903 1417 1008 1473; x_wconf 86' lang='lat' dir='ltr'><strong>Per</strong></span> <span class='ocrx_word' id='word_1_47' title='bbox 1045 1418 1489 1472; x_wconf 85' lang='lat' dir='ltr'><strong>intercessionem</strong></span> <span class='ocrx_word' id='word_1_48' title='bbox 1517 1414 1758 1469; x_wconf 90' lang='lat' dir='ltr'><strong>omnium</strong></span> 
     </span>
    </p>
   </div>
   <div class='ocr_carea' id='block_1_10' title="bbox 168 1502 1754 1578">
    <p class='ocr_par' dir='ltr' id='par_1_10' title="bbox 168 1502 1754 1578">
     <span class='ocr_line' id='line_1_10' title="bbox 168 1502 1754 1578; baseline -0.005 -16"><span class='ocrx_word' id='word_1_49' title='bbox 168 1506 485 1578; x_wconf 73' lang='lat' dir='ltr'><strong>angelorum</strong></span> <span class='ocrx_word' id='word_1_50' title='bbox 535 1516 698 1578; x_wconf 84' lang='lat' dir='ltr'><strong>atque</strong></span> <span class='ocrx_word' id='word_1_51' title='bbox 752 1507 1240 1577; x_wconf 82' lang='lat' dir='ltr'><strong>archangelomm,</strong></span> <span class='ocrx_word' id='word_1_52' title='bbox 1297 1506 1561 1560; x_wconf 83' lang='lat' dir='ltr'><strong>miserere</strong></span> <span class='ocrx_word' id='word_1_53' title='bbox 1626 1502 1754 1556; x_wconf 90' lang='lat' dir='ltr'><strong>mei.</strong></span> 
     </span>
    </p>
   </div>
   <div class='ocr_carea' id='block_1_11' title="bbox 165 1595 1760 1669">
    <p class='ocr_par' dir='ltr' id='par_1_11' title="bbox 165 1595 1760 1669">
     <span class='ocr_line' id='line_1_11' title="bbox 165 1595 1760 1669; baseline -0.004 -15"><span class='ocrx_word' id='word_1_54' title='bbox 165 1595 277 1654; x_wconf 89' lang='lat' dir='ltr'><strong>Per</strong></span> <span class='ocrx_word' id='word_1_55' title='bbox 317 1597 764 1654; x_wconf 81' lang='lat' dir='ltr'><strong>intercessionem</strong></span> <span class='ocrx_word' id='word_1_56' title='bbox 807 1597 1242 1669; x_wconf 81' lang='lat' dir='ltr'><strong>patriarcharum</strong></span> <span class='ocrx_word' id='word_1_57' title='bbox 1282 1603 1338 1652; x_wconf 91' lang='lat' dir='ltr'><strong>et</strong></span> <span class='ocrx_word' id='word_1_58' title='bbox 1375 1596 1760 1668; x_wconf 86' lang='lat' dir='ltr'><strong>prophetarum</strong></span> 
     </span>
    </p>
   </div>
   <div class='ocr_carea' id='block_1_12' title="bbox 167 1689 1763 1764">
    <p class='ocr_par' dir='ltr' id='par_1_12' title="bbox 167 1689 1763 1764">
     <span class='ocr_line' id='line_1_12' title="bbox 167 1689 1763 1764; baseline -0.005 -16"><span class='ocrx_word' id='word_1_59' title='bbox 167 1692 432 1748; x_wconf 72' lang='lat' dir='ltr'><strong>miserere</strong></span> <span class='ocrx_word' id='word_1_60' title='bbox 455 1693 581 1747; x_wconf 92' lang='lat' dir='ltr'><strong>mei.</strong></span> <span class='ocrx_word' id='word_1_61' title='bbox 607 1693 710 1748; x_wconf 89' lang='lat' dir='ltr'><strong>Per</strong></span> <span class='ocrx_word' id='word_1_62' title='bbox 731 1692 1176 1750; x_wconf 85' lang='lat' dir='ltr'><strong>intercessionem</strong></span> <span class='ocrx_word' id='word_1_63' title='bbox 1202 1689 1592 1764; x_wconf 83' lang='lat' dir='ltr'><strong>apostolorum,</strong></span> <span class='ocrx_word' id='word_1_64' title='bbox 1617 1702 1763 1743; x_wconf 81' lang='lat' dir='ltr'><strong>mar-</strong></span> 
     </span>
    </p>
   </div>
   <div class='ocr_carea' id='block_1_13' title="bbox 169 1777 1764 1854">
    <p class='ocr_par' dir='ltr' id='par_1_13' title="bbox 169 1777 1764 1854">
     <span class='ocr_line' id='line_1_13' title="bbox 169 1777 1764 1854; baseline -0.003 -18"><span class='ocrx_word' id='word_1_65' title='bbox 169 1791 376 1853; x_wconf 80' lang='lat' dir='ltr'><strong>tyrum,</strong></span> <span class='ocrx_word' id='word_1_66' title='bbox 403 1783 775 1839; x_wconf 80' lang='lat' dir='ltr'><strong>confessorum</strong></span> <span class='ocrx_word' id='word_1_67' title='bbox 802 1791 859 1838; x_wconf 90' lang='lat' dir='ltr'><strong>et</strong></span> <span class='ocrx_word' id='word_1_68' title='bbox 901 1783 1174 1854; x_wconf 86' lang='lat' dir='ltr'><strong>virginum</strong></span> <span class='ocrx_word' id='word_1_69' title='bbox 1205 1792 1261 1837; x_wconf 88' lang='lat' dir='ltr'><strong>te</strong></span> <span class='ocrx_word' id='word_1_70' title='bbox 1287 1781 1567 1852; x_wconf 88' lang='lat' dir='ltr'><strong>deprecor,</strong></span> <span class='ocrx_word' id='word_1_71' title='bbox 1607 1777 1764 1833; x_wconf 76' lang='lat' dir='ltr'><strong>mise~</strong></span> 
     </span>
    </p>
   </div>
   <div class='ocr_carea' id='block_1_14' title="bbox 169 1872 1761 1943">
    <p class='ocr_par' dir='ltr' id='par_1_14' title="bbox 169 1872 1761 1943">
     <span class='ocr_line' id='line_1_14' title="bbox 169 1872 1761 1943; baseline -0.004 -13"><span class='ocrx_word' id='word_1_72' title='bbox 169 1889 298 1930; x_wconf 88' lang='lat' dir='ltr'><strong>rere</strong></span> <span class='ocrx_word' id='word_1_73' title='bbox 348 1873 478 1929; x_wconf 90' lang='lat' dir='ltr'><strong>mei.</strong></span> <span class='ocrx_word' id='word_1_74' title='bbox 531 1872 780 1938; x_wconf 88' lang='lat' dir='ltr'><strong>Domine,</strong></span> <span class='ocrx_word' id='word_1_75' title='bbox 807 1873 855 1929; x_wconf 91' lang='lat' dir='ltr'><strong>si</strong></span> <span class='ocrx_word' id='word_1_76' title='bbox 879 1873 936 1929; x_wconf 92' lang='lat' dir='ltr'><strong>in</strong></span> <span class='ocrx_word' id='word_1_77' title='bbox 962 1882 1016 1928; x_wconf 90' lang='lat' dir='ltr'><strong>te</strong></span> <span class='ocrx_word' id='word_1_78' title='bbox 1057 1872 1298 1943; x_wconf 76' lang='lat' dir='ltr'><strong>peccavi,</strong></span> <span class='ocrx_word' id='word_1_79' title='bbox 1341 1881 1523 1926; x_wconf 91' lang='lat' dir='ltr'><strong>tamen</strong></span> <span class='ocrx_word' id='word_1_80' title='bbox 1551 1878 1605 1925; x_wconf 88' lang='lat' dir='ltr'><strong>te</strong></span> <span class='ocrx_word' id='word_1_81' title='bbox 1653 1883 1761 1924; x_wconf 91' lang='lat' dir='ltr'><strong>non</strong></span> 
     </span>
    </p>
   </div>
   <div class='ocr_carea' id='block_1_15' title="bbox 169 1958 1759 2036">
    <p class='ocr_par' dir='ltr' id='par_1_15' title="bbox 169 1958 1759 2036">
     <span class='ocr_line' id='line_1_15' title="bbox 169 1958 1759 2036; baseline -0.007 -14"><span class='ocrx_word' id='word_1_82' title='bbox 169 1964 454 2036; x_wconf 85' lang='lat' dir='ltr'><strong>dereliqui,</strong></span> <span class='ocrx_word' id='word_1_83' title='bbox 499 1966 632 2024; x_wconf 86' lang='lat' dir='ltr'><strong>deos</strong></span> <span class='ocrx_word' id='word_1_84' title='bbox 679 1964 884 2020; x_wconf 89' lang='lat' dir='ltr'><strong>alienos</strong></span> <span class='ocrx_word' id='word_1_85' title='bbox 908 1979 1016 2019; x_wconf 90' lang='lat' dir='ltr'><strong>non</strong></span> <span class='ocrx_word' id='word_1_86' title='bbox 1043 1961 1264 2019; x_wconf 84' lang='lat' dir='ltr'><strong>adoravi</strong></span> <span class='ocrx_word' id='word_1_87' title='bbox 1293 1980 1306 2014; x_wconf 91' lang='lat'><strong>:</strong></span> <span class='ocrx_word' id='word_1_88' title='bbox 1345 1961 1606 2016; x_wconf 88' lang='lat' dir='ltr'><strong>miserere</strong></span> <span class='ocrx_word' id='word_1_89' title='bbox 1632 1958 1759 2022; x_wconf 91' lang='lat' dir='ltr'><strong>mei,</strong></span> 
     </span>
    </p>
   </div>
   <div class='ocr_carea' id='block_1_16' title="bbox 1153 547 2452 636">
    <p class='ocr_par' dir='ltr' id='par_1_16' title="bbox 1153 547 2452 636">
     <span class='ocr_line' id='line_1_16' title="bbox 1153 547 2452 636; baseline -0.006 0"><span class='ocrx_word' id='word_1_90' title='bbox 1153 547 1550 636; x_wconf 77' lang='lat' dir='ltr'><strong>Ll&#39;l‘Ul&#39;tGlCA.</strong></span> <span class='ocrx_word' id='word_1_91' title='bbox 1586 603 1662 622; x_wconf 62' lang='grc' dir='ltr'><strong><em>α-</em></strong></span> <span class='ocrx_word' id='word_1_92' title='bbox 1696 575 1965 634; x_wconf 73' lang='lat' dir='ltr'><strong>OFFlClA</strong></span> <span class='ocrx_word' id='word_1_93' title='bbox 2005 576 2143 632; x_wconf 82' lang='lat' dir='ltr'><strong>PER</strong></span> <span class='ocrx_word' id='word_1_94' title='bbox 2180 574 2452 631; x_wconf 68' lang='lat' dir='ltr'><strong>renus.</strong></span> 
     </span>
    </p>
   </div>
   <div class='ocr_carea' id='block_1_17' title="bbox 1778 688 2926 760">
    <p class='ocr_par' dir='ltr' id='par_1_17' title="bbox 1778 688 2926 760">
     <span class='ocr_line' id='line_1_17' title="bbox 1778 688 2926 760; baseline -0.003 -15"><span class='ocrx_word' id='word_1_95' title='bbox 1778 701 1829 756; x_wconf 76' lang='grc' dir='ltr'>Α</span> <span class='ocrx_word' id='word_1_96' title='bbox 1857 700 1964 745; x_wconf 90' lang='lat' dir='ltr'><strong>tur.</strong></span> <span class='ocrx_word' id='word_1_97' title='bbox 2029 688 2368 760; x_wconf 82' lang='lat' dir='ltr'><strong>Magniﬁcate</strong></span> <span class='ocrx_word' id='word_1_98' title='bbox 2400 688 2684 742; x_wconf 88' lang='lat' dir='ltr'><strong>Dominum</strong></span> <span class='ocrx_word' id='word_1_99' title='bbox 2719 702 2926 742; x_wconf 77' lang='lat' dir='ltr'><strong>nierum</strong></span> 
     </span>
    </p>
   </div>
   <div class='ocr_carea' id='block_1_18' title="bbox 3331 579 3438 635">
    <p class='ocr_par' dir='ltr' id='par_1_18' title="bbox 3331 579 3438 635">
     <span class='ocr_line' id='line_1_18' title="bbox 3331 579 3438 635; baseline 0.019 -2"><span class='ocrx_word' id='word_1_100' title='bbox 3331 579 3438 635; x_wconf 70' lang='lat'><strong>555</strong></span> 
     </span>
    </p>
   </div>
   <div class='ocr_carea' id='block_1_19' title="bbox 2973 693 3444 748">
    <p class='ocr_par' dir='ltr' id='par_1_19' title="bbox 2973 693 3444 748">
     <span class='ocr_line' id='line_1_19' title="bbox 2973 693 3444 748; baseline 0.006 -5"><span class='ocrx_word' id='word_1_101' title='bbox 2973 708 2983 743; x_wconf 91' lang='lat'>:</span> <span class='ocrx_word' id='word_1_102' title='bbox 3039 698 3092 744; x_wconf 88' lang='lat' dir='ltr'><strong>et</strong></span> <span class='ocrx_word' id='word_1_103' title='bbox 3139 693 3444 748; x_wconf 69' lang='lat' dir='ltr'><strong>exaltemus</strong></span> 
     </span>
    </p>
   </div>
   <div class='ocr_carea' id='block_1_20' title="bbox 1855 782 3442 857">
    <p class='ocr_par' dir='ltr' id='par_1_20' title="bbox 1855 782 3442 857">
     <span class='ocr_line' id='line_1_20' title="bbox 1855 782 3442 857; baseline 0.002 -18"><span class='ocrx_word' id='word_1_104' title='bbox 1855 798 2050 839; x_wconf 89' lang='lat' dir='ltr'><strong>nomen</strong></span> <span class='ocrx_word' id='word_1_105' title='bbox 2081 783 2199 854; x_wconf 88' lang='lat' dir='ltr'><strong>ejus</strong></span> <span class='ocrx_word' id='word_1_106' title='bbox 2228 784 2280 837; x_wconf 92' lang='lat' dir='ltr'><strong>in</strong></span> <span class='ocrx_word' id='word_1_107' title='bbox 2310 784 2564 852; x_wconf 88' lang='lat' dir='ltr'><strong>idipsnm.</strong></span> <span class='ocrx_word' id='word_1_108' title='bbox 2594 782 2872 851; x_wconf 62' lang='lat' dir='ltr'><strong>lixquisivi</strong></span> <span class='ocrx_word' id='word_1_109' title='bbox 2906 782 3213 850; x_wconf 87' lang='lat' dir='ltr'><strong>Dominum,</strong></span> <span class='ocrx_word' id='word_1_110' title='bbox 3245 785 3357 857; x_wconf 75' lang='grc'><strong>85</strong></span> <span class='ocrx_word' id='word_1_111' title='bbox 3384 797 3442 842; x_wconf 89' lang='lat' dir='ltr'><strong>et</strong></span> 
     </span>
    </p>
   </div>
   <div class='ocr_carea' id='block_1_21' title="bbox 1854 875 3446 935">
    <p class='ocr_par' dir='ltr' id='par_1_21' title="bbox 1854 875 3446 935">
     <span class='ocr_line' id='line_1_21' title="bbox 1854 875 3446 935; baseline 0.003 -4"><span class='ocrx_word' id='word_1_112' title='bbox 1854 876 2133 932; x_wconf 84' lang='lat' dir='ltr'><strong>exaudivit</strong></span> <span class='ocrx_word' id='word_1_113' title='bbox 2179 891 2262 930; x_wconf 90' lang='lat' dir='ltr'><strong>me</strong></span> <span class='ocrx_word' id='word_1_114' title='bbox 2292 894 2303 927; x_wconf 87' lang='lat'><em>:</em></span> <span class='ocrx_word' id='word_1_115' title='bbox 2336 885 2389 928; x_wconf 89' lang='lat' dir='ltr'><strong>et</strong></span> <span class='ocrx_word' id='word_1_116' title='bbox 2428 891 2495 930; x_wconf 86' lang='lat' dir='ltr'><strong>ex</strong></span> <span class='ocrx_word' id='word_1_117' title='bbox 2536 876 2787 929; x_wconf 87' lang='lat' dir='ltr'><strong>omnibus</strong></span> <span class='ocrx_word' id='word_1_118' title='bbox 2826 875 3265 934; x_wconf 85' lang='lat' dir='ltr'><strong>tribulationibus</strong></span> <span class='ocrx_word' id='word_1_119' title='bbox 3306 880 3446 935; x_wconf 82' lang='lat' dir='ltr'><strong>meis</strong></span> 
     </span>
    </p>
   </div>
   <div class='ocr_carea' id='block_1_22' title="bbox 1855 965 3448 1036">
    <p class='ocr_par' dir='ltr' id='par_1_22' title="bbox 1855 965 3448 1036">
     <span class='ocr_line' id='line_1_22' title="bbox 1855 965 3448 1036; baseline 0.004 -16"><span class='ocrx_word' id='word_1_120' title='bbox 1855 966 2055 1036; x_wconf 89' lang='lat' dir='ltr'><strong>eripuit</strong></span> <span class='ocrx_word' id='word_1_121' title='bbox 2101 979 2205 1020; x_wconf 91' lang='lat' dir='ltr'><strong>me.</strong></span> <span class='ocrx_word' id='word_1_122' title='bbox 2238 965 2492 1022; x_wconf 83' lang='lat' dir='ltr'><strong>Accedite</strong></span> <span class='ocrx_word' id='word_1_123' title='bbox 2524 967 2592 1021; x_wconf 83' lang='lat' dir='ltr'><strong>ad</strong></span> <span class='ocrx_word' id='word_1_124' title='bbox 2639 980 2794 1031; x_wconf 90' lang='lat' dir='ltr'><strong>eum,</strong></span> <span class='ocrx_word' id='word_1_125' title='bbox 2839 973 2894 1022; x_wconf 90' lang='lat' dir='ltr'><strong>et</strong></span> <span class='ocrx_word' id='word_1_126' title='bbox 2923 967 3300 1025; x_wconf 87' lang='lat' dir='ltr'><strong>illuminamini</strong></span> <span class='ocrx_word' id='word_1_127' title='bbox 3336 990 3349 1025; x_wconf 92' lang='lat'>:</span> <span class='ocrx_word' id='word_1_128' title='bbox 3391 981 3448 1028; x_wconf 90' lang='lat' dir='ltr'><strong>et</strong></span> 
     </span>
    </p>
   </div>
   <div class='ocr_carea' id='block_1_23' title="bbox 1856 1053 3446 1130">
    <p class='ocr_par' dir='ltr' id='par_1_23' title="bbox 1856 1053 3446 1130">
     <span class='ocr_line' id='line_1_23' title="bbox 1856 1053 3446 1130; baseline 0.006 -22"><span class='ocrx_word' id='word_1_129' title='bbox 1856 1053 2024 1110; x_wconf 78' lang='lat' dir='ltr'><strong>{acies</strong></span> <span class='ocrx_word' id='word_1_130' title='bbox 2050 1064 2245 1110; x_wconf 67' lang='lat' dir='ltr'><strong>vestra:</strong></span> <span class='ocrx_word' id='word_1_131' title='bbox 2273 1070 2380 1110; x_wconf 92' lang='lat' dir='ltr'><strong>non</strong></span> <span class='ocrx_word' id='word_1_132' title='bbox 2412 1056 2828 1110; x_wconf 85' lang='lat' dir='ltr'><strong>confundentur.</strong></span> <span class='ocrx_word' id='word_1_133' title='bbox 2869 1057 2972 1110; x_wconf 86' lang='lat' dir='ltr'><strong>Iste</strong></span> <span class='ocrx_word' id='word_1_134' title='bbox 3015 1073 3221 1130; x_wconf 89' lang='lat' dir='ltr'><strong>pauper</strong></span> <span class='ocrx_word' id='word_1_135' title='bbox 3245 1061 3446 1118; x_wconf 88' lang='lat' dir='ltr'><strong>clama-</strong></span> 
     </span>
    </p>
   </div>
   <div class='ocr_carea' id='block_1_24' title="bbox 1856 1146 3448 1211">
    <p class='ocr_par' dir='ltr' id='par_1_24' title="bbox 1856 1146 3448 1211">
     <span class='ocr_line' id='line_1_24' title="bbox 1856 1146 3448 1211; baseline 0.004 -11"><span class='ocrx_word' id='word_1_136' title='bbox 1856 1148 1954 1211; x_wconf 93' lang='lat' dir='ltr'><strong>vit,</strong></span> <span class='ocrx_word' id='word_1_137' title='bbox 1983 1157 2036 1202; x_wconf 90' lang='lat' dir='ltr'><strong>et</strong></span> <span class='ocrx_word' id='word_1_138' title='bbox 2067 1147 2326 1202; x_wconf 86' lang='lat' dir='ltr'><strong>Dominus</strong></span> <span class='ocrx_word' id='word_1_139' title='bbox 2364 1146 2644 1201; x_wconf 83' lang='lat' dir='ltr'><strong>exaudivit</strong></span> <span class='ocrx_word' id='word_1_140' title='bbox 2671 1163 2795 1201; x_wconf 90' lang='lat' dir='ltr'><strong>eum</strong></span> <span class='ocrx_word' id='word_1_141' title='bbox 2826 1165 2838 1199; x_wconf 92' lang='lat'><strong>:</strong></span> <span class='ocrx_word' id='word_1_142' title='bbox 2880 1157 2933 1202; x_wconf 89' lang='lat' dir='ltr'><strong>et</strong></span> <span class='ocrx_word' id='word_1_143' title='bbox 2963 1163 3030 1202; x_wconf 83' lang='lat' dir='ltr'><strong>ex</strong></span> <span class='ocrx_word' id='word_1_144' title='bbox 3073 1151 3326 1206; x_wconf 89' lang='lat' dir='ltr'><strong>omnibus</strong></span> <span class='ocrx_word' id='word_1_145' title='bbox 3355 1153 3448 1208; x_wconf 91' lang='lat' dir='ltr'><strong>tri-</strong></span> 
     </span>
    </p>
   </div>
   <div class='ocr_carea' id='block_1_25' title="bbox 1856 1234 3449 1313">
    <p class='ocr_par' dir='ltr' id='par_1_25' title="bbox 1856 1234 3449 1313">
     <span class='ocr_line' id='line_1_25' title="bbox 1856 1234 3449 1313; baseline 0.004 -22"><span class='ocrx_word' id='word_1_146' title='bbox 1856 1235 2224 1292; x_wconf 88' lang='lat' dir='ltr'><strong>bulationibus</strong></span> <span class='ocrx_word' id='word_1_147' title='bbox 2273 1234 2393 1306; x_wconf 89' lang='lat' dir='ltr'><strong>ejus</strong></span> <span class='ocrx_word' id='word_1_148' title='bbox 2437 1236 2665 1290; x_wconf 71' lang='lat' dir='ltr'><strong>salvavit</strong></span> <span class='ocrx_word' id='word_1_149' title='bbox 2710 1252 2856 1291; x_wconf 89' lang='lat' dir='ltr'><strong>eum.</strong></span> <span class='ocrx_word' id='word_1_150' title='bbox 2909 1236 3170 1294; x_wconf 89' lang='lat' dir='ltr'><strong>lmmittet</strong></span> <span class='ocrx_word' id='word_1_151' title='bbox 3224 1242 3449 1313; x_wconf 81' lang='lat' dir='ltr'><strong>angelus</strong></span> 
     </span>
    </p>
   </div>
   <div class='ocr_carea' id='block_1_26' title="bbox 1860 1328 3447 1401">
    <p class='ocr_par' dir='ltr' id='par_1_26' title="bbox 1860 1328 3447 1401">
     <span class='ocr_line' id='line_1_26' title="bbox 1860 1328 3447 1401; baseline 0.004 -18"><span class='ocrx_word' id='word_1_152' title='bbox 1860 1328 2072 1384; x_wconf 90' lang='lat' dir='ltr'><strong>Domini</strong></span> <span class='ocrx_word' id='word_1_153' title='bbox 2099 1329 2155 1384; x_wconf 94' lang='lat' dir='ltr'><strong>in</strong></span> <span class='ocrx_word' id='word_1_154' title='bbox 2184 1328 2413 1384; x_wconf 90' lang='lat' dir='ltr'><strong>circuitu</strong></span> <span class='ocrx_word' id='word_1_155' title='bbox 2455 1328 2759 1384; x_wconf 89' lang='lat' dir='ltr'><strong>timentium</strong></span> <span class='ocrx_word' id='word_1_156' title='bbox 2787 1345 2911 1384; x_wconf 90' lang='lat' dir='ltr'><strong>eum</strong></span> <span class='ocrx_word' id='word_1_157' title='bbox 2949 1347 2962 1383; x_wconf 93' lang='lat'>:</span> <span class='ocrx_word' id='word_1_158' title='bbox 3000 1338 3057 1386; x_wconf 88' lang='lat' dir='ltr'><strong>et</strong></span> <span class='ocrx_word' id='word_1_159' title='bbox 3095 1333 3288 1401; x_wconf 89' lang='lat' dir='ltr'><strong>eripiet</strong></span> <span class='ocrx_word' id='word_1_160' title='bbox 3331 1349 3447 1392; x_wconf 87' lang='lat' dir='ltr'><strong>eos.</strong></span> 
     </span>
    </p>
   </div>
   <div class='ocr_carea' id='block_1_27' title="bbox 1858 1421 3446 1490">
    <p class='ocr_par' dir='ltr' id='par_1_27' title="bbox 1858 1421 3446 1490">
     <span class='ocr_line' id='line_1_27' title="bbox 1858 1421 3446 1490; baseline 0.004 -13"><span class='ocrx_word' id='word_1_161' title='bbox 1858 1421 2088 1477; x_wconf 86' lang='lat' dir='ltr'><strong>Gustate</strong></span> <span class='ocrx_word' id='word_1_162' title='bbox 2133 1429 2190 1475; x_wconf 90' lang='lat' dir='ltr'><strong>et</strong></span> <span class='ocrx_word' id='word_1_163' title='bbox 2235 1421 2434 1487; x_wconf 85' lang='lat' dir='ltr'><strong>videte,</strong></span> <span class='ocrx_word' id='word_1_164' title='bbox 2482 1421 2737 1490; x_wconf 86' lang='lat' dir='ltr'><strong>quoniam</strong></span> <span class='ocrx_word' id='word_1_165' title='bbox 2797 1422 2978 1477; x_wconf 85' lang='lat' dir='ltr'><strong>suavis</strong></span> <span class='ocrx_word' id='word_1_166' title='bbox 3029 1431 3115 1480; x_wconf 89' lang='lat' dir='ltr'><strong>est</strong></span> <span class='ocrx_word' id='word_1_167' title='bbox 3143 1425 3446 1483; x_wconf 85' lang='lat' dir='ltr'><strong>Dominus:</strong></span> 
     </span>
    </p>
   </div>
   <div class='ocr_carea' id='block_1_28' title="bbox 1860 1509 3456 1581">
    <p class='ocr_par' dir='ltr' id='par_1_28' title="bbox 1860 1509 3456 1581">
     <span class='ocr_line' id='line_1_28' title="bbox 1860 1509 3456 1581; baseline 0.005 -17"><span class='ocrx_word' id='word_1_168' title='bbox 1860 1509 2051 1566; x_wconf 91' lang='lat' dir='ltr'><strong>beatus</strong></span> <span class='ocrx_word' id='word_1_169' title='bbox 2068 1510 2152 1565; x_wconf 88' lang='lat' dir='ltr'><strong>vir</strong></span> <span class='ocrx_word' id='word_1_170' title='bbox 2169 1510 2262 1581; x_wconf 90' lang='lat' dir='ltr'><strong>qui</strong></span> <span class='ocrx_word' id='word_1_171' title='bbox 2290 1517 2472 1580; x_wconf 81' lang='lat' dir='ltr'><strong>sperat</strong></span> <span class='ocrx_word' id='word_1_172' title='bbox 2496 1512 2656 1565; x_wconf 91' lang='lat' dir='ltr'><strong>ineo.</strong></span> <span class='ocrx_word' id='word_1_173' title='bbox 2691 1509 2904 1567; x_wconf 87' lang='lat' dir='ltr'><strong>Timete</strong></span> <span class='ocrx_word' id='word_1_174' title='bbox 2929 1512 3216 1568; x_wconf 88' lang='lat' dir='ltr'><strong>Dominum</strong></span> <span class='ocrx_word' id='word_1_175' title='bbox 3260 1525 3456 1572; x_wconf 84' lang='lat' dir='ltr'><strong>omnes</strong></span> 
     </span>
    </p>
   </div>
   <div class='ocr_carea' id='block_1_29' title="bbox 1861 1599 3454 1674">
    <p class='ocr_par' dir='ltr' id='par_1_29' title="bbox 1861 1599 3454 1674">
     <span class='ocr_line' id='line_1_29' title="bbox 1861 1599 3454 1674; baseline 0.003 -16"><span class='ocrx_word' id='word_1_176' title='bbox 1861 1603 2035 1658; x_wconf 83' lang='lat' dir='ltr'><strong>sancti</strong></span> <span class='ocrx_word' id='word_1_177' title='bbox 2082 1599 2200 1670; x_wconf 89' lang='lat' dir='ltr'><strong>ejus</strong></span> <span class='ocrx_word' id='word_1_178' title='bbox 2242 1620 2255 1657; x_wconf 92' lang='lat'><strong>:</strong></span> <span class='ocrx_word' id='word_1_179' title='bbox 2299 1603 2556 1671; x_wconf 91' lang='lat' dir='ltr'><strong>quoniam</strong></span> <span class='ocrx_word' id='word_1_180' title='bbox 2613 1618 2720 1657; x_wconf 93' lang='lat' dir='ltr'><strong>non</strong></span> <span class='ocrx_word' id='word_1_181' title='bbox 2772 1610 2856 1658; x_wconf 91' lang='lat' dir='ltr'><strong>est</strong></span> <span class='ocrx_word' id='word_1_182' title='bbox 2907 1604 3088 1674; x_wconf 88' lang='lat' dir='ltr'><strong>inopia</strong></span> <span class='ocrx_word' id='word_1_183' title='bbox 3137 1606 3454 1663; x_wconf 87' lang='lat' dir='ltr'><strong>timentibus</strong></span> 
     </span>
    </p>
   </div>
   <div class='ocr_carea' id='block_1_30' title="bbox 1861 1684 3456 1767">
    <p class='ocr_par' dir='ltr' id='par_1_30' title="bbox 1861 1684 3456 1767">
     <span class='ocr_line' id='line_1_30' title="bbox 1861 1684 3456 1767; baseline 0.002 -17"><span class='ocrx_word' id='word_1_184' title='bbox 1861 1710 2006 1750; x_wconf 90' lang='lat' dir='ltr'><strong>eum.</strong></span> <span class='ocrx_word' id='word_1_185' title='bbox 2050 1694 2257 1750; x_wconf 88' lang='lat' dir='ltr'><strong>Divites</strong></span> <span class='ocrx_word' id='word_1_186' title='bbox 2304 1702 2569 1765; x_wconf 81' lang='lat' dir='ltr'><strong>eguerunt</strong></span> <span class='ocrx_word' id='word_1_187' title='bbox 2612 1701 2669 1749; x_wconf 86' lang='lat' dir='ltr'><strong>et</strong></span> <span class='ocrx_word' id='word_1_188' title='bbox 2687 1694 2996 1750; x_wconf 90' lang='lat' dir='ltr'><strong>esurierunt</strong></span> <span class='ocrx_word' id='word_1_189' title='bbox 3045 1713 3062 1750; x_wconf 90' lang='lat'><strong>:</strong></span> <span class='ocrx_word' id='word_1_190' title='bbox 3118 1684 3456 1767; x_wconf 26' lang='lat' dir='ltr'><strong>inq-uirentes</strong></span> 
     </span>
    </p>
   </div>
   <div class='ocr_carea' id='block_1_31' title="bbox 1863 1785 3454 1854">
    <p class='ocr_par' dir='ltr' id='par_1_31' title="bbox 1863 1785 3454 1854">
     <span class='ocr_line' id='line_1_31' title="bbox 1863 1785 3454 1854; baseline 0.001 -12"><span class='ocrx_word' id='word_1_191' title='bbox 1863 1795 2041 1842; x_wconf 89' lang='lat' dir='ltr'><strong>autem</strong></span> <span class='ocrx_word' id='word_1_192' title='bbox 2069 1786 2355 1842; x_wconf 89' lang='lat' dir='ltr'><strong>Dominum</strong></span> <span class='ocrx_word' id='word_1_193' title='bbox 2389 1801 2496 1841; x_wconf 89' lang='lat' dir='ltr'><strong>non</strong></span> <span class='ocrx_word' id='word_1_194' title='bbox 2525 1785 2839 1840; x_wconf 87' lang='lat' dir='ltr'><strong>minuentur</strong></span> <span class='ocrx_word' id='word_1_195' title='bbox 2874 1787 3023 1841; x_wconf 91' lang='lat' dir='ltr'><strong>omni</strong></span> <span class='ocrx_word' id='word_1_196' title='bbox 3050 1787 3212 1842; x_wconf 89' lang='lat' dir='ltr'><strong>bono.</strong></span> <span class='ocrx_word' id='word_1_197' title='bbox 3237 1785 3454 1854; x_wconf 74' lang='lat' dir='ltr'><strong>Venite,</strong></span> 
     </span>
    </p>
   </div>
   <div class='ocr_carea' id='block_1_32' title="bbox 1864 1875 3459 1947">
    <p class='ocr_par' dir='ltr' id='par_1_32' title="bbox 1864 1875 3459 1947">
     <span class='ocr_line' id='line_1_32' title="bbox 1864 1875 3459 1947; baseline 0.001 -15"><span class='ocrx_word' id='word_1_198' title='bbox 1864 1877 1980 1942; x_wconf 82' lang='lat' dir='ltr'><strong>lilii,</strong></span> <span class='ocrx_word' id='word_1_199' title='bbox 2003 1876 2187 1932; x_wconf 89' lang='lat' dir='ltr'><strong>audite</strong></span> <span class='ocrx_word' id='word_1_200' title='bbox 2225 1890 2349 1930; x_wconf 91' lang='lat' dir='ltr'><strong>me:</strong></span> <span class='ocrx_word' id='word_1_201' title='bbox 2385 1875 2639 1931; x_wconf 84' lang='lat' dir='ltr'><strong>timorem</strong></span> <span class='ocrx_word' id='word_1_202' title='bbox 2664 1875 2878 1932; x_wconf 91' lang='lat' dir='ltr'><strong>Domini</strong></span> <span class='ocrx_word' id='word_1_203' title='bbox 2911 1877 3116 1932; x_wconf 86' lang='lat' dir='ltr'><strong>docebo</strong></span> <span class='ocrx_word' id='word_1_204' title='bbox 3160 1893 3276 1933; x_wconf 89' lang='lat' dir='ltr'><strong>vos.</strong></span> <span class='ocrx_word' id='word_1_205' title='bbox 3323 1877 3459 1947; x_wconf 85' lang='lat' dir='ltr'><strong>Quis</strong></span> 
     </span>
    </p>
   </div>
   <div class='ocr_carea' id='block_1_33' title="bbox 1863 1965 3462 2038">
    <p class='ocr_par' dir='ltr' id='par_1_33' title="bbox 1863 1965 3462 2038">
     <span class='ocr_line' id='line_1_33' title="bbox 1863 1965 3462 2038; baseline -0.001 -16"><span class='ocrx_word' id='word_1_206' title='bbox 1863 1976 1949 2022; x_wconf 90' lang='lat' dir='ltr'><strong>est</strong></span> <span class='ocrx_word' id='word_1_207' title='bbox 1972 1968 2154 2033; x_wconf 82' lang='lat' dir='ltr'><strong>homo,</strong></span> <span class='ocrx_word' id='word_1_208' title='bbox 2183 1966 2278 2037; x_wconf 88' lang='lat' dir='ltr'><strong>qui</strong></span> <span class='ocrx_word' id='word_1_209' title='bbox 2312 1965 2427 2021; x_wconf 88' lang='lat' dir='ltr'><strong>vult</strong></span> <span class='ocrx_word' id='word_1_210' title='bbox 2449 1967 2615 2021; x_wconf 87' lang='lat' dir='ltr'><strong>vitam</strong></span> <span class='ocrx_word' id='word_1_211' title='bbox 2644 1984 2658 2020; x_wconf 84' lang='lat'><strong>:</strong></span> <span class='ocrx_word' id='word_1_212' title='bbox 2688 1965 2864 2038; x_wconf 89' lang='lat' dir='ltr'><strong>diligit</strong></span> <span class='ocrx_word' id='word_1_213' title='bbox 2894 1967 3010 2021; x_wconf 90' lang='lat' dir='ltr'><strong>dies</strong></span> <span class='ocrx_word' id='word_1_214' title='bbox 3029 1966 3214 2022; x_wconf 89' lang='lat' dir='ltr'><strong>videre</strong></span> <span class='ocrx_word' id='word_1_215' title='bbox 3255 1968 3462 2024; x_wconf 86' lang='lat' dir='ltr'><strong>bonos?</strong></span> 
     </span>
    </p>
   </div>
   <div class='ocr_carea' id='block_1_34' title="bbox 169 2051 3461 2129">
    <p class='ocr_par' dir='ltr' id='par_1_34' title="bbox 169 2051 3461 2129">
     <span class='ocr_line' id='line_1_34' title="bbox 169 2051 3461 2129; baseline -0.004 0"><span class='ocrx_word' id='word_1_216' title='bbox 169 2055 423 2126; x_wconf 63' lang='lat' dir='ltr'><strong>nomine:</strong></span> <span class='ocrx_word' id='word_1_217' title='bbox 461 2059 672 2117; x_wconf 65' lang='lat' dir='ltr'><strong>Veniam</strong></span> <span class='ocrx_word' id='word_1_218' title='bbox 707 2068 833 2129; x_wconf 65' lang='grc' dir='ltr'><strong>θεῐο</strong></span> <span class='ocrx_word' id='word_1_219' title='bbox 859 2073 891 2112; x_wconf 76' lang='grc'><strong>³</strong></span> <span class='ocrx_word' id='word_1_220' title='bbox 913 2063 968 2112; x_wconf 68' lang='grc' dir='ltr'>ιθ</span> <span class='ocrx_word' id='word_1_221' title='bbox 988 2071 1089 2128; x_wconf 79' lang='grc' dir='ltr'><strong>ιπο</strong></span> <span class='ocrx_word' id='word_1_222' title='bbox 1125 2055 1379 2111; x_wconf 69' lang='lat' dir='ltr'><strong>omnibus</strong></span> <span class='ocrx_word' id='word_1_223' title='bbox 1397 2051 1571 2124; x_wconf 62' lang='lat' dir='ltr'><strong>culpis</strong></span> <span class='ocrx_word' id='word_1_224' title='bbox 1600 2051 1759 2106; x_wconf 69' lang='grc' dir='ltr'>ωθίθο</span> <span class='ocrx_word' id='word_1_225' title='bbox 1792 2061 1839 2121; x_wconf 86' lang='grc' dir='ltr'><strong>Β</strong></span> <span class='ocrx_word' id='word_1_226' title='bbox 1869 2061 2104 2118; x_wconf 87' lang='lat' dir='ltr'><strong>Prohibe</strong></span> <span class='ocrx_word' id='word_1_227' title='bbox 2153 2060 2389 2129; x_wconf 86' lang='lat' dir='ltr'><strong>linguam</strong></span> <span class='ocrx_word' id='word_1_228' title='bbox 2439 2067 2589 2114; x_wconf 87' lang='lat' dir='ltr'><strong>tuam</strong></span> <span class='ocrx_word' id='word_1_229' title='bbox 2626 2074 2658 2114; x_wconf 90' lang='lat' dir='ltr'><strong>a</strong></span> <span class='ocrx_word' id='word_1_230' title='bbox 2696 2059 2861 2126; x_wconf 86' lang='lat' dir='ltr'><strong>malo,</strong></span> <span class='ocrx_word' id='word_1_231' title='bbox 2913 2068 2968 2114; x_wconf 92' lang='lat' dir='ltr'><strong>et</strong></span> <span class='ocrx_word' id='word_1_232' title='bbox 2993 2059 3132 2114; x_wconf 88' lang='lat' dir='ltr'><strong>labia</strong></span> <span class='ocrx_word' id='word_1_233' title='bbox 3162 2069 3253 2116; x_wconf 90' lang='lat' dir='ltr'><strong>tua</strong></span> <span class='ocrx_word' id='word_1_234' title='bbox 3279 2075 3348 2116; x_wconf 93' lang='lat' dir='ltr'><strong>ne</strong></span> <span class='ocrx_word' id='word_1_235' title='bbox 3381 2061 3461 2116; x_wconf 92' lang='lat' dir='ltr'><strong>lo-</strong></span> 
     </span>
    </p>
   </div>
   <div class='ocr_carea' id='block_1_35' title="bbox 169 2143 1762 2221">
    <p class='ocr_par' dir='ltr' id='par_1_35' title="bbox 169 2143 1762 2221">
     <span class='ocr_line' id='line_1_35' title="bbox 169 2143 1762 2221; baseline -0.006 -12"><span class='ocrx_word' id='word_1_236' title='bbox 169 2151 306 2209; x_wconf 86' lang='lat' dir='ltr'><strong>Pius</strong></span> <span class='ocrx_word' id='word_1_237' title='bbox 326 2152 490 2220; x_wconf 83' lang='lat' dir='ltr'><strong>Deus,</strong></span> <span class='ocrx_word' id='word_1_238' title='bbox 523 2153 620 2209; x_wconf 89' lang='lat' dir='ltr'><strong>tibi</strong></span> <span class='ocrx_word' id='word_1_239' title='bbox 649 2151 913 2208; x_wconf 86' lang='lat' dir='ltr'><strong>conﬁteor</strong></span> <span class='ocrx_word' id='word_1_240' title='bbox 937 2157 1159 2221; x_wconf 84' lang='lat' dir='ltr'><strong>peccata</strong></span> <span class='ocrx_word' id='word_1_241' title='bbox 1195 2161 1337 2212; x_wconf 87' lang='lat' dir='ltr'><strong>mea,</strong></span> <span class='ocrx_word' id='word_1_242' title='bbox 1364 2146 1493 2217; x_wconf 86' lang='lat' dir='ltr'><strong>quia</strong></span> <span class='ocrx_word' id='word_1_243' title='bbox 1533 2143 1762 2200; x_wconf 87' lang='lat' dir='ltr'><strong>crimina</strong></span> 
     </span>
    </p>
   </div>
   <div class='ocr_carea' id='block_1_36' title="bbox 171 2235 1763 2318">
    <p class='ocr_par' dir='ltr' id='par_1_36' title="bbox 171 2235 1763 2318">
     <span class='ocr_line' id='line_1_36' title="bbox 171 2235 1763 2318; baseline -0.008 -16"><span class='ocrx_word' id='word_1_244' title='bbox 171 2262 413 2318; x_wconf 84' lang='lat' dir='ltr'><strong>agnosco</strong></span> <span class='ocrx_word' id='word_1_245' title='bbox 450 2249 507 2304; x_wconf 90' lang='lat' dir='ltr'><strong>in</strong></span> <span class='ocrx_word' id='word_1_246' title='bbox 532 2261 641 2303; x_wconf 91' lang='lat' dir='ltr'><strong>me.</strong></span> <span class='ocrx_word' id='word_1_247' title='bbox 672 2245 815 2302; x_wconf 90' lang='lat' dir='ltr'><strong>Deus</strong></span> <span class='ocrx_word' id='word_1_248' title='bbox 859 2245 1127 2316; x_wconf 89' lang='lat' dir='ltr'><strong>propitius</strong></span> <span class='ocrx_word' id='word_1_249' title='bbox 1156 2249 1276 2297; x_wconf 87' lang='lat' dir='ltr'><strong>esto</strong></span> <span class='ocrx_word' id='word_1_250' title='bbox 1310 2240 1444 2296; x_wconf 88' lang='lat' dir='ltr'><strong>mihi</strong></span> <span class='ocrx_word' id='word_1_251' title='bbox 1489 2235 1763 2310; x_wconf 80' lang='lat' dir='ltr'><strong>peccaturi</strong></span> 
     </span>
    </p>
   </div>
   <div class='ocr_carea' id='block_1_37' title="bbox 169 2329 1764 2400">
    <p class='ocr_par' dir='ltr' id='par_1_37' title="bbox 169 2329 1764 2400">
     <span class='ocr_line' id='line_1_37' title="bbox 169 2329 1764 2400; baseline -0.009 -3"><span class='ocrx_word' id='word_1_252' title='bbox 169 2356 336 2397; x_wconf 81' lang='lat' dir='ltr'><strong>servo</strong></span> <span class='ocrx_word' id='word_1_253' title='bbox 381 2349 476 2397; x_wconf 89' lang='lat' dir='ltr'><strong>tuo</strong></span> <span class='ocrx_word' id='word_1_254' title='bbox 508 2358 522 2395; x_wconf 90' lang='lat'><strong>:</strong></span> <span class='ocrx_word' id='word_1_255' title='bbox 554 2353 660 2396; x_wconf 89' lang='lat' dir='ltr'><strong>non</strong></span> <span class='ocrx_word' id='word_1_256' title='bbox 712 2354 801 2394; x_wconf 88' lang='lat' dir='ltr'><strong>me</strong></span> <span class='ocrx_word' id='word_1_257' title='bbox 854 2339 1091 2398; x_wconf 79' lang='lat' dir='ltr'><strong>deseras,</strong></span> <span class='ocrx_word' id='word_1_258' title='bbox 1143 2350 1251 2389; x_wconf 91' lang='lat' dir='ltr'><strong>non</strong></span> <span class='ocrx_word' id='word_1_259' title='bbox 1281 2346 1369 2388; x_wconf 90' lang='lat' dir='ltr'><strong>me</strong></span> <span class='ocrx_word' id='word_1_260' title='bbox 1396 2329 1764 2400; x_wconf 87' lang='lat' dir='ltr'><strong>derelinquas,</strong></span> 
     </span>
    </p>
   </div>
   <div class='ocr_carea' id='block_1_38' title="bbox 170 2423 1767 2495">
    <p class='ocr_par' dir='ltr' id='par_1_38' title="bbox 170 2423 1767 2495">
     <span class='ocr_line' id='line_1_38' title="bbox 170 2423 1767 2495; baseline -0.009 -4"><span class='ocrx_word' id='word_1_261' title='bbox 170 2435 320 2491; x_wconf 88' lang='lat' dir='ltr'><strong>Deus</strong></span> <span class='ocrx_word' id='word_1_262' title='bbox 367 2447 540 2489; x_wconf 87' lang='lat' dir='ltr'><strong>meus.</strong></span> <span class='ocrx_word' id='word_1_263' title='bbox 586 2430 716 2487; x_wconf 86' lang='lat' dir='ltr'><strong>Pius</strong></span> <span class='ocrx_word' id='word_1_264' title='bbox 746 2430 909 2495; x_wconf 89' lang='lat' dir='ltr'><strong>Deus,</strong></span> <span class='ocrx_word' id='word_1_265' title='bbox 938 2435 1160 2483; x_wconf 86' lang='lat' dir='ltr'><strong>sanctus</strong></span> <span class='ocrx_word' id='word_1_266' title='bbox 1215 2423 1399 2488; x_wconf 79' lang='lat' dir='ltr'><strong>fortis,</strong></span> <span class='ocrx_word' id='word_1_267' title='bbox 1452 2431 1670 2478; x_wconf 89' lang='lat' dir='ltr'><strong>sanctus</strong></span> <span class='ocrx_word' id='word_1_268' title='bbox 1711 2428 1767 2477; x_wconf 86' lang='lat' dir='ltr'><strong>et</strong></span> 
     </span>
    </p>
   </div>
   <div class='ocr_carea' id='block_1_39' title="bbox 175 2513 1765 2584">
    <p class='ocr_par' dir='ltr' id='par_1_39' title="bbox 175 2513 1765 2584">
     <span class='ocr_line' id='line_1_39' title="bbox 175 2513 1765 2584; baseline -0.011 0"><span class='ocrx_word' id='word_1_269' title='bbox 175 2525 506 2584; x_wconf 83' lang='lat' dir='ltr'><strong>immortalis</strong></span> <span class='ocrx_word' id='word_1_270' title='bbox 547 2542 560 2578; x_wconf 90' lang='lat'><strong>:</strong></span> <span class='ocrx_word' id='word_1_271' title='bbox 592 2522 907 2579; x_wconf 83' lang='lat' dir='ltr'><strong>misericors</strong></span> <span class='ocrx_word' id='word_1_272' title='bbox 929 2519 1072 2575; x_wconf 87' lang='lat' dir='ltr'><strong>Deus</strong></span> <span class='ocrx_word' id='word_1_273' title='bbox 1101 2516 1540 2580; x_wconf 89' lang='lat' dir='ltr'><strong>clementissime,</strong></span> <span class='ocrx_word' id='word_1_274' title='bbox 1572 2513 1765 2584; x_wconf 87' lang='lat' dir='ltr'><strong>adjuva</strong></span> 
     </span>
    </p>
   </div>
   <div class='ocr_carea' id='block_1_40' title="bbox 170 2605 1771 2690">
    <p class='ocr_par' dir='ltr' id='par_1_40' title="bbox 170 2605 1771 2690">
     <span class='ocr_line' id='line_1_40' title="bbox 170 2605 1771 2690; baseline -0.009 -13"><span class='ocrx_word' id='word_1_275' title='bbox 170 2635 268 2676; x_wconf 88' lang='lat' dir='ltr'><strong>me</strong></span> <span class='ocrx_word' id='word_1_276' title='bbox 294 2625 635 2690; x_wconf 88' lang='lat' dir='ltr'><strong>peccatorem</strong></span> <span class='ocrx_word' id='word_1_277' title='bbox 684 2613 944 2670; x_wconf 77' lang='lat' dir='ltr'><strong>famulum</strong></span> <span class='ocrx_word' id='word_1_278' title='bbox 970 2621 1142 2667; x_wconf 91' lang='lat' dir='ltr'><strong>tuum.</strong></span> <span class='ocrx_word' id='word_1_279' title='bbox 1194 2610 1272 2665; x_wconf 89' lang='lat' dir='ltr'><strong>Da</strong></span> <span class='ocrx_word' id='word_1_280' title='bbox 1311 2609 1445 2664; x_wconf 88' lang='lat' dir='ltr'><strong>mihi</strong></span> <span class='ocrx_word' id='word_1_281' title='bbox 1471 2623 1587 2673; x_wconf 91' lang='lat' dir='ltr'><strong>cor,</strong></span> <span class='ocrx_word' id='word_1_282' title='bbox 1622 2605 1771 2678; x_wconf 87' lang='lat' dir='ltr'><strong>quod</strong></span> 
     </span>
    </p>
   </div>
   <div class='ocr_carea' id='block_1_41' title="bbox 173 2698 1771 2775">
    <p class='ocr_par' dir='ltr' id='par_1_41' title="bbox 173 2698 1771 2775">
     <span class='ocr_line' id='line_1_41' title="bbox 173 2698 1771 2775; baseline -0.008 -10"><span class='ocrx_word' id='word_1_283' title='bbox 173 2709 367 2767; x_wconf 89' lang='lat' dir='ltr'><strong>timeat</strong></span> <span class='ocrx_word' id='word_1_284' title='bbox 419 2716 505 2773; x_wconf 87' lang='lat' dir='ltr'><strong>te,</strong></span> <span class='ocrx_word' id='word_1_285' title='bbox 539 2720 756 2762; x_wconf 88' lang='lat' dir='ltr'><strong>sensum</strong></span> <span class='ocrx_word' id='word_1_286' title='bbox 795 2703 890 2775; x_wconf 89' lang='lat' dir='ltr'><strong>qui</strong></span> <span class='ocrx_word' id='word_1_287' title='bbox 941 2710 995 2756; x_wconf 92' lang='lat' dir='ltr'><strong>te</strong></span> <span class='ocrx_word' id='word_1_288' title='bbox 1027 2701 1312 2773; x_wconf 87' lang='lat' dir='ltr'><strong>intelligat,</strong></span> <span class='ocrx_word' id='word_1_289' title='bbox 1363 2699 1548 2756; x_wconf 92' lang='lat' dir='ltr'><strong>oculos</strong></span> <span class='ocrx_word' id='word_1_290' title='bbox 1592 2698 1683 2768; x_wconf 87' lang='lat' dir='ltr'><strong>qui</strong></span> <span class='ocrx_word' id='word_1_291' title='bbox 1717 2705 1771 2754; x_wconf 86' lang='lat' dir='ltr'><strong>te</strong></span> 
     </span>
    </p>
   </div>
   <div class='ocr_carea' id='block_1_42' title="bbox 173 2791 1768 2869">
    <p class='ocr_par' dir='ltr' id='par_1_42' title="bbox 173 2791 1768 2869">
     <span class='ocr_line' id='line_1_42' title="bbox 173 2791 1768 2869; baseline -0.008 -12"><span class='ocrx_word' id='word_1_292' title='bbox 173 2801 419 2866; x_wconf 88' lang='lat' dir='ltr'><strong>videant,</strong></span> <span class='ocrx_word' id='word_1_293' title='bbox 451 2813 611 2855; x_wconf 86' lang='lat' dir='ltr'><strong>aures</strong></span> <span class='ocrx_word' id='word_1_294' title='bbox 639 2813 759 2869; x_wconf 83' lang='lat' dir='ltr'><strong>quae</strong></span> <span class='ocrx_word' id='word_1_295' title='bbox 786 2803 837 2853; x_wconf 91' lang='lat' dir='ltr'><strong>te</strong></span> <span class='ocrx_word' id='word_1_296' title='bbox 867 2795 1107 2858; x_wconf 83' lang='lat' dir='ltr'><strong>audiant,</strong></span> <span class='ocrx_word' id='word_1_297' title='bbox 1143 2807 1304 2849; x_wconf 88' lang='lat' dir='ltr'><strong>nares</strong></span> <span class='ocrx_word' id='word_1_298' title='bbox 1334 2792 1428 2864; x_wconf 90' lang='lat' dir='ltr'><strong>qui</strong></span> <span class='ocrx_word' id='word_1_299' title='bbox 1470 2799 1522 2847; x_wconf 92' lang='lat' dir='ltr'><strong>te</strong></span> <span class='ocrx_word' id='word_1_300' title='bbox 1547 2791 1768 2847; x_wconf 88' lang='lat' dir='ltr'><strong>odorem</strong></span> 
     </span>
    </p>
   </div>
   <div class='ocr_carea' id='block_1_43' title="bbox 174 2884 1773 2963">
    <p class='ocr_par' dir='ltr' id='par_1_43' title="bbox 174 2884 1773 2963">
     <span class='ocr_line' id='line_1_43' title="bbox 174 2884 1773 2963; baseline -0.009 -13"><span class='ocrx_word' id='word_1_301' title='bbox 174 2893 500 2963; x_wconf 81' lang='lat' dir='ltr'><strong>suscipiant.</strong></span> <span class='ocrx_word' id='word_1_302' title='bbox 530 2891 776 2954; x_wconf 91' lang='lat' dir='ltr'><strong>Domine,</strong></span> <span class='ocrx_word' id='word_1_303' title='bbox 829 2887 1081 2945; x_wconf 83' lang='lat' dir='ltr'><strong>mollitica</strong></span> <span class='ocrx_word' id='word_1_304' title='bbox 1119 2901 1218 2941; x_wconf 91' lang='lat' dir='ltr'><strong>cor</strong></span> <span class='ocrx_word' id='word_1_305' title='bbox 1246 2899 1427 2940; x_wconf 90' lang='lat' dir='ltr'><strong>meum</strong></span> <span class='ocrx_word' id='word_1_306' title='bbox 1469 2884 1664 2940; x_wconf 88' lang='lat' dir='ltr'><strong>durum</strong></span> <span class='ocrx_word' id='word_1_307' title='bbox 1716 2886 1773 2937; x_wconf 92' lang='lat' dir='ltr'><strong>et</strong></span> 
     </span>
    </p>
   </div>
   <div class='ocr_carea' id='block_1_44' title="bbox 174 2973 1769 3058">
    <p class='ocr_par' dir='ltr' id='par_1_44' title="bbox 174 2973 1769 3058">
     <span class='ocr_line' id='line_1_44' title="bbox 174 2973 1769 3058; baseline -0.009 -16"><span class='ocrx_word' id='word_1_308' title='bbox 174 2987 466 3058; x_wconf 90' lang='lat' dir='ltr'><strong>lapideum,</strong></span> <span class='ocrx_word' id='word_1_309' title='bbox 493 2984 583 3055; x_wconf 88' lang='lat' dir='ltr'><strong>qui</strong></span> <span class='ocrx_word' id='word_1_310' title='bbox 606 2998 723 3038; x_wconf 89' lang='lat' dir='ltr'><strong>sum</strong></span> <span class='ocrx_word' id='word_1_311' title='bbox 750 2981 890 3038; x_wconf 86' lang='lat' dir='ltr'><strong>cinis</strong></span> <span class='ocrx_word' id='word_1_312' title='bbox 910 2988 1179 3036; x_wconf 89' lang='lat' dir='ltr'><strong>mortuus.</strong></span> <span class='ocrx_word' id='word_1_313' title='bbox 1203 2975 1367 3033; x_wconf 86' lang='lat' dir='ltr'><strong>Salva</strong></span> <span class='ocrx_word' id='word_1_314' title='bbox 1391 2990 1498 3042; x_wconf 89' lang='lat' dir='ltr'><strong>me,</strong></span> <span class='ocrx_word' id='word_1_315' title='bbox 1521 2973 1769 3040; x_wconf 89' lang='lat' dir='ltr'><strong>Domine,</strong></span> 
     </span>
    </p>
   </div>
   <div class='ocr_carea' id='block_1_45' title="bbox 173 3064 1770 3149">
    <p class='ocr_par' dir='ltr' id='par_1_45' title="bbox 173 3064 1770 3149">
     <span class='ocr_line' id='line_1_45' title="bbox 173 3064 1770 3149; baseline -0.006 -18"><span class='ocrx_word' id='word_1_316' title='bbox 173 3077 518 3149; x_wconf 85' lang='lat' dir='ltr'><strong>vigilantem,</strong></span> <span class='ocrx_word' id='word_1_317' title='bbox 549 3073 760 3130; x_wconf 88' lang='lat' dir='ltr'><strong>custodi</strong></span> <span class='ocrx_word' id='word_1_318' title='bbox 788 3087 874 3128; x_wconf 91' lang='lat' dir='ltr'><strong>me</strong></span> <span class='ocrx_word' id='word_1_319' title='bbox 901 3071 1287 3135; x_wconf 87' lang='lat' dir='ltr'><strong>dormientem;</strong></span> <span class='ocrx_word' id='word_1_320' title='bbox 1321 3073 1384 3122; x_wconf 88' lang='lat' dir='ltr'><strong>ut</strong></span> <span class='ocrx_word' id='word_1_321' title='bbox 1403 3066 1670 3122; x_wconf 87' lang='lat' dir='ltr'><strong>dormiam</strong></span> <span class='ocrx_word' id='word_1_322' title='bbox 1713 3064 1770 3122; x_wconf 91' lang='lat' dir='ltr'><strong>in</strong></span> 
     </span>
    </p>
   </div>
   <div class='ocr_carea' id='block_1_46' title="bbox 174 3162 1773 3243">
    <p class='ocr_par' dir='ltr' id='par_1_46' title="bbox 174 3162 1773 3243">
     <span class='ocr_line' id='line_1_46' title="bbox 174 3162 1773 3243; baseline -0.006 -18"><span class='ocrx_word' id='word_1_323' title='bbox 174 3185 334 3243; x_wconf 87' lang='lat' dir='ltr'><strong>pace,</strong></span> <span class='ocrx_word' id='word_1_324' title='bbox 381 3177 437 3223; x_wconf 89' lang='lat' dir='ltr'><strong>et</strong></span> <span class='ocrx_word' id='word_1_325' title='bbox 476 3167 693 3237; x_wconf 82' lang='lat' dir='ltr'><strong>vigilem</strong></span> <span class='ocrx_word' id='word_1_326' title='bbox 738 3167 795 3221; x_wconf 91' lang='lat' dir='ltr'><strong>in</strong></span> <span class='ocrx_word' id='word_1_327' title='bbox 828 3165 1064 3222; x_wconf 90' lang='lat' dir='ltr'><strong>Christo.</strong></span> <span class='ocrx_word' id='word_1_328' title='bbox 1127 3164 1321 3219; x_wconf 85' lang='lat' dir='ltr'><strong>Amen.</strong></span> <span class='ocrx_word' id='word_1_329' title='bbox 1373 3162 1646 3231; x_wconf 86' lang='lat' dir='ltr'><strong>Deprecor</strong></span> <span class='ocrx_word' id='word_1_330' title='bbox 1693 3166 1773 3226; x_wconf 68' lang='lat' dir='ltr'><strong>te,</strong></span> 
     </span>
    </p>
   </div>
   <div class='ocr_carea' id='block_1_47' title="bbox 179 3252 1776 3327">
    <p class='ocr_par' dir='ltr' id='par_1_47' title="bbox 179 3252 1776 3327">
     <span class='ocr_line' id='line_1_47' title="bbox 179 3252 1776 3327; baseline -0.005 -10"><span class='ocrx_word' id='word_1_331' title='bbox 179 3261 438 3326; x_wconf 87' lang='lat' dir='ltr'><strong>Domine,</strong></span> <span class='ocrx_word' id='word_1_332' title='bbox 463 3267 526 3315; x_wconf 91' lang='lat' dir='ltr'><strong>ut</strong></span> <span class='ocrx_word' id='word_1_333' title='bbox 539 3273 752 3323; x_wconf 89' lang='lat' dir='ltr'><strong>omnes,</strong></span> <span class='ocrx_word' id='word_1_334' title='bbox 773 3257 866 3327; x_wconf 91' lang='lat' dir='ltr'><strong>qui</strong></span> <span class='ocrx_word' id='word_1_335' title='bbox 891 3257 1022 3311; x_wconf 87' lang='lat' dir='ltr'><strong>mihi</strong></span> <span class='ocrx_word' id='word_1_336' title='bbox 1052 3256 1194 3310; x_wconf 90' lang='lat' dir='ltr'><strong>bona</strong></span> <span class='ocrx_word' id='word_1_337' title='bbox 1217 3253 1406 3310; x_wconf 87' lang='lat' dir='ltr'><strong>volunt</strong></span> <span class='ocrx_word' id='word_1_338' title='bbox 1426 3258 1518 3308; x_wconf 90' lang='lat' dir='ltr'><strong>aut</strong></span> <span class='ocrx_word' id='word_1_339' title='bbox 1541 3252 1776 3321; x_wconf 80' lang='lat' dir='ltr'><strong>faciunt,</strong></span> 
     </span>
    </p>
   </div>
   <div class='ocr_carea' id='block_1_48' title="bbox 1863 2132 3463 2224">
    <p class='ocr_par' dir='ltr' id='par_1_48' title="bbox 1863 2132 3463 2224">
     <span class='ocr_line' id='line_1_48' title="bbox 1863 2132 3463 2224; baseline -0.001 -16"><span class='ocrx_word' id='word_1_340' title='bbox 1863 2159 2101 2224; x_wconf 85' lang='lat' dir='ltr'><strong>quantur</strong></span> <span class='ocrx_word' id='word_1_341' title='bbox 2121 2152 2325 2208; x_wconf 90' lang='lat' dir='ltr'><strong>dolum.</strong></span> <span class='ocrx_word' id='word_1_342' title='bbox 2350 2150 2571 2207; x_wconf 87' lang='lat' dir='ltr'><strong>Diverte</strong></span> <span class='ocrx_word' id='word_1_343' title='bbox 2597 2165 2628 2205; x_wconf 89' lang='lat' dir='ltr'><strong>a</strong></span> <span class='ocrx_word' id='word_1_344' title='bbox 2653 2151 2797 2206; x_wconf 82' lang='lat' dir='ltr'><strong>malo</strong></span> <span class='ocrx_word' id='word_1_345' title='bbox 2811 2158 2868 2207; x_wconf 89' lang='lat' dir='ltr'><strong>et</strong></span> <span class='ocrx_word' id='word_1_346' title='bbox 2893 2149 2981 2206; x_wconf 82' lang='lat' dir='ltr'><strong>fac</strong></span> <span class='ocrx_word' id='word_1_347' title='bbox 3001 2132 3463 2221; x_wconf 43' lang='lat' dir='ltr'><strong>bonumfinquire</strong></span> 
     </span>
    </p>
   </div>
   <div class='ocr_carea' id='block_1_49' title="bbox 1865 2244 3459 2318">
    <p class='ocr_par' dir='ltr' id='par_1_49' title="bbox 1865 2244 3459 2318">
     <span class='ocr_line' id='line_1_49' title="bbox 1865 2244 3459 2318; baseline -0.002 -15"><span class='ocrx_word' id='word_1_348' title='bbox 1865 2261 2080 2318; x_wconf 87' lang='lat' dir='ltr'><strong>pacem,</strong></span> <span class='ocrx_word' id='word_1_349' title='bbox 2127 2255 2184 2301; x_wconf 92' lang='lat' dir='ltr'><strong>et</strong></span> <span class='ocrx_word' id='word_1_350' title='bbox 2231 2260 2564 2317; x_wconf 89' lang='lat' dir='ltr'><strong>persequere</strong></span> <span class='ocrx_word' id='word_1_351' title='bbox 2589 2260 2730 2301; x_wconf 90' lang='lat' dir='ltr'><strong>eam.</strong></span> <span class='ocrx_word' id='word_1_352' title='bbox 2760 2244 2915 2302; x_wconf 90' lang='lat' dir='ltr'><strong>Oculi</strong></span> <span class='ocrx_word' id='word_1_353' title='bbox 2941 2244 3153 2301; x_wconf 91' lang='lat' dir='ltr'><strong>Domini</strong></span> <span class='ocrx_word' id='word_1_354' title='bbox 3186 2260 3350 2318; x_wconf 88' lang='lat' dir='ltr'><strong>super</strong></span> <span class='ocrx_word' id='word_1_355' title='bbox 3366 2245 3459 2316; x_wconf 85' lang='lat' dir='ltr'><strong>ju-</strong></span> 
     </span>
    </p>
   </div>
   <div class='ocr_carea' id='block_1_50' title="bbox 1863 2337 3464 2411">
    <p class='ocr_par' dir='ltr' id='par_1_50' title="bbox 1863 2337 3464 2411">
     <span class='ocr_line' id='line_1_50' title="bbox 1863 2337 3464 2411; baseline -0.003 -13"><span class='ocrx_word' id='word_1_356' title='bbox 1863 2350 2012 2398; x_wconf 85' lang='lat' dir='ltr'><strong>stus:</strong></span> <span class='ocrx_word' id='word_1_357' title='bbox 2046 2348 2103 2397; x_wconf 88' lang='lat' dir='ltr'><strong>et</strong></span> <span class='ocrx_word' id='word_1_358' title='bbox 2130 2353 2295 2396; x_wconf 90' lang='lat' dir='ltr'><strong>aures</strong></span> <span class='ocrx_word' id='word_1_359' title='bbox 2335 2337 2451 2407; x_wconf 87' lang='lat' dir='ltr'><strong>ejus</strong></span> <span class='ocrx_word' id='word_1_360' title='bbox 2490 2339 2547 2394; x_wconf 92' lang='lat' dir='ltr'><strong>in</strong></span> <span class='ocrx_word' id='word_1_361' title='bbox 2570 2351 2762 2411; x_wconf 87' lang='lat' dir='ltr'><strong>preces</strong></span> <span class='ocrx_word' id='word_1_362' title='bbox 2804 2352 3016 2394; x_wconf 90' lang='lat' dir='ltr'><strong>eorum.</strong></span> <span class='ocrx_word' id='word_1_363' title='bbox 3059 2337 3252 2393; x_wconf 82' lang='lat' dir='ltr'><strong>Vultus</strong></span> <span class='ocrx_word' id='word_1_364' title='bbox 3281 2347 3464 2394; x_wconf 88' lang='lat' dir='ltr'><strong>autem</strong></span> 
     </span>
    </p>
   </div>
   <div class='ocr_carea' id='block_1_51' title="bbox 1865 2429 3464 2502">
    <p class='ocr_par' dir='ltr' id='par_1_51' title="bbox 1865 2429 3464 2502">
     <span class='ocr_line' id='line_1_51' title="bbox 1865 2429 3464 2502; baseline -0.003 -13"><span class='ocrx_word' id='word_1_365' title='bbox 1865 2433 2079 2490; x_wconf 89' lang='lat' dir='ltr'><strong>Domini</strong></span> <span class='ocrx_word' id='word_1_366' title='bbox 2130 2445 2294 2502; x_wconf 87' lang='lat' dir='ltr'><strong>super</strong></span> <span class='ocrx_word' id='word_1_367' title='bbox 2329 2431 2594 2486; x_wconf 81' lang='lat' dir='ltr'><strong>facientes</strong></span> <span class='ocrx_word' id='word_1_368' title='bbox 2643 2431 2786 2486; x_wconf 87' lang='lat' dir='ltr'><strong>mala</strong></span> <span class='ocrx_word' id='word_1_369' title='bbox 2825 2447 2839 2485; x_wconf 89' lang='lat'><strong>:</strong></span> <span class='ocrx_word' id='word_1_370' title='bbox 2872 2436 2934 2486; x_wconf 93' lang='lat' dir='ltr'><strong>ut</strong></span> <span class='ocrx_word' id='word_1_371' title='bbox 2985 2429 3180 2500; x_wconf 88' lang='lat' dir='ltr'><strong>perdat</strong></span> <span class='ocrx_word' id='word_1_372' title='bbox 3203 2430 3274 2485; x_wconf 91' lang='lat' dir='ltr'><strong>de</strong></span> <span class='ocrx_word' id='word_1_373' title='bbox 3317 2438 3464 2485; x_wconf 85' lang='lat' dir='ltr'><strong>terra</strong></span> 
     </span>
    </p>
   </div>
   <div class='ocr_carea' id='block_1_52' title="bbox 1867 2509 3467 2594">
    <p class='ocr_par' dir='ltr' id='par_1_52' title="bbox 1867 2509 3467 2594">
     <span class='ocr_line' id='line_1_52' title="bbox 1867 2509 3467 2594; baseline -0.002 -13"><span class='ocrx_word' id='word_1_374' title='bbox 1867 2525 2185 2582; x_wconf 87' lang='lat' dir='ltr'><strong>memoriam</strong></span> <span class='ocrx_word' id='word_1_375' title='bbox 2239 2538 2451 2580; x_wconf 90' lang='lat' dir='ltr'><strong>eorum.</strong></span> <span class='ocrx_word' id='word_1_376' title='bbox 2481 2522 2866 2580; x_wconf 86' lang='lat' dir='ltr'><strong>Clamaverunt</strong></span> <span class='ocrx_word' id='word_1_377' title='bbox 2887 2522 3048 2594; x_wconf 84' lang='lat' dir='ltr'><strong>justi,</strong></span> <span class='ocrx_word' id='word_1_378' title='bbox 3102 2530 3160 2578; x_wconf 92' lang='lat' dir='ltr'><strong>et</strong></span> <span class='ocrx_word' id='word_1_379' title='bbox 3204 2509 3467 2578; x_wconf 75' lang='lat' dir='ltr'><strong>Dominus</strong></span> 
     </span>
    </p>
   </div>
   <div class='ocr_carea' id='block_1_53' title="bbox 1867 2614 3463 2672">
    <p class='ocr_par' dir='ltr' id='par_1_53' title="bbox 1867 2614 3463 2672">
     <span class='ocr_line' id='line_1_53' title="bbox 1867 2614 3463 2672; baseline -0.001 0"><span class='ocrx_word' id='word_1_380' title='bbox 1867 2616 2144 2672; x_wconf 81' lang='lat' dir='ltr'><strong>exaudivit</strong></span> <span class='ocrx_word' id='word_1_381' title='bbox 2165 2630 2297 2672; x_wconf 90' lang='lat' dir='ltr'><strong>eos:</strong></span> <span class='ocrx_word' id='word_1_382' title='bbox 2332 2623 2388 2671; x_wconf 91' lang='lat' dir='ltr'><strong>et</strong></span> <span class='ocrx_word' id='word_1_383' title='bbox 2423 2631 2492 2670; x_wconf 86' lang='lat' dir='ltr'><strong>ex</strong></span> <span class='ocrx_word' id='word_1_384' title='bbox 2529 2615 2783 2671; x_wconf 75' lang='lat' dir='ltr'><strong>omnibus</strong></span> <span class='ocrx_word' id='word_1_385' title='bbox 2809 2614 3251 2670; x_wconf 86' lang='lat' dir='ltr'><strong>tribulationibus</strong></span> <span class='ocrx_word' id='word_1_386' title='bbox 3271 2629 3463 2670; x_wconf 89' lang='lat' dir='ltr'><strong>eorum</strong></span> 
     </span>
    </p>
   </div>
   <div class='ocr_carea' id='block_1_54' title="bbox 1869 2704 3470 2775">
    <p class='ocr_par' dir='ltr' id='par_1_54' title="bbox 1869 2704 3470 2775">
     <span class='ocr_line' id='line_1_54' title="bbox 1869 2704 3470 2775; baseline 0 -15"><span class='ocrx_word' id='word_1_387' title='bbox 1869 2707 2122 2765; x_wconf 81' lang='lat' dir='ltr'><strong>liberavit</strong></span> <span class='ocrx_word' id='word_1_388' title='bbox 2148 2722 2263 2764; x_wconf 90' lang='lat' dir='ltr'><strong>eos.</strong></span> <span class='ocrx_word' id='word_1_389' title='bbox 2313 2707 2477 2764; x_wconf 82' lang='lat' dir='ltr'><strong>Juxta</strong></span> <span class='ocrx_word' id='word_1_390' title='bbox 2503 2716 2588 2762; x_wconf 88' lang='lat' dir='ltr'><strong>est</strong></span> <span class='ocrx_word' id='word_1_391' title='bbox 2619 2706 2884 2762; x_wconf 89' lang='lat' dir='ltr'><strong>Dominus</strong></span> <span class='ocrx_word' id='word_1_392' title='bbox 2919 2705 3028 2771; x_wconf 90' lang='lat' dir='ltr'><strong>his,</strong></span> <span class='ocrx_word' id='word_1_393' title='bbox 3068 2705 3161 2775; x_wconf 90' lang='lat' dir='ltr'><strong>qui</strong></span> <span class='ocrx_word' id='word_1_394' title='bbox 3210 2704 3470 2762; x_wconf 89' lang='lat' dir='ltr'><strong>tribulato</strong></span> 
     </span>
    </p>
   </div>
   <div class='ocr_carea' id='block_1_55' title="bbox 1872 2796 3472 2869">
    <p class='ocr_par' dir='ltr' id='par_1_55' title="bbox 1872 2796 3472 2869">
     <span class='ocr_line' id='line_1_55' title="bbox 1872 2796 3472 2869; baseline -0.003 -12"><span class='ocrx_word' id='word_1_395' title='bbox 1872 2809 2001 2857; x_wconf 90' lang='lat' dir='ltr'><strong>sunt</strong></span> <span class='ocrx_word' id='word_1_396' title='bbox 2027 2799 2234 2856; x_wconf 90' lang='lat' dir='ltr'><strong>corde:</strong></span> <span class='ocrx_word' id='word_1_397' title='bbox 2268 2807 2326 2855; x_wconf 91' lang='lat' dir='ltr'><strong>et</strong></span> <span class='ocrx_word' id='word_1_398' title='bbox 2350 2799 2584 2855; x_wconf 87' lang='lat' dir='ltr'><strong>humiles</strong></span> <span class='ocrx_word' id='word_1_399' title='bbox 2617 2798 2812 2869; x_wconf 86' lang='lat' dir='ltr'><strong>spiritu</strong></span> <span class='ocrx_word' id='word_1_400' title='bbox 2857 2796 3111 2852; x_wconf 87' lang='lat' dir='ltr'><strong>salvabit.</strong></span> <span class='ocrx_word' id='word_1_401' title='bbox 3152 2796 3330 2855; x_wconf 76' lang='lat' dir='ltr'><strong>Multa:</strong></span> <span class='ocrx_word' id='word_1_402' title='bbox 3371 2797 3472 2852; x_wconf 86' lang='lat' dir='ltr'><strong>tri—</strong></span> 
     </span>
    </p>
   </div>
   <div class='ocr_carea' id='block_1_56' title="bbox 1871 2887 3476 2959">
    <p class='ocr_par' dir='ltr' id='par_1_56' title="bbox 1871 2887 3476 2959">
     <span class='ocr_line' id='line_1_56' title="bbox 1871 2887 3476 2959; baseline -0.002 -14"><span class='ocrx_word' id='word_1_403' title='bbox 1871 2889 2176 2946; x_wconf 79' lang='lat' dir='ltr'><strong>hulationes</strong></span> <span class='ocrx_word' id='word_1_404' title='bbox 2195 2888 2468 2959; x_wconf 75' lang='lat' dir='ltr'><strong>iustorum</strong></span> <span class='ocrx_word' id='word_1_405' title='bbox 2495 2908 2510 2944; x_wconf 87' lang='lat'><strong>:</strong></span> <span class='ocrx_word' id='word_1_406' title='bbox 2539 2899 2595 2944; x_wconf 90' lang='lat' dir='ltr'><strong>et</strong></span> <span class='ocrx_word' id='word_1_407' title='bbox 2615 2889 2682 2944; x_wconf 90' lang='lat' dir='ltr'><strong>de</strong></span> <span class='ocrx_word' id='word_1_408' title='bbox 2700 2889 2954 2945; x_wconf 89' lang='lat' dir='ltr'><strong>omnibus</strong></span> <span class='ocrx_word' id='word_1_409' title='bbox 2977 2887 3066 2942; x_wconf 88' lang='lat' dir='ltr'><strong>his</strong></span> <span class='ocrx_word' id='word_1_410' title='bbox 3090 2887 3342 2944; x_wconf 88' lang='lat' dir='ltr'><strong>liberavit</strong></span> <span class='ocrx_word' id='word_1_411' title='bbox 3376 2900 3476 2943; x_wconf 89' lang='lat' dir='ltr'><strong>eos</strong></span> 
     </span>
    </p>
   </div>
   <div class='ocr_carea' id='block_1_57' title="bbox 1874 2978 3466 3039">
    <p class='ocr_par' dir='ltr' id='par_1_57' title="bbox 1874 2978 3466 3039">
     <span class='ocr_line' id='line_1_57' title="bbox 1874 2978 3466 3039; baseline -0.004 -1"><span class='ocrx_word' id='word_1_412' title='bbox 1874 2983 2156 3039; x_wconf 90' lang='lat' dir='ltr'><strong>Dominus.</strong></span> <span class='ocrx_word' id='word_1_413' title='bbox 2211 2980 2463 3038; x_wconf 86' lang='lat' dir='ltr'><strong>Custodit</strong></span> <span class='ocrx_word' id='word_1_414' title='bbox 2515 2978 2778 3034; x_wconf 88' lang='lat' dir='ltr'><strong>Dominus</strong></span> <span class='ocrx_word' id='word_1_415' title='bbox 2826 2978 3008 3033; x_wconf 87' lang='lat' dir='ltr'><strong>omnia</strong></span> <span class='ocrx_word' id='word_1_416' title='bbox 3055 2991 3178 3033; x_wconf 89' lang='lat' dir='ltr'><strong>ossa</strong></span> <span class='ocrx_word' id='word_1_417' title='bbox 3226 2992 3466 3035; x_wconf 88' lang='lat' dir='ltr'><strong>eorum:</strong></span> 
     </span>
    </p>
   </div>
   <div class='ocr_carea' id='block_1_58' title="bbox 1874 3070 3473 3143">
    <p class='ocr_par' dir='ltr' id='par_1_58' title="bbox 1874 3070 3473 3143">
     <span class='ocr_line' id='line_1_58' title="bbox 1874 3070 3473 3143; baseline -0.004 -10"><span class='ocrx_word' id='word_1_418' title='bbox 1874 3091 2044 3133; x_wconf 88' lang='lat' dir='ltr'><strong>unum</strong></span> <span class='ocrx_word' id='word_1_419' title='bbox 2075 3091 2144 3133; x_wconf 87' lang='lat' dir='ltr'><strong>ex</strong></span> <span class='ocrx_word' id='word_1_420' title='bbox 2177 3074 2264 3131; x_wconf 87' lang='lat' dir='ltr'><strong>his</strong></span> <span class='ocrx_word' id='word_1_421' title='bbox 2290 3091 2400 3131; x_wconf 91' lang='lat' dir='ltr'><strong>non</strong></span> <span class='ocrx_word' id='word_1_422' title='bbox 2436 3079 2770 3130; x_wconf 88' lang='lat' dir='ltr'><strong>conteretur.</strong></span> <span class='ocrx_word' id='word_1_423' title='bbox 2809 3070 2954 3127; x_wconf 79' lang='lat' dir='ltr'><strong>Mors</strong></span> <span class='ocrx_word' id='word_1_424' title='bbox 2977 3080 3324 3143; x_wconf 79' lang='lat' dir='ltr'><strong>peccatorum</strong></span> <span class='ocrx_word' id='word_1_425' title='bbox 3343 3086 3473 3143; x_wconf 58' lang='lat' dir='ltr'><strong>pes.</strong></span> 
     </span>
    </p>
   </div>
   <div class='ocr_carea' id='block_1_59' title="bbox 1875 3160 3477 3238">
    <p class='ocr_par' dir='ltr' id='par_1_59' title="bbox 1875 3160 3477 3238">
     <span class='ocr_line' id='line_1_59' title="bbox 1875 3160 3477 3238; baseline -0.006 -12"><span class='ocrx_word' id='word_1_426' title='bbox 1875 3167 2015 3225; x_wconf 89' lang='lat' dir='ltr'><strong>sima</strong></span> <span class='ocrx_word' id='word_1_427' title='bbox 2041 3185 2054 3223; x_wconf 92' lang='lat'>:</span> <span class='ocrx_word' id='word_1_428' title='bbox 2094 3174 2153 3223; x_wconf 90' lang='lat' dir='ltr'><strong>et</strong></span> <span class='ocrx_word' id='word_1_429' title='bbox 2180 3166 2276 3238; x_wconf 90' lang='lat' dir='ltr'><strong>qui</strong></span> <span class='ocrx_word' id='word_1_430' title='bbox 2341 3163 2826 3234; x_wconf 89' lang='lat' dir='ltr'><strong>oderuntjustum,</strong></span> <span class='ocrx_word' id='word_1_431' title='bbox 2857 3161 3188 3232; x_wconf 74' lang='lat' dir='ltr'><strong>delinquont.</strong></span> <span class='ocrx_word' id='word_1_432' title='bbox 3220 3160 3477 3218; x_wconf 81' lang='lat' dir='ltr'><strong>Redimet</strong></span> 
     </span>
    </p>
   </div>
   <div class='ocr_carea' id='block_1_60' title="bbox 1877 3249 3479 3314">
    <p class='ocr_par' dir='ltr' id='par_1_60' title="bbox 1877 3249 3479 3314">
     <span class='ocr_line' id='line_1_60' title="bbox 1877 3249 3479 3314; baseline -0.002 -1"><span class='ocrx_word' id='word_1_433' title='bbox 1877 3256 2138 3314; x_wconf 89' lang='lat' dir='ltr'><strong>Dominus</strong></span> <span class='ocrx_word' id='word_1_434' title='bbox 2188 3257 2401 3314; x_wconf 87' lang='lat' dir='ltr'><strong>animas</strong></span> <span class='ocrx_word' id='word_1_435' title='bbox 2453 3269 2738 3311; x_wconf 89' lang='lat' dir='ltr'><strong>servorum</strong></span> <span class='ocrx_word' id='word_1_436' title='bbox 2773 3268 2992 3310; x_wconf 89' lang='lat' dir='ltr'><strong>suorum</strong></span> <span class='ocrx_word' id='word_1_437' title='bbox 3028 3271 3041 3306; x_wconf 91' lang='lat'><strong>:</strong></span> <span class='ocrx_word' id='word_1_438' title='bbox 3073 3261 3130 3308; x_wconf 87' lang='lat' dir='ltr'><strong>et</strong></span> <span class='ocrx_word' id='word_1_439' title='bbox 3155 3267 3264 3309; x_wconf 90' lang='lat' dir='ltr'><strong>non</strong></span> <span class='ocrx_word' id='word_1_440' title='bbox 3298 3249 3479 3309; x_wconf 86' lang='lat' dir='ltr'><strong>delin-</strong></span> 
     </span>
    </p>
   </div>
   <div class='ocr_carea' id='block_1_61' title="bbox 178 3342 2832 3423">
    <p class='ocr_par' dir='ltr' id='par_1_61' title="bbox 178 3342 2832 3423">
     <span class='ocr_line' id='line_1_61' title="bbox 178 3342 2832 3423; baseline -0.002 -14"><span class='ocrx_word' id='word_1_441' title='bbox 178 3351 351 3409; x_wconf 86' lang='lat' dir='ltr'><strong>redde</strong></span> <span class='ocrx_word' id='word_1_442' title='bbox 379 3351 486 3408; x_wconf 88' lang='lat' dir='ltr'><strong>illis</strong></span> <span class='ocrx_word' id='word_1_443' title='bbox 512 3350 569 3405; x_wconf 91' lang='lat' dir='ltr'><strong>in</strong></span> <span class='ocrx_word' id='word_1_444' title='bbox 592 3357 854 3406; x_wconf 59' lang='lat' dir='ltr'><strong>attemum</strong></span> <span class='ocrx_word' id='word_1_445' title='bbox 879 3367 894 3402; x_wconf 89' lang='lat'><strong>:</strong></span> <span class='ocrx_word' id='word_1_446' title='bbox 926 3356 984 3404; x_wconf 91' lang='lat' dir='ltr'><strong>et</strong></span> <span class='ocrx_word' id='word_1_447' title='bbox 1010 3347 1056 3402; x_wconf 93' lang='lat' dir='ltr'><strong>si</strong></span> <span class='ocrx_word' id='word_1_448' title='bbox 1099 3347 1193 3418; x_wconf 90' lang='lat' dir='ltr'><strong>qui</strong></span> <span class='ocrx_word' id='word_1_449' title='bbox 1240 3345 1376 3401; x_wconf 85' lang='lat' dir='ltr'><strong>mihi</strong></span> <span class='ocrx_word' id='word_1_450' title='bbox 1419 3343 1561 3400; x_wconf 88' lang='lat' dir='ltr'><strong>mala</strong></span> <span class='ocrx_word' id='word_1_451' title='bbox 1588 3342 1779 3401; x_wconf 86' lang='lat' dir='ltr'><strong>volunt</strong></span> <span class='ocrx_word' id='word_1_452' title='bbox 1813 3413 1848 3423; x_wconf 88' lang='lat'>_</span> <span class='ocrx_word' id='word_1_453' title='bbox 1878 3358 2048 3423; x_wconf 80' lang='lat' dir='ltr'><strong>quem,</strong></span> <span class='ocrx_word' id='word_1_454' title='bbox 2065 3364 2272 3417; x_wconf 84' lang='lat' dir='ltr'><strong>omnes,</strong></span> <span class='ocrx_word' id='word_1_455' title='bbox 2300 3349 2393 3420; x_wconf 88' lang='lat' dir='ltr'><strong>qui</strong></span> <span class='ocrx_word' id='word_1_456' title='bbox 2416 3357 2638 3420; x_wconf 89' lang='lat' dir='ltr'><strong>sperant</strong></span> <span class='ocrx_word' id='word_1_457' title='bbox 2660 3348 2715 3404; x_wconf 94' lang='lat' dir='ltr'><strong>in</strong></span> <span class='ocrx_word' id='word_1_458' title='bbox 2746 3362 2832 3403; x_wconf 88' lang='lat' dir='ltr'><strong>eo.</strong></span> 
     </span>
    </p>
   </div>
   <div class='ocr_carea' id='block_1_62' title="bbox 181 3413 3470 3513">
    <p class='ocr_par' dir='ltr' id='par_1_62' title="bbox 181 3413 3470 3513">
     <span class='ocr_line' id='line_1_62' title="bbox 181 3413 3470 3513; baseline -0.002 -12"><span class='ocrx_word' id='word_1_459' title='bbox 181 3455 281 3501; x_wconf 85' lang='lat' dir='ltr'><strong>aut</strong></span> <span class='ocrx_word' id='word_1_460' title='bbox 319 3443 542 3509; x_wconf 77' lang='lat' dir='ltr'><strong>faciunt,</strong></span> <span class='ocrx_word' id='word_1_461' title='bbox 584 3443 651 3499; x_wconf 89' lang='lat' dir='ltr'><strong>da</strong></span> <span class='ocrx_word' id='word_1_462' title='bbox 687 3441 793 3499; x_wconf 88' lang='lat' dir='ltr'><strong>illis</strong></span> <span class='ocrx_word' id='word_1_463' title='bbox 831 3413 1237 3513; x_wconf 78' lang='lat' dir='ltr'><strong>indulgentiam.</strong></span> <span class='ocrx_word' id='word_1_464' title='bbox 1274 3438 1584 3496; x_wconf 76' lang='lat' dir='ltr'><strong>Misericors</strong></span> <span class='ocrx_word' id='word_1_465' title='bbox 1607 3438 1771 3505; x_wconf 84' lang='lat' dir='ltr'><strong>Deus,</strong></span> <span class='ocrx_word' id='word_1_466' title='bbox 1803 3413 1852 3477; x_wconf 67' lang='grc' dir='ltr'><strong>θ</strong></span> <span class='ocrx_word' id='word_1_467' title='bbox 1897 3413 1914 3423; x_wconf 55' lang='grc'><em>’</em></span> <span class='ocrx_word' id='word_1_468' title='bbox 1955 3440 2024 3497; x_wconf 89' lang='lat' dir='ltr'><strong>Ut</strong></span> <span class='ocrx_word' id='word_1_469' title='bbox 2075 3413 2267 3512; x_wconf 66' lang='lat' dir='ltr'><strong>supra.</strong></span> <span class='ocrx_word' id='word_1_470' title='bbox 2305 3413 2600 3497; x_wconf 77' lang='lat' dir='ltr'><strong>Protexisti</strong></span> <span class='ocrx_word' id='word_1_471' title='bbox 2643 3454 2729 3494; x_wconf 90' lang='lat' dir='ltr'><strong>me</strong></span> <span class='ocrx_word' id='word_1_472' title='bbox 2779 3455 2811 3494; x_wconf 90' lang='lat' dir='ltr'><strong>a</strong></span> <span class='ocrx_word' id='word_1_473' title='bbox 2859 3451 3128 3495; x_wconf 89' lang='lat' dir='ltr'><strong>conventu</strong></span> <span class='ocrx_word' id='word_1_474' title='bbox 3166 3438 3470 3511; x_wconf 81' lang='lat' dir='ltr'><strong>malignan-</strong></span> 
     </span>
    </p>
   </div>
   <div class='ocr_carea' id='block_1_63' title="bbox 184 3531 1779 3600">
    <p class='ocr_par' dir='ltr' id='par_1_63' title="bbox 184 3531 1779 3600">
     <span class='ocr_line' id='line_1_63' title="bbox 184 3531 1779 3600; baseline -0.005 -7"><span class='ocrx_word' id='word_1_475' title='bbox 184 3537 258 3593; x_wconf 87' lang='lat' dir='ltr'><strong>da</strong></span> <span class='ocrx_word' id='word_1_476' title='bbox 304 3535 437 3592; x_wconf 85' lang='lat' dir='ltr'><strong>mihi</strong></span> <span class='ocrx_word' id='word_1_477' title='bbox 481 3533 686 3590; x_wconf 80' lang='lat' dir='ltr'><strong>famqu</strong></span> <span class='ocrx_word' id='word_1_478' title='bbox 731 3542 825 3588; x_wconf 89' lang='lat' dir='ltr'><strong>tuo</strong></span> <span class='ocrx_word' id='word_1_479' title='bbox 873 3531 1250 3587; x_wconf 89' lang='lat' dir='ltr'><strong>remissionem</strong></span> <span class='ocrx_word' id='word_1_480' title='bbox 1303 3536 1674 3600; x_wconf 82' lang='lat' dir='ltr'><strong>peccatorum,</strong></span> <span class='ocrx_word' id='word_1_481' title='bbox 1721 3537 1779 3585; x_wconf 90' lang='lat' dir='ltr'><strong>et</strong></span> 
     </span>
    </p>
   </div>
   <div class='ocr_carea' id='block_1_64' title="bbox 186 3621 1562 3699">
    <p class='ocr_par' dir='ltr' id='par_1_64' title="bbox 186 3621 1562 3699">
     <span class='ocr_line' id='line_1_64' title="bbox 186 3621 1562 3699; baseline -0.007 -15"><span class='ocrx_word' id='word_1_482' title='bbox 186 3628 353 3685; x_wconf 89' lang='lat' dir='ltr'><strong>ﬁnem</strong></span> <span class='ocrx_word' id='word_1_483' title='bbox 380 3627 714 3699; x_wconf 83' lang='lat' dir='ltr'><strong>perfectum;</strong></span> <span class='ocrx_word' id='word_1_484' title='bbox 747 3622 952 3697; x_wconf 88' lang='lat' dir='ltr'><strong>perduc</strong></span> <span class='ocrx_word' id='word_1_485' title='bbox 972 3638 1058 3678; x_wconf 90' lang='lat' dir='ltr'><strong>me</strong></span> <span class='ocrx_word' id='word_1_486' title='bbox 1078 3624 1148 3679; x_wconf 89' lang='lat' dir='ltr'><strong>ad</strong></span> <span class='ocrx_word' id='word_1_487' title='bbox 1179 3623 1322 3678; x_wconf 87' lang='lat' dir='ltr'><strong>viam</strong></span> <span class='ocrx_word' id='word_1_488' title='bbox 1352 3621 1562 3678; x_wconf 88' lang='lat' dir='ltr'><strong>salutis.</strong></span> 
     </span>
    </p>
   </div>
   <div class='ocr_carea' id='block_1_65' title="bbox 260 3712 1780 3786">
    <p class='ocr_par' dir='ltr' id='par_1_65' title="bbox 260 3712 1780 3786">
     <span class='ocr_line' id='line_1_65' title="bbox 260 3712 1780 3786; baseline -0.003 -13"><span class='ocrx_word' id='word_1_489' title='bbox 260 3719 384 3773; x_wconf 79' lang='lat' dir='ltr'><strong>Alia</strong></span> <span class='ocrx_word' id='word_1_490' title='bbox 408 3719 598 3773; x_wconf 83' lang='lat' dir='ltr'><strong>oratio.</strong></span> <span class='ocrx_word' id='word_1_491' title='bbox 639 3713 762 3771; x_wconf 86' lang='lat' dir='ltr'><strong>Fiat</strong></span> <span class='ocrx_word' id='word_1_492' title='bbox 785 3714 919 3770; x_wconf 90' lang='lat' dir='ltr'><strong>mihi</strong></span> <span class='ocrx_word' id='word_1_493' title='bbox 943 3730 1147 3786; x_wconf 70' lang='lat' dir='ltr'><strong>qumso,</strong></span> <span class='ocrx_word' id='word_1_494' title='bbox 1179 3713 1429 3779; x_wconf 91' lang='lat' dir='ltr'><strong>Domine,</strong></span> <span class='ocrx_word' id='word_1_495' title='bbox 1458 3712 1594 3769; x_wconf 88' lang='lat' dir='ltr'><strong>ﬁdes</strong></span> <span class='ocrx_word' id='word_1_496' title='bbox 1621 3712 1780 3769; x_wconf 84' lang='lat' dir='ltr'><strong>ﬁrma</strong></span> 
     </span>
    </p>
   </div>
   <div class='ocr_carea' id='block_1_66' title="bbox 188 3804 1781 3880">
    <p class='ocr_par' dir='ltr' id='par_1_66' title="bbox 188 3804 1781 3880">
     <span class='ocr_line' id='line_1_66' title="bbox 188 3804 1781 3880; baseline -0.003 -14"><span class='ocrx_word' id='word_1_497' title='bbox 188 3811 248 3867; x_wconf 92' lang='lat' dir='ltr'><strong>in</strong></span> <span class='ocrx_word' id='word_1_498' title='bbox 279 3809 461 3874; x_wconf 89' lang='lat' dir='ltr'><strong>corde,</strong></span> <span class='ocrx_word' id='word_1_499' title='bbox 493 3807 647 3880; x_wconf 87' lang='lat' dir='ltr'><strong>galea</strong></span> <span class='ocrx_word' id='word_1_500' title='bbox 675 3807 866 3864; x_wconf 90' lang='lat' dir='ltr'><strong>salutis</strong></span> <span class='ocrx_word' id='word_1_501' title='bbox 892 3807 948 3861; x_wconf 92' lang='lat' dir='ltr'><strong>in</strong></span> <span class='ocrx_word' id='word_1_502' title='bbox 988 3805 1189 3876; x_wconf 88' lang='lat' dir='ltr'><strong>capite,</strong></span> <span class='ocrx_word' id='word_1_503' title='bbox 1224 3806 1440 3876; x_wconf 87' lang='lat' dir='ltr'><strong>signum</strong></span> <span class='ocrx_word' id='word_1_504' title='bbox 1485 3804 1691 3861; x_wconf 81' lang='lat' dir='ltr'><strong>Christi</strong></span> <span class='ocrx_word' id='word_1_505' title='bbox 1726 3807 1781 3862; x_wconf 92' lang='lat' dir='ltr'><strong>in</strong></span> 
     </span>
    </p>
   </div>
   <div class='ocr_carea' id='block_1_67' title="bbox 189 3897 1784 3968">
    <p class='ocr_par' dir='ltr' id='par_1_67' title="bbox 189 3897 1784 3968">
     <span class='ocr_line' id='line_1_67' title="bbox 189 3897 1784 3968; baseline -0.005 -6"><span class='ocrx_word' id='word_1_506' title='bbox 189 3905 394 3968; x_wconf 77' lang='lat' dir='ltr'><strong>fronte,</strong></span> <span class='ocrx_word' id='word_1_507' title='bbox 443 3903 668 3958; x_wconf 88' lang='lat' dir='ltr'><strong>verbum</strong></span> <span class='ocrx_word' id='word_1_508' title='bbox 713 3900 963 3956; x_wconf 87' lang='lat' dir='ltr'><strong>veritatis</strong></span> <span class='ocrx_word' id='word_1_509' title='bbox 1019 3899 1072 3954; x_wconf 93' lang='lat' dir='ltr'><strong>in</strong></span> <span class='ocrx_word' id='word_1_510' title='bbox 1101 3914 1218 3963; x_wconf 91' lang='lat' dir='ltr'><strong>ore,</strong></span> <span class='ocrx_word' id='word_1_511' title='bbox 1257 3897 1510 3955; x_wconf 88' lang='lat' dir='ltr'><strong>voluntas</strong></span> <span class='ocrx_word' id='word_1_512' title='bbox 1554 3899 1696 3956; x_wconf 89' lang='lat' dir='ltr'><strong>bona</strong></span> <span class='ocrx_word' id='word_1_513' title='bbox 1727 3898 1784 3954; x_wconf 91' lang='lat' dir='ltr'><strong>in</strong></span> 
     </span>
    </p>
   </div>
   <div class='ocr_carea' id='block_1_68' title="bbox 192 3991 1786 4062">
    <p class='ocr_par' dir='ltr' id='par_1_68' title="bbox 192 3991 1786 4062">
     <span class='ocr_line' id='line_1_68' title="bbox 192 3991 1786 4062; baseline -0.006 -5"><span class='ocrx_word' id='word_1_514' title='bbox 192 4005 398 4062; x_wconf 84' lang='lat' dir='ltr'><strong>mente,</strong></span> <span class='ocrx_word' id='word_1_515' title='bbox 443 3995 662 4052; x_wconf 81' lang='lat' dir='ltr'><strong>dilectio</strong></span> <span class='ocrx_word' id='word_1_516' title='bbox 687 3994 782 4049; x_wconf 90' lang='lat' dir='ltr'><strong>Dei</strong></span> <span class='ocrx_word' id='word_1_517' title='bbox 821 3993 874 4048; x_wconf 90' lang='lat' dir='ltr'><strong>in</strong></span> <span class='ocrx_word' id='word_1_518' title='bbox 903 4001 1144 4062; x_wconf 86' lang='lat' dir='ltr'><strong>pectore,</strong></span> <span class='ocrx_word' id='word_1_519' title='bbox 1175 3991 1489 4062; x_wconf 66' lang='lat' dir='ltr'><strong>praecinctio</strong></span> <span class='ocrx_word' id='word_1_520' title='bbox 1515 3992 1786 4048; x_wconf 88' lang='lat' dir='ltr'><strong>castitatis</strong></span> 
     </span>
    </p>
   </div>
   <div class='ocr_carea' id='block_1_69' title="bbox 195 4088 1786 4159">
    <p class='ocr_par' dir='ltr' id='par_1_69' title="bbox 195 4088 1786 4159">
     <span class='ocr_line' id='line_1_69' title="bbox 195 4088 1786 4159; baseline -0.008 -5"><span class='ocrx_word' id='word_1_521' title='bbox 195 4097 255 4154; x_wconf 92' lang='lat' dir='ltr'><strong>in</strong></span> <span class='ocrx_word' id='word_1_522' title='bbox 305 4095 557 4159; x_wconf 87' lang='lat' dir='ltr'><strong>circuitu,</strong></span> <span class='ocrx_word' id='word_1_523' title='bbox 587 4093 844 4148; x_wconf 87' lang='lat' dir='ltr'><strong>honestas</strong></span> <span class='ocrx_word' id='word_1_524' title='bbox 879 4091 933 4145; x_wconf 90' lang='lat' dir='ltr'><strong>in</strong></span> <span class='ocrx_word' id='word_1_525' title='bbox 985 4090 1217 4154; x_wconf 89' lang='lat' dir='ltr'><strong>actione,</strong></span> <span class='ocrx_word' id='word_1_526' title='bbox 1270 4089 1540 4144; x_wconf 88' lang='lat' dir='ltr'><strong>sobrietas</strong></span> <span class='ocrx_word' id='word_1_527' title='bbox 1570 4088 1627 4143; x_wconf 90' lang='lat' dir='ltr'><strong>in</strong></span> <span class='ocrx_word' id='word_1_528' title='bbox 1652 4102 1786 4143; x_wconf 89' lang='lat' dir='ltr'><strong>con-</strong></span> 
     </span>
    </p>
   </div>
   <div class='ocr_carea' id='block_1_70' title="bbox 195 4178 1790 4254">
    <p class='ocr_par' dir='ltr' id='par_1_70' title="bbox 195 4178 1790 4254">
     <span class='ocr_line' id='line_1_70' title="bbox 195 4178 1790 4254; baseline -0.009 -8"><span class='ocrx_word' id='word_1_529' title='bbox 195 4189 448 4254; x_wconf 83' lang='lat' dir='ltr'><strong>scientia,</strong></span> <span class='ocrx_word' id='word_1_530' title='bbox 474 4185 756 4241; x_wconf 85' lang='lat' dir='ltr'><strong>humilitas</strong></span> <span class='ocrx_word' id='word_1_531' title='bbox 781 4182 837 4238; x_wconf 92' lang='lat' dir='ltr'><strong>in</strong></span> <span class='ocrx_word' id='word_1_532' title='bbox 860 4181 1242 4253; x_wconf 87' lang='lat' dir='ltr'><strong>prosperitate,</strong></span> <span class='ocrx_word' id='word_1_533' title='bbox 1281 4179 1545 4250; x_wconf 87' lang='lat' dir='ltr'><strong>patientia</strong></span> <span class='ocrx_word' id='word_1_534' title='bbox 1591 4178 1647 4234; x_wconf 88' lang='lat' dir='ltr'><strong>in</strong></span> <span class='ocrx_word' id='word_1_535' title='bbox 1691 4179 1790 4233; x_wconf 91' lang='lat' dir='ltr'><strong>tri-</strong></span> 
     </span>
    </p>
   </div>
   <div class='ocr_carea' id='block_1_71' title="bbox 195 4271 1788 4349">
    <p class='ocr_par' dir='ltr' id='par_1_71' title="bbox 195 4271 1788 4349">
     <span class='ocr_line' id='line_1_71' title="bbox 195 4271 1788 4349; baseline -0.007 -12"><span class='ocrx_word' id='word_1_536' title='bbox 195 4282 495 4342; x_wconf 89' lang='lat' dir='ltr'><strong>bulatione,</strong></span> <span class='ocrx_word' id='word_1_537' title='bbox 528 4292 651 4349; x_wconf 88' lang='lat' dir='ltr'><strong>spes</strong></span> <span class='ocrx_word' id='word_1_538' title='bbox 677 4276 731 4331; x_wconf 92' lang='lat' dir='ltr'><strong>in</strong></span> <span class='ocrx_word' id='word_1_539' title='bbox 757 4274 1035 4339; x_wconf 90' lang='lat' dir='ltr'><strong>Creatore,</strong></span> <span class='ocrx_word' id='word_1_540' title='bbox 1082 4272 1486 4344; x_wconf 85' lang='lat' dir='ltr'><strong>perseverantia</strong></span> <span class='ocrx_word' id='word_1_541' title='bbox 1516 4286 1689 4342; x_wconf 89' lang='lat' dir='ltr'><strong>usque</strong></span> <span class='ocrx_word' id='word_1_542' title='bbox 1735 4271 1788 4326; x_wconf 90' lang='lat' dir='ltr'><strong>in</strong></span> 
     </span>
    </p>
   </div>
   <div class='ocr_carea' id='block_1_72' title="bbox 200 4363 1607 4438">
    <p class='ocr_par' dir='ltr' id='par_1_72' title="bbox 200 4363 1607 4438">
     <span class='ocr_line' id='line_1_72' title="bbox 200 4363 1607 4438; baseline -0.009 -9"><span class='ocrx_word' id='word_1_543' title='bbox 200 4374 386 4438; x_wconf 87' lang='lat' dir='ltr'><strong>ﬁnem,</strong></span> <span class='ocrx_word' id='word_1_544' title='bbox 420 4386 575 4426; x_wconf 89' lang='lat' dir='ltr'><strong>amor</strong></span> <span class='ocrx_word' id='word_1_545' title='bbox 603 4370 724 4424; x_wconf 82' lang='lat' dir='ltr'><strong>vitae</strong></span> <span class='ocrx_word' id='word_1_546' title='bbox 751 4376 986 4424; x_wconf 60' lang='lat' dir='ltr'><strong>aeterna.</strong></span> <span class='ocrx_word' id='word_1_547' title='bbox 1019 4366 1318 4423; x_wconf 71' lang='lat' dir='ltr'><strong>Prasstante</strong></span> <span class='ocrx_word' id='word_1_548' title='bbox 1357 4363 1607 4420; x_wconf 91' lang='lat' dir='ltr'><strong>Domino.</strong></span> 
     </span>
    </p>
   </div>
   <div class='ocr_carea' id='block_1_73' title="bbox 604 4495 1360 4540">
    <p class='ocr_par' dir='ltr' id='par_1_73' title="bbox 604 4495 1360 4540">
     <span class='ocr_line' id='line_1_73' title="bbox 604 4495 1360 4540; baseline -0.009 0"><span class='ocrx_word' id='word_1_549' title='bbox 604 4497 807 4540; x_wconf 71' lang='lat' dir='ltr'><strong>ORATIO</strong></span> <span class='ocrx_word' id='word_1_550' title='bbox 830 4497 1016 4538; x_wconf 66' lang='grc' dir='ltr'><strong>εΑΝοτι</strong></span> <span class='ocrx_word' id='word_1_551' title='bbox 1049 4495 1335 4536; x_wconf 76' lang='lat' dir='ltr'><strong>BENEDICTI</strong></span> <span class='ocrx_word' id='word_1_552' title='bbox 1346 4519 1360 4533; x_wconf 87' lang='lat'><strong>.</strong></span> 
     </span>
    </p>
   </div>
   <div class='ocr_carea' id='block_1_74' title="bbox 278 4573 1794 4650">
    <p class='ocr_par' dir='ltr' id='par_1_74' title="bbox 278 4573 1794 4650">
     <span class='ocr_line' id='line_1_74' title="bbox 278 4573 1794 4650; baseline -0.003 -16"><span class='ocrx_word' id='word_1_553' title='bbox 278 4578 523 4650; x_wconf 86' lang='lat' dir='ltr'><strong>Digneris</strong></span> <span class='ocrx_word' id='word_1_554' title='bbox 544 4576 677 4633; x_wconf 87' lang='lat' dir='ltr'><strong>mihi</strong></span> <span class='ocrx_word' id='word_1_555' title='bbox 703 4573 926 4642; x_wconf 86' lang='lat' dir='ltr'><strong>donare,</strong></span> <span class='ocrx_word' id='word_1_556' title='bbox 952 4575 1112 4630; x_wconf 87' lang='lat' dir='ltr'><strong>Pater</strong></span> <span class='ocrx_word' id='word_1_557' title='bbox 1131 4575 1217 4646; x_wconf 91' lang='lat' dir='ltr'><strong>pie</strong></span> <span class='ocrx_word' id='word_1_558' title='bbox 1250 4583 1306 4631; x_wconf 92' lang='lat' dir='ltr'><strong>et</strong></span> <span class='ocrx_word' id='word_1_559' title='bbox 1329 4583 1535 4641; x_wconf 85' lang='lat' dir='ltr'><strong>sancte,</strong></span> <span class='ocrx_word' id='word_1_560' title='bbox 1581 4575 1794 4632; x_wconf 86' lang='lat' dir='ltr'><strong>intelle-</strong></span> 
     </span>
    </p>
   </div>
   <div class='ocr_carea' id='block_1_75' title="bbox 203 4666 1798 4741">
    <p class='ocr_par' dir='ltr' id='par_1_75' title="bbox 203 4666 1798 4741">
     <span class='ocr_line' id='line_1_75' title="bbox 203 4666 1798 4741; baseline -0.005 -12"><span class='ocrx_word' id='word_1_561' title='bbox 203 4682 375 4738; x_wconf 89' lang='lat' dir='ltr'><strong>ctum,</strong></span> <span class='ocrx_word' id='word_1_562' title='bbox 407 4671 497 4741; x_wconf 91' lang='lat' dir='ltr'><strong>qui</strong></span> <span class='ocrx_word' id='word_1_563' title='bbox 527 4678 577 4725; x_wconf 94' lang='lat' dir='ltr'><strong>te</strong></span> <span class='ocrx_word' id='word_1_564' title='bbox 607 4669 890 4740; x_wconf 85' lang='lat' dir='ltr'><strong>intelligat,</strong></span> <span class='ocrx_word' id='word_1_565' title='bbox 935 4682 1152 4724; x_wconf 91' lang='lat' dir='ltr'><strong>sensum</strong></span> <span class='ocrx_word' id='word_1_566' title='bbox 1197 4668 1290 4738; x_wconf 91' lang='lat' dir='ltr'><strong>qui</strong></span> <span class='ocrx_word' id='word_1_567' title='bbox 1321 4675 1376 4722; x_wconf 91' lang='lat' dir='ltr'><strong>te</strong></span> <span class='ocrx_word' id='word_1_568' title='bbox 1417 4667 1638 4733; x_wconf 89' lang='lat' dir='ltr'><strong>sentiat,</strong></span> <span class='ocrx_word' id='word_1_569' title='bbox 1679 4666 1798 4721; x_wconf 88' lang='lat' dir='ltr'><strong>ani-</strong></span> 
     </span>
    </p>
   </div>
   <div class='ocr_carea' id='block_1_76' title="bbox 208 4760 1879 4846">
    <p class='ocr_par' dir='ltr' id='par_1_76' title="bbox 208 4760 1879 4846">
     <span class='ocr_line' id='line_1_76' title="bbox 208 4760 1879 4846; baseline -0.004 -25"><span class='ocrx_word' id='word_1_570' title='bbox 208 4781 358 4821; x_wconf 87' lang='lat' dir='ltr'><strong>mum</strong></span> <span class='ocrx_word' id='word_1_571' title='bbox 403 4765 495 4834; x_wconf 91' lang='lat' dir='ltr'><strong>qui</strong></span> <span class='ocrx_word' id='word_1_572' title='bbox 522 4772 576 4818; x_wconf 85' lang='lat' dir='ltr'><strong>te</strong></span> <span class='ocrx_word' id='word_1_573' title='bbox 603 4763 796 4832; x_wconf 88' lang='lat' dir='ltr'><strong>sapiat,</strong></span> <span class='ocrx_word' id='word_1_574' title='bbox 829 4760 1162 4829; x_wconf 82' lang='lat' dir='ltr'><strong>diligentiam</strong></span> <span class='ocrx_word' id='word_1_575' title='bbox 1196 4773 1316 4828; x_wconf 68' lang='lat' dir='ltr'><strong>quae</strong></span> <span class='ocrx_word' id='word_1_576' title='bbox 1346 4765 1400 4813; x_wconf 91' lang='lat' dir='ltr'><strong>te</strong></span> <span class='ocrx_word' id='word_1_577' title='bbox 1427 4767 1652 4829; x_wconf 67' lang='lat' dir='ltr'><strong>qumrat,</strong></span> <span class='ocrx_word' id='word_1_578' title='bbox 1705 4774 1795 4815; x_wconf 59' lang='lat' dir='ltr'><strong>sae</strong></span> <span class='ocrx_word' id='word_1_579' title='bbox 1826 4786 1879 4846; x_wconf 71' lang='grc' dir='ltr'>ι)</span> 
     </span>
    </p>
   </div>
   <div class='ocr_carea' id='block_1_77' title="bbox 207 4853 1788 4928">
    <p class='ocr_par' dir='ltr' id='par_1_77' title="bbox 207 4853 1788 4928">
     <span class='ocr_line' id='line_1_77' title="bbox 207 4853 1788 4928; baseline -0.006 -15"><span class='ocrx_word' id='word_1_580' title='bbox 207 4856 468 4928; x_wconf 89' lang='lat' dir='ltr'><strong>pientiam</strong></span> <span class='ocrx_word' id='word_1_581' title='bbox 497 4871 616 4925; x_wconf 70' lang='lat' dir='ltr'><strong>qum</strong></span> <span class='ocrx_word' id='word_1_582' title='bbox 647 4863 699 4908; x_wconf 89' lang='lat' dir='ltr'><strong>te</strong></span> <span class='ocrx_word' id='word_1_583' title='bbox 721 4853 979 4916; x_wconf 87' lang='lat' dir='ltr'><strong>inveniat,</strong></span> <span class='ocrx_word' id='word_1_584' title='bbox 1008 4853 1247 4906; x_wconf 90' lang='lat' dir='ltr'><strong>animum</strong></span> <span class='ocrx_word' id='word_1_585' title='bbox 1270 4853 1360 4921; x_wconf 84' lang='lat' dir='ltr'><strong>qui</strong></span> <span class='ocrx_word' id='word_1_586' title='bbox 1395 4861 1447 4906; x_wconf 87' lang='lat' dir='ltr'><strong>Ie</strong></span> <span class='ocrx_word' id='word_1_587' title='bbox 1478 4863 1788 4921; x_wconf 86' lang='lat' dir='ltr'><strong>cognoscat,</strong></span> 
     </span>
    </p>
   </div>
   <div class='ocr_carea' id='block_1_78' title="bbox 211 4945 1794 5019">
    <p class='ocr_par' dir='ltr' id='par_1_78' title="bbox 211 4945 1794 5019">
     <span class='ocr_line' id='line_1_78' title="bbox 211 4945 1794 5019; baseline -0.004 -15"><span class='ocrx_word' id='word_1_588' title='bbox 211 4951 419 5006; x_wconf 87' lang='lat' dir='ltr'><strong>viscera</strong></span> <span class='ocrx_word' id='word_1_589' title='bbox 453 4964 574 5019; x_wconf 73' lang='lat' dir='ltr'><strong>qua:</strong></span> <span class='ocrx_word' id='word_1_590' title='bbox 593 4955 647 5002; x_wconf 89' lang='lat' dir='ltr'><strong>te</strong></span> <span class='ocrx_word' id='word_1_591' title='bbox 667 4953 867 5008; x_wconf 87' lang='lat' dir='ltr'><strong>ament,</strong></span> <span class='ocrx_word' id='word_1_592' title='bbox 916 4959 1012 5000; x_wconf 83' lang='lat' dir='ltr'><strong>eor</strong></span> <span class='ocrx_word' id='word_1_593' title='bbox 1059 4945 1204 5014; x_wconf 92' lang='lat' dir='ltr'><strong>quod</strong></span> <span class='ocrx_word' id='word_1_594' title='bbox 1249 4953 1304 4997; x_wconf 88' lang='lat' dir='ltr'><strong>te</strong></span> <span class='ocrx_word' id='word_1_595' title='bbox 1349 4945 1567 5014; x_wconf 89' lang='lat' dir='ltr'><strong>cogitet,</strong></span> <span class='ocrx_word' id='word_1_596' title='bbox 1613 4953 1794 4999; x_wconf 90' lang='lat' dir='ltr'><strong>actum</strong></span> 
     </span>
    </p>
   </div>
   <div class='ocr_carea' id='block_1_79' title="bbox 211 5038 1799 5118">
    <p class='ocr_par' dir='ltr' id='par_1_79' title="bbox 211 5038 1799 5118">
     <span class='ocr_line' id='line_1_79' title="bbox 211 5038 1799 5118; baseline -0.008 -16"><span class='ocrx_word' id='word_1_597' title='bbox 211 5045 306 5118; x_wconf 89' lang='lat' dir='ltr'><strong>qui</strong></span> <span class='ocrx_word' id='word_1_598' title='bbox 331 5053 386 5101; x_wconf 86' lang='lat' dir='ltr'><strong>te</strong></span> <span class='ocrx_word' id='word_1_599' title='bbox 411 5051 628 5114; x_wconf 86' lang='lat' dir='ltr'><strong>augeat,</strong></span> <span class='ocrx_word' id='word_1_600' title='bbox 661 5041 903 5097; x_wconf 90' lang='lat' dir='ltr'><strong>auditum</strong></span> <span class='ocrx_word' id='word_1_601' title='bbox 930 5039 1020 5109; x_wconf 91' lang='lat' dir='ltr'><strong>qui</strong></span> <span class='ocrx_word' id='word_1_602' title='bbox 1061 5047 1116 5094; x_wconf 90' lang='lat' dir='ltr'><strong>te</strong></span> <span class='ocrx_word' id='word_1_603' title='bbox 1140 5038 1346 5103; x_wconf 85' lang='lat' dir='ltr'><strong>audiat,</strong></span> <span class='ocrx_word' id='word_1_604' title='bbox 1375 5039 1560 5094; x_wconf 88' lang='lat' dir='ltr'><strong>oculos</strong></span> <span class='ocrx_word' id='word_1_605' title='bbox 1610 5039 1702 5107; x_wconf 89' lang='lat' dir='ltr'><strong>qui</strong></span> <span class='ocrx_word' id='word_1_606' title='bbox 1746 5046 1799 5091; x_wconf 92' lang='lat' dir='ltr'><strong>te</strong></span> 
     </span>
    </p>
   </div>
   <div class='ocr_carea' id='block_1_80' title="bbox 212 5129 1799 5206">
    <p class='ocr_par' dir='ltr' id='par_1_80' title="bbox 212 5129 1799 5206">
     <span class='ocr_line' id='line_1_80' title="bbox 212 5129 1799 5206; baseline -0.009 -11"><span class='ocrx_word' id='word_1_607' title='bbox 212 5136 453 5203; x_wconf 80' lang='lat' dir='ltr'><strong>videant,</strong></span> <span class='ocrx_word' id='word_1_608' title='bbox 497 5135 734 5206; x_wconf 85' lang='lat' dir='ltr'><strong>linguam</strong></span> <span class='ocrx_word' id='word_1_609' title='bbox 777 5147 899 5202; x_wconf 72' lang='lat' dir='ltr'><strong>quae</strong></span> <span class='ocrx_word' id='word_1_610' title='bbox 925 5140 978 5185; x_wconf 91' lang='lat' dir='ltr'><strong>te</strong></span> <span class='ocrx_word' id='word_1_611' title='bbox 1004 5129 1280 5202; x_wconf 61' lang='lat' dir='ltr'><strong>pradicet,</strong></span> <span class='ocrx_word' id='word_1_612' title='bbox 1332 5129 1799 5184; x_wconf 84' lang='lat' dir='ltr'><strong>conversationem</strong></span> 
     </span>
    </p>
   </div>
   <div class='ocr_carea' id='block_1_81' title="bbox 214 5223 1804 5305">
    <p class='ocr_par' dir='ltr' id='par_1_81' title="bbox 214 5223 1804 5305">
     <span class='ocr_line' id='line_1_81' title="bbox 214 5223 1804 5305; baseline -0.008 -18"><span class='ocrx_word' id='word_1_613' title='bbox 214 5246 339 5305; x_wconf 64' lang='lat' dir='ltr'><strong>qua</strong></span> <span class='ocrx_word' id='word_1_614' title='bbox 366 5228 462 5285; x_wconf 90' lang='lat' dir='ltr'><strong>tibi</strong></span> <span class='ocrx_word' id='word_1_615' title='bbox 484 5227 714 5299; x_wconf 83' lang='lat' dir='ltr'><strong>placeat,</strong></span> <span class='ocrx_word' id='word_1_616' title='bbox 737 5223 1051 5296; x_wconf 87' lang='lat' dir='ltr'><strong>patientiam</strong></span> <span class='ocrx_word' id='word_1_617' title='bbox 1073 5238 1195 5294; x_wconf 71' lang='lat' dir='ltr'><strong>qua:</strong></span> <span class='ocrx_word' id='word_1_618' title='bbox 1218 5230 1268 5277; x_wconf 91' lang='lat' dir='ltr'><strong>te</strong></span> <span class='ocrx_word' id='word_1_619' title='bbox 1300 5223 1586 5287; x_wconf 88' lang='lat' dir='ltr'><strong>sustineat,</strong></span> <span class='ocrx_word' id='word_1_620' title='bbox 1619 5235 1804 5292; x_wconf 89' lang='lat' dir='ltr'><strong>perse-</strong></span> 
     </span>
    </p>
   </div>
   <div class='ocr_carea' id='block_1_82' title="bbox 219 5313 1806 5390">
    <p class='ocr_par' dir='ltr' id='par_1_82' title="bbox 219 5313 1806 5390">
     <span class='ocr_line' id='line_1_82' title="bbox 219 5313 1806 5390; baseline -0.007 -13"><span class='ocrx_word' id='word_1_621' title='bbox 219 5322 516 5380; x_wconf 87' lang='lat' dir='ltr'><strong>verantiam</strong></span> <span class='ocrx_word' id='word_1_622' title='bbox 546 5333 667 5390; x_wconf 65' lang='lat' dir='ltr'><strong>quae</strong></span> <span class='ocrx_word' id='word_1_623' title='bbox 694 5325 748 5373; x_wconf 88' lang='lat' dir='ltr'><strong>te</strong></span> <span class='ocrx_word' id='word_1_624' title='bbox 776 5323 1075 5388; x_wconf 79' lang='lat' dir='ltr'><strong>exspectet,</strong></span> <span class='ocrx_word' id='word_1_625' title='bbox 1103 5314 1267 5370; x_wconf 83' lang='lat' dir='ltr'><strong>ﬁnem</strong></span> <span class='ocrx_word' id='word_1_626' title='bbox 1315 5313 1636 5386; x_wconf 77' lang='lat' dir='ltr'><strong>perfectum,</strong></span> <span class='ocrx_word' id='word_1_627' title='bbox 1667 5325 1806 5384; x_wconf 69' lang='grc' dir='ltr'><strong>ρηο-</strong></span> 
     </span>
    </p>
   </div>
   <div class='ocr_carea' id='block_1_83' title="bbox 221 5405 1808 5474">
    <p class='ocr_par' dir='ltr' id='par_1_83' title="bbox 221 5405 1808 5474">
     <span class='ocr_line' id='line_1_83' title="bbox 221 5405 1808 5474; baseline -0.009 -3"><span class='ocrx_word' id='word_1_628' title='bbox 221 5415 454 5472; x_wconf 81' lang='lat' dir='ltr'><strong>sentiam</strong></span> <span class='ocrx_word' id='word_1_629' title='bbox 484 5420 632 5467; x_wconf 89' lang='lat' dir='ltr'><strong>tuam</strong></span> <span class='ocrx_word' id='word_1_630' title='bbox 671 5418 938 5474; x_wconf 85' lang='lat' dir='ltr'><strong>sanctam,</strong></span> <span class='ocrx_word' id='word_1_631' title='bbox 994 5405 1446 5464; x_wconf 85' lang='lat' dir='ltr'><strong>resurrectionem</strong></span> <span class='ocrx_word' id='word_1_632' title='bbox 1470 5406 1692 5469; x_wconf 87' lang='lat' dir='ltr'><strong>bonam,</strong></span> <span class='ocrx_word' id='word_1_633' title='bbox 1725 5418 1808 5457; x_wconf 86' lang='lat' dir='ltr'><strong>re-</strong></span> 
     </span>
    </p>
   </div>
   <div class='ocr_carea' id='block_1_84' title="bbox 224 5500 1313 5571">
    <p class='ocr_par' dir='ltr' id='par_1_84' title="bbox 224 5500 1313 5571">
     <span class='ocr_line' id='line_1_84' title="bbox 224 5500 1313 5571; baseline -0.008 -9"><span class='ocrx_word' id='word_1_634' title='bbox 224 5507 593 5571; x_wconf 85' lang='lat' dir='ltr'><strong>tributionem,</strong></span> <span class='ocrx_word' id='word_1_635' title='bbox 623 5503 791 5561; x_wconf 84' lang='lat' dir='ltr'><strong>vitam</strong></span> <span class='ocrx_word' id='word_1_636' title='bbox 815 5508 1093 5557; x_wconf 77' lang='lat' dir='ltr'><strong>mternam.</strong></span> <span class='ocrx_word' id='word_1_637' title='bbox 1121 5500 1313 5555; x_wconf 83' lang='lat' dir='ltr'><strong>Amen.</strong></span> 
     </span>
    </p>
   </div>
   <div class='ocr_carea' id='block_1_85' title="bbox 843 5611 1184 5673">
    <p class='ocr_par' dir='ltr' id='par_1_85' title="bbox 843 5611 1184 5673">
     <span class='ocr_line' id='line_1_85' title="bbox 843 5611 1184 5673; baseline -0.018 0"><span class='ocrx_word' id='word_1_638' title='bbox 843 5611 1184 5673; x_wconf 70' lang='lat' dir='ltr'><strong>PSALMUS.</strong></span> 
     </span>
    </p>
   </div>
   <div class='ocr_carea' id='block_1_86' title="bbox 304 5726 1817 5811">
    <p class='ocr_par' dir='ltr' id='par_1_86' title="bbox 304 5726 1817 5811">
     <span class='ocr_line' id='line_1_86' title="bbox 304 5726 1817 5811; baseline -0.011 -14"><span class='ocrx_word' id='word_1_639' title='bbox 304 5741 485 5811; x_wconf 61' lang='lat' dir='ltr'><strong>(fait.</strong></span> <span class='ocrx_word' id='word_1_640' title='bbox 512 5735 734 5806; x_wconf 82' lang='lat' dir='ltr'><strong>xxxtn.)</strong></span> <span class='ocrx_word' id='word_1_641' title='bbox 769 5730 1091 5791; x_wconf 84' lang='lat' dir='ltr'><strong>Benedicam</strong></span> <span class='ocrx_word' id='word_1_642' title='bbox 1117 5729 1404 5789; x_wconf 86' lang='lat' dir='ltr'><strong>Dominum</strong></span> <span class='ocrx_word' id='word_1_643' title='bbox 1428 5728 1481 5783; x_wconf 93' lang='lat' dir='ltr'><strong>in</strong></span> <span class='ocrx_word' id='word_1_644' title='bbox 1512 5726 1659 5783; x_wconf 90' lang='lat' dir='ltr'><strong>omni</strong></span> <span class='ocrx_word' id='word_1_645' title='bbox 1685 5735 1817 5782; x_wconf 86' lang='lat' dir='ltr'><strong>tem-</strong></span> 
     </span>
    </p>
   </div>
   <div class='ocr_carea' id='block_1_87' title="bbox 233 5817 1819 5910">
    <p class='ocr_par' dir='ltr' id='par_1_87' title="bbox 233 5817 1819 5910">
     <span class='ocr_line' id='line_1_87' title="bbox 233 5817 1819 5910; baseline -0.012 -20"><span class='ocrx_word' id='word_1_646' title='bbox 233 5849 388 5910; x_wconf 85' lang='lat' dir='ltr'><strong>pore.</strong></span> <span class='ocrx_word' id='word_1_647' title='bbox 451 5843 668 5903; x_wconf 84' lang='lat' dir='ltr'><strong>semper</strong></span> <span class='ocrx_word' id='word_1_648' title='bbox 717 5827 835 5884; x_wconf 87' lang='lat' dir='ltr'><strong>laus</strong></span> <span class='ocrx_word' id='word_1_649' title='bbox 891 5822 1008 5892; x_wconf 86' lang='lat' dir='ltr'><strong>ejus</strong></span> <span class='ocrx_word' id='word_1_650' title='bbox 1063 5822 1117 5878; x_wconf 90' lang='lat' dir='ltr'><strong>in</strong></span> <span class='ocrx_word' id='word_1_651' title='bbox 1178 5829 1273 5876; x_wconf 85' lang='lat' dir='ltr'><strong>ore</strong></span> <span class='ocrx_word' id='word_1_652' title='bbox 1327 5834 1468 5876; x_wconf 88' lang='lat' dir='ltr'><strong>meo.</strong></span> <span class='ocrx_word' id='word_1_653' title='bbox 1501 5818 1557 5876; x_wconf 91' lang='lat' dir='ltr'><strong>In</strong></span> <span class='ocrx_word' id='word_1_654' title='bbox 1587 5817 1819 5876; x_wconf 84' lang='lat' dir='ltr'><strong>Domino</strong></span> 
     </span>
    </p>
   </div>
   <div class='ocr_carea' id='block_1_88' title="bbox 237 5910 1820 5988">
    <p class='ocr_par' dir='ltr' id='par_1_88' title="bbox 237 5910 1820 5988">
     <span class='ocr_line' id='line_1_88' title="bbox 237 5910 1820 5988; baseline -0.011 -5"><span class='ocrx_word' id='word_1_655' title='bbox 237 5923 544 5988; x_wconf 77' lang='lat' dir='ltr'><strong>laudabitur</strong></span> <span class='ocrx_word' id='word_1_656' title='bbox 587 5921 767 5977; x_wconf 89' lang='lat' dir='ltr'><strong>anima</strong></span> <span class='ocrx_word' id='word_1_657' title='bbox 802 5931 924 5974; x_wconf 88' lang='lat' dir='ltr'><strong>mea</strong></span> <span class='ocrx_word' id='word_1_658' title='bbox 955 5935 967 5969; x_wconf 87' lang='lat'>:</span> <span class='ocrx_word' id='word_1_659' title='bbox 1000 5915 1219 5972; x_wconf 88' lang='lat' dir='ltr'><strong>audiant</strong></span> <span class='ocrx_word' id='word_1_660' title='bbox 1255 5911 1523 5970; x_wconf 85' lang='lat' dir='ltr'><strong>mansueti</strong></span> <span class='ocrx_word' id='word_1_661' title='bbox 1553 5920 1611 5967; x_wconf 89' lang='lat' dir='ltr'><strong>et</strong></span> <span class='ocrx_word' id='word_1_662' title='bbox 1634 5910 1820 5967; x_wconf 65' lang='lat' dir='ltr'><strong>laeten-</strong></span> 
     </span>
    </p>
   </div>
   <div class='ocr_carea' id='block_1_89' title="bbox 1887 3536 2044 3592">
    <p class='ocr_par' dir='ltr' id='par_1_89' title="bbox 1887 3536 2044 3592">
     <span class='ocr_line' id='line_1_89' title="bbox 1887 3536 2044 3592; baseline -0.025 0"><span class='ocrx_word' id='word_1_663' title='bbox 1887 3536 2044 3592; x_wconf 89' lang='lat' dir='ltr'><strong>tium.</strong></span> 
     </span>
    </p>
   </div>
   <div class='ocr_carea' id='block_1_90' title="bbox 1953 3620 3570 3696">
    <p class='ocr_par' dir='ltr' id='par_1_90' title="bbox 1953 3620 3570 3696">
     <span class='ocr_line' id='line_1_90' title="bbox 1953 3620 3570 3696; baseline -0.002 -16"><span class='ocrx_word' id='word_1_664' title='bbox 1953 3624 2161 3680; x_wconf 82' lang='lat' dir='ltr'><strong>Oratio.</strong></span> <span class='ocrx_word' id='word_1_665' title='bbox 2196 3623 2529 3694; x_wconf 80' lang='lat' dir='ltr'><strong>Angelorum</strong></span> <span class='ocrx_word' id='word_1_666' title='bbox 2556 3629 2612 3677; x_wconf 91' lang='lat' dir='ltr'><strong>et</strong></span> <span class='ocrx_word' id='word_1_667' title='bbox 2636 3621 2803 3676; x_wconf 88' lang='lat' dir='ltr'><strong>totius</strong></span> <span class='ocrx_word' id='word_1_668' title='bbox 2837 3631 3105 3677; x_wconf 62' lang='lat' dir='ltr'><strong>creatura:</strong></span> <span class='ocrx_word' id='word_1_669' title='bbox 3138 3620 3483 3691; x_wconf 84' lang='lat' dir='ltr'><strong>dispensator</strong></span> <span class='ocrx_word' id='word_1_670' title='bbox 3565 3689 3570 3696; x_wconf 31' lang='lat'>&#39;</span> 
     </span>
    </p>
   </div>
   <div class='ocr_carea' id='block_1_91' title="bbox 1884 3712 3485 3785">
    <p class='ocr_par' dir='ltr' id='par_1_91' title="bbox 1884 3712 3485 3785">
     <span class='ocr_line' id='line_1_91' title="bbox 1884 3712 3485 3785; baseline -0.003 -12"><span class='ocrx_word' id='word_1_671' title='bbox 1884 3717 2059 3781; x_wconf 87' lang='lat' dir='ltr'><strong>Deus,</strong></span> <span class='ocrx_word' id='word_1_672' title='bbox 2091 3715 2284 3770; x_wconf 90' lang='lat' dir='ltr'><strong>emitte</strong></span> <span class='ocrx_word' id='word_1_673' title='bbox 2324 3714 2576 3785; x_wconf 91' lang='lat' dir='ltr'><strong>angelum</strong></span> <span class='ocrx_word' id='word_1_674' title='bbox 2606 3721 2758 3767; x_wconf 87' lang='lat' dir='ltr'><strong>tuum</strong></span> <span class='ocrx_word' id='word_1_675' title='bbox 2788 3712 2843 3767; x_wconf 93' lang='lat' dir='ltr'><strong>in</strong></span> <span class='ocrx_word' id='word_1_676' title='bbox 2873 3712 3104 3768; x_wconf 91' lang='lat' dir='ltr'><strong>circuitu</strong></span> <span class='ocrx_word' id='word_1_677' title='bbox 3136 3721 3348 3778; x_wconf 91' lang='lat' dir='ltr'><strong>nostro,</strong></span> <span class='ocrx_word' id='word_1_678' title='bbox 3387 3727 3485 3771; x_wconf 82' lang='lat' dir='ltr'><strong>cu—</strong></span> 
     </span>
    </p>
   </div>
   <div class='ocr_carea' id='block_1_92' title="bbox 1878 3808 3487 3880">
    <p class='ocr_par' dir='ltr' id='par_1_92' title="bbox 1878 3808 3487 3880">
     <span class='ocr_line' id='line_1_92' title="bbox 1878 3808 3487 3880; baseline -0.001 -16"><span class='ocrx_word' id='word_1_679' title='bbox 1878 3809 1971 3880; x_wconf 91' lang='lat' dir='ltr'><strong>jus</strong></span> <span class='ocrx_word' id='word_1_680' title='bbox 1994 3810 2287 3865; x_wconf 88' lang='lat' dir='ltr'><strong>ambitione</strong></span> <span class='ocrx_word' id='word_1_681' title='bbox 2315 3808 2531 3873; x_wconf 89' lang='lat' dir='ltr'><strong>muniti,</strong></span> <span class='ocrx_word' id='word_1_682' title='bbox 2556 3822 2863 3862; x_wconf 87' lang='lat' dir='ltr'><strong>mereamur</strong></span> <span class='ocrx_word' id='word_1_683' title='bbox 2883 3823 2912 3861; x_wconf 92' lang='lat' dir='ltr'><strong>a</strong></span> <span class='ocrx_word' id='word_1_684' title='bbox 2933 3815 3279 3878; x_wconf 87' lang='lat' dir='ltr'><strong>peccatorum</strong></span> <span class='ocrx_word' id='word_1_685' title='bbox 3306 3817 3487 3862; x_wconf 88' lang='lat' dir='ltr'><strong>morte</strong></span> 
     </span>
    </p>
   </div>
   <div class='ocr_carea' id='block_1_93' title="bbox 1885 3897 2853 3970">
    <p class='ocr_par' dir='ltr' id='par_1_93' title="bbox 1885 3897 2853 3970">
     <span class='ocr_line' id='line_1_93' title="bbox 1885 3897 2853 3970; baseline -0.007 -14"><span class='ocrx_word' id='word_1_686' title='bbox 1885 3901 2120 3970; x_wconf 83' lang='lat' dir='ltr'><strong>pessima</strong></span> <span class='ocrx_word' id='word_1_687' title='bbox 2150 3899 2392 3955; x_wconf 88' lang='lat' dir='ltr'><strong>liberari.</strong></span> <span class='ocrx_word' id='word_1_688' title='bbox 2420 3897 2523 3954; x_wconf 85' lang='lat' dir='ltr'><strong>Per</strong></span> <span class='ocrx_word' id='word_1_689' title='bbox 2545 3897 2853 3952; x_wconf 89' lang='lat' dir='ltr'><strong>Dominum.</strong></span> 
     </span>
    </p>
   </div>
   <div class='ocr_carea' id='block_1_94' title="bbox 1961 3987 3491 4059">
    <p class='ocr_par' dir='ltr' id='par_1_94' title="bbox 1961 3987 3491 4059">
     <span class='ocr_line' id='line_1_94' title="bbox 1961 3987 3491 4059; baseline -0.001 -14"><span class='ocrx_word' id='word_1_690' title='bbox 1961 3992 2082 4045; x_wconf 80' lang='lat' dir='ltr'><strong>Alia</strong></span> <span class='ocrx_word' id='word_1_691' title='bbox 2125 3990 2334 4045; x_wconf 82' lang='lat' dir='ltr'><strong>Oratio.</strong></span> <span class='ocrx_word' id='word_1_692' title='bbox 2385 3989 2725 4059; x_wconf 82' lang='lat' dir='ltr'><strong>Inquirentes</strong></span> <span class='ocrx_word' id='word_1_693' title='bbox 2775 3999 2848 4053; x_wconf 92' lang='lat' dir='ltr'><strong>te,</strong></span> <span class='ocrx_word' id='word_1_694' title='bbox 2903 3987 3150 4052; x_wconf 88' lang='lat' dir='ltr'><strong>Domine,</strong></span> <span class='ocrx_word' id='word_1_695' title='bbox 3199 3988 3491 4059; x_wconf 78' lang='lat' dir='ltr'><strong>dignanter</strong></span> 
     </span>
    </p>
   </div>
   <div class='ocr_carea' id='block_1_95' title="bbox 1888 4077 3485 4148">
    <p class='ocr_par' dir='ltr' id='par_1_95' title="bbox 1888 4077 3485 4148">
     <span class='ocr_line' id='line_1_95' title="bbox 1888 4077 3485 4148; baseline -0.004 -10"><span class='ocrx_word' id='word_1_696' title='bbox 1888 4082 2107 4146; x_wconf 86' lang='lat' dir='ltr'><strong>exaudi,</strong></span> <span class='ocrx_word' id='word_1_697' title='bbox 2142 4087 2199 4136; x_wconf 92' lang='lat' dir='ltr'><strong>et</strong></span> <span class='ocrx_word' id='word_1_698' title='bbox 2225 4088 2285 4135; x_wconf 93' lang='lat' dir='ltr'><strong>ut</strong></span> <span class='ocrx_word' id='word_1_699' title='bbox 2330 4079 2720 4136; x_wconf 87' lang='lat' dir='ltr'><strong>benedicamur</strong></span> <span class='ocrx_word' id='word_1_700' title='bbox 2746 4084 2858 4133; x_wconf 81' lang='lat' dir='ltr'><strong>tam</strong></span> <span class='ocrx_word' id='word_1_701' title='bbox 2905 4078 2958 4132; x_wconf 90' lang='lat' dir='ltr'><strong>in</strong></span> <span class='ocrx_word' id='word_1_702' title='bbox 3013 4077 3276 4143; x_wconf 86' lang='lat' dir='ltr'><strong>adversis,</strong></span> <span class='ocrx_word' id='word_1_703' title='bbox 3320 4093 3485 4148; x_wconf 88' lang='lat' dir='ltr'><strong>quam</strong></span> 
     </span>
    </p>
   </div>
   <div class='ocr_carea' id='block_1_96' title="bbox 1891 4167 3492 4242">
    <p class='ocr_par' dir='ltr' id='par_1_96' title="bbox 1891 4167 3492 4242">
     <span class='ocr_line' id='line_1_96' title="bbox 1891 4167 3492 4242; baseline -0.003 -14"><span class='ocrx_word' id='word_1_704' title='bbox 1891 4184 1946 4228; x_wconf 91' lang='lat' dir='ltr'><strong>et</strong></span> <span class='ocrx_word' id='word_1_705' title='bbox 1984 4175 2038 4228; x_wconf 91' lang='lat' dir='ltr'><strong>in</strong></span> <span class='ocrx_word' id='word_1_706' title='bbox 2068 4171 2366 4242; x_wconf 87' lang='lat' dir='ltr'><strong>prosperis,</strong></span> <span class='ocrx_word' id='word_1_707' title='bbox 2391 4169 2658 4242; x_wconf 86' lang='lat' dir='ltr'><strong>benignus</strong></span> <span class='ocrx_word' id='word_1_708' title='bbox 2699 4167 2917 4238; x_wconf 90' lang='lat' dir='ltr'><strong>indulge</strong></span> <span class='ocrx_word' id='word_1_709' title='bbox 2953 4185 2965 4221; x_wconf 95' lang='lat'>:</span> <span class='ocrx_word' id='word_1_710' title='bbox 3011 4178 3174 4239; x_wconf 88' lang='lat' dir='ltr'><strong>atque</strong></span> <span class='ocrx_word' id='word_1_711' title='bbox 3221 4176 3280 4224; x_wconf 86' lang='lat' dir='ltr'><strong>ut</strong></span> <span class='ocrx_word' id='word_1_712' title='bbox 3336 4169 3390 4225; x_wconf 89' lang='lat' dir='ltr'><strong>in</strong></span> <span class='ocrx_word' id='word_1_713' title='bbox 3435 4177 3492 4224; x_wconf 89' lang='lat' dir='ltr'><strong>te</strong></span> 
     </span>
    </p>
   </div>
   <div class='ocr_carea' id='block_1_97' title="bbox 1894 4259 3487 4330">
    <p class='ocr_par' dir='ltr' id='par_1_97' title="bbox 1894 4259 3487 4330">
     <span class='ocr_line' id='line_1_97' title="bbox 1894 4259 3487 4330; baseline -0.004 -12"><span class='ocrx_word' id='word_1_714' title='bbox 1894 4263 2145 4319; x_wconf 84' lang='lat' dir='ltr'><strong>laudetur</strong></span> <span class='ocrx_word' id='word_1_715' title='bbox 2182 4263 2361 4317; x_wconf 88' lang='lat' dir='ltr'><strong>anima</strong></span> <span class='ocrx_word' id='word_1_716' title='bbox 2405 4269 2608 4323; x_wconf 88' lang='lat' dir='ltr'><strong>nostra,</strong></span> <span class='ocrx_word' id='word_1_717' title='bbox 2647 4259 2917 4330; x_wconf 89' lang='lat' dir='ltr'><strong>propitius</strong></span> <span class='ocrx_word' id='word_1_718' title='bbox 2959 4259 3199 4315; x_wconf 86' lang='lat' dir='ltr'><strong>indultor</strong></span> <span class='ocrx_word' id='word_1_719' title='bbox 3248 4259 3487 4329; x_wconf 89' lang='lat' dir='ltr'><strong>imperti.</strong></span> 
     </span>
    </p>
   </div>
   <div class='ocr_carea' id='block_1_98' title="bbox 1894 4351 3490 4425">
    <p class='ocr_par' dir='ltr' id='par_1_98' title="bbox 1894 4351 3490 4425">
     <span class='ocr_line' id='line_1_98' title="bbox 1894 4351 3490 4425; baseline -0.004 -14"><span class='ocrx_word' id='word_1_720' title='bbox 1894 4356 1960 4411; x_wconf 86' lang='lat' dir='ltr'><strong>Et</strong></span> <span class='ocrx_word' id='word_1_721' title='bbox 1989 4355 2116 4425; x_wconf 89' lang='lat' dir='ltr'><strong>quia</strong></span> <span class='ocrx_word' id='word_1_722' title='bbox 2158 4354 2314 4423; x_wconf 84' lang='lat' dir='ltr'><strong>juxta</strong></span> <span class='ocrx_word' id='word_1_723' title='bbox 2349 4367 2409 4407; x_wconf 90' lang='lat' dir='ltr'><strong>es</strong></span> <span class='ocrx_word' id='word_1_724' title='bbox 2439 4352 2543 4416; x_wconf 87' lang='lat' dir='ltr'><strong>his,</strong></span> <span class='ocrx_word' id='word_1_725' title='bbox 2571 4351 2664 4420; x_wconf 91' lang='lat' dir='ltr'><strong>qui</strong></span> <span class='ocrx_word' id='word_1_726' title='bbox 2697 4351 2954 4406; x_wconf 85' lang='lat' dir='ltr'><strong>tribulato</strong></span> <span class='ocrx_word' id='word_1_727' title='bbox 3001 4359 3125 4404; x_wconf 88' lang='lat' dir='ltr'><strong>sunt</strong></span> <span class='ocrx_word' id='word_1_728' title='bbox 3161 4351 3341 4416; x_wconf 88' lang='lat' dir='ltr'><strong>corde,</strong></span> <span class='ocrx_word' id='word_1_729' title='bbox 3391 4365 3490 4404; x_wconf 83' lang='lat' dir='ltr'><strong>au-</strong></span> 
     </span>
    </p>
   </div>
   <div class='ocr_carea' id='block_1_99' title="bbox 1899 4441 3497 4512">
    <p class='ocr_par' dir='ltr' id='par_1_99' title="bbox 1899 4441 3497 4512">
     <span class='ocr_line' id='line_1_99' title="bbox 1899 4441 3497 4512; baseline -0.004 -10"><span class='ocrx_word' id='word_1_730' title='bbox 1899 4463 2012 4502; x_wconf 89' lang='lat' dir='ltr'><strong>rem</strong></span> <span class='ocrx_word' id='word_1_731' title='bbox 2050 4456 2195 4501; x_wconf 89' lang='lat' dir='ltr'><strong>tuam</strong></span> <span class='ocrx_word' id='word_1_732' title='bbox 2235 4443 2302 4499; x_wconf 89' lang='lat' dir='ltr'><strong>ad</strong></span> <span class='ocrx_word' id='word_1_733' title='bbox 2329 4444 2679 4501; x_wconf 88' lang='lat' dir='ltr'><strong>contritionis</strong></span> <span class='ocrx_word' id='word_1_734' title='bbox 2729 4452 2929 4497; x_wconf 72' lang='lat' dir='ltr'><strong>nostrae</strong></span> <span class='ocrx_word' id='word_1_735' title='bbox 2966 4442 3193 4512; x_wconf 79' lang='lat' dir='ltr'><strong>Spiritus</strong></span> <span class='ocrx_word' id='word_1_736' title='bbox 3219 4441 3399 4510; x_wconf 84' lang='lat' dir='ltr'><strong>aperi;</strong></span> <span class='ocrx_word' id='word_1_737' title='bbox 3437 4451 3497 4496; x_wconf 85' lang='lat' dir='ltr'><strong>et</strong></span> 
     </span>
    </p>
   </div>
   <div class='ocr_carea' id='block_1_100' title="bbox 1898 4532 3492 4612">
    <p class='ocr_par' dir='ltr' id='par_1_100' title="bbox 1898 4532 3492 4612">
     <span class='ocr_line' id='line_1_100' title="bbox 1898 4532 3492 4612; baseline -0.006 -16"><span class='ocrx_word' id='word_1_738' title='bbox 1898 4555 2084 4612; x_wconf 89' lang='lat' dir='ltr'><strong>pacem</strong></span> <span class='ocrx_word' id='word_1_739' title='bbox 2107 4549 2276 4604; x_wconf 87' lang='lat' dir='ltr'><strong>tuam,</strong></span> <span class='ocrx_word' id='word_1_740' title='bbox 2309 4553 2429 4609; x_wconf 77' lang='lat' dir='ltr'><strong>qua:</strong></span> <span class='ocrx_word' id='word_1_741' title='bbox 2468 4543 2759 4606; x_wconf 85' lang='lat' dir='ltr'><strong>exsuperat</strong></span> <span class='ocrx_word' id='word_1_742' title='bbox 2799 4549 3017 4589; x_wconf 89' lang='lat' dir='ltr'><strong>omnem</strong></span> <span class='ocrx_word' id='word_1_743' title='bbox 3062 4549 3282 4589; x_wconf 89' lang='lat' dir='ltr'><strong>sensum</strong></span> <span class='ocrx_word' id='word_1_744' title='bbox 3325 4532 3492 4608; x_wconf 75' lang='lat' dir='ltr'><strong>[Add.</strong></span> 
     </span>
    </p>
   </div>
   <div class='ocr_carea' id='block_1_101' title="bbox 1900 4627 3499 4703">
    <p class='ocr_par' dir='ltr' id='par_1_101' title="bbox 1900 4627 3499 4703">
     <span class='ocr_line' id='line_1_101' title="bbox 1900 4627 3499 4703; baseline -0.005 -13"><span class='ocrx_word' id='word_1_745' title='bbox 1900 4634 2157 4696; x_wconf 82' lang='lat' dir='ltr'><strong>concede,</strong></span> <span class='ocrx_word' id='word_1_746' title='bbox 2182 4632 2261 4689; x_wconf 77' lang='lat' dir='ltr'><strong>vel</strong></span> <span class='ocrx_word' id='word_1_747' title='bbox 2296 4630 2514 4703; x_wconf 80' lang='lat' dir='ltr'><strong>simile],</strong></span> <span class='ocrx_word' id='word_1_748' title='bbox 2555 4639 2608 4686; x_wconf 91' lang='lat' dir='ltr'><strong>et</strong></span> <span class='ocrx_word' id='word_1_749' title='bbox 2641 4645 2872 4701; x_wconf 89' lang='lat' dir='ltr'><strong>corpora</strong></span> <span class='ocrx_word' id='word_1_750' title='bbox 2904 4638 3088 4684; x_wconf 86' lang='lat' dir='ltr'><strong>nostra</strong></span> <span class='ocrx_word' id='word_1_751' title='bbox 3115 4638 3172 4682; x_wconf 90' lang='lat' dir='ltr'><strong>et</strong></span> <span class='ocrx_word' id='word_1_752' title='bbox 3201 4627 3363 4684; x_wconf 86' lang='lat' dir='ltr'><strong>corda</strong></span> <span class='ocrx_word' id='word_1_753' title='bbox 3395 4644 3499 4700; x_wconf 54' lang='lat' dir='ltr'><strong>pne</strong></span> 
     </span>
    </p>
   </div>
   <div class='ocr_carea' id='block_1_102' title="bbox 1904 4725 2254 4783">
    <p class='ocr_par' dir='ltr' id='par_1_102' title="bbox 1904 4725 2254 4783">
     <span class='ocr_line' id='line_1_102' title="bbox 1904 4725 2254 4783; baseline -0.006 -1"><span class='ocrx_word' id='word_1_754' title='bbox 1904 4728 2096 4783; x_wconf 85' lang='lat' dir='ltr'><strong>riﬁcet.</strong></span> <span class='ocrx_word' id='word_1_755' title='bbox 2131 4725 2254 4781; x_wconf 87' lang='lat' dir='ltr'><strong>Per.</strong></span> 
     </span>
    </p>
   </div>
   <div class='ocr_carea' id='block_1_103' title="bbox 2530 4855 2873 4912">
    <p class='ocr_par' dir='ltr' id='par_1_103' title="bbox 2530 4855 2873 4912">
     <span class='ocr_line' id='line_1_103' title="bbox 2530 4855 2873 4912; baseline -0.009 0"><span class='ocrx_word' id='word_1_756' title='bbox 2530 4855 2873 4912; x_wconf 73' lang='lat' dir='ltr'><strong>PSALMUS.</strong></span> 
     </span>
    </p>
   </div>
   <div class='ocr_carea' id='block_1_104' title="bbox 1978 4971 3502 5052">
    <p class='ocr_par' dir='ltr' id='par_1_104' title="bbox 1978 4971 3502 5052">
     <span class='ocr_line' id='line_1_104' title="bbox 1978 4971 3502 5052; baseline -0.007 -16"><span class='ocrx_word' id='word_1_757' title='bbox 1978 4981 2156 5052; x_wconf 73' lang='lat' dir='ltr'><strong>(PSA)...</strong></span> <span class='ocrx_word' id='word_1_758' title='bbox 2206 4977 2410 5047; x_wconf 72' lang='lat' dir='ltr'><strong>csuv.)</strong></span> <span class='ocrx_word' id='word_1_759' title='bbox 2449 4973 2714 5031; x_wconf 75' lang='lat' dir='ltr'><strong>Exaltabo</strong></span> <span class='ocrx_word' id='word_1_760' title='bbox 2748 4980 2822 5037; x_wconf 89' lang='lat' dir='ltr'><strong>te,</strong></span> <span class='ocrx_word' id='word_1_761' title='bbox 2872 4971 3018 5027; x_wconf 86' lang='lat' dir='ltr'><strong>Dens</strong></span> <span class='ocrx_word' id='word_1_762' title='bbox 3072 4987 3225 5026; x_wconf 84' lang='lat' dir='ltr'><strong>mens</strong></span> <span class='ocrx_word' id='word_1_763' title='bbox 3254 4984 3352 5025; x_wconf 87' lang='lat' dir='ltr'><strong>rex</strong></span> <span class='ocrx_word' id='word_1_764' title='bbox 3397 4987 3410 5023; x_wconf 88' lang='lat'><strong>:</strong></span> <span class='ocrx_word' id='word_1_765' title='bbox 3443 4978 3502 5025; x_wconf 90' lang='lat' dir='ltr'><strong>et</strong></span> 
     </span>
    </p>
   </div>
   <div class='ocr_carea' id='block_1_105' title="bbox 1905 5064 3507 5132">
    <p class='ocr_par' dir='ltr' id='par_1_105' title="bbox 1905 5064 3507 5132">
     <span class='ocr_line' id='line_1_105' title="bbox 1905 5064 3507 5132; baseline -0.006 -1"><span class='ocrx_word' id='word_1_766' title='bbox 1905 5075 2225 5132; x_wconf 83' lang='lat' dir='ltr'><strong>benedicam</strong></span> <span class='ocrx_word' id='word_1_767' title='bbox 2267 5070 2474 5126; x_wconf 90' lang='lat' dir='ltr'><strong>nomini</strong></span> <span class='ocrx_word' id='word_1_768' title='bbox 2526 5076 2620 5122; x_wconf 91' lang='lat' dir='ltr'><strong>tuo</strong></span> <span class='ocrx_word' id='word_1_769' title='bbox 2665 5067 2718 5122; x_wconf 91' lang='lat' dir='ltr'><strong>in</strong></span> <span class='ocrx_word' id='word_1_770' title='bbox 2759 5065 3037 5128; x_wconf 68' lang='lat' dir='ltr'><strong>saeculum,</strong></span> <span class='ocrx_word' id='word_1_771' title='bbox 3068 5073 3123 5118; x_wconf 91' lang='lat' dir='ltr'><strong>et</strong></span> <span class='ocrx_word' id='word_1_772' title='bbox 3161 5066 3215 5120; x_wconf 89' lang='lat' dir='ltr'><strong>in</strong></span> <span class='ocrx_word' id='word_1_773' title='bbox 3243 5064 3507 5122; x_wconf 72' lang='lat' dir='ltr'><strong>saeculum</strong></span> 
     </span>
    </p>
   </div>
   <div class='ocr_carea' id='block_1_106' title="bbox 1911 5154 3505 5234">
    <p class='ocr_par' dir='ltr' id='par_1_106' title="bbox 1911 5154 3505 5234">
     <span class='ocr_line' id='line_1_106' title="bbox 1911 5154 3505 5234; baseline -0.008 -10"><span class='ocrx_word' id='word_1_774' title='bbox 1911 5166 2112 5224; x_wconf 59' lang='lat' dir='ltr'><strong>saculi.</strong></span> <span class='ocrx_word' id='word_1_775' title='bbox 2143 5164 2247 5220; x_wconf 83' lang='lat' dir='ltr'><strong>Per</strong></span> <span class='ocrx_word' id='word_1_776' title='bbox 2275 5161 2516 5234; x_wconf 89' lang='lat' dir='ltr'><strong>singulos</strong></span> <span class='ocrx_word' id='word_1_777' title='bbox 2540 5160 2655 5215; x_wconf 91' lang='lat' dir='ltr'><strong>dies</strong></span> <span class='ocrx_word' id='word_1_778' title='bbox 2685 5157 3002 5215; x_wconf 84' lang='lat' dir='ltr'><strong>benedicam</strong></span> <span class='ocrx_word' id='word_1_779' title='bbox 3027 5157 3123 5211; x_wconf 90' lang='lat' dir='ltr'><strong>tibi</strong></span> <span class='ocrx_word' id='word_1_780' title='bbox 3153 5175 3164 5208; x_wconf 91' lang='lat'>:</span> <span class='ocrx_word' id='word_1_781' title='bbox 3189 5164 3242 5210; x_wconf 86' lang='lat' dir='ltr'><strong>et</strong></span> <span class='ocrx_word' id='word_1_782' title='bbox 3266 5154 3505 5211; x_wconf 69' lang='lat' dir='ltr'><strong>laudabo</strong></span> 
     </span>
    </p>
   </div>
   <div class='ocr_carea' id='block_1_107' title="bbox 1910 5251 3504 5322">
    <p class='ocr_par' dir='ltr' id='par_1_107' title="bbox 1910 5251 3504 5322">
     <span class='ocr_line' id='line_1_107' title="bbox 1910 5251 3504 5322; baseline -0.007 -2"><span class='ocrx_word' id='word_1_783' title='bbox 1910 5277 2106 5322; x_wconf 88' lang='lat' dir='ltr'><strong>nomen</strong></span> <span class='ocrx_word' id='word_1_784' title='bbox 2135 5271 2285 5318; x_wconf 89' lang='lat' dir='ltr'><strong>tuum</strong></span> <span class='ocrx_word' id='word_1_785' title='bbox 2312 5262 2366 5317; x_wconf 90' lang='lat' dir='ltr'><strong>in</strong></span> <span class='ocrx_word' id='word_1_786' title='bbox 2395 5258 2672 5320; x_wconf 65' lang='lat' dir='ltr'><strong>saeculum,</strong></span> <span class='ocrx_word' id='word_1_787' title='bbox 2702 5264 2758 5311; x_wconf 92' lang='lat' dir='ltr'><strong>et</strong></span> <span class='ocrx_word' id='word_1_788' title='bbox 2797 5256 2851 5311; x_wconf 91' lang='lat' dir='ltr'><strong>in</strong></span> <span class='ocrx_word' id='word_1_789' title='bbox 2874 5252 3126 5310; x_wconf 62' lang='lat' dir='ltr'><strong>saculum</strong></span> <span class='ocrx_word' id='word_1_790' title='bbox 3151 5252 3353 5308; x_wconf 60' lang='lat' dir='ltr'><strong>seculi.</strong></span> <span class='ocrx_word' id='word_1_791' title='bbox 3388 5251 3504 5310; x_wconf 77' lang='lat' dir='ltr'><strong>Ma-</strong></span> 
     </span>
    </p>
   </div>
   <div class='ocr_carea' id='block_1_108' title="bbox 1911 5341 3508 5426">
    <p class='ocr_par' dir='ltr' id='par_1_108' title="bbox 1911 5341 3508 5426">
     <span class='ocr_line' id='line_1_108' title="bbox 1911 5341 3508 5426; baseline -0.007 -15"><span class='ocrx_word' id='word_1_792' title='bbox 1911 5372 2046 5426; x_wconf 90' lang='lat' dir='ltr'><strong>gnus</strong></span> <span class='ocrx_word' id='word_1_793' title='bbox 2075 5353 2338 5408; x_wconf 91' lang='lat' dir='ltr'><strong>Dominus</strong></span> <span class='ocrx_word' id='word_1_794' title='bbox 2363 5360 2419 5407; x_wconf 89' lang='lat' dir='ltr'><strong>et</strong></span> <span class='ocrx_word' id='word_1_795' title='bbox 2447 5348 2731 5407; x_wconf 88' lang='lat' dir='ltr'><strong>laudabilis</strong></span> <span class='ocrx_word' id='word_1_796' title='bbox 2773 5347 2958 5409; x_wconf 87' lang='lat' dir='ltr'><strong>nimis,</strong></span> <span class='ocrx_word' id='word_1_797' title='bbox 3013 5352 3070 5400; x_wconf 90' lang='lat' dir='ltr'><strong>et</strong></span> <span class='ocrx_word' id='word_1_798' title='bbox 3114 5341 3508 5415; x_wconf 84' lang='lat' dir='ltr'><strong>magnitudinis</strong></span> 
     </span>
    </p>
   </div>
   <div class='ocr_carea' id='block_1_109' title="bbox 1913 5435 3508 5518">
    <p class='ocr_par' dir='ltr' id='par_1_109' title="bbox 1913 5435 3508 5518">
     <span class='ocr_line' id='line_1_109' title="bbox 1913 5435 3508 5518; baseline -0.008 -15"><span class='ocrx_word' id='word_1_799' title='bbox 1913 5447 2030 5518; x_wconf 87' lang='lat' dir='ltr'><strong>ejus</strong></span> <span class='ocrx_word' id='word_1_800' title='bbox 2071 5461 2179 5501; x_wconf 89' lang='lat' dir='ltr'><strong>non</strong></span> <span class='ocrx_word' id='word_1_801' title='bbox 2220 5450 2305 5499; x_wconf 87' lang='lat' dir='ltr'><strong>est</strong></span> <span class='ocrx_word' id='word_1_802' title='bbox 2353 5442 2497 5498; x_wconf 86' lang='lat' dir='ltr'><strong>ﬁnis.</strong></span> <span class='ocrx_word' id='word_1_803' title='bbox 2538 5439 2829 5497; x_wconf 78' lang='lat' dir='ltr'><strong>Generatio</strong></span> <span class='ocrx_word' id='word_1_804' title='bbox 2857 5446 2913 5493; x_wconf 92' lang='lat' dir='ltr'><strong>et</strong></span> <span class='ocrx_word' id='word_1_805' title='bbox 2957 5436 3237 5509; x_wconf 87' lang='lat' dir='ltr'><strong>generatio</strong></span> <span class='ocrx_word' id='word_1_806' title='bbox 3264 5435 3508 5494; x_wconf 79' lang='lat' dir='ltr'><strong>laudabit</strong></span> 
     </span>
    </p>
   </div>
   <div class='ocr_carea' id='block_1_110' title="bbox 1915 5529 3510 5620">
    <p class='ocr_par' dir='ltr' id='par_1_110' title="bbox 1915 5529 3510 5620">
     <span class='ocr_line' id='line_1_110' title="bbox 1915 5529 3510 5620; baseline -0.011 -16"><span class='ocrx_word' id='word_1_807' title='bbox 1915 5562 2082 5620; x_wconf 88' lang='lat' dir='ltr'><strong>opera</strong></span> <span class='ocrx_word' id='word_1_808' title='bbox 2132 5553 2222 5599; x_wconf 88' lang='lat' dir='ltr'><strong>tua</strong></span> <span class='ocrx_word' id='word_1_809' title='bbox 2260 5563 2271 5596; x_wconf 94' lang='lat'>:</span> <span class='ocrx_word' id='word_1_810' title='bbox 2313 5551 2365 5598; x_wconf 89' lang='lat' dir='ltr'><strong>et</strong></span> <span class='ocrx_word' id='word_1_811' title='bbox 2393 5540 2687 5612; x_wconf 89' lang='lat' dir='ltr'><strong>potentiam</strong></span> <span class='ocrx_word' id='word_1_812' title='bbox 2722 5546 2870 5592; x_wconf 91' lang='lat' dir='ltr'><strong>tuam</strong></span> <span class='ocrx_word' id='word_1_813' title='bbox 2899 5534 3344 5608; x_wconf 87' lang='lat' dir='ltr'><strong>pronuntiabunt.</strong></span> <span class='ocrx_word' id='word_1_814' title='bbox 3393 5529 3510 5587; x_wconf 57' lang='lat' dir='ltr'><strong>lla-</strong></span> 
     </span>
    </p>
   </div>
   <div class='ocr_carea' id='block_1_111' title="bbox 1921 5625 3514 5709">
    <p class='ocr_par' dir='ltr' id='par_1_111' title="bbox 1921 5625 3514 5709">
     <span class='ocr_line' id='line_1_111' title="bbox 1921 5625 3514 5709; baseline -0.01 -16"><span class='ocrx_word' id='word_1_815' title='bbox 1921 5636 2289 5709; x_wconf 79' lang='lat' dir='ltr'><strong>gniﬁcentiam</strong></span> <span class='ocrx_word' id='word_1_816' title='bbox 2338 5634 2521 5704; x_wconf 58' lang='lat' dir='ltr'><strong>gloria</strong></span> <span class='ocrx_word' id='word_1_817' title='bbox 2581 5629 2890 5689; x_wconf 82' lang='lat' dir='ltr'><strong>sanctitatis</strong></span> <span class='ocrx_word' id='word_1_818' title='bbox 2935 5636 3042 5684; x_wconf 70' lang='lat' dir='ltr'><strong>tua:</strong></span> <span class='ocrx_word' id='word_1_819' title='bbox 3087 5625 3376 5696; x_wconf 82' lang='lat' dir='ltr'><strong>loquentur</strong></span> <span class='ocrx_word' id='word_1_820' title='bbox 3414 5629 3514 5678; x_wconf 83' lang='lat' dir='ltr'><strong>:ct</strong></span> 
     </span>
    </p>
   </div>
   <div class='ocr_carea' id='block_1_112' title="bbox 1923 5711 3514 5784">
    <p class='ocr_par' dir='ltr' id='par_1_112' title="bbox 1923 5711 3514 5784">
     <span class='ocr_line' id='line_1_112' title="bbox 1923 5711 3514 5784; baseline -0.009 0"><span class='ocrx_word' id='word_1_821' title='bbox 1923 5726 2193 5784; x_wconf 83' lang='lat' dir='ltr'><strong>mirabilia</strong></span> <span class='ocrx_word' id='word_1_822' title='bbox 2239 5734 2328 5780; x_wconf 83' lang='lat' dir='ltr'><strong>tua</strong></span> <span class='ocrx_word' id='word_1_823' title='bbox 2391 5723 2709 5779; x_wconf 85' lang='lat' dir='ltr'><strong>narrabunt.</strong></span> <span class='ocrx_word' id='word_1_824' title='bbox 2768 5714 2835 5777; x_wconf 80' lang='lat' dir='ltr'><strong>Et</strong></span> <span class='ocrx_word' id='word_1_825' title='bbox 2884 5718 3141 5776; x_wconf 86' lang='lat' dir='ltr'><strong>virtutem</strong></span> <span class='ocrx_word' id='word_1_826' title='bbox 3190 5711 3514 5773; x_wconf 66' lang='lat' dir='ltr'><strong>terribilium</strong></span> 
     </span>
    </p>
   </div>
   <div class='ocr_carea' id='block_1_113' title="bbox 1925 5803 3511 5886">
    <p class='ocr_par' dir='ltr' id='par_1_113' title="bbox 1925 5803 3511 5886">
     <span class='ocr_line' id='line_1_113' title="bbox 1925 5803 3511 5886; baseline -0.009 -14"><span class='ocrx_word' id='word_1_827' title='bbox 1925 5820 2141 5874; x_wconf 87' lang='lat' dir='ltr'><strong>tuorum</strong></span> <span class='ocrx_word' id='word_1_828' title='bbox 2184 5817 2364 5872; x_wconf 79' lang='lat' dir='ltr'><strong>dicent</strong></span> <span class='ocrx_word' id='word_1_829' title='bbox 2399 5834 2409 5868; x_wconf 89' lang='lat'><strong>:</strong></span> <span class='ocrx_word' id='word_1_830' title='bbox 2440 5822 2495 5870; x_wconf 90' lang='lat' dir='ltr'><strong>et</strong></span> <span class='ocrx_word' id='word_1_831' title='bbox 2537 5812 2963 5886; x_wconf 85' lang='lat' dir='ltr'><strong>magnitudinem</strong></span> <span class='ocrx_word' id='word_1_832' title='bbox 3004 5817 3151 5865; x_wconf 84' lang='lat' dir='ltr'><strong>tuam</strong></span> <span class='ocrx_word' id='word_1_833' title='bbox 3190 5803 3511 5864; x_wconf 77' lang='lat' dir='ltr'><strong>narrabant.</strong></span> 
     </span>
    </p>
   </div>
   <div class='ocr_carea' id='block_1_114' title="bbox 1929 5895 3560 5979">
    <p class='ocr_par' dir='ltr' id='par_1_114' title="bbox 1929 5895 3560 5979">
     <span class='ocr_line' id='line_1_114' title="bbox 1929 5895 3560 5979; baseline -0.011 -15"><span class='ocrx_word' id='word_1_834' title='bbox 1929 5907 2242 5965; x_wconf 82' lang='lat' dir='ltr'><strong>Memoriam</strong></span> <span class='ocrx_word' id='word_1_835' title='bbox 2287 5905 2631 5962; x_wconf 73' lang='lat' dir='ltr'><strong>abundantia:</strong></span> <span class='ocrx_word' id='word_1_836' title='bbox 2679 5901 2962 5960; x_wconf 83' lang='lat' dir='ltr'><strong>suavitatis</strong></span> <span class='ocrx_word' id='word_1_837' title='bbox 2991 5909 3094 5954; x_wconf 74' lang='lat' dir='ltr'><strong>tum</strong></span> <span class='ocrx_word' id='word_1_838' title='bbox 3145 5895 3512 5953; x_wconf 85' lang='lat' dir='ltr'><strong>eructabunt:</strong></span> <span class='ocrx_word' id='word_1_839' title='bbox 3556 5973 3560 5979; x_wconf 65' lang='lat'><em>_</em></span> 
     </span>
    </p>
   </div>
   <div class='ocr_carea' id='block_1_115' title="bbox 311 6015 2769 6099">
    <p class='ocr_par' dir='ltr' id='par_1_115' title="bbox 311 6015 2769 6099">
     <span class='ocr_line' id='line_1_115' title="bbox 311 6015 2769 6099; baseline -0.013 1"><span class='ocrx_word' id='word_1_840' title='bbox 311 6053 336 6084; x_wconf 76' lang='grc'><strong><em>⁸</em></strong></span> <span class='ocrx_word' id='word_1_841' title='bbox 365 6038 582 6099; x_wconf 70' lang='lat' dir='ltr'><strong>initium</strong></span> <span class='ocrx_word' id='word_1_842' title='bbox 611 6035 666 6090; x_wconf 90' lang='lat' dir='ltr'><strong>in</strong></span> <span class='ocrx_word' id='word_1_843' title='bbox 693 6032 875 6091; x_wconf 90' lang='lat' dir='ltr'><strong>libello</strong></span> <span class='ocrx_word' id='word_1_844' title='bbox 902 6031 1083 6089; x_wconf 84' lang='lat' dir='ltr'><strong>Caroli</strong></span> <span class='ocrx_word' id='word_1_845' title='bbox 1129 6029 1300 6096; x_wconf 81' lang='lat' dir='ltr'><strong>Calvi,</strong></span> <span class='ocrx_word' id='word_1_846' title='bbox 1349 6043 1471 6099; x_wconf 86' lang='lat' dir='ltr'><strong>pag.</strong></span> <span class='ocrx_word' id='word_1_847' title='bbox 1502 6027 1622 6081; x_wconf 73' lang='lat'><strong>“3.</strong></span> <span class='ocrx_word' id='word_1_848' title='bbox 1651 6054 1722 6068; x_wconf 84' lang='lat'><strong>--</strong></span> <span class='ocrx_word' id='word_1_849' title='bbox 1746 6023 1855 6079; x_wconf 83' lang='lat' dir='ltr'><strong>Pro</strong></span> <span class='ocrx_word' id='word_1_850' title='bbox 1895 6039 1991 6080; x_wconf 85' lang='lat' dir='ltr'><strong>usu</strong></span> <span class='ocrx_word' id='word_1_851' title='bbox 2019 6025 2270 6094; x_wconf 80' lang='lat' dir='ltr'><strong>septimo,</strong></span> <span class='ocrx_word' id='word_1_852' title='bbox 2305 6037 2487 6092; x_wconf 77' lang='lat' dir='ltr'><strong>supra,</strong></span> <span class='ocrx_word' id='word_1_853' title='bbox 2515 6017 2617 6074; x_wconf 88' lang='lat' dir='ltr'><strong>col.</strong></span> <span class='ocrx_word' id='word_1_854' title='bbox 2649 6015 2769 6071; x_wconf 66' lang='lat'><strong>467.</strong></span> 
     </span>
    </p>
   </div>
   <div class='ocr_carea' id='block_1_116' title="bbox 560 6128 981 6199">
    <p class='ocr_par' dir='ltr' id='par_1_116' title="bbox 560 6128 981 6199">
     <span class='ocr_line' id='line_1_116' title="bbox 560 6128 981 6199; baseline -0.007 -2"><span class='ocrx_word' id='word_1_855' title='bbox 560 6134 834 6199; x_wconf 71' lang='lat' dir='ltr'><strong>Parsot.</strong></span> <span class='ocrx_word' id='word_1_856' title='bbox 881 6128 981 6195; x_wconf 83' lang='lat' dir='ltr'><strong>Cl.</strong></span> 
     </span>
    </p>
   </div>
   <div class='ocr_carea' id='block_1_117' title="bbox 3008 6114 3081 6169">
    <p class='ocr_par' dir='ltr' id='par_1_117' title="bbox 3008 6114 3081 6169">
     <span class='ocr_line' id='line_1_117' title="bbox 3008 6114 3081 6169; baseline 0.014 -1"><span class='ocrx_word' id='word_1_857' title='bbox 3008 6114 3081 6169; x_wconf 71' lang='lat'><strong>18</strong></span> 
     </span>
    </p>
   </div>
  </div>
