  <div class='ocr_page' id='page_1' title='image "/cluster/home/n/w/nwhite01/storage/ocr_20150623/101/umn.31951002477394h/291.png"; bbox 0 0 4122 6562; ppageno 0'>
   <div class='ocr_carea' id='block_1_1' title="bbox 604 341 712 399">
    <p class='ocr_par' dir='ltr' id='par_1_1' title="bbox 604 341 712 399">
     <span class='ocr_line' id='line_1_1' title="bbox 604 341 712 399; baseline -0.019 0"><span class='ocrx_word' id='word_1_1' title='bbox 604 341 712 399; x_wconf 77' lang='lat'><strong>555</strong></span> 
     </span>
    </p>
   </div>
   <div class='ocr_carea' id='block_1_2' title="bbox 1480 306 3070 385">
    <p class='ocr_par' dir='ltr' id='par_1_2' title="bbox 1480 306 3070 385">
     <span class='ocr_line' id='line_1_2' title="bbox 1480 306 3070 385; baseline -0.016 0"><span class='ocrx_word' id='word_1_2' title='bbox 1480 330 1539 385; x_wconf 81' lang='grc' dir='ltr'><strong>Β.</strong></span> <span class='ocrx_word' id='word_1_3' title='bbox 1579 329 1638 383; x_wconf 82' lang='lat' dir='ltr'><strong>I&quot;.</strong></span> <span class='ocrx_word' id='word_1_4' title='bbox 1678 322 1904 381; x_wconf 76' lang='lat' dir='ltr'><strong>ALBINI</strong></span> <span class='ocrx_word' id='word_1_5' title='bbox 1943 320 2074 378; x_wconf 84' lang='lat' dir='ltr'><strong>SEU</strong></span> <span class='ocrx_word' id='word_1_6' title='bbox 2116 317 2398 375; x_wconf 64' lang='lat' dir='ltr'><strong>ALCUINI</strong></span> <span class='ocrx_word' id='word_1_7' title='bbox 2434 313 2720 373; x_wconf 73' lang='lat' dir='ltr'><strong>OI’ERUM</strong></span> <span class='ocrx_word' id='word_1_8' title='bbox 2759 308 2942 381; x_wconf 75' lang='lat' dir='ltr'><strong>PARS</strong></span> <span class='ocrx_word' id='word_1_9' title='bbox 2981 306 3070 363; x_wconf 69' lang='lat' dir='ltr'><strong>IV.</strong></span> 
     </span>
    </p>
   </div>
   <div class='ocr_carea' id='block_1_3' title="bbox 3800 291 3905 349">
    <p class='ocr_par' dir='ltr' id='par_1_3' title="bbox 3800 291 3905 349">
     <span class='ocr_line' id='line_1_3' title="bbox 3800 291 3905 349; baseline -0.01 -50"><span class='ocrx_word' id='word_1_10' title='bbox 3800 291 3905 349; x_wconf 49' lang='lat' dir='ltr'><strong>Em</strong></span> 
     </span>
    </p>
   </div>
   <div class='ocr_carea' id='block_1_4' title="bbox 599 410 3913 527">
    <p class='ocr_par' dir='ltr' id='par_1_4' title="bbox 599 410 3913 527">
     <span class='ocr_line' id='line_1_4' title="bbox 599 410 3913 527; baseline -0.015 -10"><span class='ocrx_word' id='word_1_11' title='bbox 599 471 655 518; x_wconf 86' lang='lat' dir='ltr'><strong>et</strong></span> <span class='ocrx_word' id='word_1_12' title='bbox 679 438 963 527; x_wconf 74' lang='lat' dir='ltr'><strong>iniustitia</strong></span> <span class='ocrx_word' id='word_1_13' title='bbox 990 459 1079 504; x_wconf 74' lang='lat' dir='ltr'><strong>tua</strong></span> <span class='ocrx_word' id='word_1_14' title='bbox 1105 446 1471 501; x_wconf 76' lang='lat' dir='ltr'><strong>exsultabant.</strong></span> <span class='ocrx_word' id='word_1_15' title='bbox 1503 444 1784 499; x_wconf 84' lang='lat' dir='ltr'><strong>Miserator</strong></span> <span class='ocrx_word' id='word_1_16' title='bbox 1803 447 1859 494; x_wconf 91' lang='lat' dir='ltr'><strong>et</strong></span> <span class='ocrx_word' id='word_1_17' title='bbox 1878 436 2195 495; x_wconf 80' lang='lat' dir='ltr'><strong>misericors</strong></span> <span class='ocrx_word' id='word_1_18' title='bbox 2224 438 2273 495; x_wconf 76' lang='grc' dir='ltr'><strong>Α</strong></span> <span class='ocrx_word' id='word_1_19' title='bbox 2298 432 2557 504; x_wconf 83' lang='lat' dir='ltr'><strong>repellas;</strong></span> <span class='ocrx_word' id='word_1_20' title='bbox 2596 446 2627 484; x_wconf 92' lang='lat' dir='ltr'><strong>a</strong></span> <span class='ocrx_word' id='word_1_21' title='bbox 2680 428 2892 483; x_wconf 82' lang='lat' dir='ltr'><strong>cunctis</strong></span> <span class='ocrx_word' id='word_1_22' title='bbox 2937 440 3042 488; x_wconf 87' lang='lat' dir='ltr'><strong>me,</strong></span> <span class='ocrx_word' id='word_1_23' title='bbox 3077 428 3197 492; x_wconf 57' lang='lat' dir='ltr'><strong>quat</strong></span> <span class='ocrx_word' id='word_1_24' title='bbox 3226 426 3534 490; x_wconf 76' lang='lat' dir='ltr'><strong>supersunt,</strong></span> <span class='ocrx_word' id='word_1_25' title='bbox 3592 410 3913 514; x_wconf 76' lang='lat' dir='ltr'><strong>tribulatio-</strong></span> 
     </span>
    </p>
   </div>
   <div class='ocr_carea' id='block_1_5' title="bbox 603 527 2192 614">
    <p class='ocr_par' dir='ltr' id='par_1_5' title="bbox 603 527 2192 614">
     <span class='ocr_line' id='line_1_5' title="bbox 603 527 2192 614; baseline -0.018 -4"><span class='ocrx_word' id='word_1_26' title='bbox 603 551 881 612; x_wconf 86' lang='lat' dir='ltr'><strong>Dominus,</strong></span> <span class='ocrx_word' id='word_1_27' title='bbox 907 542 1119 614; x_wconf 91' lang='lat' dir='ltr'><strong>patiens</strong></span> <span class='ocrx_word' id='word_1_28' title='bbox 1144 546 1201 594; x_wconf 92' lang='lat' dir='ltr'><strong>et</strong></span> <span class='ocrx_word' id='word_1_29' title='bbox 1222 537 1455 594; x_wconf 91' lang='lat' dir='ltr'><strong>multum</strong></span> <span class='ocrx_word' id='word_1_30' title='bbox 1496 534 1828 590; x_wconf 83' lang='lat' dir='ltr'><strong>misericors.</strong></span> <span class='ocrx_word' id='word_1_31' title='bbox 1856 529 2053 586; x_wconf 83' lang='lat' dir='ltr'><strong>Suavis</strong></span> <span class='ocrx_word' id='word_1_32' title='bbox 2084 527 2192 582; x_wconf 92' lang='lat' dir='ltr'><strong>Do-</strong></span> 
     </span>
    </p>
   </div>
   <div class='ocr_carea' id='block_1_6' title="bbox 597 620 2197 702">
    <p class='ocr_par' dir='ltr' id='par_1_6' title="bbox 597 620 2197 702">
     <span class='ocr_line' id='line_1_6' title="bbox 597 620 2197 702; baseline -0.019 1"><span class='ocrx_word' id='word_1_33' title='bbox 597 644 780 702; x_wconf 89' lang='lat' dir='ltr'><strong>minus</strong></span> <span class='ocrx_word' id='word_1_34' title='bbox 800 633 1067 696; x_wconf 81' lang='lat' dir='ltr'><strong>universis</strong></span> <span class='ocrx_word' id='word_1_35' title='bbox 1094 651 1108 687; x_wconf 90' lang='lat'><strong>:</strong></span> <span class='ocrx_word' id='word_1_36' title='bbox 1138 639 1195 688; x_wconf 88' lang='lat' dir='ltr'><strong>et</strong></span> <span class='ocrx_word' id='word_1_37' title='bbox 1233 628 1613 687; x_wconf 74' lang='lat' dir='ltr'><strong>miserationes</strong></span> <span class='ocrx_word' id='word_1_38' title='bbox 1658 624 1775 694; x_wconf 86' lang='lat' dir='ltr'><strong>ejus</strong></span> <span class='ocrx_word' id='word_1_39' title='bbox 1800 638 1967 692; x_wconf 86' lang='lat' dir='ltr'><strong>super</strong></span> <span class='ocrx_word' id='word_1_40' title='bbox 2012 620 2197 676; x_wconf 81' lang='lat' dir='ltr'><strong>omnia</strong></span> 
     </span>
    </p>
   </div>
   <div class='ocr_carea' id='block_1_7' title="bbox 2300 503 3914 592">
    <p class='ocr_par' dir='ltr' id='par_1_7' title="bbox 2300 503 3914 592">
     <span class='ocr_line' id='line_1_7' title="bbox 2300 503 3914 592; baseline -0.013 -13"><span class='ocrx_word' id='word_1_41' title='bbox 2300 503 2480 587; x_wconf 88' lang='lat' dir='ltr'><strong>nibus,</strong></span> <span class='ocrx_word' id='word_1_42' title='bbox 2528 520 2905 592; x_wconf 71' lang='lat' dir='ltr'><strong>iniquitatibus</strong></span> <span class='ocrx_word' id='word_1_43' title='bbox 2933 532 2997 572; x_wconf 90' lang='lat' dir='ltr'><strong>ac</strong></span> <span class='ocrx_word' id='word_1_44' title='bbox 3025 514 3254 569; x_wconf 74' lang='lat' dir='ltr'><strong>diversis</strong></span> <span class='ocrx_word' id='word_1_45' title='bbox 3295 510 3452 566; x_wconf 88' lang='lat' dir='ltr'><strong>malis</strong></span> <span class='ocrx_word' id='word_1_46' title='bbox 3471 509 3699 579; x_wconf 85' lang='lat' dir='ltr'><strong>eripias.</strong></span> <span class='ocrx_word' id='word_1_47' title='bbox 3745 503 3914 575; x_wconf 82' lang='lat' dir='ltr'><strong>Cogi-</strong></span> 
     </span>
    </p>
   </div>
   <div class='ocr_carea' id='block_1_8' title="bbox 2302 598 3913 677">
    <p class='ocr_par' dir='ltr' id='par_1_8' title="bbox 2302 598 3913 677">
     <span class='ocr_line' id='line_1_8' title="bbox 2302 598 3913 677; baseline -0.014 -7"><span class='ocrx_word' id='word_1_48' title='bbox 2302 616 2535 670; x_wconf 87' lang='lat' dir='ltr'><strong>tationes</strong></span> <span class='ocrx_word' id='word_1_49' title='bbox 2581 627 2755 677; x_wconf 89' lang='lat' dir='ltr'><strong>meas,</strong></span> <span class='ocrx_word' id='word_1_50' title='bbox 2804 608 3110 666; x_wconf 90' lang='lat' dir='ltr'><strong>locutiones</strong></span> <span class='ocrx_word' id='word_1_51' title='bbox 3156 604 3365 676; x_wconf 89' lang='lat' dir='ltr'><strong>pariter</strong></span> <span class='ocrx_word' id='word_1_52' title='bbox 3416 610 3474 657; x_wconf 91' lang='lat' dir='ltr'><strong>et</strong></span> <span class='ocrx_word' id='word_1_53' title='bbox 3511 609 3667 656; x_wconf 90' lang='lat' dir='ltr'><strong>actus</strong></span> <span class='ocrx_word' id='word_1_54' title='bbox 3720 598 3780 652; x_wconf 88' lang='lat' dir='ltr'><strong>in</strong></span> <span class='ocrx_word' id='word_1_55' title='bbox 3814 607 3913 652; x_wconf 86' lang='lat' dir='ltr'><strong>tua</strong></span> 
     </span>
    </p>
   </div>
   <div class='ocr_carea' id='block_1_9' title="bbox 600 687 3919 808">
    <p class='ocr_par' dir='ltr' id='par_1_9' title="bbox 600 687 3919 808">
     <span class='ocr_line' id='line_1_9' title="bbox 600 687 3919 808; baseline -0.015 -16"><span class='ocrx_word' id='word_1_56' title='bbox 600 750 766 808; x_wconf 88' lang='lat' dir='ltr'><strong>opera</strong></span> <span class='ocrx_word' id='word_1_57' title='bbox 807 730 944 803; x_wconf 84' lang='lat' dir='ltr'><strong>ejus.</strong></span> <span class='ocrx_word' id='word_1_58' title='bbox 976 724 1353 784; x_wconf 82' lang='lat' dir='ltr'><strong>Conﬂteantur</strong></span> <span class='ocrx_word' id='word_1_59' title='bbox 1397 718 1789 785; x_wconf 88' lang='lat' dir='ltr'><strong>tibi,Domine,</strong></span> <span class='ocrx_word' id='word_1_60' title='bbox 1812 714 1993 770; x_wconf 81' lang='lat' dir='ltr'><strong>omnia</strong></span> <span class='ocrx_word' id='word_1_61' title='bbox 2031 727 2198 782; x_wconf 88' lang='lat' dir='ltr'><strong>opera</strong></span> <span class='ocrx_word' id='word_1_62' title='bbox 2300 708 2580 765; x_wconf 89' lang='lat' dir='ltr'><strong>voluntate</strong></span> <span class='ocrx_word' id='word_1_63' title='bbox 2609 706 2853 776; x_wconf 79' lang='lat' dir='ltr'><strong>dirigas;</strong></span> <span class='ocrx_word' id='word_1_64' title='bbox 2885 712 3032 758; x_wconf 88' lang='lat' dir='ltr'><strong>etne</strong></span> <span class='ocrx_word' id='word_1_65' title='bbox 3061 698 3282 755; x_wconf 83' lang='lat' dir='ltr'><strong>auferas</strong></span> <span class='ocrx_word' id='word_1_66' title='bbox 3317 696 3555 751; x_wconf 90' lang='lat' dir='ltr'><strong>animam</strong></span> <span class='ocrx_word' id='word_1_67' title='bbox 3604 705 3794 748; x_wconf 86' lang='lat' dir='ltr'><strong>meam</strong></span> <span class='ocrx_word' id='word_1_68' title='bbox 3846 687 3919 744; x_wconf 84' lang='lat' dir='ltr'><strong>de</strong></span> 
     </span>
    </p>
   </div>
   <div class='ocr_carea' id='block_1_10' title="bbox 601 804 2200 888">
    <p class='ocr_par' dir='ltr' id='par_1_10' title="bbox 601 804 2200 888">
     <span class='ocr_line' id='line_1_10' title="bbox 601 804 2200 888; baseline -0.017 -2"><span class='ocrx_word' id='word_1_69' title='bbox 601 804 695 888; x_wconf 79' lang='lat' dir='ltr'><strong>tua</strong></span> <span class='ocrx_word' id='word_1_70' title='bbox 724 844 741 884; x_wconf 88' lang='lat'><strong>:</strong></span> <span class='ocrx_word' id='word_1_71' title='bbox 765 833 821 882; x_wconf 88' lang='lat' dir='ltr'><strong>et</strong></span> <span class='ocrx_word' id='word_1_72' title='bbox 839 822 1015 880; x_wconf 85' lang='lat' dir='ltr'><strong>sancti</strong></span> <span class='ocrx_word' id='word_1_73' title='bbox 1049 819 1127 875; x_wconf 90' lang='lat' dir='ltr'><strong>tui</strong></span> <span class='ocrx_word' id='word_1_74' title='bbox 1169 814 1498 873; x_wconf 86' lang='lat' dir='ltr'><strong>benedicant</strong></span> <span class='ocrx_word' id='word_1_75' title='bbox 1527 812 1644 867; x_wconf 86' lang='lat' dir='ltr'><strong>tibi.</strong></span> <span class='ocrx_word' id='word_1_76' title='bbox 1672 809 1917 866; x_wconf 85' lang='lat' dir='ltr'><strong>Gloriam</strong></span> <span class='ocrx_word' id='word_1_77' title='bbox 1947 805 2100 877; x_wconf 91' lang='lat' dir='ltr'><strong>regni</strong></span> <span class='ocrx_word' id='word_1_78' title='bbox 2123 804 2200 860; x_wconf 90' lang='lat' dir='ltr'><strong>tui</strong></span> 
     </span>
    </p>
   </div>
   <div class='ocr_carea' id='block_1_11' title="bbox 601 895 2203 985">
    <p class='ocr_par' dir='ltr' id='par_1_11' title="bbox 601 895 2203 985">
     <span class='ocr_line' id='line_1_11' title="bbox 601 895 2203 985; baseline -0.018 -8"><span class='ocrx_word' id='word_1_79' title='bbox 601 922 785 977; x_wconf 86' lang='lat' dir='ltr'><strong>dicent</strong></span> <span class='ocrx_word' id='word_1_80' title='bbox 813 936 826 971; x_wconf 86' lang='lat'><strong>;</strong></span> <span class='ocrx_word' id='word_1_81' title='bbox 870 923 924 970; x_wconf 90' lang='lat' dir='ltr'><strong>et</strong></span> <span class='ocrx_word' id='word_1_82' title='bbox 943 910 1241 985; x_wconf 89' lang='lat' dir='ltr'><strong>potentiam</strong></span> <span class='ocrx_word' id='word_1_83' title='bbox 1266 915 1415 962; x_wconf 90' lang='lat' dir='ltr'><strong>tuam</strong></span> <span class='ocrx_word' id='word_1_84' title='bbox 1447 905 1761 975; x_wconf 80' lang='lat' dir='ltr'><strong>loquentur.</strong></span> <span class='ocrx_word' id='word_1_85' title='bbox 1795 900 1868 957; x_wconf 90' lang='lat' dir='ltr'><strong>Ut</strong></span> <span class='ocrx_word' id='word_1_86' title='bbox 1894 908 2078 954; x_wconf 87' lang='lat' dir='ltr'><strong>notam</strong></span> <span class='ocrx_word' id='word_1_87' title='bbox 2124 895 2203 950; x_wconf 86' lang='lat' dir='ltr'><strong>fa—</strong></span> 
     </span>
    </p>
   </div>
   <div class='ocr_carea' id='block_1_12' title="bbox 603 991 2206 1071">
    <p class='ocr_par' dir='ltr' id='par_1_12' title="bbox 603 991 2206 1071">
     <span class='ocr_line' id='line_1_12' title="bbox 603 991 2206 1071; baseline -0.015 -4"><span class='ocrx_word' id='word_1_88' title='bbox 603 1010 751 1068; x_wconf 85' lang='lat' dir='ltr'><strong>ciant</strong></span> <span class='ocrx_word' id='word_1_89' title='bbox 772 1007 897 1062; x_wconf 82' lang='lat' dir='ltr'><strong>tiliis</strong></span> <span class='ocrx_word' id='word_1_90' title='bbox 920 1004 1203 1060; x_wconf 84' lang='lat' dir='ltr'><strong>hominum</strong></span> <span class='ocrx_word' id='word_1_91' title='bbox 1227 999 1529 1071; x_wconf 88' lang='lat' dir='ltr'><strong>potentiam</strong></span> <span class='ocrx_word' id='word_1_92' title='bbox 1563 1002 1714 1050; x_wconf 89' lang='lat' dir='ltr'><strong>tuam</strong></span> <span class='ocrx_word' id='word_1_93' title='bbox 1734 1001 1792 1049; x_wconf 92' lang='lat' dir='ltr'><strong>et</strong></span> <span class='ocrx_word' id='word_1_94' title='bbox 1817 991 2045 1064; x_wconf 80' lang='lat' dir='ltr'><strong>gloriam</strong></span> <span class='ocrx_word' id='word_1_95' title='bbox 2090 1005 2206 1044; x_wconf 83' lang='lat' dir='ltr'><strong>ma-</strong></span> 
     </span>
    </p>
   </div>
   <div class='ocr_carea' id='block_1_13' title="bbox 604 1084 2205 1176">
    <p class='ocr_par' dir='ltr' id='par_1_13' title="bbox 604 1084 2205 1176">
     <span class='ocr_line' id='line_1_13' title="bbox 604 1084 2205 1176; baseline -0.016 -16"><span class='ocrx_word' id='word_1_96' title='bbox 604 1100 929 1176; x_wconf 66' lang='lat' dir='ltr'><strong>gnificentiae</strong></span> <span class='ocrx_word' id='word_1_97' title='bbox 954 1097 1108 1167; x_wconf 82' lang='lat' dir='ltr'><strong>regni</strong></span> <span class='ocrx_word' id='word_1_98' title='bbox 1140 1095 1237 1151; x_wconf 91' lang='lat' dir='ltr'><strong>tui.</strong></span> <span class='ocrx_word' id='word_1_99' title='bbox 1260 1092 1507 1163; x_wconf 88' lang='lat' dir='ltr'><strong>Regnum</strong></span> <span class='ocrx_word' id='word_1_100' title='bbox 1529 1098 1683 1145; x_wconf 92' lang='lat' dir='ltr'><strong>tuum</strong></span> <span class='ocrx_word' id='word_1_101' title='bbox 1711 1101 1934 1157; x_wconf 82' lang='lat' dir='ltr'><strong>regnum</strong></span> <span class='ocrx_word' id='word_1_102' title='bbox 1960 1084 2205 1139; x_wconf 90' lang='lat' dir='ltr'><strong>omnium</strong></span> 
     </span>
    </p>
   </div>
   <div class='ocr_carea' id='block_1_14' title="bbox 604 1176 2209 1252">
    <p class='ocr_par' dir='ltr' id='par_1_14' title="bbox 604 1176 2209 1252">
     <span class='ocr_line' id='line_1_14' title="bbox 604 1176 2209 1252; baseline -0.016 0"><span class='ocrx_word' id='word_1_103' title='bbox 604 1192 927 1252; x_wconf 78' lang='lat' dir='ltr'><strong>saeculorum</strong></span> <span class='ocrx_word' id='word_1_104' title='bbox 956 1208 971 1244; x_wconf 84' lang='lat'><strong><em>:</em></strong></span> <span class='ocrx_word' id='word_1_105' title='bbox 1000 1195 1058 1243; x_wconf 91' lang='lat' dir='ltr'><strong>et</strong></span> <span class='ocrx_word' id='word_1_106' title='bbox 1077 1184 1377 1243; x_wconf 87' lang='lat' dir='ltr'><strong>dominatio</strong></span> <span class='ocrx_word' id='word_1_107' title='bbox 1402 1191 1494 1236; x_wconf 87' lang='lat' dir='ltr'><strong>tua</strong></span> <span class='ocrx_word' id='word_1_108' title='bbox 1518 1182 1575 1235; x_wconf 91' lang='lat' dir='ltr'><strong>in</strong></span> <span class='ocrx_word' id='word_1_109' title='bbox 1597 1179 1746 1235; x_wconf 89' lang='lat' dir='ltr'><strong>omni</strong></span> <span class='ocrx_word' id='word_1_110' title='bbox 1769 1176 2124 1249; x_wconf 77' lang='lat' dir='ltr'><strong>generatione</strong></span> <span class='ocrx_word' id='word_1_111' title='bbox 2152 1181 2209 1227; x_wconf 93' lang='lat' dir='ltr'><strong>et</strong></span> 
     </span>
    </p>
   </div>
   <div class='ocr_carea' id='block_1_15' title="bbox 605 1265 2209 1357">
    <p class='ocr_par' dir='ltr' id='par_1_15' title="bbox 605 1265 2209 1357">
     <span class='ocr_line' id='line_1_15' title="bbox 605 1265 2209 1357; baseline -0.017 -13"><span class='ocrx_word' id='word_1_112' title='bbox 605 1284 1035 1357; x_wconf 79' lang='lat' dir='ltr'><strong>generationem.</strong></span> <span class='ocrx_word' id='word_1_113' title='bbox 1088 1276 1293 1333; x_wconf 83' lang='lat' dir='ltr'><strong>Fidelis</strong></span> <span class='ocrx_word' id='word_1_114' title='bbox 1334 1274 1598 1329; x_wconf 88' lang='lat' dir='ltr'><strong>Dominus</strong></span> <span class='ocrx_word' id='word_1_115' title='bbox 1630 1270 1686 1325; x_wconf 93' lang='lat' dir='ltr'><strong>in</strong></span> <span class='ocrx_word' id='word_1_116' title='bbox 1735 1268 1992 1325; x_wconf 89' lang='lat' dir='ltr'><strong>omnibus</strong></span> <span class='ocrx_word' id='word_1_117' title='bbox 2027 1265 2209 1320; x_wconf 87' lang='lat' dir='ltr'><strong>verbis</strong></span> 
     </span>
    </p>
   </div>
   <div class='ocr_carea' id='block_1_16' title="bbox 609 1355 2210 1433">
    <p class='ocr_par' dir='ltr' id='par_1_16' title="bbox 609 1355 2210 1433">
     <span class='ocr_line' id='line_1_16' title="bbox 609 1355 2210 1433; baseline -0.016 1"><span class='ocrx_word' id='word_1_118' title='bbox 609 1355 760 1433; x_wconf 79' lang='lat' dir='ltr'><strong>suis:</strong></span> <span class='ocrx_word' id='word_1_119' title='bbox 795 1383 852 1430; x_wconf 90' lang='lat' dir='ltr'><strong>et</strong></span> <span class='ocrx_word' id='word_1_120' title='bbox 882 1378 1107 1428; x_wconf 87' lang='lat' dir='ltr'><strong>sanctus</strong></span> <span class='ocrx_word' id='word_1_121' title='bbox 1146 1369 1200 1424; x_wconf 91' lang='lat' dir='ltr'><strong>in</strong></span> <span class='ocrx_word' id='word_1_122' title='bbox 1229 1365 1482 1422; x_wconf 91' lang='lat' dir='ltr'><strong>omnibus</strong></span> <span class='ocrx_word' id='word_1_123' title='bbox 1529 1361 1787 1433; x_wconf 85' lang='lat' dir='ltr'><strong>operibus</strong></span> <span class='ocrx_word' id='word_1_124' title='bbox 1816 1358 1949 1415; x_wconf 87' lang='lat' dir='ltr'><strong>suis.</strong></span> <span class='ocrx_word' id='word_1_125' title='bbox 2000 1355 2210 1410; x_wconf 75' lang='lat' dir='ltr'><strong>Allevat</strong></span> 
     </span>
    </p>
   </div>
   <div class='ocr_carea' id='block_1_17' title="bbox 607 1447 2207 1530">
    <p class='ocr_par' dir='ltr' id='par_1_17' title="bbox 607 1447 2207 1530">
     <span class='ocr_line' id='line_1_17' title="bbox 607 1447 2207 1530; baseline -0.016 -6"><span class='ocrx_word' id='word_1_126' title='bbox 607 1466 871 1523; x_wconf 87' lang='lat' dir='ltr'><strong>Dominus</strong></span> <span class='ocrx_word' id='word_1_127' title='bbox 896 1477 1107 1525; x_wconf 89' lang='lat' dir='ltr'><strong>omnes,</strong></span> <span class='ocrx_word' id='word_1_128' title='bbox 1130 1459 1224 1530; x_wconf 91' lang='lat' dir='ltr'><strong>qui</strong></span> <span class='ocrx_word' id='word_1_129' title='bbox 1247 1462 1528 1517; x_wconf 88' lang='lat' dir='ltr'><strong>corruunt,</strong></span> <span class='ocrx_word' id='word_1_130' title='bbox 1554 1461 1611 1508; x_wconf 89' lang='lat' dir='ltr'><strong>et</strong></span> <span class='ocrx_word' id='word_1_131' title='bbox 1630 1452 1794 1522; x_wconf 83' lang='lat' dir='ltr'><strong>erigit</strong></span> <span class='ocrx_word' id='word_1_132' title='bbox 1811 1465 2004 1505; x_wconf 88' lang='lat' dir='ltr'><strong>omnes</strong></span> <span class='ocrx_word' id='word_1_133' title='bbox 2022 1447 2207 1502; x_wconf 87' lang='lat' dir='ltr'><strong>elisos.</strong></span> 
     </span>
    </p>
   </div>
   <div class='ocr_carea' id='block_1_18' title="bbox 606 1541 2211 1622">
    <p class='ocr_par' dir='ltr' id='par_1_18' title="bbox 606 1541 2211 1622">
     <span class='ocr_line' id='line_1_18' title="bbox 606 1541 2211 1622; baseline -0.017 -4"><span class='ocrx_word' id='word_1_134' title='bbox 606 1559 766 1619; x_wconf 88' lang='lat' dir='ltr'><strong>Oculi</strong></span> <span class='ocrx_word' id='word_1_135' title='bbox 778 1556 1020 1615; x_wconf 87' lang='lat' dir='ltr'><strong>omnium</strong></span> <span class='ocrx_word' id='word_1_136' title='bbox 1038 1553 1094 1609; x_wconf 88' lang='lat' dir='ltr'><strong>in</strong></span> <span class='ocrx_word' id='word_1_137' title='bbox 1115 1562 1169 1607; x_wconf 86' lang='lat' dir='ltr'><strong>te</strong></span> <span class='ocrx_word' id='word_1_138' title='bbox 1188 1555 1429 1622; x_wconf 87' lang='lat' dir='ltr'><strong>sperant,</strong></span> <span class='ocrx_word' id='word_1_139' title='bbox 1449 1546 1679 1600; x_wconf 86' lang='lat' dir='ltr'><strong>Domine</strong></span> <span class='ocrx_word' id='word_1_140' title='bbox 1705 1558 1720 1596; x_wconf 89' lang='lat'>:</span> <span class='ocrx_word' id='word_1_141' title='bbox 1746 1551 1800 1597; x_wconf 90' lang='lat' dir='ltr'><strong>et</strong></span> <span class='ocrx_word' id='word_1_142' title='bbox 1828 1550 1884 1596; x_wconf 92' lang='lat' dir='ltr'><strong>tu</strong></span> <span class='ocrx_word' id='word_1_143' title='bbox 1909 1541 2007 1596; x_wconf 90' lang='lat' dir='ltr'><strong>das</strong></span> <span class='ocrx_word' id='word_1_144' title='bbox 2028 1554 2211 1594; x_wconf 87' lang='lat' dir='ltr'><strong>escam</strong></span> 
     </span>
    </p>
   </div>
   <div class='ocr_carea' id='block_1_19' title="bbox 611 1636 2212 1715">
    <p class='ocr_par' dir='ltr' id='par_1_19' title="bbox 611 1636 2212 1715">
     <span class='ocr_line' id='line_1_19' title="bbox 611 1636 2212 1715; baseline -0.016 -5"><span class='ocrx_word' id='word_1_145' title='bbox 611 1654 827 1709; x_wconf 88' lang='lat' dir='ltr'><strong>illorum</strong></span> <span class='ocrx_word' id='word_1_146' title='bbox 877 1651 932 1705; x_wconf 93' lang='lat' dir='ltr'><strong>in</strong></span> <span class='ocrx_word' id='word_1_147' title='bbox 990 1656 1231 1715; x_wconf 87' lang='lat' dir='ltr'><strong>tempore</strong></span> <span class='ocrx_word' id='word_1_148' title='bbox 1277 1648 1602 1712; x_wconf 80' lang='lat' dir='ltr'><strong>Opportuno.</strong></span> <span class='ocrx_word' id='word_1_149' title='bbox 1646 1636 1841 1707; x_wconf 82' lang='lat' dir='ltr'><strong>Aperis</strong></span> <span class='ocrx_word' id='word_1_150' title='bbox 1881 1642 1939 1689; x_wconf 92' lang='lat' dir='ltr'><strong>tu</strong></span> <span class='ocrx_word' id='word_1_151' title='bbox 1992 1647 2212 1688; x_wconf 90' lang='lat' dir='ltr'><strong>manum</strong></span> 
     </span>
    </p>
   </div>
   <div class='ocr_carea' id='block_1_20' title="bbox 619 1723 2213 1809">
    <p class='ocr_par' dir='ltr' id='par_1_20' title="bbox 619 1723 2213 1809">
     <span class='ocr_line' id='line_1_20' title="bbox 619 1723 2213 1809; baseline -0.014 -8"><span class='ocrx_word' id='word_1_152' title='bbox 619 1756 768 1803; x_wconf 84' lang='lat' dir='ltr'><strong>tuam</strong></span> <span class='ocrx_word' id='word_1_153' title='bbox 797 1760 811 1797; x_wconf 90' lang='lat'>:</span> <span class='ocrx_word' id='word_1_154' title='bbox 850 1750 909 1796; x_wconf 91' lang='lat' dir='ltr'><strong>et</strong></span> <span class='ocrx_word' id='word_1_155' title='bbox 941 1738 1133 1809; x_wconf 85' lang='lat' dir='ltr'><strong>imples</strong></span> <span class='ocrx_word' id='word_1_156' title='bbox 1155 1750 1318 1792; x_wconf 91' lang='lat' dir='ltr'><strong>omne</strong></span> <span class='ocrx_word' id='word_1_157' title='bbox 1356 1730 1555 1787; x_wconf 88' lang='lat' dir='ltr'><strong>animal</strong></span> <span class='ocrx_word' id='word_1_158' title='bbox 1599 1727 1996 1784; x_wconf 86' lang='lat' dir='ltr'><strong>benedictione.</strong></span> <span class='ocrx_word' id='word_1_159' title='bbox 2024 1723 2213 1780; x_wconf 87' lang='lat' dir='ltr'><strong>Justus</strong></span> 
     </span>
    </p>
   </div>
   <div class='ocr_carea' id='block_1_21' title="bbox 614 1814 2286 1889">
    <p class='ocr_par' dir='ltr' id='par_1_21' title="bbox 614 1814 2286 1889">
     <span class='ocr_line' id='line_1_21' title="bbox 614 1814 2286 1889; baseline -0.014 1"><span class='ocrx_word' id='word_1_160' title='bbox 614 1833 875 1889; x_wconf 91' lang='lat' dir='ltr'><strong>Dominus</strong></span> <span class='ocrx_word' id='word_1_161' title='bbox 918 1829 973 1884; x_wconf 92' lang='lat' dir='ltr'><strong>in</strong></span> <span class='ocrx_word' id='word_1_162' title='bbox 1003 1827 1256 1884; x_wconf 89' lang='lat' dir='ltr'><strong>omnibus</strong></span> <span class='ocrx_word' id='word_1_163' title='bbox 1293 1823 1398 1877; x_wconf 88' lang='lat' dir='ltr'><strong>viis</strong></span> <span class='ocrx_word' id='word_1_164' title='bbox 1426 1821 1542 1877; x_wconf 89' lang='lat' dir='ltr'><strong>suis</strong></span> <span class='ocrx_word' id='word_1_165' title='bbox 1568 1838 1580 1873; x_wconf 94' lang='lat'>:</span> <span class='ocrx_word' id='word_1_166' title='bbox 1616 1828 1672 1876; x_wconf 90' lang='lat' dir='ltr'><strong>et</strong></span> <span class='ocrx_word' id='word_1_167' title='bbox 1699 1828 1919 1874; x_wconf 85' lang='lat' dir='ltr'><strong>sanctus</strong></span> <span class='ocrx_word' id='word_1_168' title='bbox 1948 1818 2002 1872; x_wconf 93' lang='lat' dir='ltr'><strong>in</strong></span> <span class='ocrx_word' id='word_1_169' title='bbox 2031 1814 2207 1871; x_wconf 85' lang='lat' dir='ltr'><strong>omni-</strong></span> <span class='ocrx_word' id='word_1_170' title='bbox 2237 1814 2286 1873; x_wconf 86' lang='grc' dir='ltr'><strong>Β</strong></span> 
     </span>
    </p>
   </div>
   <div class='ocr_carea' id='block_1_22' title="bbox 613 1909 2216 1993">
    <p class='ocr_par' dir='ltr' id='par_1_22' title="bbox 613 1909 2216 1993">
     <span class='ocr_line' id='line_1_22' title="bbox 613 1909 2216 1993; baseline -0.011 -13"><span class='ocrx_word' id='word_1_171' title='bbox 613 1926 715 1980; x_wconf 90' lang='lat' dir='ltr'><strong>bus</strong></span> <span class='ocrx_word' id='word_1_172' title='bbox 736 1924 992 1993; x_wconf 88' lang='lat' dir='ltr'><strong>operibus</strong></span> <span class='ocrx_word' id='word_1_173' title='bbox 1020 1919 1152 1975; x_wconf 90' lang='lat' dir='ltr'><strong>suis.</strong></span> <span class='ocrx_word' id='word_1_174' title='bbox 1184 1918 1359 1986; x_wconf 80' lang='lat' dir='ltr'><strong>Prope</strong></span> <span class='ocrx_word' id='word_1_175' title='bbox 1382 1923 1467 1970; x_wconf 90' lang='lat' dir='ltr'><strong>est</strong></span> <span class='ocrx_word' id='word_1_176' title='bbox 1496 1913 1757 1969; x_wconf 89' lang='lat' dir='ltr'><strong>Dominus</strong></span> <span class='ocrx_word' id='word_1_177' title='bbox 1780 1910 2033 1967; x_wconf 87' lang='lat' dir='ltr'><strong>omnibus</strong></span> <span class='ocrx_word' id='word_1_178' title='bbox 2067 1909 2216 1964; x_wconf 85' lang='lat' dir='ltr'><strong>invo-</strong></span> 
     </span>
    </p>
   </div>
   <div class='ocr_carea' id='block_1_23' title="bbox 616 2003 2211 2070">
    <p class='ocr_par' dir='ltr' id='par_1_23' title="bbox 616 2003 2211 2070">
     <span class='ocr_line' id='line_1_23' title="bbox 616 2003 2211 2070; baseline -0.008 0"><span class='ocrx_word' id='word_1_179' title='bbox 616 2015 870 2070; x_wconf 83' lang='lat' dir='ltr'><strong>cantibus</strong></span> <span class='ocrx_word' id='word_1_180' title='bbox 888 2027 1015 2069; x_wconf 89' lang='lat' dir='ltr'><strong>eum</strong></span> <span class='ocrx_word' id='word_1_181' title='bbox 1034 2030 1047 2066; x_wconf 89' lang='lat'><strong>:</strong></span> <span class='ocrx_word' id='word_1_182' title='bbox 1067 2010 1320 2067; x_wconf 90' lang='lat' dir='ltr'><strong>omnibus</strong></span> <span class='ocrx_word' id='word_1_183' title='bbox 1345 2006 1723 2062; x_wconf 87' lang='lat' dir='ltr'><strong>invocantibus</strong></span> <span class='ocrx_word' id='word_1_184' title='bbox 1743 2021 1865 2060; x_wconf 89' lang='lat' dir='ltr'><strong>eum</strong></span> <span class='ocrx_word' id='word_1_185' title='bbox 1884 2004 1940 2059; x_wconf 92' lang='lat' dir='ltr'><strong>in</strong></span> <span class='ocrx_word' id='word_1_186' title='bbox 1963 2003 2211 2058; x_wconf 85' lang='lat' dir='ltr'><strong>veritate.</strong></span> 
     </span>
    </p>
   </div>
   <div class='ocr_carea' id='block_1_24' title="bbox 622 2098 2215 2166">
    <p class='ocr_par' dir='ltr' id='par_1_24' title="bbox 622 2098 2215 2166">
     <span class='ocr_line' id='line_1_24' title="bbox 622 2098 2215 2166; baseline -0.009 -1"><span class='ocrx_word' id='word_1_187' title='bbox 622 2108 970 2165; x_wconf 80' lang='lat' dir='ltr'><strong>Voluntatem</strong></span> <span class='ocrx_word' id='word_1_188' title='bbox 1026 2103 1333 2159; x_wconf 89' lang='lat' dir='ltr'><strong>timentium</strong></span> <span class='ocrx_word' id='word_1_189' title='bbox 1380 2115 1440 2155; x_wconf 89' lang='lat' dir='ltr'><strong>se</strong></span> <span class='ocrx_word' id='word_1_190' title='bbox 1468 2098 1650 2165; x_wconf 82' lang='lat' dir='ltr'><strong>faciet,</strong></span> <span class='ocrx_word' id='word_1_191' title='bbox 1679 2106 1734 2154; x_wconf 90' lang='lat' dir='ltr'><strong>et</strong></span> <span class='ocrx_word' id='word_1_192' title='bbox 1778 2098 2215 2166; x_wconf 85' lang='lat' dir='ltr'><strong>deprecationem</strong></span> 
     </span>
    </p>
   </div>
   <div class='ocr_carea' id='block_1_25' title="bbox 614 2186 2220 2259">
    <p class='ocr_par' dir='ltr' id='par_1_25' title="bbox 614 2186 2220 2259">
     <span class='ocr_line' id='line_1_25' title="bbox 614 2186 2220 2259; baseline -0.012 0"><span class='ocrx_word' id='word_1_193' title='bbox 614 2215 807 2259; x_wconf 85' lang='lat' dir='ltr'><strong>eorum</strong></span> <span class='ocrx_word' id='word_1_194' title='bbox 835 2197 1125 2253; x_wconf 84' lang='lat' dir='ltr'><strong>exaudiet:</strong></span> <span class='ocrx_word' id='word_1_195' title='bbox 1152 2202 1208 2251; x_wconf 91' lang='lat' dir='ltr'><strong>et</strong></span> <span class='ocrx_word' id='word_1_196' title='bbox 1235 2192 1413 2249; x_wconf 88' lang='lat' dir='ltr'><strong>salvos</strong></span> <span class='ocrx_word' id='word_1_197' title='bbox 1442 2190 1607 2247; x_wconf 79' lang='lat' dir='ltr'><strong>faciet</strong></span> <span class='ocrx_word' id='word_1_198' title='bbox 1626 2205 1739 2245; x_wconf 91' lang='lat' dir='ltr'><strong>eos.</strong></span> <span class='ocrx_word' id='word_1_199' title='bbox 1770 2189 2022 2244; x_wconf 83' lang='lat' dir='ltr'><strong>Custodit</strong></span> <span class='ocrx_word' id='word_1_200' title='bbox 2039 2186 2220 2241; x_wconf 90' lang='lat' dir='ltr'><strong>Domi-</strong></span> 
     </span>
    </p>
   </div>
   <div class='ocr_carea' id='block_1_26' title="bbox 614 2278 2216 2357">
    <p class='ocr_par' dir='ltr' id='par_1_26' title="bbox 614 2278 2216 2357">
     <span class='ocr_line' id='line_1_26' title="bbox 614 2278 2216 2357; baseline -0.009 -9"><span class='ocrx_word' id='word_1_201' title='bbox 614 2301 721 2348; x_wconf 78' lang='lat' dir='ltr'><strong>nus</strong></span> <span class='ocrx_word' id='word_1_202' title='bbox 749 2304 938 2345; x_wconf 90' lang='lat' dir='ltr'><strong>omnes</strong></span> <span class='ocrx_word' id='word_1_203' title='bbox 988 2286 1272 2357; x_wconf 79' lang='lat' dir='ltr'><strong>diligentes</strong></span> <span class='ocrx_word' id='word_1_204' title='bbox 1292 2299 1391 2340; x_wconf 89' lang='lat' dir='ltr'><strong>se:</strong></span> <span class='ocrx_word' id='word_1_205' title='bbox 1428 2290 1484 2339; x_wconf 91' lang='lat' dir='ltr'><strong>et</strong></span> <span class='ocrx_word' id='word_1_206' title='bbox 1520 2296 1711 2337; x_wconf 89' lang='lat' dir='ltr'><strong>omnes</strong></span> <span class='ocrx_word' id='word_1_207' title='bbox 1739 2290 2059 2350; x_wconf 89' lang='lat' dir='ltr'><strong>peccatores</strong></span> <span class='ocrx_word' id='word_1_208' title='bbox 2104 2278 2216 2333; x_wconf 84' lang='lat' dir='ltr'><strong>dis-</strong></span> 
     </span>
    </p>
   </div>
   <div class='ocr_carea' id='block_1_27' title="bbox 614 2373 2218 2455">
    <p class='ocr_par' dir='ltr' id='par_1_27' title="bbox 614 2373 2218 2455">
     <span class='ocr_line' id='line_1_27' title="bbox 614 2373 2218 2455; baseline -0.01 -15"><span class='ocrx_word' id='word_1_209' title='bbox 614 2384 825 2455; x_wconf 88' lang='lat' dir='ltr'><strong>perdet.</strong></span> <span class='ocrx_word' id='word_1_210' title='bbox 853 2378 1243 2437; x_wconf 86' lang='lat' dir='ltr'><strong>Laudationem</strong></span> <span class='ocrx_word' id='word_1_211' title='bbox 1273 2375 1487 2431; x_wconf 87' lang='lat' dir='ltr'><strong>Domini</strong></span> <span class='ocrx_word' id='word_1_212' title='bbox 1528 2373 1780 2444; x_wconf 88' lang='lat' dir='ltr'><strong>loquetur</strong></span> <span class='ocrx_word' id='word_1_213' title='bbox 1827 2388 1890 2426; x_wconf 88' lang='lat' dir='ltr'><strong>os</strong></span> <span class='ocrx_word' id='word_1_214' title='bbox 1918 2385 2127 2426; x_wconf 87' lang='lat' dir='ltr'><strong>meum:</strong></span> <span class='ocrx_word' id='word_1_215' title='bbox 2159 2379 2218 2427; x_wconf 89' lang='lat' dir='ltr'><strong>et</strong></span> 
     </span>
    </p>
   </div>
   <div class='ocr_carea' id='block_1_28' title="bbox 620 2464 2215 2535">
    <p class='ocr_par' dir='ltr' id='par_1_28' title="bbox 620 2464 2215 2535">
     <span class='ocr_line' id='line_1_28' title="bbox 620 2464 2215 2535; baseline -0.008 -5"><span class='ocrx_word' id='word_1_216' title='bbox 620 2472 906 2531; x_wconf 89' lang='lat' dir='ltr'><strong>benedicat</strong></span> <span class='ocrx_word' id='word_1_217' title='bbox 923 2470 1101 2527; x_wconf 88' lang='lat' dir='ltr'><strong>omnis</strong></span> <span class='ocrx_word' id='word_1_218' title='bbox 1123 2484 1252 2525; x_wconf 91' lang='lat' dir='ltr'><strong>caro</strong></span> <span class='ocrx_word' id='word_1_219' title='bbox 1273 2467 1478 2525; x_wconf 90' lang='lat' dir='ltr'><strong>nomini</strong></span> <span class='ocrx_word' id='word_1_220' title='bbox 1506 2474 1697 2522; x_wconf 87' lang='lat' dir='ltr'><strong>sancto</strong></span> <span class='ocrx_word' id='word_1_221' title='bbox 1712 2464 1828 2535; x_wconf 87' lang='lat' dir='ltr'><strong>ejus</strong></span> <span class='ocrx_word' id='word_1_222' title='bbox 1859 2466 1913 2518; x_wconf 90' lang='lat' dir='ltr'><strong>in</strong></span> <span class='ocrx_word' id='word_1_223' title='bbox 1934 2464 2215 2529; x_wconf 71' lang='lat' dir='ltr'><strong>szeculum,</strong></span> 
     </span>
    </p>
   </div>
   <div class='ocr_carea' id='block_1_29' title="bbox 627 2563 1611 2625">
    <p class='ocr_par' dir='ltr' id='par_1_29' title="bbox 627 2563 1611 2625">
     <span class='ocr_line' id='line_1_29' title="bbox 627 2563 1611 2625; baseline -0.008 -4"><span class='ocrx_word' id='word_1_224' title='bbox 627 2580 679 2623; x_wconf 77' lang='lat' dir='ltr'><strong>et</strong></span> <span class='ocrx_word' id='word_1_225' title='bbox 706 2569 759 2622; x_wconf 89' lang='lat' dir='ltr'><strong>in</strong></span> <span class='ocrx_word' id='word_1_226' title='bbox 790 2565 1046 2622; x_wconf 68' lang='lat' dir='ltr'><strong>smeulum</strong></span> <span class='ocrx_word' id='word_1_227' title='bbox 1078 2563 1282 2619; x_wconf 61' lang='lat' dir='ltr'><strong>saeculi.</strong></span> <span class='ocrx_word' id='word_1_228' title='bbox 1604 2618 1611 2625; x_wconf 62' lang='grc'><em>,</em></span> 
     </span>
    </p>
   </div>
   <div class='ocr_carea' id='block_1_30' title="bbox 695 2652 2223 2729">
    <p class='ocr_par' dir='ltr' id='par_1_30' title="bbox 695 2652 2223 2729">
     <span class='ocr_line' id='line_1_30' title="bbox 695 2652 2223 2729; baseline -0.005 -18"><span class='ocrx_word' id='word_1_229' title='bbox 695 2658 765 2713; x_wconf 78' lang='lat' dir='ltr'><strong>Ut</strong></span> <span class='ocrx_word' id='word_1_230' title='bbox 792 2674 974 2729; x_wconf 79' lang='lat' dir='ltr'><strong>supra.</strong></span> <span class='ocrx_word' id='word_1_231' title='bbox 1004 2655 1148 2711; x_wconf 85' lang='lat' dir='ltr'><strong>Misit</strong></span> <span class='ocrx_word' id='word_1_232' title='bbox 1174 2655 1243 2711; x_wconf 87' lang='lat' dir='ltr'><strong>de</strong></span> <span class='ocrx_word' id='word_1_233' title='bbox 1264 2668 1500 2721; x_wconf 87' lang='lat' dir='ltr'><strong>summo,</strong></span> <span class='ocrx_word' id='word_1_234' title='bbox 1528 2661 1585 2707; x_wconf 89' lang='lat' dir='ltr'><strong>et</strong></span> <span class='ocrx_word' id='word_1_235' title='bbox 1606 2652 1816 2721; x_wconf 84' lang='lat' dir='ltr'><strong>accepit</strong></span> <span class='ocrx_word' id='word_1_236' title='bbox 1837 2667 1924 2706; x_wconf 86' lang='lat' dir='ltr'><strong>me</strong></span> <span class='ocrx_word' id='word_1_237' title='bbox 1956 2668 1968 2704; x_wconf 92' lang='lat'>:</span> <span class='ocrx_word' id='word_1_238' title='bbox 2012 2664 2223 2705; x_wconf 85' lang='lat' dir='ltr'><strong>assum-</strong></span> 
     </span>
    </p>
   </div>
   <div class='ocr_carea' id='block_1_31' title="bbox 620 2743 2222 2823">
    <p class='ocr_par' dir='ltr' id='par_1_31' title="bbox 620 2743 2222 2823">
     <span class='ocr_line' id='line_1_31' title="bbox 620 2743 2222 2823; baseline -0.006 -14"><span class='ocrx_word' id='word_1_239' title='bbox 620 2753 730 2823; x_wconf 88' lang='lat' dir='ltr'><strong>psit</strong></span> <span class='ocrx_word' id='word_1_240' title='bbox 759 2767 845 2807; x_wconf 89' lang='lat' dir='ltr'><strong>me</strong></span> <span class='ocrx_word' id='word_1_241' title='bbox 870 2750 937 2805; x_wconf 90' lang='lat' dir='ltr'><strong>de</strong></span> <span class='ocrx_word' id='word_1_242' title='bbox 960 2749 1116 2820; x_wconf 80' lang='lat' dir='ltr'><strong>aquis</strong></span> <span class='ocrx_word' id='word_1_243' title='bbox 1140 2747 1346 2804; x_wconf 82' lang='lat' dir='ltr'><strong>multis.</strong></span> <span class='ocrx_word' id='word_1_244' title='bbox 1371 2745 1587 2816; x_wconf 84' lang='lat' dir='ltr'><strong>Eripuit</strong></span> <span class='ocrx_word' id='word_1_245' title='bbox 1608 2760 1693 2801; x_wconf 87' lang='lat' dir='ltr'><strong>me</strong></span> <span class='ocrx_word' id='word_1_246' title='bbox 1721 2743 1791 2800; x_wconf 92' lang='lat' dir='ltr'><strong>de</strong></span> <span class='ocrx_word' id='word_1_247' title='bbox 1822 2744 2061 2800; x_wconf 88' lang='lat' dir='ltr'><strong>inimicis</strong></span> <span class='ocrx_word' id='word_1_248' title='bbox 2081 2744 2222 2799; x_wconf 85' lang='lat' dir='ltr'><strong>meis</strong></span> 
     </span>
    </p>
   </div>
   <div class='ocr_carea' id='block_1_32' title="bbox 620 2835 2218 2908">
    <p class='ocr_par' dir='ltr' id='par_1_32' title="bbox 620 2835 2218 2908">
     <span class='ocr_line' id='line_1_32' title="bbox 620 2835 2218 2908; baseline -0.008 -7"><span class='ocrx_word' id='word_1_249' title='bbox 620 2842 957 2908; x_wconf 84' lang='lat' dir='ltr'><strong>fortissimis,</strong></span> <span class='ocrx_word' id='word_1_250' title='bbox 1016 2849 1073 2895; x_wconf 94' lang='lat' dir='ltr'><strong>et</strong></span> <span class='ocrx_word' id='word_1_251' title='bbox 1128 2841 1197 2895; x_wconf 91' lang='lat' dir='ltr'><strong>ab</strong></span> <span class='ocrx_word' id='word_1_252' title='bbox 1251 2839 1337 2894; x_wconf 87' lang='lat' dir='ltr'><strong>his</strong></span> <span class='ocrx_word' id='word_1_253' title='bbox 1392 2839 1485 2908; x_wconf 92' lang='lat' dir='ltr'><strong>qui</strong></span> <span class='ocrx_word' id='word_1_254' title='bbox 1528 2837 1761 2894; x_wconf 90' lang='lat' dir='ltr'><strong>oderunt</strong></span> <span class='ocrx_word' id='word_1_255' title='bbox 1810 2849 1915 2899; x_wconf 93' lang='lat' dir='ltr'><strong>me,</strong></span> <span class='ocrx_word' id='word_1_256' title='bbox 1961 2835 2218 2905; x_wconf 86' lang='lat' dir='ltr'><strong>quoniam</strong></span> 
     </span>
    </p>
   </div>
   <div class='ocr_carea' id='block_1_33' title="bbox 622 2922 2223 3009">
    <p class='ocr_par' dir='ltr' id='par_1_33' title="bbox 622 2922 2223 3009">
     <span class='ocr_line' id='line_1_33' title="bbox 622 2922 2223 3009; baseline -0.007 -19"><span class='ocrx_word' id='word_1_257' title='bbox 622 2934 738 3009; x_wconf 73' lang='lat'><strong>86</strong></span> <span class='ocrx_word' id='word_1_258' title='bbox 761 2929 1054 2989; x_wconf 81' lang='lat' dir='ltr'><strong>confortati</strong></span> <span class='ocrx_word' id='word_1_259' title='bbox 1092 2938 1222 2986; x_wconf 86' lang='lat' dir='ltr'><strong>sunt</strong></span> <span class='ocrx_word' id='word_1_260' title='bbox 1265 2944 1431 2999; x_wconf 88' lang='lat' dir='ltr'><strong>super</strong></span> <span class='ocrx_word' id='word_1_261' title='bbox 1468 2941 1575 2983; x_wconf 89' lang='lat' dir='ltr'><strong>me.</strong></span> <span class='ocrx_word' id='word_1_262' title='bbox 1616 2925 2003 2981; x_wconf 69' lang='lat' dir='ltr'><strong>Przevenerunt</strong></span> <span class='ocrx_word' id='word_1_263' title='bbox 2029 2939 2119 2979; x_wconf 92' lang='lat' dir='ltr'><strong>me</strong></span> <span class='ocrx_word' id='word_1_264' title='bbox 2162 2922 2223 2978; x_wconf 87' lang='lat' dir='ltr'><strong>in</strong></span> 
     </span>
    </p>
   </div>
   <div class='ocr_carea' id='block_1_34' title="bbox 624 3016 2225 3087">
    <p class='ocr_par' dir='ltr' id='par_1_34' title="bbox 624 3016 2225 3087">
     <span class='ocr_line' id='line_1_34' title="bbox 624 3016 2225 3087; baseline -0.007 -4"><span class='ocrx_word' id='word_1_265' title='bbox 624 3028 712 3083; x_wconf 88' lang='lat' dir='ltr'><strong>die</strong></span> <span class='ocrx_word' id='word_1_266' title='bbox 734 3023 1037 3081; x_wconf 83' lang='lat' dir='ltr'><strong>alliictionis</strong></span> <span class='ocrx_word' id='word_1_267' title='bbox 1068 3035 1221 3087; x_wconf 65' lang='lat' dir='ltr'><strong>meae,</strong></span> <span class='ocrx_word' id='word_1_268' title='bbox 1253 3029 1311 3075; x_wconf 91' lang='lat' dir='ltr'><strong>et</strong></span> <span class='ocrx_word' id='word_1_269' title='bbox 1346 3018 1521 3074; x_wconf 87' lang='lat' dir='ltr'><strong>factus</strong></span> <span class='ocrx_word' id='word_1_270' title='bbox 1544 3026 1628 3074; x_wconf 91' lang='lat' dir='ltr'><strong>est</strong></span> <span class='ocrx_word' id='word_1_271' title='bbox 1654 3016 1916 3073; x_wconf 86' lang='lat' dir='ltr'><strong>Dominus</strong></span> <span class='ocrx_word' id='word_1_272' title='bbox 1946 3024 2225 3086; x_wconf 75' lang='lat' dir='ltr'><strong>protector</strong></span> 
     </span>
    </p>
   </div>
   <div class='ocr_carea' id='block_1_35' title="bbox 629 3132 802 3173">
    <p class='ocr_par' dir='ltr' id='par_1_35' title="bbox 629 3132 802 3173">
     <span class='ocr_line' id='line_1_35' title="bbox 629 3132 802 3173; baseline -0.029 0"><span class='ocrx_word' id='word_1_273' title='bbox 629 3132 802 3173; x_wconf 88' lang='lat' dir='ltr'><strong>meus.</strong></span> 
     </span>
    </p>
   </div>
   <div class='ocr_carea' id='block_1_36' title="bbox 698 3198 2298 3275">
    <p class='ocr_par' dir='ltr' id='par_1_36' title="bbox 698 3198 2298 3275">
     <span class='ocr_line' id='line_1_36' title="bbox 698 3198 2298 3275; baseline -0.007 -12"><span class='ocrx_word' id='word_1_274' title='bbox 698 3208 903 3263; x_wconf 81' lang='lat' dir='ltr'><strong>Oratio.</strong></span> <span class='ocrx_word' id='word_1_275' title='bbox 966 3205 1240 3275; x_wconf 75' lang='lat' dir='ltr'><strong>Regnator</strong></span> <span class='ocrx_word' id='word_1_276' title='bbox 1297 3202 1539 3259; x_wconf 91' lang='lat' dir='ltr'><strong>omnium</strong></span> <span class='ocrx_word' id='word_1_277' title='bbox 1597 3201 1940 3266; x_wconf 63' lang='lat' dir='ltr'><strong>saeculorum,</strong></span> <span class='ocrx_word' id='word_1_278' title='bbox 1970 3198 2220 3263; x_wconf 86' lang='lat' dir='ltr'><strong>Domine,</strong></span> <span class='ocrx_word' id='word_1_279' title='bbox 2252 3212 2298 3275; x_wconf 72' lang='grc' dir='ltr'>ο</span> 
     </span>
    </p>
   </div>
   <div class='ocr_carea' id='block_1_37' title="bbox 626 3290 2227 3371">
    <p class='ocr_par' dir='ltr' id='par_1_37' title="bbox 626 3290 2227 3371">
     <span class='ocr_line' id='line_1_37' title="bbox 626 3290 2227 3371; baseline -0.007 -15"><span class='ocrx_word' id='word_1_280' title='bbox 626 3301 719 3371; x_wconf 90' lang='lat' dir='ltr'><strong>qui</strong></span> <span class='ocrx_word' id='word_1_281' title='bbox 740 3299 1074 3370; x_wconf 89' lang='lat' dir='ltr'><strong>spiritualem</strong></span> <span class='ocrx_word' id='word_1_282' title='bbox 1114 3296 1294 3351; x_wconf 89' lang='lat' dir='ltr'><strong>cibum</strong></span> <span class='ocrx_word' id='word_1_283' title='bbox 1319 3294 1466 3348; x_wconf 89' lang='lat' dir='ltr'><strong>omni</strong></span> <span class='ocrx_word' id='word_1_284' title='bbox 1494 3293 1688 3348; x_wconf 69' lang='lat' dir='ltr'><strong>anima:</strong></span> <span class='ocrx_word' id='word_1_285' title='bbox 1713 3300 2019 3362; x_wconf 86' lang='lat' dir='ltr'><strong>opportuno</strong></span> <span class='ocrx_word' id='word_1_286' title='bbox 2065 3290 2227 3345; x_wconf 89' lang='lat' dir='ltr'><strong>mini-</strong></span> 
     </span>
    </p>
   </div>
   <div class='ocr_carea' id='block_1_38' title="bbox 627 3382 2227 3458">
    <p class='ocr_par' dir='ltr' id='par_1_38' title="bbox 627 3382 2227 3458">
     <span class='ocr_line' id='line_1_38' title="bbox 627 3382 2227 3458; baseline -0.005 -12"><span class='ocrx_word' id='word_1_287' title='bbox 627 3400 771 3447; x_wconf 87' lang='lat' dir='ltr'><strong>stras</strong></span> <span class='ocrx_word' id='word_1_288' title='bbox 798 3390 852 3445; x_wconf 90' lang='lat' dir='ltr'><strong>in</strong></span> <span class='ocrx_word' id='word_1_289' title='bbox 877 3399 1116 3458; x_wconf 86' lang='lat' dir='ltr'><strong>tempore</strong></span> <span class='ocrx_word' id='word_1_290' title='bbox 1143 3405 1154 3439; x_wconf 89' lang='lat'><strong>:</strong></span> <span class='ocrx_word' id='word_1_291' title='bbox 1185 3384 1422 3443; x_wconf 86' lang='lat' dir='ltr'><strong>concede</strong></span> <span class='ocrx_word' id='word_1_292' title='bbox 1450 3384 1604 3438; x_wconf 87' lang='lat' dir='ltr'><strong>nobis</strong></span> <span class='ocrx_word' id='word_1_293' title='bbox 1648 3392 1701 3438; x_wconf 92' lang='lat' dir='ltr'><strong>te</strong></span> <span class='ocrx_word' id='word_1_294' title='bbox 1727 3382 2114 3454; x_wconf 82' lang='lat' dir='ltr'><strong>perpetualiter</strong></span> <span class='ocrx_word' id='word_1_295' title='bbox 2137 3383 2227 3438; x_wconf 91' lang='lat' dir='ltr'><strong>be-</strong></span> 
     </span>
    </p>
   </div>
   <div class='ocr_carea' id='block_1_39' title="bbox 628 3475 2226 3551">
    <p class='ocr_par' dir='ltr' id='par_1_39' title="bbox 628 3475 2226 3551">
     <span class='ocr_line' id='line_1_39' title="bbox 628 3475 2226 3551; baseline -0.008 -10"><span class='ocrx_word' id='word_1_296' title='bbox 628 3486 901 3549; x_wconf 90' lang='lat' dir='ltr'><strong>nedicere,</strong></span> <span class='ocrx_word' id='word_1_297' title='bbox 957 3492 1212 3551; x_wconf 88' lang='lat' dir='ltr'><strong>tuamque</strong></span> <span class='ocrx_word' id='word_1_298' title='bbox 1263 3478 1562 3551; x_wconf 88' lang='lat' dir='ltr'><strong>potentiam</strong></span> <span class='ocrx_word' id='word_1_299' title='bbox 1616 3492 1741 3531; x_wconf 89' lang='lat' dir='ltr'><strong>cum</strong></span> <span class='ocrx_word' id='word_1_300' title='bbox 1789 3477 1979 3531; x_wconf 86' lang='lat' dir='ltr'><strong>electis</strong></span> <span class='ocrx_word' id='word_1_301' title='bbox 2023 3476 2132 3531; x_wconf 90' lang='lat' dir='ltr'><strong>tuis</strong></span> <span class='ocrx_word' id='word_1_302' title='bbox 2161 3475 2226 3529; x_wconf 85' lang='lat' dir='ltr'><strong>fi-</strong></span> 
     </span>
    </p>
   </div>
   <div class='ocr_carea' id='block_1_40' title="bbox 599 3568 2228 3634">
    <p class='ocr_par' dir='ltr' id='par_1_40' title="bbox 599 3568 2228 3634">
     <span class='ocr_line' id='line_1_40' title="bbox 599 3568 2228 3634; baseline -0.006 0"><span class='ocrx_word' id='word_1_303' title='bbox 599 3571 917 3634; x_wconf 60' lang='lat' dir='ltr'><strong>&#39;dueialiter</strong></span> <span class='ocrx_word' id='word_1_304' title='bbox 957 3577 1217 3632; x_wconf 79' lang='lat' dir='ltr'><strong>exaltare.</strong></span> <span class='ocrx_word' id='word_1_305' title='bbox 1262 3573 1365 3629; x_wconf 80' lang='lat' dir='ltr'><strong>Per</strong></span> <span class='ocrx_word' id='word_1_306' title='bbox 1411 3573 1698 3628; x_wconf 90' lang='lat' dir='ltr'><strong>Dominum</strong></span> <span class='ocrx_word' id='word_1_307' title='bbox 1750 3581 1997 3625; x_wconf 89' lang='lat' dir='ltr'><strong>nostrum</strong></span> <span class='ocrx_word' id='word_1_308' title='bbox 2040 3568 2228 3626; x_wconf 81' lang='lat' dir='ltr'><strong>Jesum</strong></span> 
     </span>
    </p>
   </div>
   <div class='ocr_carea' id='block_1_41' title="bbox 634 3675 935 3730">
    <p class='ocr_par' dir='ltr' id='par_1_41' title="bbox 634 3675 935 3730">
     <span class='ocr_line' id='line_1_41' title="bbox 634 3675 935 3730; baseline -0.013 0"><span class='ocrx_word' id='word_1_309' title='bbox 634 3675 935 3730; x_wconf 88' lang='lat' dir='ltr'><strong>Christum.</strong></span> 
     </span>
    </p>
   </div>
   <div class='ocr_carea' id='block_1_42' title="bbox 703 3762 2226 3843">
    <p class='ocr_par' dir='ltr' id='par_1_42' title="bbox 703 3762 2226 3843">
     <span class='ocr_line' id='line_1_42' title="bbox 703 3762 2226 3843; baseline -0.007 -16"><span class='ocrx_word' id='word_1_310' title='bbox 703 3768 1026 3843; x_wconf 78' lang='lat' dir='ltr'><strong>Capitulum.</strong></span> <span class='ocrx_word' id='word_1_311' title='bbox 1052 3768 1317 3824; x_wconf 86' lang='lat' dir='ltr'><strong>Liberasti</strong></span> <span class='ocrx_word' id='word_1_312' title='bbox 1353 3782 1470 3829; x_wconf 87' lang='lat' dir='ltr'><strong>nos,</strong></span> <span class='ocrx_word' id='word_1_313' title='bbox 1498 3766 1745 3830; x_wconf 87' lang='lat' dir='ltr'><strong>Domine,</strong></span> <span class='ocrx_word' id='word_1_314' title='bbox 1775 3778 1840 3819; x_wconf 81' lang='lat' dir='ltr'><strong>ex</strong></span> <span class='ocrx_word' id='word_1_315' title='bbox 1866 3762 2226 3833; x_wconf 83' lang='lat' dir='ltr'><strong>aﬂligentibus</strong></span> 
     </span>
    </p>
   </div>
   <div class='ocr_carea' id='block_1_43' title="bbox 631 3846 2222 3929">
    <p class='ocr_par' dir='ltr' id='par_1_43' title="bbox 631 3846 2222 3929">
     <span class='ocr_line' id='line_1_43' title="bbox 631 3846 2222 3929; baseline -0.008 -9"><span class='ocrx_word' id='word_1_316' title='bbox 631 3878 754 3928; x_wconf 84' lang='lat' dir='ltr'><strong>nos,</strong></span> <span class='ocrx_word' id='word_1_317' title='bbox 782 3870 839 3918; x_wconf 89' lang='lat' dir='ltr'><strong>et</strong></span> <span class='ocrx_word' id='word_1_318' title='bbox 874 3876 986 3922; x_wconf 85' lang='lat' dir='ltr'><strong>eos,</strong></span> <span class='ocrx_word' id='word_1_319' title='bbox 1021 3861 1112 3929; x_wconf 89' lang='lat' dir='ltr'><strong>qui</strong></span> <span class='ocrx_word' id='word_1_320' title='bbox 1150 3874 1249 3914; x_wconf 93' lang='lat' dir='ltr'><strong>nos</strong></span> <span class='ocrx_word' id='word_1_321' title='bbox 1282 3858 1531 3923; x_wconf 89' lang='lat' dir='ltr'><strong>oderunt,</strong></span> <span class='ocrx_word' id='word_1_322' title='bbox 1581 3846 1893 3912; x_wconf 78' lang='lat' dir='ltr'><strong>confudisti.</strong></span> <span class='ocrx_word' id='word_1_323' title='bbox 1923 3854 2065 3908; x_wconf 86' lang='lat' dir='ltr'><strong>Laus</strong></span> <span class='ocrx_word' id='word_1_324' title='bbox 2107 3854 2222 3915; x_wconf 64' lang='lat' dir='ltr'><strong>tiizi,</strong></span> 
     </span>
    </p>
   </div>
   <div class='ocr_carea' id='block_1_44' title="bbox 629 3949 1475 4021">
    <p class='ocr_par' dir='ltr' id='par_1_44' title="bbox 629 3949 1475 4021">
     <span class='ocr_line' id='line_1_44' title="bbox 629 3949 1475 4021; baseline -0.012 -9"><span class='ocrx_word' id='word_1_325' title='bbox 629 3953 861 4012; x_wconf 85' lang='lat' dir='ltr'><strong>Domine</strong></span> <span class='ocrx_word' id='word_1_326' title='bbox 890 3951 1004 4007; x_wconf 82' lang='lat' dir='ltr'><strong>Rex</strong></span> <span class='ocrx_word' id='word_1_327' title='bbox 1028 3960 1245 4007; x_wconf 59' lang='lat' dir='ltr'><strong>aeternae</strong></span> <span class='ocrx_word' id='word_1_328' title='bbox 1269 3949 1475 4021; x_wconf 84' lang='lat' dir='ltr'><strong>gloriae.</strong></span> 
     </span>
    </p>
   </div>
   <div class='ocr_carea' id='block_1_45' title="bbox 1167 4076 1693 4120">
    <p class='ocr_par' dir='ltr' id='par_1_45' title="bbox 1167 4076 1693 4120">
     <span class='ocr_line' id='line_1_45' title="bbox 1167 4076 1693 4120; baseline -0.015 0"><span class='ocrx_word' id='word_1_329' title='bbox 1167 4077 1481 4120; x_wconf 67' lang='lat' dir='ltr'><strong>GRA&#39;I&#39;IARUI</strong></span> <span class='ocrx_word' id='word_1_330' title='bbox 1516 4076 1693 4117; x_wconf 74' lang='grc' dir='ltr'><strong>Αετιο.</strong></span> 
     </span>
    </p>
   </div>
   <div class='ocr_carea' id='block_1_46' title="bbox 702 4171 2228 4253">
    <p class='ocr_par' dir='ltr' id='par_1_46' title="bbox 702 4171 2228 4253">
     <span class='ocr_line' id='line_1_46' title="bbox 702 4171 2228 4253; baseline -0.009 -14"><span class='ocrx_word' id='word_1_331' title='bbox 702 4180 824 4239; x_wconf 81' lang='lat' dir='ltr'><strong>Tibi</strong></span> <span class='ocrx_word' id='word_1_332' title='bbox 850 4178 1155 4253; x_wconf 86' lang='lat' dir='ltr'><strong>agolaudes</strong></span> <span class='ocrx_word' id='word_1_333' title='bbox 1176 4186 1231 4232; x_wconf 93' lang='lat' dir='ltr'><strong>et</strong></span> <span class='ocrx_word' id='word_1_334' title='bbox 1250 4175 1473 4249; x_wconf 88' lang='lat' dir='ltr'><strong>gratias,</strong></span> <span class='ocrx_word' id='word_1_335' title='bbox 1496 4173 1641 4229; x_wconf 91' lang='lat' dir='ltr'><strong>Deus</strong></span> <span class='ocrx_word' id='word_1_336' title='bbox 1658 4188 1827 4237; x_wconf 90' lang='lat' dir='ltr'><strong>meus,</strong></span> <span class='ocrx_word' id='word_1_337' title='bbox 1853 4171 2228 4227; x_wconf 87' lang='lat' dir='ltr'><strong>misericordia</strong></span> 
     </span>
    </p>
   </div>
   <div class='ocr_carea' id='block_1_47' title="bbox 634 4264 2231 4346">
    <p class='ocr_par' dir='ltr' id='par_1_47' title="bbox 634 4264 2231 4346">
     <span class='ocr_line' id='line_1_47' title="bbox 634 4264 2231 4346; baseline -0.01 -13"><span class='ocrx_word' id='word_1_338' title='bbox 634 4291 774 4340; x_wconf 89' lang='lat' dir='ltr'><strong>mea,</strong></span> <span class='ocrx_word' id='word_1_339' title='bbox 801 4275 892 4346; x_wconf 89' lang='lat' dir='ltr'><strong>qui</strong></span> <span class='ocrx_word' id='word_1_340' title='bbox 921 4289 1008 4329; x_wconf 91' lang='lat' dir='ltr'><strong>me</strong></span> <span class='ocrx_word' id='word_1_341' title='bbox 1037 4274 1104 4327; x_wconf 92' lang='lat' dir='ltr'><strong>ad</strong></span> <span class='ocrx_word' id='word_1_342' title='bbox 1128 4279 1281 4325; x_wconf 86' lang='lat' dir='ltr'><strong>tuam</strong></span> <span class='ocrx_word' id='word_1_343' title='bbox 1308 4267 1672 4339; x_wconf 88' lang='lat' dir='ltr'><strong>cognitionem</strong></span> <span class='ocrx_word' id='word_1_344' title='bbox 1695 4264 2013 4335; x_wconf 85' lang='lat' dir='ltr'><strong>perducere,</strong></span> <span class='ocrx_word' id='word_1_345' title='bbox 2041 4272 2098 4317; x_wconf 92' lang='lat' dir='ltr'><strong>et</strong></span> <span class='ocrx_word' id='word_1_346' title='bbox 2133 4278 2231 4333; x_wconf 88' lang='lat' dir='ltr'><strong>per</strong></span> 
     </span>
    </p>
   </div>
   <div class='ocr_carea' id='block_1_48' title="bbox 634 4354 2230 4433">
    <p class='ocr_par' dir='ltr' id='par_1_48' title="bbox 634 4354 2230 4433">
     <span class='ocr_line' id='line_1_48' title="bbox 634 4354 2230 4433; baseline -0.008 -10"><span class='ocrx_word' id='word_1_347' title='bbox 634 4367 780 4423; x_wconf 85' lang='lat' dir='ltr'><strong>sacri</strong></span> <span class='ocrx_word' id='word_1_348' title='bbox 829 4380 915 4420; x_wconf 91' lang='lat' dir='ltr'><strong>me</strong></span> <span class='ocrx_word' id='word_1_349' title='bbox 952 4359 1297 4433; x_wconf 86' lang='lat' dir='ltr'><strong>baptismatis</strong></span> <span class='ocrx_word' id='word_1_350' title='bbox 1335 4356 1665 4413; x_wconf 86' lang='lat' dir='ltr'><strong>ablutionem</strong></span> <span class='ocrx_word' id='word_1_351' title='bbox 1720 4356 1861 4410; x_wconf 90' lang='lat' dir='ltr'><strong>inter</strong></span> <span class='ocrx_word' id='word_1_352' title='bbox 1917 4354 2230 4425; x_wconf 87' lang='lat' dir='ltr'><strong>adoptionis</strong></span> 
     </span>
    </p>
   </div>
   <div class='ocr_carea' id='block_1_49' title="bbox 634 4448 2234 4527">
    <p class='ocr_par' dir='ltr' id='par_1_49' title="bbox 634 4448 2234 4527">
     <span class='ocr_line' id='line_1_49' title="bbox 634 4448 2234 4527; baseline -0.008 -12"><span class='ocrx_word' id='word_1_353' title='bbox 634 4464 743 4517; x_wconf 53' lang='lat' dir='ltr'><strong>tum</strong></span> <span class='ocrx_word' id='word_1_354' title='bbox 769 4458 906 4514; x_wconf 83' lang='lat' dir='ltr'><strong>filios</strong></span> <span class='ocrx_word' id='word_1_355' title='bbox 941 4469 1235 4527; x_wconf 85' lang='lat' dir='ltr'><strong>aggregare</strong></span> <span class='ocrx_word' id='word_1_356' title='bbox 1263 4453 1515 4522; x_wconf 84' lang='lat' dir='ltr'><strong>dignatus</strong></span> <span class='ocrx_word' id='word_1_357' title='bbox 1543 4466 1623 4505; x_wconf 87' lang='lat' dir='ltr'><strong>es.</strong></span> <span class='ocrx_word' id='word_1_358' title='bbox 1666 4448 1788 4505; x_wconf 88' lang='lat' dir='ltr'><strong>Tibi</strong></span> <span class='ocrx_word' id='word_1_359' title='bbox 1815 4464 1917 4521; x_wconf 86' lang='lat' dir='ltr'><strong>ago</strong></span> <span class='ocrx_word' id='word_1_360' title='bbox 1964 4448 2151 4504; x_wconf 89' lang='lat' dir='ltr'><strong>laudes</strong></span> <span class='ocrx_word' id='word_1_361' title='bbox 2178 4457 2234 4503; x_wconf 91' lang='lat' dir='ltr'><strong>et</strong></span> 
     </span>
    </p>
   </div>
   <div class='ocr_carea' id='block_1_50' title="bbox 636 4541 2312 4643">
    <p class='ocr_par' dir='ltr' id='par_1_50' title="bbox 636 4541 2312 4643">
     <span class='ocr_line' id='line_1_50' title="bbox 636 4541 2312 4643; baseline -0.008 -35"><span class='ocrx_word' id='word_1_362' title='bbox 636 4554 857 4623; x_wconf 88' lang='lat' dir='ltr'><strong>gratias,</strong></span> <span class='ocrx_word' id='word_1_363' title='bbox 886 4550 980 4622; x_wconf 89' lang='lat' dir='ltr'><strong>qui</strong></span> <span class='ocrx_word' id='word_1_364' title='bbox 1007 4564 1095 4603; x_wconf 90' lang='lat' dir='ltr'><strong>me</strong></span> <span class='ocrx_word' id='word_1_365' title='bbox 1120 4549 1189 4602; x_wconf 90' lang='lat' dir='ltr'><strong>ab</strong></span> <span class='ocrx_word' id='word_1_366' title='bbox 1220 4546 1351 4617; x_wconf 90' lang='lat' dir='ltr'><strong>ipsis</strong></span> <span class='ocrx_word' id='word_1_367' title='bbox 1398 4543 1722 4599; x_wconf 90' lang='lat' dir='ltr'><strong>rudimentis</strong></span> <span class='ocrx_word' id='word_1_368' title='bbox 1766 4541 2009 4598; x_wconf 72' lang='lat' dir='ltr'><strong>infantia:</strong></span> <span class='ocrx_word' id='word_1_369' title='bbox 2057 4557 2230 4612; x_wconf 89' lang='lat' dir='ltr'><strong>usque</strong></span> <span class='ocrx_word' id='word_1_370' title='bbox 2265 4583 2312 4643; x_wconf 66' lang='grc' dir='ltr'>υ</span> 
     </span>
    </p>
   </div>
   <div class='ocr_carea' id='block_1_51' title="bbox 636 4632 2230 4710">
    <p class='ocr_par' dir='ltr' id='par_1_51' title="bbox 636 4632 2230 4710">
     <span class='ocr_line' id='line_1_51' title="bbox 636 4632 2230 4710; baseline -0.006 -13"><span class='ocrx_word' id='word_1_371' title='bbox 636 4645 705 4699; x_wconf 88' lang='lat' dir='ltr'><strong>ad</strong></span> <span class='ocrx_word' id='word_1_372' title='bbox 734 4644 875 4697; x_wconf 89' lang='lat' dir='ltr'><strong>hanc</strong></span> <span class='ocrx_word' id='word_1_373' title='bbox 903 4642 1094 4695; x_wconf 89' lang='lat' dir='ltr'><strong>horam</strong></span> <span class='ocrx_word' id='word_1_374' title='bbox 1114 4652 1212 4710; x_wconf 89' lang='lat' dir='ltr'><strong>per</strong></span> <span class='ocrx_word' id='word_1_375' title='bbox 1232 4636 1401 4690; x_wconf 86' lang='lat' dir='ltr'><strong>multa</strong></span> <span class='ocrx_word' id='word_1_376' title='bbox 1428 4633 1750 4689; x_wconf 83' lang='lat' dir='ltr'><strong>deﬂuentem</strong></span> <span class='ocrx_word' id='word_1_377' title='bbox 1775 4632 1928 4697; x_wconf 88' lang='lat' dir='ltr'><strong>vitia,</strong></span> <span class='ocrx_word' id='word_1_378' title='bbox 1952 4646 2230 4687; x_wconf 76' lang='lat' dir='ltr'><strong>immensa:</strong></span> 
     </span>
    </p>
   </div>
   <div class='ocr_carea' id='block_1_52' title="bbox 635 4725 2230 4801">
    <p class='ocr_par' dir='ltr' id='par_1_52' title="bbox 635 4725 2230 4801">
     <span class='ocr_line' id='line_1_52' title="bbox 635 4725 2230 4801; baseline -0.009 -10"><span class='ocrx_word' id='word_1_379' title='bbox 635 4734 896 4791; x_wconf 87' lang='lat' dir='ltr'><strong>bonitatis</strong></span> <span class='ocrx_word' id='word_1_380' title='bbox 935 4740 1043 4788; x_wconf 76' lang='lat' dir='ltr'><strong>tua:</strong></span> <span class='ocrx_word' id='word_1_381' title='bbox 1067 4729 1328 4801; x_wconf 89' lang='lat' dir='ltr'><strong>patientia</strong></span> <span class='ocrx_word' id='word_1_382' title='bbox 1357 4726 1423 4782; x_wconf 90' lang='lat' dir='ltr'><strong>ad</strong></span> <span class='ocrx_word' id='word_1_383' title='bbox 1461 4725 1897 4781; x_wconf 90' lang='lat' dir='ltr'><strong>emendationem</strong></span> <span class='ocrx_word' id='word_1_384' title='bbox 1925 4735 2230 4795; x_wconf 77' lang='lat' dir='ltr'><strong>exspectas.</strong></span> 
     </span>
    </p>
   </div>
   <div class='ocr_carea' id='block_1_53' title="bbox 635 4815 2240 4894">
    <p class='ocr_par' dir='ltr' id='par_1_53' title="bbox 635 4815 2240 4894">
     <span class='ocr_line' id='line_1_53' title="bbox 635 4815 2240 4894; baseline -0.006 -13"><span class='ocrx_word' id='word_1_385' title='bbox 635 4826 714 4881; x_wconf 88' lang='lat' dir='ltr'><strong>Te</strong></span> <span class='ocrx_word' id='word_1_386' title='bbox 745 4824 903 4881; x_wconf 90' lang='lat' dir='ltr'><strong>laudo</strong></span> <span class='ocrx_word' id='word_1_387' title='bbox 950 4832 1005 4879; x_wconf 90' lang='lat' dir='ltr'><strong>et</strong></span> <span class='ocrx_word' id='word_1_388' title='bbox 1024 4819 1411 4894; x_wconf 79' lang='lat' dir='ltr'><strong>gloriﬁco,qui</strong></span> <span class='ocrx_word' id='word_1_389' title='bbox 1461 4832 1549 4873; x_wconf 92' lang='lat' dir='ltr'><strong>me</strong></span> <span class='ocrx_word' id='word_1_390' title='bbox 1594 4816 1893 4886; x_wconf 65' lang='lat' dir='ltr'><strong>saepissime</strong></span> <span class='ocrx_word' id='word_1_391' title='bbox 1938 4817 2006 4871; x_wconf 91' lang='lat' dir='ltr'><strong>de</strong></span> <span class='ocrx_word' id='word_1_392' title='bbox 2050 4815 2240 4871; x_wconf 91' lang='lat' dir='ltr'><strong>multis</strong></span> 
     </span>
    </p>
   </div>
   <div class='ocr_carea' id='block_1_54' title="bbox 636 4906 2234 4981">
    <p class='ocr_par' dir='ltr' id='par_1_54' title="bbox 636 4906 2234 4981">
     <span class='ocr_line' id='line_1_54' title="bbox 636 4906 2234 4981; baseline -0.005 -12"><span class='ocrx_word' id='word_1_393' title='bbox 636 4912 1082 4971; x_wconf 88' lang='lat' dir='ltr'><strong>tribulationibus</strong></span> <span class='ocrx_word' id='word_1_394' title='bbox 1105 4920 1162 4967; x_wconf 91' lang='lat' dir='ltr'><strong>et</strong></span> <span class='ocrx_word' id='word_1_395' title='bbox 1194 4908 1483 4981; x_wconf 88' lang='lat' dir='ltr'><strong>angustiis,</strong></span> <span class='ocrx_word' id='word_1_396' title='bbox 1512 4906 1920 4962; x_wconf 85' lang='lat' dir='ltr'><strong>calamitatibus</strong></span> <span class='ocrx_word' id='word_1_397' title='bbox 1971 4915 2027 4961; x_wconf 87' lang='lat' dir='ltr'><strong>et</strong></span> <span class='ocrx_word' id='word_1_398' title='bbox 2073 4907 2234 4962; x_wconf 82' lang='lat' dir='ltr'><strong>mise-</strong></span> 
     </span>
    </p>
   </div>
   <div class='ocr_carea' id='block_1_55' title="bbox 639 5000 2233 5076">
    <p class='ocr_par' dir='ltr' id='par_1_55' title="bbox 639 5000 2233 5076">
     <span class='ocr_line' id='line_1_55' title="bbox 639 5000 2233 5076; baseline -0.008 -11"><span class='ocrx_word' id='word_1_399' title='bbox 639 5012 737 5065; x_wconf 87' lang='lat' dir='ltr'><strong>riis</strong></span> <span class='ocrx_word' id='word_1_400' title='bbox 763 5005 1027 5070; x_wconf 90' lang='lat' dir='ltr'><strong>liberasti,</strong></span> <span class='ocrx_word' id='word_1_401' title='bbox 1057 5005 1148 5076; x_wconf 85' lang='lat' dir='ltr'><strong>qui</strong></span> <span class='ocrx_word' id='word_1_402' title='bbox 1178 5018 1263 5057; x_wconf 92' lang='lat' dir='ltr'><strong>mc</strong></span> <span class='ocrx_word' id='word_1_403' title='bbox 1292 5004 1551 5057; x_wconf 82' lang='lat' dir='ltr'><strong>hactenus</strong></span> <span class='ocrx_word' id='word_1_404' title='bbox 1589 5001 1656 5054; x_wconf 87' lang='lat' dir='ltr'><strong>de</strong></span> <span class='ocrx_word' id='word_1_405' title='bbox 1694 5000 1912 5054; x_wconf 63' lang='lat' dir='ltr'><strong>aeternis</strong></span> <span class='ocrx_word' id='word_1_406' title='bbox 1935 5000 2233 5070; x_wconf 89' lang='lat' dir='ltr'><strong>suppliciis,</strong></span> 
     </span>
    </p>
   </div>
   <div class='ocr_carea' id='block_1_56' title="bbox 643 5089 2237 5171">
    <p class='ocr_par' dir='ltr' id='par_1_56' title="bbox 643 5089 2237 5171">
     <span class='ocr_line' id='line_1_56' title="bbox 643 5089 2237 5171; baseline -0.009 -14"><span class='ocrx_word' id='word_1_407' title='bbox 643 5104 710 5157; x_wconf 92' lang='lat' dir='ltr'><strong>de</strong></span> <span class='ocrx_word' id='word_1_408' title='bbox 743 5094 986 5171; x_wconf 85' lang='lat' dir='ltr'><strong>corporis</strong></span> <span class='ocrx_word' id='word_1_409' title='bbox 1007 5096 1167 5167; x_wconf 81' lang='lat' dir='ltr'><strong>hujus</strong></span> <span class='ocrx_word' id='word_1_410' title='bbox 1188 5092 1522 5149; x_wconf 89' lang='lat' dir='ltr'><strong>cruciatibus</strong></span> <span class='ocrx_word' id='word_1_411' title='bbox 1557 5092 1827 5145; x_wconf 82' lang='lat' dir='ltr'><strong>exemisti.</strong></span> <span class='ocrx_word' id='word_1_412' title='bbox 1857 5090 1899 5143; x_wconf 84' lang='grc' dir='ltr'>Τ</span> <span class='ocrx_word' id='word_1_413' title='bbox 1905 5106 1934 5144; x_wconf 91' lang='lat' dir='ltr'><strong>e</strong></span> <span class='ocrx_word' id='word_1_414' title='bbox 1986 5089 2147 5145; x_wconf 87' lang='lat' dir='ltr'><strong>laudo</strong></span> <span class='ocrx_word' id='word_1_415' title='bbox 2184 5099 2237 5144; x_wconf 89' lang='lat' dir='ltr'><strong>et</strong></span> 
     </span>
    </p>
   </div>
   <div class='ocr_carea' id='block_1_57' title="bbox 641 5182 2239 5266">
    <p class='ocr_par' dir='ltr' id='par_1_57' title="bbox 641 5182 2239 5266">
     <span class='ocr_line' id='line_1_57' title="bbox 641 5182 2239 5266; baseline -0.007 -21"><span class='ocrx_word' id='word_1_416' title='bbox 641 5190 904 5266; x_wconf 80' lang='lat' dir='ltr'><strong>glorifico,</strong></span> <span class='ocrx_word' id='word_1_417' title='bbox 937 5187 1030 5258; x_wconf 94' lang='lat' dir='ltr'><strong>qui</strong></span> <span class='ocrx_word' id='word_1_418' title='bbox 1054 5186 1185 5241; x_wconf 87' lang='lat' dir='ltr'><strong>mibi</strong></span> <span class='ocrx_word' id='word_1_419' title='bbox 1210 5184 1530 5255; x_wconf 85' lang='lat' dir='ltr'><strong>sospitatem</strong></span> <span class='ocrx_word' id='word_1_420' title='bbox 1551 5182 1944 5243; x_wconf 89' lang='lat' dir='ltr'><strong>membrorum,</strong></span> <span class='ocrx_word' id='word_1_421' title='bbox 1979 5182 2239 5252; x_wconf 82' lang='lat' dir='ltr'><strong>tranquil-</strong></span> 
     </span>
    </p>
   </div>
   <div class='ocr_carea' id='block_1_58' title="bbox 640 5273 2237 5351">
    <p class='ocr_par' dir='ltr' id='par_1_58' title="bbox 640 5273 2237 5351">
     <span class='ocr_line' id='line_1_58' title="bbox 640 5273 2237 5351; baseline -0.009 -10"><span class='ocrx_word' id='word_1_422' title='bbox 640 5289 848 5341; x_wconf 85' lang='lat' dir='ltr'><strong>litatem</strong></span> <span class='ocrx_word' id='word_1_423' title='bbox 881 5291 1207 5351; x_wconf 88' lang='lat' dir='ltr'><strong>temporum,</strong></span> <span class='ocrx_word' id='word_1_424' title='bbox 1229 5287 1284 5331; x_wconf 91' lang='lat' dir='ltr'><strong>et</strong></span> <span class='ocrx_word' id='word_1_425' title='bbox 1327 5278 1610 5340; x_wconf 83' lang='lat' dir='ltr'><strong>honorem,</strong></span> <span class='ocrx_word' id='word_1_426' title='bbox 1641 5273 1890 5330; x_wconf 73' lang='lat' dir='ltr'><strong>affectum</strong></span> <span class='ocrx_word' id='word_1_427' title='bbox 1916 5285 1971 5328; x_wconf 91' lang='lat' dir='ltr'><strong>ct</strong></span> <span class='ocrx_word' id='word_1_428' title='bbox 1998 5275 2237 5329; x_wconf 78' lang='lat' dir='ltr'><strong>charito-</strong></span> 
     </span>
    </p>
   </div>
   <div class='ocr_carea' id='block_1_59' title="bbox 644 5364 2229 5443">
    <p class='ocr_par' dir='ltr' id='par_1_59' title="bbox 644 5364 2229 5443">
     <span class='ocr_line' id='line_1_59' title="bbox 644 5364 2229 5443; baseline -0.009 -12"><span class='ocrx_word' id='word_1_429' title='bbox 644 5388 791 5433; x_wconf 87' lang='lat' dir='ltr'><strong>tem:</strong></span> <span class='ocrx_word' id='word_1_430' title='bbox 832 5375 1013 5443; x_wconf 84' lang='lat' dir='ltr'><strong>siqua</strong></span> <span class='ocrx_word' id='word_1_431' title='bbox 1060 5370 1225 5425; x_wconf 81' lang='lat' dir='ltr'><strong>etiam</strong></span> <span class='ocrx_word' id='word_1_432' title='bbox 1269 5369 1407 5421; x_wconf 89' lang='lat' dir='ltr'><strong>dona</strong></span> <span class='ocrx_word' id='word_1_433' title='bbox 1438 5375 1565 5421; x_wconf 88' lang='lat' dir='ltr'><strong>sunt</strong></span> <span class='ocrx_word' id='word_1_434' title='bbox 1611 5365 1663 5418; x_wconf 92' lang='lat' dir='ltr'><strong>in</strong></span> <span class='ocrx_word' id='word_1_435' title='bbox 1704 5381 1790 5419; x_wconf 89' lang='lat' dir='ltr'><strong>me</strong></span> <span class='ocrx_word' id='word_1_436' title='bbox 1842 5374 1944 5419; x_wconf 75' lang='lat' dir='ltr'><strong>tua:</strong></span> <span class='ocrx_word' id='word_1_437' title='bbox 1988 5364 2229 5434; x_wconf 73' lang='lat' dir='ltr'><strong>pietatis,</strong></span> 
     </span>
    </p>
   </div>
   <div class='ocr_carea' id='block_1_60' title="bbox 642 5456 2236 5532">
    <p class='ocr_par' dir='ltr' id='par_1_60' title="bbox 642 5456 2236 5532">
     <span class='ocr_line' id='line_1_60' title="bbox 642 5456 2236 5532; baseline -0.008 -11"><span class='ocrx_word' id='word_1_438' title='bbox 642 5467 889 5523; x_wconf 84' lang='lat' dir='ltr'><strong>conferre</strong></span> <span class='ocrx_word' id='word_1_439' title='bbox 912 5464 1163 5532; x_wconf 87' lang='lat' dir='ltr'><strong>dignatus</strong></span> <span class='ocrx_word' id='word_1_440' title='bbox 1183 5475 1263 5513; x_wconf 87' lang='lat' dir='ltr'><strong>es.</strong></span> <span class='ocrx_word' id='word_1_441' title='bbox 1289 5458 1501 5524; x_wconf 81' lang='lat' dir='ltr'><strong>Quaeso,</strong></span> <span class='ocrx_word' id='word_1_442' title='bbox 1547 5458 1774 5511; x_wconf 89' lang='lat' dir='ltr'><strong>Domine</strong></span> <span class='ocrx_word' id='word_1_443' title='bbox 1822 5456 1985 5520; x_wconf 90' lang='lat' dir='ltr'><strong>Deus,</strong></span> <span class='ocrx_word' id='word_1_444' title='bbox 2038 5456 2236 5511; x_wconf 69' lang='lat' dir='ltr'><strong>inzesti-</strong></span> 
     </span>
    </p>
   </div>
   <div class='ocr_carea' id='block_1_61' title="bbox 644 5546 2236 5613">
    <p class='ocr_par' dir='ltr' id='par_1_61' title="bbox 644 5546 2236 5613">
     <span class='ocr_line' id='line_1_61' title="bbox 644 5546 2236 5613; baseline -0.007 -1"><span class='ocrx_word' id='word_1_445' title='bbox 644 5557 897 5613; x_wconf 72' lang='lat' dir='ltr'><strong>mobilem</strong></span> <span class='ocrx_word' id='word_1_446' title='bbox 948 5551 1232 5609; x_wconf 84' lang='lat' dir='ltr'><strong>suavitatis</strong></span> <span class='ocrx_word' id='word_1_447' title='bbox 1295 5557 1401 5604; x_wconf 74' lang='lat' dir='ltr'><strong>tua:</strong></span> <span class='ocrx_word' id='word_1_448' title='bbox 1456 5546 1829 5612; x_wconf 85' lang='lat' dir='ltr'><strong>clementiam;</strong></span> <span class='ocrx_word' id='word_1_449' title='bbox 1886 5556 1945 5601; x_wconf 90' lang='lat' dir='ltr'><strong>ut</strong></span> <span class='ocrx_word' id='word_1_450' title='bbox 1981 5547 2236 5602; x_wconf 88' lang='lat' dir='ltr'><strong>inchoata</strong></span> 
     </span>
    </p>
   </div>
   <div class='ocr_carea' id='block_1_62' title="bbox 642 5640 2232 5716">
    <p class='ocr_par' dir='ltr' id='par_1_62' title="bbox 642 5640 2232 5716">
     <span class='ocr_line' id='line_1_62' title="bbox 642 5640 2232 5716; baseline -0.007 -12"><span class='ocrx_word' id='word_1_451' title='bbox 642 5650 698 5704; x_wconf 89' lang='lat' dir='ltr'><strong>in</strong></span> <span class='ocrx_word' id='word_1_452' title='bbox 724 5662 810 5703; x_wconf 90' lang='lat' dir='ltr'><strong>me</strong></span> <span class='ocrx_word' id='word_1_453' title='bbox 841 5648 979 5702; x_wconf 89' lang='lat' dir='ltr'><strong>bona</strong></span> <span class='ocrx_word' id='word_1_454' title='bbox 1008 5644 1279 5716; x_wconf 80' lang='lat' dir='ltr'><strong>perﬁcias.</strong></span> <span class='ocrx_word' id='word_1_455' title='bbox 1310 5640 1581 5712; x_wconf 84' lang='lat' dir='ltr'><strong>Quidquid</strong></span> <span class='ocrx_word' id='word_1_456' title='bbox 1613 5640 1666 5694; x_wconf 89' lang='lat' dir='ltr'><strong>in</strong></span> <span class='ocrx_word' id='word_1_457' title='bbox 1707 5657 1791 5695; x_wconf 88' lang='lat' dir='ltr'><strong>me</strong></span> <span class='ocrx_word' id='word_1_458' title='bbox 1819 5642 1911 5696; x_wconf 88' lang='lat' dir='ltr'><strong>tibi</strong></span> <span class='ocrx_word' id='word_1_459' title='bbox 1967 5641 2232 5711; x_wconf 71' lang='lat' dir='ltr'><strong>displicet,</strong></span> 
     </span>
    </p>
   </div>
   <div class='ocr_carea' id='block_1_63' title="bbox 716 5777 1611 5852">
    <p class='ocr_par' dir='ltr' id='par_1_63' title="bbox 716 5777 1611 5852">
     <span class='ocr_line' id='line_1_63' title="bbox 716 5777 1611 5852; baseline -0.013 -11"><span class='ocrx_word' id='word_1_460' title='bbox 716 5795 744 5827; x_wconf 81' lang='grc' dir='ltr'>ι</span> <span class='ocrx_word' id='word_1_461' title='bbox 770 5781 1025 5852; x_wconf 63' lang='lat' dir='ltr'><strong>Martem,</strong></span> <span class='ocrx_word' id='word_1_462' title='bbox 1053 5782 1155 5837; x_wconf 84' lang='lat' dir='ltr'><strong>loc.</strong></span> <span class='ocrx_word' id='word_1_463' title='bbox 1185 5781 1303 5845; x_wconf 84' lang='lat' dir='ltr'><strong>cit.,</strong></span> <span class='ocrx_word' id='word_1_464' title='bbox 1335 5793 1457 5847; x_wconf 84' lang='lat' dir='ltr'><strong>pag.</strong></span> <span class='ocrx_word' id='word_1_465' title='bbox 1484 5777 1611 5831; x_wconf 68' lang='grc'><strong>(39.4.</strong></span> 
     </span>
    </p>
   </div>
   <div class='ocr_carea' id='block_1_64' title="bbox 2303 787 3923 869">
    <p class='ocr_par' dir='ltr' id='par_1_64' title="bbox 2303 787 3923 869">
     <span class='ocr_line' id='line_1_64' title="bbox 2303 787 3923 869; baseline -0.014 -11"><span class='ocrx_word' id='word_1_466' title='bbox 2303 802 2408 857; x_wconf 86' lang='lat' dir='ltr'><strong>hoc</strong></span> <span class='ocrx_word' id='word_1_467' title='bbox 2462 801 2683 864; x_wconf 88' lang='lat' dir='ltr'><strong>mundo,</strong></span> <span class='ocrx_word' id='word_1_468' title='bbox 2734 798 3054 869; x_wconf 87' lang='lat' dir='ltr'><strong>priusquam</strong></span> <span class='ocrx_word' id='word_1_469' title='bbox 3100 792 3380 849; x_wconf 87' lang='lat' dir='ltr'><strong>emendari</strong></span> <span class='ocrx_word' id='word_1_470' title='bbox 3434 790 3648 845; x_wconf 86' lang='lat' dir='ltr'><strong>studeat</strong></span> <span class='ocrx_word' id='word_1_471' title='bbox 3706 787 3767 840; x_wconf 91' lang='lat' dir='ltr'><strong>in</strong></span> <span class='ocrx_word' id='word_1_472' title='bbox 3823 792 3923 837; x_wconf 88' lang='lat' dir='ltr'><strong>tua</strong></span> 
     </span>
    </p>
   </div>
   <div class='ocr_carea' id='block_1_65' title="bbox 2308 880 3920 956">
    <p class='ocr_par' dir='ltr' id='par_1_65' title="bbox 2308 880 3920 956">
     <span class='ocr_line' id='line_1_65' title="bbox 2308 880 3920 956; baseline -0.011 -9"><span class='ocrx_word' id='word_1_473' title='bbox 2308 895 2602 949; x_wconf 82' lang='lat' dir='ltr'><strong>voluntate.</strong></span> <span class='ocrx_word' id='word_1_474' title='bbox 2636 890 2784 945; x_wconf 85' lang='lat' dir='ltr'><strong>Inter</strong></span> <span class='ocrx_word' id='word_1_475' title='bbox 2811 890 3041 944; x_wconf 87' lang='lat' dir='ltr'><strong>adversa</strong></span> <span class='ocrx_word' id='word_1_476' title='bbox 3071 901 3158 941; x_wconf 89' lang='lat' dir='ltr'><strong>me</strong></span> <span class='ocrx_word' id='word_1_477' title='bbox 3183 894 3238 940; x_wconf 89' lang='lat' dir='ltr'><strong>et</strong></span> <span class='ocrx_word' id='word_1_478' title='bbox 3263 898 3527 956; x_wconf 90' lang='lat' dir='ltr'><strong>prospera</strong></span> <span class='ocrx_word' id='word_1_479' title='bbox 3555 880 3920 951; x_wconf 85' lang='lat' dir='ltr'><strong>gradientem</strong></span> 
     </span>
    </p>
   </div>
   <div class='ocr_carea' id='block_1_66' title="bbox 2306 969 3929 1055">
    <p class='ocr_par' dir='ltr' id='par_1_66' title="bbox 2306 969 3929 1055">
     <span class='ocr_line' id='line_1_66' title="bbox 2306 969 3929 1055; baseline -0.011 -14"><span class='ocrx_word' id='word_1_480' title='bbox 2306 1000 2524 1055; x_wconf 87' lang='lat' dir='ltr'><strong>semper</strong></span> <span class='ocrx_word' id='word_1_481' title='bbox 2550 990 2607 1038; x_wconf 87' lang='lat' dir='ltr'><strong>et</strong></span> <span class='ocrx_word' id='word_1_482' title='bbox 2630 982 2833 1053; x_wconf 88' lang='lat' dir='ltr'><strong>ubique</strong></span> <span class='ocrx_word' id='word_1_483' title='bbox 2852 980 3130 1036; x_wconf 89' lang='lat' dir='ltr'><strong>custodias</strong></span> <span class='ocrx_word' id='word_1_484' title='bbox 3158 991 3173 1031; x_wconf 87' lang='lat'><strong>:</strong></span> <span class='ocrx_word' id='word_1_485' title='bbox 3204 984 3264 1031; x_wconf 86' lang='lat' dir='ltr'><strong>et</strong></span> <span class='ocrx_word' id='word_1_486' title='bbox 3288 975 3356 1029; x_wconf 89' lang='lat' dir='ltr'><strong>ad</strong></span> <span class='ocrx_word' id='word_1_487' title='bbox 3407 986 3511 1029; x_wconf 67' lang='lat' dir='ltr'><strong>tua:</strong></span> <span class='ocrx_word' id='word_1_488' title='bbox 3552 987 3639 1027; x_wconf 89' lang='lat' dir='ltr'><strong>me</strong></span> <span class='ocrx_word' id='word_1_489' title='bbox 3677 969 3929 1024; x_wconf 86' lang='lat' dir='ltr'><strong>visionis</strong></span> 
     </span>
    </p>
   </div>
   <div class='ocr_carea' id='block_1_67' title="bbox 2308 1067 3618 1145">
    <p class='ocr_par' dir='ltr' id='par_1_67' title="bbox 2308 1067 3618 1145">
     <span class='ocr_line' id='line_1_67' title="bbox 2308 1067 3618 1145; baseline -0.011 -12"><span class='ocrx_word' id='word_1_490' title='bbox 2308 1079 2506 1134; x_wconf 89' lang='lat' dir='ltr'><strong>iterata</strong></span> <span class='ocrx_word' id='word_1_491' title='bbox 2534 1075 2730 1145; x_wconf 86' lang='lat' dir='ltr'><strong>gaudia</strong></span> <span class='ocrx_word' id='word_1_492' title='bbox 2755 1074 3082 1143; x_wconf 88' lang='lat' dir='ltr'><strong>quandoque</strong></span> <span class='ocrx_word' id='word_1_493' title='bbox 3108 1069 3399 1139; x_wconf 88' lang='lat' dir='ltr'><strong>perducas.</strong></span> <span class='ocrx_word' id='word_1_494' title='bbox 3423 1067 3618 1121; x_wconf 91' lang='lat' dir='ltr'><strong>Amen.</strong></span> 
     </span>
    </p>
   </div>
   <div class='ocr_carea' id='block_1_68' title="bbox 2309 1193 3925 1269">
    <p class='ocr_par' dir='ltr' id='par_1_68' title="bbox 2309 1193 3925 1269">
     <span class='ocr_line' id='line_1_68' title="bbox 2309 1193 3925 1269; baseline -0.012 0"><span class='ocrx_word' id='word_1_495' title='bbox 2309 1209 2570 1269; x_wconf 78' lang='lat' dir='ltr'><strong>ORATIO</strong></span> <span class='ocrx_word' id='word_1_496' title='bbox 2622 1205 2873 1263; x_wconf 85' lang='lat' dir='ltr'><strong>ISIDORI</strong></span> <span class='ocrx_word' id='word_1_497' title='bbox 2926 1203 3067 1261; x_wconf 88' lang='lat' dir='ltr'><strong>PRO</strong></span> <span class='ocrx_word' id='word_1_498' title='bbox 3111 1199 3419 1260; x_wconf 82' lang='lat' dir='ltr'><strong>OMNIBUS</strong></span> <span class='ocrx_word' id='word_1_499' title='bbox 3445 1193 3925 1256; x_wconf 76' lang='lat' dir='ltr'><strong>CHRISTIANIS.</strong></span> 
     </span>
    </p>
   </div>
   <div class='ocr_carea' id='block_1_69' title="bbox 2382 1312 3934 1385">
    <p class='ocr_par' dir='ltr' id='par_1_69' title="bbox 2382 1312 3934 1385">
     <span class='ocr_line' id='line_1_69' title="bbox 2382 1312 3934 1385; baseline -0.01 -3"><span class='ocrx_word' id='word_1_500' title='bbox 2382 1327 2476 1383; x_wconf 87' lang='lat' dir='ltr'><strong>Pie</strong></span> <span class='ocrx_word' id='word_1_501' title='bbox 2504 1323 2830 1382; x_wconf 78' lang='lat' dir='ltr'><strong>exaudibilis</strong></span> <span class='ocrx_word' id='word_1_502' title='bbox 2852 1320 3101 1385; x_wconf 88' lang='lat' dir='ltr'><strong>Domine,</strong></span> <span class='ocrx_word' id='word_1_503' title='bbox 3126 1319 3271 1375; x_wconf 92' lang='lat' dir='ltr'><strong>Deus</strong></span> <span class='ocrx_word' id='word_1_504' title='bbox 3294 1326 3483 1374; x_wconf 83' lang='lat' dir='ltr'><strong>noster</strong></span> <span class='ocrx_word' id='word_1_505' title='bbox 3506 1316 3634 1371; x_wconf 74' lang='lat' dir='ltr'><strong>Iesu</strong></span> <span class='ocrx_word' id='word_1_506' title='bbox 3665 1312 3934 1375; x_wconf 83' lang='lat' dir='ltr'><strong>Christe,</strong></span> 
     </span>
    </p>
   </div>
   <div class='ocr_carea' id='block_1_70' title="bbox 2311 1406 3939 1482">
    <p class='ocr_par' dir='ltr' id='par_1_70' title="bbox 2311 1406 3939 1482">
     <span class='ocr_line' id='line_1_70' title="bbox 2311 1406 3939 1482; baseline -0.01 -5"><span class='ocrx_word' id='word_1_507' title='bbox 2311 1420 2660 1477; x_wconf 89' lang='lat' dir='ltr'><strong>clementiam</strong></span> <span class='ocrx_word' id='word_1_508' title='bbox 2702 1425 2852 1471; x_wconf 89' lang='lat' dir='ltr'><strong>tuam</strong></span> <span class='ocrx_word' id='word_1_509' title='bbox 2880 1429 3005 1470; x_wconf 91' lang='lat' dir='ltr'><strong>cum</strong></span> <span class='ocrx_word' id='word_1_510' title='bbox 3051 1413 3200 1467; x_wconf 89' lang='lat' dir='ltr'><strong>omni</strong></span> <span class='ocrx_word' id='word_1_511' title='bbox 3237 1411 3635 1482; x_wconf 83' lang='lat' dir='ltr'><strong>supplicatione</strong></span> <span class='ocrx_word' id='word_1_512' title='bbox 3662 1406 3939 1476; x_wconf 79' lang='lat' dir='ltr'><strong>deposci-</strong></span> 
     </span>
    </p>
   </div>
   <div class='ocr_carea' id='block_1_71' title="bbox 2314 1499 3935 1583">
    <p class='ocr_par' dir='ltr' id='par_1_71' title="bbox 2314 1499 3935 1583">
     <span class='ocr_line' id='line_1_71' title="bbox 2314 1499 3935 1583; baseline -0.01 -14"><span class='ocrx_word' id='word_1_513' title='bbox 2314 1530 2458 1579; x_wconf 86' lang='lat' dir='ltr'><strong>mus,</strong></span> <span class='ocrx_word' id='word_1_514' title='bbox 2499 1521 2559 1566; x_wconf 88' lang='lat' dir='ltr'><strong>ut</strong></span> <span class='ocrx_word' id='word_1_515' title='bbox 2582 1526 2681 1583; x_wconf 90' lang='lat' dir='ltr'><strong>per</strong></span> <span class='ocrx_word' id='word_1_516' title='bbox 2720 1509 3088 1563; x_wconf 87' lang='lat' dir='ltr'><strong>interventum</strong></span> <span class='ocrx_word' id='word_1_517' title='bbox 3118 1513 3176 1560; x_wconf 89' lang='lat' dir='ltr'><strong>et</strong></span> <span class='ocrx_word' id='word_1_518' title='bbox 3208 1506 3467 1559; x_wconf 90' lang='lat' dir='ltr'><strong>meritum</strong></span> <span class='ocrx_word' id='word_1_519' title='bbox 3493 1505 3665 1560; x_wconf 63' lang='lat' dir='ltr'><strong>beate</strong></span> <span class='ocrx_word' id='word_1_520' title='bbox 3694 1510 3757 1555; x_wconf 92' lang='lat' dir='ltr'><strong>et</strong></span> <span class='ocrx_word' id='word_1_521' title='bbox 3804 1499 3935 1567; x_wconf 81' lang='lat' dir='ltr'><strong>glo—</strong></span> 
     </span>
    </p>
   </div>
   <div class='ocr_carea' id='block_1_72' title="bbox 2313 1599 3938 1674">
    <p class='ocr_par' dir='ltr' id='par_1_72' title="bbox 2313 1599 3938 1674">
     <span class='ocr_line' id='line_1_72' title="bbox 2313 1599 3938 1674; baseline -0.01 -12"><span class='ocrx_word' id='word_1_522' title='bbox 2313 1607 2474 1662; x_wconf 85' lang='lat' dir='ltr'><strong>riosae</strong></span> <span class='ocrx_word' id='word_1_523' title='bbox 2494 1619 2714 1674; x_wconf 88' lang='lat' dir='ltr'><strong>semper</strong></span> <span class='ocrx_word' id='word_1_524' title='bbox 2738 1601 2969 1673; x_wconf 86' lang='lat' dir='ltr'><strong>virginis</strong></span> <span class='ocrx_word' id='word_1_525' title='bbox 2990 1600 3199 1666; x_wconf 63' lang='lat' dir='ltr'><strong>Mariae,</strong></span> <span class='ocrx_word' id='word_1_526' title='bbox 3221 1599 3576 1669; x_wconf 89' lang='lat' dir='ltr'><strong>omniumque</strong></span> <span class='ocrx_word' id='word_1_527' title='bbox 3595 1602 3938 1650; x_wconf 87' lang='lat' dir='ltr'><strong>sanctorum</strong></span> 
     </span>
    </p>
   </div>
   <div class='ocr_carea' id='block_1_73' title="bbox 2318 1691 3939 1771">
    <p class='ocr_par' dir='ltr' id='par_1_73' title="bbox 2318 1691 3939 1771">
     <span class='ocr_line' id='line_1_73' title="bbox 2318 1691 3939 1771; baseline -0.009 -17"><span class='ocrx_word' id='word_1_528' title='bbox 2318 1699 2672 1771; x_wconf 87' lang='lat' dir='ltr'><strong>angelorum,</strong></span> <span class='ocrx_word' id='word_1_529' title='bbox 2720 1693 3199 1765; x_wconf 82' lang='lat' dir='ltr'><strong>archangelorum,</strong></span> <span class='ocrx_word' id='word_1_530' title='bbox 3257 1691 3729 1761; x_wconf 71' lang='lat' dir='ltr'><strong>patriarcharum,</strong></span> <span class='ocrx_word' id='word_1_531' title='bbox 3794 1699 3939 1757; x_wconf 79' lang='lat' dir='ltr'><strong>pro—</strong></span> 
     </span>
    </p>
   </div>
   <div class='ocr_carea' id='block_1_74' title="bbox 2314 1780 3942 1863">
    <p class='ocr_par' dir='ltr' id='par_1_74' title="bbox 2314 1780 3942 1863">
     <span class='ocr_line' id='line_1_74' title="bbox 2314 1780 3942 1863; baseline -0.01 -17"><span class='ocrx_word' id='word_1_532' title='bbox 2314 1792 2622 1863; x_wconf 90' lang='lat' dir='ltr'><strong>phetarum,</strong></span> <span class='ocrx_word' id='word_1_533' title='bbox 2662 1783 3055 1856; x_wconf 89' lang='lat' dir='ltr'><strong>apostolorum,</strong></span> <span class='ocrx_word' id='word_1_534' title='bbox 3087 1791 3416 1853; x_wconf 83' lang='lat' dir='ltr'><strong>martyrum,</strong></span> <span class='ocrx_word' id='word_1_535' title='bbox 3460 1780 3756 1851; x_wconf 85' lang='lat' dir='ltr'><strong>virginum,</strong></span> <span class='ocrx_word' id='word_1_536' title='bbox 3800 1792 3942 1831; x_wconf 86' lang='lat' dir='ltr'><strong>con-</strong></span> 
     </span>
    </p>
   </div>
   <div class='ocr_carea' id='block_1_75' title="bbox 2316 1870 3937 1945">
    <p class='ocr_par' dir='ltr' id='par_1_75' title="bbox 2316 1870 3937 1945">
     <span class='ocr_line' id='line_1_75' title="bbox 2316 1870 3937 1945; baseline -0.011 -8"><span class='ocrx_word' id='word_1_537' title='bbox 2316 1881 2608 1945; x_wconf 88' lang='lat' dir='ltr'><strong>fessorum,</strong></span> <span class='ocrx_word' id='word_1_538' title='bbox 2653 1877 3047 1934; x_wconf 86' lang='lat' dir='ltr'><strong>monachorum</strong></span> <span class='ocrx_word' id='word_1_539' title='bbox 3067 1914 3082 1937; x_wconf 94' lang='lat'><strong>,</strong></span> <span class='ocrx_word' id='word_1_540' title='bbox 3118 1881 3176 1927; x_wconf 88' lang='lat' dir='ltr'><strong>et</strong></span> <span class='ocrx_word' id='word_1_541' title='bbox 3202 1874 3448 1927; x_wconf 90' lang='lat' dir='ltr'><strong>omnium</strong></span> <span class='ocrx_word' id='word_1_542' title='bbox 3476 1870 3676 1925; x_wconf 82' lang='lat' dir='ltr'><strong>civium</strong></span> <span class='ocrx_word' id='word_1_543' title='bbox 3723 1881 3937 1938; x_wconf 83' lang='lat' dir='ltr'><strong>super-</strong></span> 
     </span>
    </p>
   </div>
   <div class='ocr_carea' id='block_1_76' title="bbox 2314 1964 3937 2039">
    <p class='ocr_par' dir='ltr' id='par_1_76' title="bbox 2314 1964 3937 2039">
     <span class='ocr_line' id='line_1_76' title="bbox 2314 1964 3937 2039; baseline -0.01 -8"><span class='ocrx_word' id='word_1_544' title='bbox 2314 1988 2530 2039; x_wconf 87' lang='lat' dir='ltr'><strong>norum,</strong></span> <span class='ocrx_word' id='word_1_545' title='bbox 2561 1971 2820 2028; x_wconf 83' lang='lat' dir='ltr'><strong>Ecclesiae</strong></span> <span class='ocrx_word' id='word_1_546' title='bbox 2836 1978 2943 2024; x_wconf 82' lang='lat' dir='ltr'><strong>tuae</strong></span> <span class='ocrx_word' id='word_1_547' title='bbox 2969 1974 3176 2023; x_wconf 73' lang='lat' dir='ltr'><strong>sancta:</strong></span> <span class='ocrx_word' id='word_1_548' title='bbox 3198 1964 3486 2021; x_wconf 79' lang='lat' dir='ltr'><strong>catholicae</strong></span> <span class='ocrx_word' id='word_1_549' title='bbox 3508 1964 3669 2019; x_wconf 85' lang='lat' dir='ltr'><strong>fidem</strong></span> <span class='ocrx_word' id='word_1_550' title='bbox 3692 1975 3937 2031; x_wconf 83' lang='lat' dir='ltr'><strong>augeas,</strong></span> 
     </span>
    </p>
   </div>
   <div class='ocr_carea' id='block_1_77' title="bbox 2313 2051 3939 2137">
    <p class='ocr_par' dir='ltr' id='par_1_77' title="bbox 2313 2051 3939 2137">
     <span class='ocr_line' id='line_1_77' title="bbox 2313 2051 3939 2137; baseline -0.009 -16"><span class='ocrx_word' id='word_1_551' title='bbox 2313 2080 2505 2137; x_wconf 89' lang='lat' dir='ltr'><strong>pacem</strong></span> <span class='ocrx_word' id='word_1_552' title='bbox 2532 2063 2742 2118; x_wconf 89' lang='lat' dir='ltr'><strong>tribuas</strong></span> <span class='ocrx_word' id='word_1_553' title='bbox 2777 2059 3086 2116; x_wconf 89' lang='lat' dir='ltr'><strong>rectoribus</strong></span> <span class='ocrx_word' id='word_1_554' title='bbox 3106 2057 3335 2123; x_wconf 89' lang='lat' dir='ltr'><strong>nostris,</strong></span> <span class='ocrx_word' id='word_1_555' title='bbox 3358 2064 3412 2112; x_wconf 85' lang='lat' dir='ltr'><strong>et</strong></span> <span class='ocrx_word' id='word_1_556' title='bbox 3444 2056 3606 2111; x_wconf 88' lang='lat' dir='ltr'><strong>nobis</strong></span> <span class='ocrx_word' id='word_1_557' title='bbox 3633 2051 3939 2122; x_wconf 87' lang='lat' dir='ltr'><strong>indulgeu-</strong></span> 
     </span>
    </p>
   </div>
   <div class='ocr_carea' id='block_1_78' title="bbox 2316 2144 3941 2222">
    <p class='ocr_par' dir='ltr' id='par_1_78' title="bbox 2316 2144 3941 2222">
     <span class='ocr_line' id='line_1_78' title="bbox 2316 2144 3941 2222; baseline -0.009 -10"><span class='ocrx_word' id='word_1_558' title='bbox 2316 2158 2450 2213; x_wconf 87' lang='lat' dir='ltr'><strong>tiam</strong></span> <span class='ocrx_word' id='word_1_559' title='bbox 2477 2165 2535 2212; x_wconf 92' lang='lat' dir='ltr'><strong>et</strong></span> <span class='ocrx_word' id='word_1_560' title='bbox 2562 2153 2939 2210; x_wconf 83' lang='lat' dir='ltr'><strong>remissionem</strong></span> <span class='ocrx_word' id='word_1_561' title='bbox 2969 2159 3325 2222; x_wconf 84' lang='lat' dir='ltr'><strong>peccatorum</strong></span> <span class='ocrx_word' id='word_1_562' title='bbox 3352 2147 3622 2205; x_wconf 80' lang='lat' dir='ltr'><strong>concedas</strong></span> <span class='ocrx_word' id='word_1_563' title='bbox 3646 2165 3659 2199; x_wconf 89' lang='lat'><strong>:</strong></span> <span class='ocrx_word' id='word_1_564' title='bbox 3684 2144 3941 2201; x_wconf 84' lang='lat' dir='ltr'><strong>inﬁrmis</strong></span> 
     </span>
    </p>
   </div>
   <div class='ocr_carea' id='block_1_79' title="bbox 2317 2238 3937 2316">
    <p class='ocr_par' dir='ltr' id='par_1_79' title="bbox 2317 2238 3937 2316">
     <span class='ocr_line' id='line_1_79' title="bbox 2317 2238 3937 2316; baseline -0.007 -13"><span class='ocrx_word' id='word_1_565' title='bbox 2317 2247 2569 2310; x_wconf 88' lang='lat' dir='ltr'><strong>salutem,</strong></span> <span class='ocrx_word' id='word_1_566' title='bbox 2603 2245 2771 2316; x_wconf 88' lang='lat' dir='ltr'><strong>lapsis</strong></span> <span class='ocrx_word' id='word_1_567' title='bbox 2791 2243 3213 2315; x_wconf 90' lang='lat' dir='ltr'><strong>reparationem,</strong></span> <span class='ocrx_word' id='word_1_568' title='bbox 3244 2256 3435 2297; x_wconf 89' lang='lat' dir='ltr'><strong>aerum</strong></span> <span class='ocrx_word' id='word_1_569' title='bbox 3450 2238 3937 2298; x_wconf 77' lang='lat' dir='ltr'><strong>commoditatem.</strong></span> 
     </span>
    </p>
   </div>
   <div class='ocr_carea' id='block_1_80' title="bbox 2317 2333 3937 2413">
    <p class='ocr_par' dir='ltr' id='par_1_80' title="bbox 2317 2333 3937 2413">
     <span class='ocr_line' id='line_1_80' title="bbox 2317 2333 3937 2413; baseline -0.009 -15"><span class='ocrx_word' id='word_1_570' title='bbox 2317 2341 2701 2413; x_wconf 89' lang='lat' dir='ltr'><strong>navigantibus</strong></span> <span class='ocrx_word' id='word_1_571' title='bbox 2723 2348 2888 2410; x_wconf 90' lang='lat' dir='ltr'><strong>atque</strong></span> <span class='ocrx_word' id='word_1_572' title='bbox 2910 2337 3293 2394; x_wconf 88' lang='lat' dir='ltr'><strong>itinerantibus</strong></span> <span class='ocrx_word' id='word_1_573' title='bbox 3317 2333 3567 2390; x_wconf 80' lang='lat' dir='ltr'><strong>fidelibus</strong></span> <span class='ocrx_word' id='word_1_574' title='bbox 3594 2346 3937 2404; x_wconf 83' lang='lat' dir='ltr'><strong>prosperum</strong></span> 
     </span>
    </p>
   </div>
   <div class='ocr_carea' id='block_1_81' title="bbox 2318 2421 3935 2501">
    <p class='ocr_par' dir='ltr' id='par_1_81' title="bbox 2318 2421 3935 2501">
     <span class='ocr_line' id='line_1_81' title="bbox 2318 2421 3935 2501; baseline -0.006 -10"><span class='ocrx_word' id='word_1_575' title='bbox 2318 2435 2425 2491; x_wconf 90' lang='lat' dir='ltr'><strong>iter</strong></span> <span class='ocrx_word' id='word_1_576' title='bbox 2453 2450 2517 2489; x_wconf 90' lang='lat' dir='ltr'><strong>ac</strong></span> <span class='ocrx_word' id='word_1_577' title='bbox 2554 2433 2746 2489; x_wconf 91' lang='lat' dir='ltr'><strong>salutis</strong></span> <span class='ocrx_word' id='word_1_578' title='bbox 2783 2440 3025 2501; x_wconf 88' lang='lat' dir='ltr'><strong>portum,</strong></span> <span class='ocrx_word' id='word_1_579' title='bbox 3056 2428 3446 2483; x_wconf 85' lang='lat' dir='ltr'><strong>tribulantibus</strong></span> <span class='ocrx_word' id='word_1_580' title='bbox 3476 2425 3588 2499; x_wconf 91' lang='lat' dir='ltr'><strong>[L.,</strong></span> <span class='ocrx_word' id='word_1_581' title='bbox 3620 2421 3935 2495; x_wconf 86' lang='lat' dir='ltr'><strong>tribulatis]</strong></span> 
     </span>
    </p>
   </div>
   <div class='ocr_carea' id='block_1_82' title="bbox 2319 2515 3937 2600">
    <p class='ocr_par' dir='ltr' id='par_1_82' title="bbox 2319 2515 3937 2600">
     <span class='ocr_line' id='line_1_82' title="bbox 2319 2515 3937 2600; baseline -0.007 -18"><span class='ocrx_word' id='word_1_582' title='bbox 2319 2527 2594 2600; x_wconf 89' lang='lat' dir='ltr'><strong>gaudium,</strong></span> <span class='ocrx_word' id='word_1_583' title='bbox 2622 2524 2901 2596; x_wconf 88' lang='lat' dir='ltr'><strong>oppressis</strong></span> <span class='ocrx_word' id='word_1_584' title='bbox 2946 2520 3357 2584; x_wconf 89' lang='lat' dir='ltr'><strong>relevationem,</strong></span> <span class='ocrx_word' id='word_1_585' title='bbox 3404 2518 3655 2589; x_wconf 88' lang='lat' dir='ltr'><strong>captivis,</strong></span> <span class='ocrx_word' id='word_1_586' title='bbox 3702 2515 3937 2581; x_wconf 84' lang='lat' dir='ltr'><strong>vinctis,</strong></span> 
     </span>
    </p>
   </div>
   <div class='ocr_carea' id='block_1_83' title="bbox 2320 2610 3941 2690">
    <p class='ocr_par' dir='ltr' id='par_1_83' title="bbox 2320 2610 3941 2690">
     <span class='ocr_line' id='line_1_83' title="bbox 2320 2610 3941 2690; baseline -0.007 -14"><span class='ocrx_word' id='word_1_587' title='bbox 2320 2629 2377 2676; x_wconf 89' lang='lat' dir='ltr'><strong>et</strong></span> <span class='ocrx_word' id='word_1_588' title='bbox 2399 2619 2702 2690; x_wconf 87' lang='lat' dir='ltr'><strong>peregrinis</strong></span> <span class='ocrx_word' id='word_1_589' title='bbox 2724 2617 3124 2680; x_wconf 85' lang='lat' dir='ltr'><strong>remissionem,</strong></span> <span class='ocrx_word' id='word_1_590' title='bbox 3150 2612 3573 2677; x_wconf 86' lang='lat' dir='ltr'><strong>absolutionem,</strong></span> <span class='ocrx_word' id='word_1_591' title='bbox 3599 2610 3667 2665; x_wconf 90' lang='lat' dir='ltr'><strong>ad</strong></span> <span class='ocrx_word' id='word_1_592' title='bbox 3688 2610 3941 2681; x_wconf 78' lang='lat' dir='ltr'><strong>patriam</strong></span> 
     </span>
    </p>
   </div>
   <div class='ocr_carea' id='block_1_84' title="bbox 2320 2703 3941 2778">
    <p class='ocr_par' dir='ltr' id='par_1_84' title="bbox 2320 2703 3941 2778">
     <span class='ocr_line' id='line_1_84' title="bbox 2320 2703 3941 2778; baseline -0.006 -10"><span class='ocrx_word' id='word_1_593' title='bbox 2320 2713 2712 2778; x_wconf 88' lang='lat' dir='ltr'><strong>reversionem,</strong></span> <span class='ocrx_word' id='word_1_594' title='bbox 2735 2717 2981 2765; x_wconf 89' lang='lat' dir='ltr'><strong>mutuam</strong></span> <span class='ocrx_word' id='word_1_595' title='bbox 3007 2706 3446 2763; x_wconf 88' lang='lat' dir='ltr'><strong>discordantibus</strong></span> <span class='ocrx_word' id='word_1_596' title='bbox 3472 2706 3834 2769; x_wconf 86' lang='lat' dir='ltr'><strong>charitatem,</strong></span> <span class='ocrx_word' id='word_1_597' title='bbox 3857 2703 3941 2759; x_wconf 86' lang='lat' dir='ltr'><strong>in-</strong></span> 
     </span>
    </p>
   </div>
   <div class='ocr_carea' id='block_1_85' title="bbox 2322 2796 3936 2866">
    <p class='ocr_par' dir='ltr' id='par_1_85' title="bbox 2322 2796 3936 2866">
     <span class='ocr_line' id='line_1_85' title="bbox 2322 2796 3936 2866; baseline -0.006 -8"><span class='ocrx_word' id='word_1_598' title='bbox 2322 2803 2572 2860; x_wconf 78' lang='lat' dir='ltr'><strong>ﬁdelibus</strong></span> <span class='ocrx_word' id='word_1_599' title='bbox 2593 2818 2779 2858; x_wconf 88' lang='lat' dir='ltr'><strong>veram</strong></span> <span class='ocrx_word' id='word_1_600' title='bbox 2804 2801 2986 2865; x_wconf 83' lang='lat' dir='ltr'><strong>fidem,</strong></span> <span class='ocrx_word' id='word_1_601' title='bbox 3014 2808 3072 2855; x_wconf 91' lang='lat' dir='ltr'><strong>et</strong></span> <span class='ocrx_word' id='word_1_602' title='bbox 3086 2797 3361 2854; x_wconf 87' lang='lat' dir='ltr'><strong>defunctis</strong></span> <span class='ocrx_word' id='word_1_603' title='bbox 3386 2797 3636 2853; x_wconf 81' lang='lat' dir='ltr'><strong>ﬁdelibus</strong></span> <span class='ocrx_word' id='word_1_604' title='bbox 3654 2796 3936 2866; x_wconf 81' lang='lat' dir='ltr'><strong>requiem.</strong></span> 
     </span>
    </p>
   </div>
   <div class='ocr_carea' id='block_1_86' title="bbox 2322 2889 3939 2968">
    <p class='ocr_par' dir='ltr' id='par_1_86' title="bbox 2322 2889 3939 2968">
     <span class='ocr_line' id='line_1_86' title="bbox 2322 2889 3939 2968; baseline -0.004 -17"><span class='ocrx_word' id='word_1_605' title='bbox 2322 2894 2588 2968; x_wconf 78' lang='lat' dir='ltr'><strong>Angelum</strong></span> <span class='ocrx_word' id='word_1_606' title='bbox 2620 2905 2771 2951; x_wconf 91' lang='lat' dir='ltr'><strong>tuum</strong></span> <span class='ocrx_word' id='word_1_607' title='bbox 2810 2901 3064 2951; x_wconf 89' lang='lat' dir='ltr'><strong>sanctum</strong></span> <span class='ocrx_word' id='word_1_608' title='bbox 3101 2892 3261 2948; x_wconf 89' lang='lat' dir='ltr'><strong>nobis</strong></span> <span class='ocrx_word' id='word_1_609' title='bbox 3288 2892 3379 2947; x_wconf 91' lang='lat' dir='ltr'><strong>hic</strong></span> <span class='ocrx_word' id='word_1_610' title='bbox 3402 2899 3459 2946; x_wconf 92' lang='lat' dir='ltr'><strong>et</strong></span> <span class='ocrx_word' id='word_1_611' title='bbox 3504 2889 3707 2961; x_wconf 90' lang='lat' dir='ltr'><strong>ubique</strong></span> <span class='ocrx_word' id='word_1_612' title='bbox 3742 2895 3939 2945; x_wconf 83' lang='lat' dir='ltr'><strong>custo-</strong></span> 
     </span>
    </p>
   </div>
   <div class='ocr_carea' id='block_1_87' title="bbox 2322 2980 3937 3058">
    <p class='ocr_par' dir='ltr' id='par_1_87' title="bbox 2322 2980 3937 3058">
     <span class='ocr_line' id='line_1_87' title="bbox 2322 2980 3937 3058; baseline -0.007 -12"><span class='ocrx_word' id='word_1_613' title='bbox 2322 2990 2532 3046; x_wconf 89' lang='lat' dir='ltr'><strong>demet</strong></span> <span class='ocrx_word' id='word_1_614' title='bbox 2581 2988 2925 3045; x_wconf 88' lang='lat' dir='ltr'><strong>defensorem</strong></span> <span class='ocrx_word' id='word_1_615' title='bbox 2968 2988 3237 3058; x_wconf 89' lang='lat' dir='ltr'><strong>propitius</strong></span> <span class='ocrx_word' id='word_1_616' title='bbox 3263 2986 3471 3041; x_wconf 86' lang='lat' dir='ltr'><strong>donare</strong></span> <span class='ocrx_word' id='word_1_617' title='bbox 3518 2982 3783 3056; x_wconf 86' lang='lat' dir='ltr'><strong>digneris,</strong></span> <span class='ocrx_word' id='word_1_618' title='bbox 3836 2980 3937 3052; x_wconf 88' lang='lat' dir='ltr'><strong>qui</strong></span> 
     </span>
    </p>
   </div>
   <div class='ocr_carea' id='block_1_88' title="bbox 2320 3075 3938 3151">
    <p class='ocr_par' dir='ltr' id='par_1_88' title="bbox 2320 3075 3938 3151">
     <span class='ocr_line' id='line_1_88' title="bbox 2320 3075 3938 3151; baseline -0.004 -15"><span class='ocrx_word' id='word_1_619' title='bbox 2320 3096 2449 3139; x_wconf 89' lang='lat' dir='ltr'><strong>cum</strong></span> <span class='ocrx_word' id='word_1_620' title='bbox 2479 3080 2641 3136; x_wconf 88' lang='lat' dir='ltr'><strong>Patre</strong></span> <span class='ocrx_word' id='word_1_621' title='bbox 2658 3089 2716 3135; x_wconf 87' lang='lat' dir='ltr'><strong>et</strong></span> <span class='ocrx_word' id='word_1_622' title='bbox 2741 3079 2948 3151; x_wconf 86' lang='lat' dir='ltr'><strong>Spiritu</strong></span> <span class='ocrx_word' id='word_1_623' title='bbox 2980 3088 3172 3135; x_wconf 85' lang='lat' dir='ltr'><strong>sancto</strong></span> <span class='ocrx_word' id='word_1_624' title='bbox 3205 3078 3342 3134; x_wconf 78' lang='lat' dir='ltr'><strong>vivis</strong></span> <span class='ocrx_word' id='word_1_625' title='bbox 3368 3085 3428 3133; x_wconf 90' lang='lat' dir='ltr'><strong>et</strong></span> <span class='ocrx_word' id='word_1_626' title='bbox 3445 3091 3644 3147; x_wconf 84' lang='lat' dir='ltr'><strong>regnas</strong></span> <span class='ocrx_word' id='word_1_627' title='bbox 3664 3075 3813 3130; x_wconf 84' lang='lat' dir='ltr'><strong>Deus</strong></span> <span class='ocrx_word' id='word_1_628' title='bbox 3836 3088 3938 3144; x_wconf 85' lang='lat' dir='ltr'><strong>per</strong></span> 
     </span>
    </p>
   </div>
   <div class='ocr_carea' id='block_1_89' title="bbox 2327 3171 3331 3243">
    <p class='ocr_par' dir='ltr' id='par_1_89' title="bbox 2327 3171 3331 3243">
     <span class='ocr_line' id='line_1_89' title="bbox 2327 3171 3331 3243; baseline -0.005 -14"><span class='ocrx_word' id='word_1_629' title='bbox 2327 3173 2513 3229; x_wconf 87' lang='lat' dir='ltr'><strong>omnia</strong></span> <span class='ocrx_word' id='word_1_630' title='bbox 2536 3172 2731 3243; x_wconf 76' lang='lat' dir='ltr'><strong>saecula</strong></span> <span class='ocrx_word' id='word_1_631' title='bbox 2762 3172 3107 3228; x_wconf 63' lang='lat' dir='ltr'><strong>saeculorum.</strong></span> <span class='ocrx_word' id='word_1_632' title='bbox 3138 3171 3331 3226; x_wconf 81' lang='lat' dir='ltr'><strong>Amen.</strong></span> 
     </span>
    </p>
   </div>
   <div class='ocr_carea' id='block_1_90' title="bbox 2396 3302 3861 3366">
    <p class='ocr_par' dir='ltr' id='par_1_90' title="bbox 2396 3302 3861 3366">
     <span class='ocr_line' id='line_1_90' title="bbox 2396 3302 3861 3366; baseline -0.004 -2"><span class='ocrx_word' id='word_1_633' title='bbox 2396 3308 2442 3364; x_wconf 84' lang='lat' dir='ltr'><strong>II</strong></span> <span class='ocrx_word' id='word_1_634' title='bbox 2454 3308 2689 3366; x_wconf 77' lang='lat' dir='ltr'><strong>YMNUS</strong></span> <span class='ocrx_word' id='word_1_635' title='bbox 2720 3307 2973 3365; x_wconf 79' lang='lat' dir='ltr'><strong>SANCTI</strong></span> <span class='ocrx_word' id='word_1_636' title='bbox 2995 3306 3327 3364; x_wconf 79' lang='lat' dir='ltr'><strong>AMBROSII</strong></span> <span class='ocrx_word' id='word_1_637' title='bbox 3355 3305 3496 3363; x_wconf 88' lang='lat' dir='ltr'><strong>PRO</strong></span> <span class='ocrx_word' id='word_1_638' title='bbox 3522 3302 3861 3363; x_wconf 68' lang='lat' dir='ltr'><strong>INFIRMIS.</strong></span> 
     </span>
    </p>
   </div>
   <div class='ocr_carea' id='block_1_91' title="bbox 2398 3422 3483 3491">
    <p class='ocr_par' dir='ltr' id='par_1_91' title="bbox 2398 3422 3483 3491">
     <span class='ocr_line' id='line_1_91' title="bbox 2398 3422 3483 3491; baseline -0.003 -10"><span class='ocrx_word' id='word_1_639' title='bbox 2398 3438 2421 3465; x_wconf 76' lang='grc' dir='ltr'><strong>ει</strong></span> <span class='ocrx_word' id='word_1_640' title='bbox 2446 3425 2662 3481; x_wconf 88' lang='lat' dir='ltr'><strong>Christe</strong></span> <span class='ocrx_word' id='word_1_641' title='bbox 2691 3425 2953 3491; x_wconf 73' lang='lat' dir='ltr'><strong>cmlestis,</strong></span> <span class='ocrx_word' id='word_1_642' title='bbox 2979 3425 3251 3482; x_wconf 71' lang='lat' dir='ltr'><strong>medicina</strong></span> <span class='ocrx_word' id='word_1_643' title='bbox 3279 3422 3483 3489; x_wconf 89' lang='lat' dir='ltr'><strong>Patris,</strong></span> 
     </span>
    </p>
   </div>
   <div class='ocr_carea' id='block_1_92' title="bbox 2398 3514 3388 3575">
    <p class='ocr_par' dir='ltr' id='par_1_92' title="bbox 2398 3514 3388 3575">
     <span class='ocr_line' id='line_1_92' title="bbox 2398 3514 3388 3575; baseline 0.002 -6"><span class='ocrx_word' id='word_1_644' title='bbox 2398 3514 2574 3572; x_wconf 80' lang='lat' dir='ltr'><strong>Verus</strong></span> <span class='ocrx_word' id='word_1_645' title='bbox 2603 3518 2857 3574; x_wconf 67' lang='lat' dir='ltr'><strong>humana:</strong></span> <span class='ocrx_word' id='word_1_646' title='bbox 2890 3517 3131 3573; x_wconf 80' lang='lat' dir='ltr'><strong>Medicus</strong></span> <span class='ocrx_word' id='word_1_647' title='bbox 3154 3517 3349 3575; x_wconf 86' lang='lat' dir='ltr'><strong>salutis</strong></span> <span class='ocrx_word' id='word_1_648' title='bbox 3375 3536 3388 3571; x_wconf 90' lang='lat'><strong>:</strong></span> 
     </span>
    </p>
   </div>
   <div class='ocr_carea' id='block_1_93' title="bbox 2398 3606 3360 3681">
    <p class='ocr_par' dir='ltr' id='par_1_93' title="bbox 2398 3606 3360 3681">
     <span class='ocr_line' id='line_1_93' title="bbox 2398 3606 3360 3681; baseline 0.003 -19"><span class='ocrx_word' id='word_1_649' title='bbox 2398 3606 2645 3663; x_wconf 71' lang='lat' dir='ltr'><strong>Provida:</strong></span> <span class='ocrx_word' id='word_1_650' title='bbox 2669 3610 2810 3679; x_wconf 89' lang='lat' dir='ltr'><strong>plebi</strong></span> <span class='ocrx_word' id='word_1_651' title='bbox 2839 3610 3093 3681; x_wconf 87' lang='lat' dir='ltr'><strong>precibus</strong></span> <span class='ocrx_word' id='word_1_652' title='bbox 3105 3619 3360 3681; x_wconf 82' lang='lat' dir='ltr'><strong>potenter</strong></span> 
     </span>
    </p>
   </div>
   <div class='ocr_carea' id='block_1_94' title="bbox 2688 3699 3163 3758">
    <p class='ocr_par' dir='ltr' id='par_1_94' title="bbox 2688 3699 3163 3758">
     <span class='ocr_line' id='line_1_94' title="bbox 2688 3699 3163 3758; baseline 0.008 -4"><span class='ocrx_word' id='word_1_653' title='bbox 2688 3699 2871 3757; x_wconf 87' lang='lat' dir='ltr'><strong>Pande</strong></span> <span class='ocrx_word' id='word_1_654' title='bbox 2900 3701 3163 3758; x_wconf 88' lang='lat' dir='ltr'><strong>favorem.</strong></span> 
     </span>
    </p>
   </div>
   <div class='ocr_carea' id='block_1_95' title="bbox 2399 3791 3862 3869">
    <p class='ocr_par' dir='ltr' id='par_1_95' title="bbox 2399 3791 3862 3869">
     <span class='ocr_line' id='line_1_95' title="bbox 2399 3791 3862 3869; baseline 0.005 -25"><span class='ocrx_word' id='word_1_655' title='bbox 2399 3791 2477 3845; x_wconf 85' lang='lat' dir='ltr'><strong>En</strong></span> <span class='ocrx_word' id='word_1_656' title='bbox 2500 3791 2570 3847; x_wconf 89' lang='lat' dir='ltr'><strong>ob</strong></span> <span class='ocrx_word' id='word_1_657' title='bbox 2594 3792 2841 3849; x_wconf 86' lang='lat' dir='ltr'><strong>infirmos</strong></span> <span class='ocrx_word' id='word_1_658' title='bbox 2867 3805 2970 3849; x_wconf 63' lang='lat' dir='ltr'><strong>tua:</strong></span> <span class='ocrx_word' id='word_1_659' title='bbox 2997 3792 3278 3867; x_wconf 71' lang='lat' dir='ltr'><strong>[Marten.,</strong></span> <span class='ocrx_word' id='word_1_660' title='bbox 3312 3793 3434 3869; x_wconf 91' lang='lat' dir='ltr'><strong>tibi]</strong></span> <span class='ocrx_word' id='word_1_661' title='bbox 3461 3794 3862 3866; x_wconf 84' lang='lat' dir='ltr'><strong>supplicamus,</strong></span> 
     </span>
    </p>
   </div>
   <div class='ocr_carea' id='block_1_96' title="bbox 2400 3882 3669 3957">
    <p class='ocr_par' dir='ltr' id='par_1_96' title="bbox 2400 3882 3669 3957">
     <span class='ocr_line' id='line_1_96' title="bbox 2400 3882 3669 3957; baseline 0.003 -23"><span class='ocrx_word' id='word_1_662' title='bbox 2400 3882 2548 3949; x_wconf 84' lang='lat' dir='ltr'><strong>Quos</strong></span> <span class='ocrx_word' id='word_1_663' title='bbox 2576 3898 2780 3939; x_wconf 89' lang='lat' dir='ltr'><strong>nocens</strong></span> <span class='ocrx_word' id='word_1_664' title='bbox 2802 3886 2974 3957; x_wconf 88' lang='lat' dir='ltr'><strong>pestis</strong></span> <span class='ocrx_word' id='word_1_665' title='bbox 2998 3886 3251 3943; x_wconf 84' lang='lat' dir='ltr'><strong>valetudo</strong></span> <span class='ocrx_word' id='word_1_666' title='bbox 3275 3898 3501 3957; x_wconf 89' lang='lat' dir='ltr'><strong>quassat</strong></span> <span class='ocrx_word' id='word_1_667' title='bbox 3525 3906 3537 3939; x_wconf 93' lang='lat'><strong>:</strong></span> <span class='ocrx_word' id='word_1_668' title='bbox 3666 3894 3669 3895; x_wconf 71' lang='lat'><strong><em>&#39;</em></strong></span> 
     </span>
    </p>
   </div>
   <div class='ocr_carea' id='block_1_97' title="bbox 2404 3972 3463 4050">
    <p class='ocr_par' dir='ltr' id='par_1_97' title="bbox 2404 3972 3463 4050">
     <span class='ocr_line' id='line_1_97' title="bbox 2404 3972 3463 4050; baseline 0.005 -21"><span class='ocrx_word' id='word_1_669' title='bbox 2404 3972 2472 4029; x_wconf 90' lang='lat' dir='ltr'><strong>Ut</strong></span> <span class='ocrx_word' id='word_1_670' title='bbox 2505 3974 2629 4043; x_wconf 90' lang='lat' dir='ltr'><strong>pius</strong></span> <span class='ocrx_word' id='word_1_671' title='bbox 2653 3977 2905 4031; x_wconf 77' lang='lat' dir='ltr'><strong>morbum</strong></span> <span class='ocrx_word' id='word_1_672' title='bbox 2939 3976 3148 4034; x_wconf 86' lang='lat' dir='ltr'><strong>releves</strong></span> <span class='ocrx_word' id='word_1_673' title='bbox 3170 3978 3463 4050; x_wconf 69' lang='lat' dir='ltr'><strong>iacentem,</strong></span> 
     </span>
    </p>
   </div>
   <div class='ocr_carea' id='block_1_98' title="bbox 2688 4066 3147 4137">
    <p class='ocr_par' dir='ltr' id='par_1_98' title="bbox 2688 4066 3147 4137">
     <span class='ocr_line' id='line_1_98' title="bbox 2688 4066 3147 4137; baseline 0.002 -17"><span class='ocrx_word' id='word_1_674' title='bbox 2688 4066 2807 4133; x_wconf 84' lang='lat' dir='ltr'><strong>Quo</strong></span> <span class='ocrx_word' id='word_1_675' title='bbox 2843 4068 3147 4137; x_wconf 87' lang='lat' dir='ltr'><strong>patiuntur.</strong></span> 
     </span>
    </p>
   </div>
   <div class='ocr_carea' id='block_1_99' title="bbox 2400 4157 3425 4233">
    <p class='ocr_par' dir='ltr' id='par_1_99' title="bbox 2400 4157 3425 4233">
     <span class='ocr_line' id='line_1_99' title="bbox 2400 4157 3425 4233; baseline 0.011 -20"><span class='ocrx_word' id='word_1_676' title='bbox 2400 4157 2503 4227; x_wconf 85' lang='lat' dir='ltr'><strong>Qui</strong></span> <span class='ocrx_word' id='word_1_677' title='bbox 2528 4170 2801 4230; x_wconf 88' lang='lat' dir='ltr'><strong>potestate</strong></span> <span class='ocrx_word' id='word_1_678' title='bbox 2834 4163 3157 4221; x_wconf 85' lang='lat' dir='ltr'><strong>manifestus</strong></span> <span class='ocrx_word' id='word_1_679' title='bbox 3182 4174 3425 4233; x_wconf 76' lang='lat' dir='ltr'><strong>exstanti,</strong></span> 
     </span>
    </p>
   </div>
   <div class='ocr_carea' id='block_1_100' title="bbox 2404 4251 3531 4329">
    <p class='ocr_par' dir='ltr' id='par_1_100' title="bbox 2404 4251 3531 4329">
     <span class='ocr_line' id='line_1_100' title="bbox 2404 4251 3531 4329; baseline 0.01 -25"><span class='ocrx_word' id='word_1_680' title='bbox 2404 4251 2525 4305; x_wconf 80' lang='lat' dir='ltr'><strong>Mox</strong></span> <span class='ocrx_word' id='word_1_681' title='bbox 2551 4252 2698 4307; x_wconf 84' lang='lat' dir='ltr'><strong>Petri</strong></span> <span class='ocrx_word' id='word_1_682' title='bbox 2725 4269 2942 4309; x_wconf 90' lang='lat' dir='ltr'><strong>socrum</strong></span> <span class='ocrx_word' id='word_1_683' title='bbox 2974 4255 3221 4312; x_wconf 87' lang='lat' dir='ltr'><strong>febribus</strong></span> <span class='ocrx_word' id='word_1_684' title='bbox 3236 4258 3531 4329; x_wconf 71' lang='lat' dir='ltr'><strong>iacentem,</strong></span> 
     </span>
    </p>
   </div>
   <div class='ocr_carea' id='block_1_101' title="bbox 2402 4342 3429 4420">
    <p class='ocr_par' dir='ltr' id='par_1_101' title="bbox 2402 4342 3429 4420">
     <span class='ocr_line' id='line_1_101' title="bbox 2402 4342 3429 4420; baseline 0.008 -23"><span class='ocrx_word' id='word_1_685' title='bbox 2402 4342 2593 4414; x_wconf 85' lang='lat' dir='ltr'><strong>Reguli</strong></span> <span class='ocrx_word' id='word_1_686' title='bbox 2629 4347 2860 4414; x_wconf 83' lang='lat' dir='ltr'><strong>prolem,</strong></span> <span class='ocrx_word' id='word_1_687' title='bbox 2886 4362 3223 4420; x_wconf 85' lang='lat' dir='ltr'><strong>puerumque</strong></span> <span class='ocrx_word' id='word_1_688' title='bbox 3249 4351 3429 4405; x_wconf 84' lang='lat' dir='ltr'><strong>salvas</strong></span> 
     </span>
    </p>
   </div>
   <div class='ocr_carea' id='block_1_102' title="bbox 2700 4444 3069 4499">
    <p class='ocr_par' dir='ltr' id='par_1_102' title="bbox 2700 4444 3069 4499">
     <span class='ocr_line' id='line_1_102' title="bbox 2700 4444 3069 4499; baseline 0 -2"><span class='ocrx_word' id='word_1_689' title='bbox 2700 4444 3069 4499; x_wconf 77' lang='lat' dir='ltr'><strong>Centurionis.</strong></span> 
     </span>
    </p>
   </div>
   <div class='ocr_carea' id='block_1_103' title="bbox 2405 4532 3936 4610">
    <p class='ocr_par' dir='ltr' id='par_1_103' title="bbox 2405 4532 3936 4610">
     <span class='ocr_line' id='line_1_103' title="bbox 2405 4532 3936 4610; baseline 0.006 -23"><span class='ocrx_word' id='word_1_690' title='bbox 2405 4532 2569 4588; x_wconf 85' lang='lat' dir='ltr'><strong>Ferto</strong></span> <span class='ocrx_word' id='word_1_691' title='bbox 2598 4533 2878 4606; x_wconf 79' lang='lat' dir='ltr'><strong>[Marten.,</strong></span> <span class='ocrx_word' id='word_1_692' title='bbox 2911 4534 3076 4608; x_wconf 80' lang='lat' dir='ltr'><strong>festo]</strong></span> <span class='ocrx_word' id='word_1_693' title='bbox 3112 4536 3391 4608; x_wconf 88' lang='lat' dir='ltr'><strong>languenti</strong></span> <span class='ocrx_word' id='word_1_694' title='bbox 3434 4538 3632 4608; x_wconf 74' lang='lat' dir='ltr'><strong>papula</strong></span> <span class='ocrx_word' id='word_1_695' title='bbox 3664 4539 3936 4610; x_wconf 85' lang='lat' dir='ltr'><strong>vigorem,</strong></span> 
     </span>
    </p>
   </div>
   <div class='ocr_carea' id='block_1_104' title="bbox 2410 4626 3327 4698">
    <p class='ocr_par' dir='ltr' id='par_1_104' title="bbox 2410 4626 3327 4698">
     <span class='ocr_line' id='line_1_104' title="bbox 2410 4626 3327 4698; baseline 0.002 -17"><span class='ocrx_word' id='word_1_696' title='bbox 2410 4626 2579 4681; x_wconf 78' lang='lat' dir='ltr'><strong>Elllue</strong></span> <span class='ocrx_word' id='word_1_697' title='bbox 2608 4626 2814 4697; x_wconf 85' lang='lat' dir='ltr'><strong>largam</strong></span> <span class='ocrx_word' id='word_1_698' title='bbox 2842 4628 3039 4698; x_wconf 85' lang='lat' dir='ltr'><strong>popqu</strong></span> <span class='ocrx_word' id='word_1_699' title='bbox 3062 4629 3327 4684; x_wconf 88' lang='lat' dir='ltr'><strong>salutem:</strong></span> 
     </span>
    </p>
   </div>
   <div class='ocr_carea' id='block_1_105' title="bbox 2411 4718 3368 4775">
    <p class='ocr_par' dir='ltr' id='par_1_105' title="bbox 2411 4718 3368 4775">
     <span class='ocr_line' id='line_1_105' title="bbox 2411 4718 3368 4775; baseline 0.003 -4"><span class='ocrx_word' id='word_1_700' title='bbox 2411 4718 2665 4772; x_wconf 84' lang='lat' dir='ltr'><strong>Pristinis</strong></span> <span class='ocrx_word' id='word_1_701' title='bbox 2688 4733 2839 4771; x_wconf 90' lang='lat' dir='ltr'><strong>more</strong></span> <span class='ocrx_word' id='word_1_702' title='bbox 2878 4718 3038 4774; x_wconf 87' lang='lat' dir='ltr'><strong>solito</strong></span> <span class='ocrx_word' id='word_1_703' title='bbox 3064 4718 3368 4775; x_wconf 83' lang='lat' dir='ltr'><strong>reformans</strong></span> 
     </span>
    </p>
   </div>
   <div class='ocr_carea' id='block_1_106' title="bbox 2702 4808 3128 4881">
    <p class='ocr_par' dir='ltr' id='par_1_106' title="bbox 2702 4808 3128 4881">
     <span class='ocr_line' id='line_1_106' title="bbox 2702 4808 3128 4881; baseline 0.009 -20"><span class='ocrx_word' id='word_1_704' title='bbox 2702 4808 2918 4865; x_wconf 72' lang='lat' dir='ltr'><strong>viribus</strong></span> <span class='ocrx_word' id='word_1_705' title='bbox 2936 4826 3128 4881; x_wconf 73' lang='lat' dir='ltr'><strong>mgros.</strong></span> 
     </span>
    </p>
   </div>
   <div class='ocr_carea' id='block_1_107' title="bbox 2409 4904 3938 4979">
    <p class='ocr_par' dir='ltr' id='par_1_107' title="bbox 2409 4904 3938 4979">
     <span class='ocr_line' id='line_1_107' title="bbox 2409 4904 3938 4979; baseline 0.004 -20"><span class='ocrx_word' id='word_1_706' title='bbox 2409 4904 2714 4973; x_wconf 86' lang='lat' dir='ltr'><strong>Corporum</strong></span> <span class='ocrx_word' id='word_1_707' title='bbox 2745 4906 2986 4970; x_wconf 90' lang='lat' dir='ltr'><strong>morbos,</strong></span> <span class='ocrx_word' id='word_1_708' title='bbox 3023 4906 3375 4978; x_wconf 86' lang='lat' dir='ltr'><strong>animumque</strong></span> <span class='ocrx_word' id='word_1_709' title='bbox 3417 4906 3692 4979; x_wconf 78' lang='lat' dir='ltr'><strong>[Marten.,</strong></span> <span class='ocrx_word' id='word_1_710' title='bbox 3717 4907 3938 4965; x_wconf 63' lang='lat' dir='ltr'><strong>anima:-</strong></span> 
     </span>
    </p>
   </div>
   <div class='ocr_carea' id='block_1_108' title="bbox 3542 5000 3860 5075">
    <p class='ocr_par' dir='ltr' id='par_1_108' title="bbox 3542 5000 3860 5075">
     <span class='ocr_line' id='line_1_108' title="bbox 3542 5000 3860 5075; baseline 0.006 -22"><span class='ocrx_word' id='word_1_711' title='bbox 3542 5000 3669 5075; x_wconf 82' lang='lat' dir='ltr'><strong>qne]</strong></span> <span class='ocrx_word' id='word_1_712' title='bbox 3707 5015 3860 5058; x_wconf 78' lang='lat' dir='ltr'><strong>satia.</strong></span> 
     </span>
    </p>
   </div>
   <div class='ocr_carea' id='block_1_109' title="bbox 2416 5088 3465 5157">
    <p class='ocr_par' dir='ltr' id='par_1_109' title="bbox 2416 5088 3465 5157">
     <span class='ocr_line' id='line_1_109' title="bbox 2416 5088 3465 5157; baseline 0.005 -16"><span class='ocrx_word' id='word_1_713' title='bbox 2416 5088 2708 5143; x_wconf 78' lang='lat' dir='ltr'><strong>Vulneruin</strong></span> <span class='ocrx_word' id='word_1_714' title='bbox 2738 5091 2919 5145; x_wconf 82' lang='lat' dir='ltr'><strong>causis</strong></span> <span class='ocrx_word' id='word_1_715' title='bbox 2949 5091 3148 5146; x_wconf 90' lang='lat' dir='ltr'><strong>adhibe</strong></span> <span class='ocrx_word' id='word_1_716' title='bbox 3176 5093 3465 5157; x_wconf 89' lang='lat' dir='ltr'><strong>medelam,</strong></span> 
     </span>
    </p>
   </div>
   <div class='ocr_carea' id='block_1_110' title="bbox 2414 5180 3295 5238">
    <p class='ocr_par' dir='ltr' id='par_1_110' title="bbox 2414 5180 3295 5238">
     <span class='ocr_line' id='line_1_110' title="bbox 2414 5180 3295 5238; baseline 0.007 -6"><span class='ocrx_word' id='word_1_717' title='bbox 2414 5180 2490 5233; x_wconf 81' lang='lat' dir='ltr'><strong>Ne</strong></span> <span class='ocrx_word' id='word_1_718' title='bbox 2514 5181 2634 5236; x_wconf 89' lang='lat' dir='ltr'><strong>sine</strong></span> <span class='ocrx_word' id='word_1_719' title='bbox 2658 5180 2836 5236; x_wconf 82' lang='lat' dir='ltr'><strong>fructu</strong></span> <span class='ocrx_word' id='word_1_720' title='bbox 2873 5183 3146 5237; x_wconf 90' lang='lat' dir='ltr'><strong>cruciatus</strong></span> <span class='ocrx_word' id='word_1_721' title='bbox 3171 5192 3295 5238; x_wconf 89' lang='lat' dir='ltr'><strong>urat</strong></span> 
     </span>
    </p>
   </div>
   <div class='ocr_carea' id='block_1_111' title="bbox 2701 5271 3180 5340">
    <p class='ocr_par' dir='ltr' id='par_1_111' title="bbox 2701 5271 3180 5340">
     <span class='ocr_line' id='line_1_111' title="bbox 2701 5271 3180 5340; baseline 0.004 -15"><span class='ocrx_word' id='word_1_722' title='bbox 2701 5271 2941 5340; x_wconf 84' lang='lat' dir='ltr'><strong>Corpora</strong></span> <span class='ocrx_word' id='word_1_723' title='bbox 2972 5282 3180 5327; x_wconf 90' lang='lat' dir='ltr'><strong>nostra.</strong></span> 
     </span>
    </p>
   </div>
   <div class='ocr_carea' id='block_1_112' title="bbox 2411 5360 3450 5435">
    <p class='ocr_par' dir='ltr' id='par_1_112' title="bbox 2411 5360 3450 5435">
     <span class='ocr_line' id='line_1_112' title="bbox 2411 5360 3450 5435; baseline 0.007 -20"><span class='ocrx_word' id='word_1_724' title='bbox 2411 5360 2600 5416; x_wconf 88' lang='lat' dir='ltr'><strong>Omnis</strong></span> <span class='ocrx_word' id='word_1_725' title='bbox 2620 5363 2884 5433; x_wconf 88' lang='lat' dir='ltr'><strong>impulsus</strong></span> <span class='ocrx_word' id='word_1_726' title='bbox 2900 5366 3178 5433; x_wconf 89' lang='lat' dir='ltr'><strong>perimeus</strong></span> <span class='ocrx_word' id='word_1_727' title='bbox 3208 5366 3450 5435; x_wconf 87' lang='lat' dir='ltr'><strong>recedat,</strong></span> 
     </span>
    </p>
   </div>
   <div class='ocr_carea' id='block_1_113' title="bbox 2411 5452 3474 5531">
    <p class='ocr_par' dir='ltr' id='par_1_113' title="bbox 2411 5452 3474 5531">
     <span class='ocr_line' id='line_1_113' title="bbox 2411 5452 3474 5531; baseline 0.009 -24"><span class='ocrx_word' id='word_1_728' title='bbox 2411 5452 2601 5509; x_wconf 85' lang='lat' dir='ltr'><strong>Omnis</strong></span> <span class='ocrx_word' id='word_1_729' title='bbox 2632 5456 2882 5511; x_wconf 86' lang='lat' dir='ltr'><strong>incursus</strong></span> <span class='ocrx_word' id='word_1_730' title='bbox 2904 5457 3157 5513; x_wconf 87' lang='lat' dir='ltr'><strong>crucians</strong></span> <span class='ocrx_word' id='word_1_731' title='bbox 3186 5458 3474 5531; x_wconf 77' lang='lat' dir='ltr'><strong>liquescat,</strong></span> 
     </span>
    </p>
   </div>
   <div class='ocr_carea' id='block_1_114' title="bbox 2419 5547 3221 5617">
    <p class='ocr_par' dir='ltr' id='par_1_114' title="bbox 2419 5547 3221 5617">
     <span class='ocr_line' id='line_1_114' title="bbox 2419 5547 3221 5617; baseline 0.011 -18"><span class='ocrx_word' id='word_1_732' title='bbox 2419 5547 2581 5617; x_wconf 74' lang='lat' dir='ltr'><strong>Vigor</strong></span> <span class='ocrx_word' id='word_1_733' title='bbox 2599 5558 2798 5616; x_wconf 76' lang='lat' dir='ltr'><strong>optata:</strong></span> <span class='ocrx_word' id='word_1_734' title='bbox 2822 5547 3001 5604; x_wconf 85' lang='lat' dir='ltr'><strong>foveat</strong></span> <span class='ocrx_word' id='word_1_735' title='bbox 3030 5550 3221 5608; x_wconf 88' lang='lat' dir='ltr'><strong>salutis</strong></span> 
     </span>
    </p>
   </div>
   <div class='ocr_carea' id='block_1_115' title="bbox 2698 5642 3220 5701">
    <p class='ocr_par' dir='ltr' id='par_1_115' title="bbox 2698 5642 3220 5701">
     <span class='ocr_line' id='line_1_115' title="bbox 2698 5642 3220 5701; baseline 0.013 -7"><span class='ocrx_word' id='word_1_736' title='bbox 2698 5642 2938 5697; x_wconf 78' lang='lat' dir='ltr'><strong>Membra</strong></span> <span class='ocrx_word' id='word_1_737' title='bbox 2972 5643 3220 5701; x_wconf 88' lang='lat' dir='ltr'><strong>dolentis.</strong></span> 
     </span>
    </p>
   </div>
  </div>
