4122 6620
283 615 384 676 537

346 738 458 814 87
489 737 609 795 Jam
640 738 781 794 Deus
803 748 990 794 noster
1008 740 1263 796 miserate
1288 739 1447 797 ﬂetus
1465 785 1480 809 ,

348 832 440 888 Sic
468 832 665 903 quibus
688 840 748 886 te
778 848 923 887 nunc
950 834 1185 904 petimus
1217 834 1457 900 medere,

351 925 421 984 Ut
449 935 599 983 tuam
622 926 803 981 omnis
830 928 1099 983 recubans
1126 928 1392 984 medelam

494 1020 706 1076 Sentiat
734 1037 893 1093 arger.

347 1112 466 1180 Quo
489 1130 589 1185 per
610 1114 755 1169 illata
780 1115 922 1170 mala
949 1114 1080 1170 dum
1106 1124 1355 1172 teruntur
1371 1160 1385 1184 ,

348 1205 699 1264 Eruditorum
729 1224 954 1266 numero
975 1210 1180 1276 decori,

346 1295 641 1369 Compotes
670 1301 876 1356 intrent
902 1301 1150 1359 sociantc
1178 1300 1359 1358 fructu

492 1389 677 1463 Regna
715 1393 983 1463 polorum.

344 1480 528 1536 Gloria
555 1481 724 1549 Patri,
746 1485 1051 1557 genitasque
1072 1486 1237 1553 Proli,

344 1573 416 1627 Et
442 1571 514 1629 ibi
542 1590 767 1645 compar
794 1577 1076 1649 utriusque
1107 1594 1325 1651 semper

348 1664 583 1735 Spiritus
612 1666 774 1732 alme,
808 1667 952 1725 Deus
983 1686 1124 1727 unus
1152 1675 1301 1729 omni

487 1757 758 1828 Tempore
779 1760 927 1815 secli.

340 1847 526 1905 Gloria
552 1852 752 1923 psallat
775 1853 998 1923 chorus,
1029 1867 1085 1915 et
1112 1860 1360 1928 resultet,

340 1941 584 2002 Gloriam
631 1945 804 2016 dicat.
854 1959 1021 2006 canat
1076 1961 1133 2008 ct
1168 1954 1431 2022 resolvat,
1482 1955 1737 2029 [Martem
1787 1977 1874 2016 rc-

1654 2052 1801 2107 volat
1826 2053 1868 2127 ],

340 2128 577 2199 Spiritus
602 2132 763 2201 alme,
791 2132 939 2193 Deus
958 2153 1099 2197 unus
1124 2142 1271 2196 omni

481 2221 753 2296 Tempore
771 2226 923 2284 secli.

671 2353 774 2396 PRO
808 2357 1189 2401 FAIILHRIBUS
1226 2362 1448 2403 οΜτιο.

334 2440 535 2505 Libera
562 2464 685 2518 nos,
715 2466 1050 2522 qmesumus,
1082 2456 1312 2514 Domine
1338 2470 1529 2517 sancte
1558 2456 1723 2519 Pater
1749 2480 1867 2520 om-

265 2538 537 2609 nipotens,
560 2547 765 2597 aeterne
792 2542 956 2612 Deus,
989 2546 1058 2601 ab
1083 2549 1337 2607 omnibus
1360 2550 1506 2609 vitiis
1549 2559 1607 2609 et
1631 2556 1698 2612 de
1727 2555 1864 2613 insi-

265 2630 370 2686 diis
401 2630 624 2689 inimici.
654 2626 885 2706 Protege
912 2652 1013 2694 nos
1042 2638 1112 2693 ab
1143 2642 1290 2698 omni
1323 2642 1670 2703 tribulatione
1690 2656 1747 2705 et
1769 2664 1865 2720 po-

264 2728 465 2778 testate
493 2724 712 2796 iniqua,
745 2734 804 2781 ut
840 2731 1224 2800 magniﬁcetur
1250 2749 1448 2790 nomen
1476 2743 1629 2794 tuum
1664 2747 1719 2794 et
1747 2756 1865 2796 ma-

262 2815 435 2885 iestas
458 2824 550 2871 tua
574 2836 587 2869 :
629 2833 699 2871 ne
739 2820 927 2876 dicant
950 2832 1141 2893 gentes
1162 2866 1177 2891 ,
1212 2824 1313 2881 libi
1341 2836 1426 2882 est
1456 2828 1600 2886 Deus
1628 2846 1819 2887 eorum
1840 2835 1865 2887 ?

261 2906 407 2963 Deus
444 2917 628 2965 autem
668 2920 855 2968 noster
884 2914 939 2967 in
968 2914 1129 2981 caelo,
1163 2919 1349 2974 omnia
1386 2936 1728 2995 quascunque
1761 2939 1861 2981 vo-

261 2996 381 3064 luit,
406 2998 554 3055 fecit.
586 2999 810 3059 Custodi
846 3020 968 3073 nos,
1011 3004 1269 3075 Domine,
1314 3018 1373 3065 ut
1398 3012 1655 3083 pupillam
1696 3015 1858 3084 oculi,

259 3092 363 3147 sub
397 3092 589 3149 umbra
622 3095 832 3153 alarum
870 3105 1087 3155 tuarum
1119 3110 1341 3176 protege
1374 3120 1474 3160 nos
1499 3124 1513 3165 :
1540 3123 1609 3164 ne
1633 3108 1739 3164 ulla
1764 3125 1862 3181 ρο·-

260 3194 434 3241 testas
453 3185 693 3243 humana
731 3191 918 3261 iniqua
952 3194 1108 3251 nobis
1129 3210 1327 3252 nocere
1355 3197 1536 3255 valeat
1562 3201 1619 3258 in
1652 3202 1857 3269 anima,

259 3279 315 3333 in
344 3293 596 3350 corpore,
621 3282 677 3336 in
704 3292 907 3350 mente,
954 3286 1007 3341 in
1043 3286 1389 3355 ambulando,
1422 3290 1476 3346 in
1516 3292 1855 3363 dormienda,

260 3373 316 3428 in
342 3376 559 3440 stando,
593 3377 649 3430 in
678 3376 935 3444 sedendo,
973 3379 1029 3434 in
1059 3380 1179 3436 visu
1199 3422 1214 3447 ,
1247 3382 1301 3437 in
1334 3383 1554 3450 auditu,
1600 3386 1654 3442 in
1684 3395 1854 3453 tactu,

259 3466 315 3517 in
344 3466 596 3533 odoratu,
642 3469 697 3524 in
736 3479 917 3541 gustu,
951 3472 1007 3526 in
1038 3481 1185 3543 potu,
1215 3475 1269 3528 in
1304 3491 1426 3541 usu,
1471 3476 1526 3531 in
1555 3493 1765 3550 gressu,
1798 3482 1855 3536 in
1883 3492 1932 3557 ο

257 3554 509 3625 lectione,
541 3560 594 3613 in
620 3561 898 3626 oratione,
931 3562 986 3618 in
1014 3578 1212 3630 sensu,
1246 3564 1299 3620 in
1330 3566 1633 3635 locutione,
1667 3570 1721 3625 in
1762 3587 1857 3628 co-

255 3649 542 3724 gitatione,
574 3652 628 3704 in
671 3654 1044 3721 separatione,
1087 3654 1142 3709 in
1184 3659 1625 3729 congregatione,
1669 3660 1723 3715 in
1766 3661 1855 3717 iti«

257 3758 414 3807 nere,
444 3744 499 3797 in
534 3745 896 3814 navigatione.
935 3746 1134 3802 Libera
1167 3765 1286 3816 nos,
1318 3750 1558 3807 clemens
1587 3753 1848 3818 Trinitas,

257 3834 327 3889 ab
349 3835 497 3889 omni
539 3835 680 3890 malo
705 3838 1001 3906 praeterito,
1050 3841 1326 3909 praesenti,
1356 3852 1414 3897 et
1453 3841 1635 3900 futuro
1667 3859 1682 3896 ε
1711 3847 1855 3902 sicut

254 3928 500 3983 Iiberasti
530 3944 720 3983 servos
748 3937 872 3985 tuos
897 3930 967 3985 ab
994 3932 1151 3987 initio
1176 3933 1402 4000 mundi,
1430 3934 1545 3990 Noe
1570 3952 1601 3990 a
1626 3936 1847 4003 diluvio,

251 4018 531 4073 Abraham
559 4020 627 4073 de
666 4019 742 4075 Ur
780 4018 1174 4089 Chaldaeorum,
1213 4023 1317 4080 Lot
1339 4026 1409 4082 de
1435 4026 1653 4084 civitate
1678 4027 1850 4085 Sodo-

252 4124 486 4172 morum,
521 4109 739 4181 Moysen
766 4122 823 4167 et
848 4113 1102 4182 populum
1129 4114 1295 4171 Israel
1323 4118 1402 4173 de“
1419 4119 1557 4173 mari
1584 4118 1769 4175 Rubro
1795 4130 1852 4177 et

250 4201 321 4258 de
344 4201 596 4257 manibus
622 4202 945 4269 Pharaonis,
971 4205 1142 4261 David
1175 4209 1243 4264 de
1270 4225 1435 4266 manu
1459 4210 1639 4268 Saulis
1659 4222 1715 4270 et
1740 4212 1849 4270 Go-

250 4292 356 4357 liae,
403 4292 575 4347 Eliam
612 4302 669 4349 et
706 4295 889 4352 Enoch
917 4298 985 4353 de
1012 4300 1115 4355 hoc
1151 4302 1373 4370 mundo,
1404 4302 1629 4360 Tobiam
1657 4305 1723 4360 de
1751 4307 1847 4362 do-

249 4386 366 4440 lore
391 4386 689 4464 oculorum,
723 4396 835 4444 tres
860 4405 1059 4460 pueros
1080 4391 1148 4446 de
1173 4394 1389 4449 camino
1404 4395 1553 4469 ignis
1580 4398 1841 4462 ardentis,

249 4479 563 4534 Susannam
592 4480 661 4535 de
700 4497 864 4536 manu
901 4484 1228 4555 principum,
1261 4485 1452 4543 Daniel
1477 4490 1546 4545 de
1581 4490 1700 4547 lacu
1734 4491 1843 4547 leo-

247 4585 401 4633 num,
433 4568 627 4625 Jonam
669 4570 735 4626 de
778 4582 973 4629 ventre
1014 4576 1141 4640 ceti,
1180 4575 1473 4633 Ezechiam
1514 4580 1582 4635 de
1613 4580 1842 4635 inﬁrmi-

249 4668 382 4725 tate,
416 4659 659 4715 Naaman
690 4662 886 4733 Syrum
911 4665 980 4720 de
1006 4667 1343 4737 :rgritudine,
1374 4678 1431 4724 et
1454 4669 1640 4726 Jesum
1670 4671 1841 4729 [ilium

244 4749 369 4808 Nun
412 4754 479 4809 de
511 4756 712 4825 przeliis
752 4755 1202 4826 Chananzeorum,
1251 4758 1501 4818 Ninivem
1551 4765 1617 4819 de
1664 4776 1840 4823 morte

244 4847 510 4913 minante,
550 4847 705 4904 lsaac
748 4851 814 4905 de
842 4850 1020 4921 gladio
1046 4854 1216 4922 patris
1244 4855 1347 4917 sui,
1384 4853 1486 4911 Job
1513 4854 1581 4911 de
1608 4857 1835 4912 tribula-
1870 4856 1920 4917 Ι)

244 4939 485 4995 tionibus
514 4941 646 5005 suis,
677 4939 896 4998 Gedeon
927 4943 995 4998 de
1028 4943 1295 5011 barbaris,
1323 4946 1541 5001 Petrum
1572 4948 1639 5004 dc
1667 4947 1841 5005 ﬂucti-

241 5034 346 5089 bus
374 5035 543 5091 marls
572 5043 627 5092 et
654 5036 722 5093 de
761 5054 1005 5105 carcere,
1032 5040 1254 5098 Paulum
1285 5044 1352 5097 de
1391 5040 1575 5101 multis
1615 5046 1840 5103 tribula-

1255 621 1649 680 LlTURGlCA.
1690 648 1759 666 —-
1800 623 2069 683 OFFlClA
2110 626 2248 683 PER
2286 628 2560 685 FERIAS.

3466 642 3574 702 558

1904 758 1949 819 Α
1978 760 2079 816 gue
2111 744 2223 800 ﬁat.
2256 746 2481 817 Tribuat
2510 747 2603 801 tibi
2647 748 2943 803 secundum
2984 766 3079 806 cor
3110 763 3259 810 tuum
3287 777 3297 811 :
3330 766 3385 814 et
3414 776 3575 820 omne

1977 835 2265 889 consilium
2319 845 2466 891 tuum
2522 836 2826 893 conﬁrmet.
2869 840 3198 901 chtahimur
3242 849 3295 902 in
3346 852 3573 909 salutari

1978 933 2072 979 tuo
2105 943 2117 979 :
2149 935 2203 980 et
2257 927 2310 981 in
2348 944 2567 985 nomine
2609 931 2704 986 Dei
2744 935 2915 988 nostri
2950 938 3436 1007 magniﬁcabimnr.
3470 944 3575 1000 lm-

1976 1014 2120 1083 pleat
2144 1016 2406 1073 Dominus
2440 1036 2630 1075 omnes
2654 1024 2944 1094 petitiones
2988 1037 3139 1082 tuas:
3171 1046 3315 1088 nunc
3344 1038 3575 1105 cognovi

1975 1106 2234 1171 quoniam
2286 1106 2496 1162 salvum
2561 1110 2687 1165 fecit
2747 1113 3006 1169 Dominus
3053 1117 3326 1177 Christum
3388 1140 3567 1179 suum.

1976 1193 2247 1257 Exaudiet
2282 1198 2430 1254 illum
2462 1202 2528 1256 de
2556 1203 2694 1259 cmlo
2731 1215 2923 1263 sancto
2968 1225 3068 1265 suo
3109 1211 3163 1265 in
3205 1215 3573 1282 potentatibus

1976 1286 2124 1342 salus
2153 1286 2391 1344 dextera:
2439 1289 2575 1361 ejus.
2606 1292 2671 1347 Hi
2702 1295 2755 1349 in
2783 1298 3065 1365 curribus,
3109 1311 3166 1356 et
3197 1303 3254 1357 hi
3289 1304 3343 1358 in
3373 1306 3525 1376 equis
3550 1323 3568 1361 :

1978 1393 2076 1433 nos
2104 1386 2287 1435 autem
2326 1381 2381 1434 in
2420 1384 2640 1440 nomine
2687 1384 2900 1443 Domini
2940 1389 3035 1445 Dei
3073 1396 3247 1450 nostri
3296 1398 3572 1456 invocabi—

1977 1484 2116 1524 mus.
2177 1470 2282 1541 Ipsi
2330 1472 2551 1546 obligati
2598 1486 2727 1532 sunt
2769 1489 2824 1533 et
2850 1482 3203 1539 ceciderunt:
3237 1502 3337 1543 nos
3387 1497 3571 1546 autem

1976 1563 2317 1618 surreximus
2344 1573 2403 1620 et
2438 1569 2606 1623 erecti
2631 1585 2837 1627 sumus.
2865 1572 3112 1641 Domine,
3134 1578 3344 1635 salvum
3368 1579 3455 1637 fac
3482 1596 3571 1639 re-

1974 1667 2096 1723 gem
2126 1671 2139 1708 :
2167 1663 2225 1708 ct
2252 1656 2446 1711 exaudi
2475 1673 2576 1714 nos
2605 1660 2661 1714 in
2687 1661 2796 1729 die,
2827 1679 2932 1734 qua
2957 1665 3391 1729 invocaverimus
3422 1682 3497 1730 te.

2048 1743 2118 1797 L’t
2132 1762 2310 1816 supra.
2330 1747 2451 1803 Fiat
2474 1751 2851 1809 misericordia
2871 1765 2981 1824 tua,
3003 1758 3249 1830 Domine,
3267 1780 3430 1835 super
3446 1781 3570 1823 nos.

2048 1834 2254 1892 Oratio.
2293 1838 2478 1912 Imple,
2510 1842 2761 1911 Domine,
2784 1850 3076 1918 petitiones
3097 1834 3345 1924 nostras,
3364 1868 3421 1913 et
3449 1867 3571 1915 tan—

1972 1943 2142 2000 quam
2189 1929 2609 2003 pinguissimum
2656 1953 2758 1993 nos
2803 1941 3180 2001 holocaustum
3227 1964 3466 2019 assume,
3510 1963 3571 2009 ut

1974 2018 2320 2077 inimicorum
2365 2026 2616 2082 curribus
2644 2030 2926 2102 obligatis,
2956 2036 3211 2094 salutaris
3240 2043 3316 2099 tui
3338 2044 3569 2116 opitula—

1895 2125 1946 2190 Β
1971 2109 2118 2166 tione
2138 2110 2402 2169 laetemur.
2424 2113 2548 2172 Per.

2040 2201 2162 2257 Alia
2183 2203 2392 2262 Oratio.
2417 2207 2604 2280 Imple,
2644 2212 2893 2283 Domine,
2919 2221 3210 2288 petitiones
3240 2236 3483 2296 nostras,
3511 2239 3567 2287 et

1971 2292 2127 2347 mitte
2162 2295 2321 2351 nobis
2351 2298 2611 2356 auxilium
2652 2304 2720 2359 de
2751 2315 2943 2365 sancto
2968 2328 2981 2365 :
3014 2328 3227 2372 memor
3251 2328 3372 2375 esto
3397 2292 3567 2380 sacri-

1970 2380 2081 2439 ticii
2127 2385 2330 2457 nostri,
2360 2390 2508 2460 quod
2553 2391 2647 2450 tibi
2696 2412 2806 2454 non
2838 2399 3015 2457 solum
3061 2405 3333 2470 oblatione
3360 2426 3417 2472 et
3444 2432 3568 2474 ora-

1970 2473 2118 2532 tione
2160 2475 2409 2549 oﬂ'ertur,
2438 2498 2503 2539 ac
2526 2499 2720 2557 preces
2768 2500 3020 2563 nostras,
3063 2514 3201 2572 quas
3239 2505 3295 2561 in
3324 2524 3567 2579 quacun-

1966 2581 2075 2666 que
2238 2569 2338 2628 tibi
2362 2580 2473 2629 tam
2516 2591 2682 2633 manu
2729 2578 2947 2653 linguae,
2994 2569 3157 2658 quam
3202 2569 3360 2666 genu.
3383 2596 3567 2659 cordis

1965 2658 2267 2732 offerimus,
2297 2666 2566 2738 propitius
2586 2673 2775 2729 audire
2796 2676 3043 2748 dignare.
3066 2680 3197 2739 Per.

2514 2828 2630 2902 es
2667 2829 3005 2893 PSALMUS.

2036 2938 2233 3014 (Pass.
2268 2944 2394 3019 ιι..)
2431 2946 2635 3006 Beatus
2676 2951 2791 3018 vir,
2833 2954 2925 3024 qui
2964 2956 3217 3033 intelligit
3247 2978 3414 3038 super
3443 2984 3567 3042 ege-

1964 3046 2094 3088 num
2121 3041 2180 3089 et
2209 3048 2509 3107 pauperem
2534 3058 2549 3094 :
2574 3041 2630 3095 in
2652 3043 2740 3099 die
2767 3046 2906 3100 mala
2936 3046 3189 3109 liberabit
3219 3071 3345 3113 eum
3380 3041 3565 3121 Domi-

1964 3140 2087 3183 nus.
2128 3126 2391 3187 Dominus
2448 3145 2740 3193 conservet
2778 3154 2925 3207 eum,
2955 3152 3011 3197 et
3040 3144 3277 3205 viviﬂcet
3319 3166 3464 3221 eum,
3503 3167 3563 3215 et

1961 3218 2183 3277 beatum
2230 3222 2397 3281 faciat
2435 3242 2561 3284 eum
2590 3228 2646 3286 in
2678 3240 2825 3288 terra
2855 3254 2868 3288 :
2902 3245 2959 3292 et
2996 3252 3102 3295 non
3134 3246 3315 3303 tradat
3349 3218 3473 3306 eum
3505 3253 3564 3309 in

1960 3314 2201 3371 animam
2242 3316 2586 3377 inimicorum
2630 3323 2765 3394 ejus.
2800 3329 3063 3392 Dominus
3103 3352 3264 3411 opem
3304 3340 3444 3398 ferat
3484 3345 3559 3401 illi

1959 3421 2126 3478 super
2151 3409 2354 3469 lectum
2391 3413 2594 3473 doloris
2640 3420 2758 3491 ejus
2792 3441 2804 3476 :
2834 3409 3157 3488 universum
3175 3444 3411 3492 stratum
3441 3437 3563 3509 ejus

1961 3504 2194 3557 versasti
2215 3503 2273 3559 in
2288 3503 2608 3566 inﬁrmitate
2624 3511 2761 3580 ejus.
2792 3515 2901 3588 Ego
2930 3520 3042 3576 dixi
3074 3540 3087 3575 :
3113 3523 3360 3596 Domine,
3391 3503 3559 3587 misc-

1958 3608 2082 3649 rere
2132 3597 2241 3652 mei
2271 3615 2284 3651 :
2310 3612 2448 3655 sana
2477 3604 2720 3662 animam
2761 3623 2959 3678 meam,
3014 3616 3141 3686 quia
3171 3624 3392 3689 peccavi
3418 3613 3555 3679 'tibi.

1955 3683 2164 3742 Inimici
2208 3691 2315 3744 mei
2348 3690 2606 3750 dixerunt
2641 3698 2784 3752 mala
2826 3702 2959 3758 mihi
2993 3683 3258 3778 :quando
3292 3714 3563 3771 morietur

1954 3786 2012 3832 et
2037 3780 2237 3850 peribit
2263 3796 2461 3839 nomen
2504 3784 2667 3856 ejus?
2694 3790 2762 3844 Et
2791 3793 2835 3846 si
2867 3794 3290 3870 ingrediebantur,
3320 3814 3381 3860 ut
3402 3808 3558 3871 vide-

1954 3880 2062 3940 ret,
2092 3890 2231 3931 vana
2259 3875 2584 3947 loquebatur
2613 3896 2627 3936 :
2653 3898 2750 3939 cor
2773 3885 2894 3954 ejus
2916 3896 3266 3965 congregavit
3294 3898 3554 3972 iniquita-

1955 3978 2066 4025 tem
2112 3970 2235 4028 sibi.
2264 3973 2662 4046 Egrediebatur
2700 3980 2847 4038 foras
2883 4003 2895 4038 :
2927 3993 2985 4041 et
3010 3987 3335 4061 loquebatur
3373 3970 3428 4051 in
3473 3998 3556 4053 ld-

1952 4064 2150 4134 ipsum.
2202 4067 2511 4127 Adversum
2566 4090 2653 4130 me
2704 4081 3066 4137 susurrabant
3110 4099 3301 4143 omnes
3346 4090 3552 4150 inimici

1950 4162 2100 4212 mei:
2130 4158 2422 4217 adversum
2470 4178 2557 4220 me
2589 4169 2903 4238 cogitabant
2944 4175 3085 4230 mala
3124 4169 3276 4234 mihi.
3310 4179 3550 4238 Verbum

1951 4249 2199 4322 iniquum
2228 4259 2635 4315 constituerunt
2682 4264 2970 4321 adversum
3002 4282 3126 4324 me:
3160 4270 3412 4345 Nunquid
3454 4279 3550 4348 qui

1950 4344 2170 4414 dormit,
2213 4363 2324 4404 non
2366 4348 2583 4420 adjiciet
2609 4363 2671 4408 ut
2693 4360 2984 4429 resurgat?
3011 4360 3225 4419 Etenim
3258 4344 3419 4423 homo
3450 4344 3547 4439 p—a‘

1947 4435 2028 4491 cis
2073 4452 2209 4494 mea;
2232 4440 2291 4493 in
2338 4454 2449 4510 quo
2495 4447 2712 4513 speravi
2744 4465 2756 4500 :
2783 4450 2876 4519 qui
2921 4451 3116 4509 edebat
3152 4472 3323 4527 panes
3368 4435 3546 4528 meos,

1946 4530 2315 4601 magniﬁcavit
2353 4549 2520 4605 super
2555 4550 2643 4592 me
2682 4540 3194 4609 supplantationem.
3230 4548 3308 4605 Tu
3339 4562 3545 4622 autem,

1945 4618 2193 4687 Domine,
2235 4625 2497 4681 miserere
2542 4628 2676 4694 mei,
2709 4640 2765 4685 et
2806 4638 3073 4692 resuscitn
3116 4656 3204 4695 mc
3237 4660 3249 4694 :
3282 4650 3339 4698 et
3383 4648 3545 4701 retri-

1943 4712 2107 4771 bttam
2152 4716 2255 4772 eis.
2299 4716 2358 4772 in
2404 4719 2506 4775 hoc
2543 4727 2791 4794 cognovi,
2842 4732 3097 4798 quoniam
3146 4735 3359 4792 voluisti
3410 4756 3540 4795 me:

1945 4804 2205 4874 quoniam
2234 4823 2344 4865 non
2372 4812 2628 4881 gaudebit
2656 4816 2905 4875 immicus
2926 4837 3078 4877 mens
3107 4841 3272 4895 super
3311 4844 3417 4884 me.
3452 4830 3541 4889 Mc

1943 4901 2127 4951 autem
2171 4907 2397 4969 propter
2447 4902 2813 4962 innocentiam
2857 4916 3141 4981 suscepisti
3184 4938 3197 4971 :
3232 4927 3287 4973 et
3335 4923 3538 4978 contir-

1940 4985 2104 5041 masti
2131 5001 2219 5043 me
2249 4988 2302 5042 in
2347 5005 2642 5062 conspectu
2683 5005 2775 5051 tuo
2806 5000 2857 5053 in
2888 5012 3168 5059 aeternum.
3214 5008 3538 5068 Benedictus

1938 5070 2204 5132 Dominus
2227 5078 2371 5133 Deus
2400 5080 2568 5135 lsrael
2594 5101 2625 5139 a
2654 5088 2851 5142 aesculo
2881 5101 2937 5144 et
2963 5108 3135 5165 usque
3163 5098 3215 5151 in
3240 5101 3532 5157 saeculum:

242 5125 481 5181 tionibus
526 5134 584 5180 et
627 5128 901 5198 periculis.
956 5129 1047 5186 Sic
1104 5140 1293 5188 sancta
1346 5132 1586 5190 Trinitas
1634 5146 1837 5193 aeterne

240 5218 411 5284 Deus,
455 5232 557 5274 nos
587 5219 818 5277 famulos
848 5230 972 5279 tuos
1018 5223 1088 5279 ab
1127 5225 1377 5281 omnibus
1417 5228 1470 5281 in
1501 5227 1608 5284 hoc
1634 5230 1836 5285 saeculo

239 5310 456 5368 insidiis
482 5311 679 5368 diaboli
718 5312 971 5381 liberare,
995 5324 1050 5371 et
1071 5310 1129 5371 in
1158 5326 1250 5371 tuo
1287 5327 1475 5374 sancto
1504 5334 1832 5376 conservare

238 5402 475 5475 digneris
504 5402 700 5460 illaesos
722 5407 946 5462 servitio
976 5426 988 5459 :
1018 5416 1078 5462 ut
1108 5409 1161 5462 in
1192 5406 1373 5465 futuro
1403 5420 1579 5467 tecum
1609 5413 1831 5482 prazmia

236 5495 495 5564 consequi
535 5510 842 5550 mereamur
864 5506 1087 5562 aeterna,
1132 5502 1224 5569 qui
1270 5501 1404 5555 vivis
1444 5511 1499 5556 et
1536 5518 1732 5574 regnas
1776 5503 1829 5559 in

236 5587 434 5642 saecula
464 5586 804 5645 saeculorum.
836 5590 1029 5645 Amen.

860 5695 1200 5759 PSALMUS.

306 5806 499 5882 (PSAL.
533 5824 646 5864 ιιι.
674 5811 692 5881 )
721 5808 991 5867 Exaudiat
1016 5820 1069 5868 te
1107 5813 1369 5870 Dominus
1401 5816 1453 5869 in
1487 5816 1574 5870 die
1608 5816 1829 5872 tribula-

236 5899 440 5955 tionis:
469 5906 718 5971 protegat
771 5911 826 5957 te
878 5918 1075 5959 nomen
1125 5904 1219 5961 Dei
1271 5904 1455 5963 Jacob.
1514 5908 1690 5963 Mittat
1736 5910 1829 5963 tibi

234 5990 495 6047 auxilium
525 5991 591 6044 de
636 6001 828 6046 sancto
861 6012 871 6044 :
899 6003 955 6048 et
995 5994 1060 6049 de
1092 5994 1221 6051 Sion
1255 6006 1469 6052 tueatur
1501 6008 1569 6052 te.
1625 5998 1829 6052 Memor

234 6082 311 6143 sit
335 6082 515 6143 omnis
559 6082 811 6139 sacrificii
853 6088 970 6141 tui:
1006 6097 1060 6142 et
1099 6089 1470 6147 holocaustum
1517 6102 1668 6146 tuum
1710 6092 1823 6163 pin-

2006 5257 2077 5314 Ut
2106 5278 2286 5331 supra.
2319 5263 2604 5337 Dispersit,
2632 5269 2783 5328 dedit
2801 5280 3148 5346 pauperibus.

2014 5347 2220 5409 Oratio.
2288 5354 2608 5414 Nostrorum
2662 5367 3035 5430 peccaminum
3085 5374 3232 5429 mitis
3271 5376 3529 5449 indultor,

1937 5455 2139 5501 :cternc
2168 5446 2328 5514 Deus,
2351 5454 2442 5520 qui
2474 5452 2572 5508 das
2600 5452 2836 5527 ell'ugere
2862 5459 3003 5517 diem
3035 5466 3256 5535 malum,
3288 5472 3332 5528 si
3362 5446 3528 5534 mise;

1939 5540 2171 5596 ricordia
2201 5542 2563 5615 subsequatur
2581 5563 2809 5619 egenum
2842 5571 2853 5605 :
2877 5553 2958 5610 fer
2985 5573 3162 5628 opem,
3193 5579 3525 5636 quaesumus,

1937 5630 2214 5703 doloribus
2260 5641 2482 5719 nostris,
2525 5652 2585 5697 ut
2623 5644 2751 5699 dum
2781 5652 3022 5707 carnalia
3062 5657 3254 5714 delicta
3284 5662 3524 5720 clemen-

1938 5727 2019 5778 ter
2045 5729 2248 5796 arguis,
2284 5733 2739 5792 medicamentum
2786 5742 2980 5799 animm
3033 5746 3365 5816 placabiliter
3411 5756 3518 5812 lar-

1930 5815 2113 5885 giaris.
2142 5818 2246 5875 Per
2270 5820 2573 5880 Dominum.

2004 5910 2142 5963 Alia.
2170 5912 2443 5970 Continuo
2486 5933 2584 5973 nos
2625 5921 2680 5975 in
2709 5938 2999 5996 conspectu
3037 5940 3147 5997 tuo,
3188 5933 3434 6002 Domine,
3468 5941 3523 5994 in

1931 6011 2224 6066 tcternum;
2258 6013 2315 6057 ut
2345 6005 2580 6063 defixum
2611 6013 2715 6065 iter
2745 6028 2987 6072 nostrum
3018 6023 3163 6076 nullo
3202 6026 3377 6081 alieno
3407 6028 3516 6083 sul-

1931 6091 2166 6148 licitetur
2191 6106 2428 6167 aspectu.
2464 6097 2584 6154 Per.
