4122 6550
576 430 682 486 559

1202 534 1543 592 PSAMAUS.

647 658 839 732 (Psan.
868 653 1050 728 un.)
1088 652 1231 706 Deus
1259 650 1586 706 misereatur
1615 645 1783 703 nostri
1819 662 1831 697 :
1861 651 1917 696 et
1946 637 2169 698 benedi-

574 730 667 808 cat
687 748 848 805 nobis
880 765 893 802 :
925 745 1192 802 illuminet
1218 742 1422 797 vultum
1453 754 1609 795 suum
1638 752 1802 808 super
1827 750 1947 798 nos,
1988 739 2046 787 et
2066 730 2169 785 mi-

574 852 824 902 sereatur
848 840 1039 897 nostri.
1065 838 1131 894 Ut
1159 848 1551 908 cognoscamus
1579 832 1632 886 in
1659 840 1809 887 terra
1822 828 1967 884 viam
1989 834 2167 883 tuam:

574 937 633 993 in
683 934 935 992 omnibus
981 930 1234 1004 gentibus
1284 926 1523 983 salutare
1577 933 1747 979 tuum.
1798 919 2177 978 Conﬁteantur

575 1031 673 1086 tibi
717 1027 923 1100 populi,
963 1027 1108 1080 Deus
1140 1044 1153 1077 :
1183 1021 1547 1078 conﬁteantur
1591 1018 1685 1072 tibi
1730 1014 1910 1087 populi
1958 1025 2169 1068 omnes.

577 1125 853 1180 Laetentur
882 1130 939 1176 et
978 1117 1254 1175 exsultent
1281 1122 1502 1187 gentes,
1550 1109 1808 1182 quoniam
1829 1105 2045 1176 judieas
2071 1117 2172 1174 po-

578 1213 733 1285 pulos
774 1212 829 1265 in
856 1208 1137 1279 :rquitate,
1166 1214 1223 1262 et
1250 1213 1440 1276 gentes
1479 1200 1534 1258 iii
1579 1211 1723 1256 terra
1763 1196 1971 1268 dirigis.
1994 1192 2175 1250 Conﬁ-

578 1311 802 1362 teantur
847 1301 943 1357 tibi
984 1298 1186 1371 populi,
1218 1296 1396 1360 Deus,
1444 1293 1809 1349 conﬁteantur
1853 1289 1949 1344 tibi
1994 1285 2176 1359 populi

577 1411 789 1458 omnes,
845 1404 990 1449 terra
1036 1390 1185 1445 dedit
1239 1388 1473 1443 fructum
1520 1400 1698 1440 suum.
1740 1381 2033 1438 Beuedicat
2076 1393 2178 1434 nos

579 1487 748 1553 Deus,
778 1486 921 1542 Deus
950 1494 1169 1549 noster,
1199 1480 1489 1537 benedicat
1514 1494 1614 1534 nos
1638 1477 1816 1542 Deus,
1848 1483 1904 1532 et
1932 1479 2179 1529 metuant

580 1595 706 1635 eum
732 1592 924 1634 omnes
960 1577 1099 1632 ﬁnes
1120 1585 1301 1630 terrm.

654 1672 723 1725 Ut
771 1687 952 1743 supra.
1012 1668 1354 1739 Adjutorium
1399 1672 1650 1721 nostrum
1695 1662 1752 1718 in
1799 1661 2020 1717 nomine
2073 1658 2178 1715 Do-

583 1781 740 1819 mnu.

657 1860 863 1913 Oratio.
918 1856 1188 1920 lllnmina,
1238 1852 1500 1917 Domine,
1552 1849 1759 1907 vultum
1814 1854 1964 1901 tuum
2014 1859 2257 1943 superB

1440 417 1501 473 Β.
1539 415 1601 472 F.
1632 408 1860 470 ALBINI
1898 405 2030 464 SEU
2072 400 2349 460 ALCUlNl
2396 396 2681 456 OPERU.“
2721 391 2902 449 PARS
2939 388 3027 445 ιν.

2198 523 2582 583 Ληοςῑτοι-ιιιη
2624 514 2869 577 lucerna,
2923 507 3172 564 Christus
3224 503 3483 559 Dominus
3534 507 3758 565 noster;
3808 504 3869 552 ut

2270 611 2384 667 hmo
2426 624 2491 665 eo
2534 611 2908 679 praeparante,
2956 598 3134 655 fructu
3171 596 3396 668 iustitia:
3441 592 3755 666 repleamur
3800 589 3872 649 ad

2271 700 2522 774 gratiam,
2569 706 2625 753 et
2663 695 2830 751 verbo
2884 692 3007 747 vita:
3059 688 3441 746 contineamur
3490 685 3561 740 ad
3610 681 3867 755 gloriam.

2272 794 2396 849 Per.

2901 874 3245 935 PSALMUS.

2346 999 2545 1072 (PSAL.
2592 994 2833 1065 exuit.)
2874 993 3015 1048 Ecce
3057 1005 3221 1061 quam
3256 985 3461 1043 bonum
3491 993 3547 1042 et
3584 996 3760 1056 quam
3789 979 3882 1051 ju-

2273 1092 2531 1154 cundum,
2583 1088 2832 1145 habitare
2866 1084 3066 1140 fratres
3101 1084 3156 1137 in
3190 1096 3379 1136 unum.
3430 1076 3586 1133 Sicut
3620 1088 3883 1148 unguen-

2277 1195 2389 1240 tum
2424 1185 2479 1239 in
2515 1181 2726 1252 capite,
2760 1178 2907 1250 quod
2933 1173 3216 1232 descendit
3252 1174 3310 1228 in
3345 1170 3602 1237 barbam,
3640 1166 3884 1224 barbam

2275 1276 2480 1332 Aaron.
2526 1273 2680 1341 Quod
2729 1270 3010 1328 descendit
3056 1267 3110 1323 in
3166 1280 3322 1321 oram
3359 1261 3668 1344 vestimenti
3712 1257 3881 1329 ejus:

2277 1370 2421 1425 sicut
2461 1383 2555 1424 ros
2598 1364 2858 1429 Hermon,
2895 1361 2987 1433 qui
3027 1358 3305 1415 descendit
3338 1358 3394 1412 in
3434 1362 3678 1411 montem
3713 1348 3883 1408 Sion.

2276 1459 2546 1528 Quoniam
2581 1457 2690 1514 illic
2717 1452 2999 1512 mandavit
3033 1448 3295 1506 Dominus
3331 1445 3797 1509 benedictionem.
3828 1446 3893 1497 et

2277 1554 2455 1610 vitam
2478 1566 2651 1623 usque
2680 1550 2735 1606 in
2768 1546 3046 1605 saculum.

2350 1643 2421 1701 Ut
2443 1661 2625 1716 supra.
2658 1642 2778 1699 Non
2805 1639 3003 1696 mortui
3026 1633 3328 1692 laudabunt
3352 1643 3427 1699 te,
3450 1630 3704 1690 Domine.

2352 1733 2825 1799 0ran'o.lnt‘unde,
2840 1731 3085 1794 Domine,
3115 1729 3170 1784 in
3194 1726 3496 1784 Ecelesiam
3520 1732 3669 1781 tuam
3695 1719 3893 1779 chari-

2282 1838 2452 1888 tatem
2466 1826 2827 1884 fraternitatis
2842 1833 2895 1881 et
2911 1823 3081 1895 pacis,
3106 1830 3167 1877 ut
3180 1834 3305 1877 rore
3328 1816 3593 1890 spiritalis
3615 1810 3892 1887 unguenti

584 1967 708 2017 nos,
735 1960 791 2005 et
812 1947 1244 2004 misericordiam
1272 1944 1428 2001 nobis
1454 1943 1699 2006 uberem,
1720 1939 2182 1996 benedictionem-
2212 1904 2217 1941 1

2290 1921 2518 1996 aspersi,
2542 1917 2937 1976 benedictionis
2966 1923 3070 1970 tuae
3104 1914 3277 1985 gratia
3297 1908 3681 1981 jucundemnr.
3717 1904 3852 1961 Per.

589 2060 695 2117 que
720 2044 939 2116 largire.
962 2042 1088 2097 Per.

656 2134 776 2188 Alia
829 2132 1034 2189 Oratio.
1077 2129 1482 2203 Cognoscentes
1523 2127 1576 2182 in
1622 2134 1770 2181 terra
1810 2124 1960 2179 viam
2009 2130 2180 2187 tuam,

585 2227 832 2294 Domine,
862 2227 915 2281 in
962 2225 1215 2281 omnibus
1244 2222 1496 2297 gentibus
1524 2220 1764 2277 salutare
1798 2226 1971 2283 tuum,
2017 2214 2184 2272 Chri-

589 2329 732 2373 stum
758 2317 1067 2382 Dominum,
1112 2324 1167 2371 et
1187 2314 1332 2369 viam
1360 2328 1483 2370 esse
1505 2309 1829 2367 conﬁtemur
1846 2315 1903 2363 et
1923 2306 2183 2379 patriam,

594 2424 693 2479 per
739 2424 901 2480 quem
951 2408 1003 2461 in
1034 2407 1298 2461 directum
1341 2403 1636 2475 gradimur,
1687 2410 1741 2457 et
1770 2399 1839 2455 ad
1879 2396 2187 2470 profectum

591 2502 965 2572 plenissimum
996 2498 1362 2570 pervenimus.
1401 2494 1523 2551 Per.

1215 2629 1559 2685 PSALMUS.

660 2749 856 2823 (PSAL.
888 2745 1098 2818 exui.)
1144 2745 1448 2812 Memento,
1491 2745 1737 2813 Domine,
1770 2744 1961 2812 David,
1990 2754 2049 2802 et
2071 2760 2189 2802 om-

586 2839 680 2901 nis
715 2837 1147 2895 mansuetudinis
1191 2834 1329 2906 ejus.
1374 2834 1526 2892 Sicut
1552 2835 1757 2908 juravit
1798 2835 2049 2903 Domino,
2093 2851 2192 2893 vo—

591 2941 707 2991 tum
749 2930 901 2988 vovit
925 2930 1040 2986 Deo
1066 2928 1256 2987 Jacob.
1309 2927 1367 2983 Si
1408 2928 1671 2984 introiero
1702 2928 1756 2983 iu
1782 2926 2191 2984 tabernaculum

593 3027 788 3083 domus
811 3040 968 3087 meae,
1019 3023 1067 3080 si
1112 3021 1413 3079 ascendero
1438 3022 1493 3077 in
1523 3021 1720 3077 lectum
1764 3020 1923 3077 strati
1967 3021 2093 3077 mei.
2131 3020 2192 3077 Si

594 3117 796 3174 dedero
825 3132 1078 3173 somnum
1104 3116 1278 3172 oculis
1308 3116 1465 3181 meis,
1496 3122 1553 3172 et
1577 3114 1852 3187 palpebris
1890 3115 2028 3172 meis
2061 3115 2191 3171 dor-

596 3210 951 3265 mitationem.
970 3209 1037 3263 Et
1065 3209 1309 3279 requiem
1334 3207 1670 3278 temporibus
1694 3206 1831 3262 meis
1861 3222 1877 3261 :
1907 3207 2079 3263 donec
2109 3208 2194 3263 in-

596 3305 811 3359 veniam
861 3304 1040 3359 locum
1090 3302 1337 3368 Domino,
1389 3301 1799 3357 tabernaculum
1843 3301 1956 3357 Deo
2000 3300 2211 3357 Iacob-

598 3396 741 3451 Ecce
768 3394 1074 3450 audivimus
1098 3409 1217 3448 eam
1249 3394 1301 3448 in
1330 3394 1569 3464 Ephrata
1600 3412 1614 3448 :
1648 3392 1957 3449 invenimus
1984 3408 2106 3448 eam
2137 3395 2193 3448 in

599 3488 808 3558 rumpis
856 3486 1023 3541 silvae.
1069 3485 1417 3541 lntroibimus
1467 3487 1521 3541 in
1577 3486 1983 3542 tabernaculum
2032 3488 2189 3559 ejus:

601 3578 952 3637 adorabimus
979 3577 1195 3645 inloco,
1223 3577 1313 3632 ubi
1344 3585 1616 3633 steterunt
1642 3578 1809 3648 pedes
1829 3577 1965 3647 ejus.
1997 3577 2192 3649 Surge,

603 3671 853 3736 Domine,
886 3671 942 3724 in
973 3670 1214 3741 requiem
1245 3677 1395 3723 tuam
1427 3684 1441 3722 :
1480 3677 1531 3722 tu
1562 3678 1618 3723 et
1653 3683 1777 3723 arm
1810 3668 2200 3723 sanctiﬁcatio-

603 3771 690 3825 nis
750 3774 875 3822 tum.
944 3765 1266 3821 Sacerdotes
1316 3764 1393 3818 tui
1451 3764 1749 3817 induantur
1794 3762 2111 3831 justitiam:
2146 3768 2202 3817 et

605 3860 781 3915 sancti
805 3859 885 3913 tui
904 3856 1191 3914 exsultent.
1209 3854 1438 3925 Propter
1458 3854 1628 3910 David
1650 3871 1866 3910 servum
1894 3863 2064 3919 tuum,
2090 3868 2201 3909 non

606 3960 824 4008 avertas
862 3950 1057 4006 faciem
1098 3948 1302 4004 Christi
1337 3950 1432 4004 tui.
1472 3948 1684 4005 Juravit
1728 3947 1988 4004 Dominus
2031 3948 2204 4004 David

609 4043 916 4108 veritatem,
948 4050 1004 4097 et
1030 4056 1136 4096 non
1176 4039 1529 4096 frustrabitur
1561 4054 1680 4094 eam
1714 4057 1728 4096 :
1756 4040 1823 4094 de
1858 4037 2037 4094 fructu
2076 4053 2206 4093 ven-

609 4138 710 4194 tris
734 4137 815 4193 tui
844 4150 1042 4207 ponam
1086 4150 1253 4207 super
1300 4134 1487 4191 sedem
1526 4142 1692 4190 tuam.
1743 4132 1801 4190 Si
1845 4134 2209 4189 custodierint

610 4230 707 4286 ﬁlii
734 4230 813 4285 tui
844 4237 1230 4285 testamentum
1257 4242 1440 4283 meum
1465 4242 1480 4281 :
1506 4236 1562 4282 et
1584 4227 1899 4283 testimonia
1916 4243 2039 4283 mea
2068 4228 2203 4294 haec,

611 4338 735 4394 qua:
761 4321 967 4379 docebo
1007 4336 1121 4377 eos.
1163 4320 1233 4375 Et
1261 4318 1355 4376 ﬁlii
1404 4334 1595 4376 eorum
1629 4334 1802 4391 usque
1841 4320 1894 4375 in
1925 4319 2204 4387 smculum,

613 4414 876 4473 sedebunt
900 4430 1065 4485 super
1098 4413 1284 4470 sedem
1322 4422 1492 4469 tuam.
1524 4412 1792 4481 Quoniam
1836 4414 2000 4485 elegit
2026 4412 2210 4470 Domi-

615 4525 720 4566 nus
747 4509 880 4566 Sion
914 4526 927 4563 :
959 4508 1123 4581 elegit
1145 4524 1271 4565 eam
1297 4509 1352 4562 in
1387 4506 1779 4563 habitationem
1805 4506 1930 4563 sibi.
1973 4506 2100 4563 Hec
2122 4522 2209 4565 re-

618 4603 771 4675 quies
805 4617 930 4659 mea
972 4602 1028 4656 in
1067 4599 1325 4657 sar-culum
1358 4598 1541 4656 saeculi
1573 4600 1701 4655 :hic
1740 4598 2016 4665 habitabo,
2066 4614 2205 4671 quo-

621 4696 770 4750 niam
796 4694 928 4766 elegi
955 4709 1096 4750 eam.
1131 4693 1245 4764 89
1269 4690 1497 4748 Viduam
1533 4690 1651 4760 ejus
1686 4691 2015 4748 benedicens
2042 4692 2209 4748 bene-

622 4789 799 4843 dieam
828 4805 841 4840 :
874 4801 1137 4858 pauperes
1164 4784 1281 4853 ejus
1324 4785 1579 4841 saturabo
1606 4784 1855 4855 panibus.
1889 4783 2213 4841 Sacerdotes

623 4876 969 4947 ejusinduam
994 4876 1244 4933 salutari:
1262 4883 1318 4932 et
1340 4877 1514 4931 sancti
1548 4877 1623 4930 tui
1646 4875 2007 4931 exsultatione
2027 4875 2211 4930 exsul-

626 4968 835 5023 tabuut.
869 4966 996 5021 Illuc
1036 4966 1334 5037 producam
1370 4981 1543 5021 cornu
1572 4965 1761 5032 David,
1806 4966 1994 5036 paravi
2038 4965 2215 5021 lucer-

627 5075 755 5115 nam
784 5059 1000 5114 Christo
1021 5074 1159 5113 meo.
1195 5057 1442 5113 Inimicos
1464 5054 1583 5128 ejus
1606 5057 1824 5112 induam
1850 5057 2170 5113 confusione
2197 5076 2208 5110 :

627 5172 793 5226 super
822 5157 996 5226 ipsum
1024 5164 1203 5210 autem
1226 5152 1488 5209 eﬁlorebit
1517 5152 1873 5207 sanctiﬁcatio
1900 5168 2037 5208 mea.

702 5244 773 5298 Ut
802 5260 981 5312 supra.
1012 5242 1203 5298 Salvos
1226 5242 1309 5296 fac
1344 5258 1463 5306 nos,
1493 5240 1719 5297 Domine
1750 5241 1892 5297 Deus
1917 5250 2121 5296 noster.

706 5334 910 5390 Oratio.
940 5336 995 5389 ln
1025 5335 1171 5389 omni
1196 5335 1440 5405 ingressu
1465 5342 1653 5389 nostro
1673 5348 1882 5388 memor
1904 5343 2024 5389 esto
2045 5334 2221 5399 nobis,

633 5428 977 5497 omnipotens
1038 5437 1239 5481 teterne
1293 5425 1471 5490 Deus;
1530 5424 1693 5479 indue
1749 5440 1847 5479 nos
1901 5425 2224 5481 sacerdotali

631 5519 864 5593 iustitia,
895 5526 955 5573 ut
995 5518 1172 5573 induci
1202 5531 1510 5573 mereamur
1550 5516 1603 5571 in
1643 5516 1989 5573 tabernacula
2027 5520 2227 5592 sempi-

636 5620 811 5668 terna.
848 5611 969 5665 Per.

708 5705 849 5759 Alia.
880 5705 1146 5775 Exsurge,
1178 5704 1425 5769 Domine,
1468 5712 1525 5759 et
1549 5704 1713 5759 corda
1742 5715 1931 5760 nostra
1965 5706 2059 5761 tibi
2088 5720 2225 5775 prazo

638 5806 900 5869 parentur
946 5798 999 5852 in
1037 5797 1318 5868 requiem;
1354 5796 1534 5867 sitque
1576 5796 1630 5850 in
1666 5796 1891 5867 singulis
1940 5812 2083 5853 arca:
2119 5804 2225 5852 tuze

640 5891 1019 5960 sanctiﬁcatio,
1073 5891 1461 5960 meditatioque
1514 5891 1820 5945 sanctitatis
1847 5932 1860 5957 ,
1899 5897 1953 5945 ct
1997 5904 2221 5959 operum

2352 2012 2496 2067 Alia.
2531 2009 2750 2067 Christe
2794 2007 3041 2069 Domine,
3070 2004 3225 2074 cujus
3264 2015 3484 2058 sacrum
3528 2012 3755 2064 nomen,
3784 2009 3892 2053 nn-

2282 2110 2485 2177 guento
2532 2098 2726 2165 en‘uso,
2783 2096 3064 2168 sapientiae
3097 2090 3437 2177 comparavit
3478 2091 3741 2157 odorem;
3789 2087 3886 2153 da,

2283 2172 2616 2268 quaesumus,
2648 2198 2981 2264 unguentum
3012 2187 3233 2244 verticis
3262 2184 3339 2242 tui
3378 2172 3434 2241 in
3460 2182 3689 2241 barbam
3712 2180 3893 2240 deco-

2283 2288 2361 2343 ris
2406 2285 2587 2358 populi
2620 2285 2717 2349 tui,
2757 2292 2813 2339 te
2859 2279 3243 2354 profundente,
3304 2276 3656 2340 descendere,
3712 2288 3787 2331 ac
3833 2272 3891 2329 in

2285 2380 2407 2451 ipsa
2450 2376 2766 2434 vestimenti
2814 2390 2936 2439 ora,
2977 2389 3099 2444 quae
3129 2369 3415 2443 przesentis
3461 2368 3586 2425 vitae
3617 2367 3889 2431 induitur,

2286 2471 2594 2545 pervenire.
2627 2469 2733 2525 Per
2755 2467 3062 2524 Dominum.
3586 2482 3589 2483 ν

2912 2577 3138 2635 PSALM
3148 2576 3254 2634 US.

2361 2677 2555 2754 (Pun.
2593 2670 2861 2743 cxxxiii.)
2890 2672 3032 2728 Ecce
3056 2684 3203 2725 nunc
3223 2667 3526 2725 benedicite
3555 2664 3849 2722 Dominum
3870 2704 3890 2728 .

2286 2787 2482 2830 omnes
2509 2771 2655 2827 servi
2679 2768 2915 2824 Domini.
2950 2766 3053 2835 Qui
3088 2764 3246 2821 statis
3271 2762 3327 2818 in
3360 2761 3522 2818 domo
3554 2759 3809 2825 Domini,
3836 2758 3891 2813 iu

2290 2865 2447 2922 atriis
2474 2865 2669 2921 domus
2703 2861 2801 2917 Dei
2828 2860 3025 2916 nostri.
3063 2858 3123 2915 In
3151 2855 3404 2919 noctibus
3424 2852 3667 2911 extollite
3692 2866 3893 2910 manus

2291 2964 2510 3015 vestras
2546 2957 2602 3011 in
2633 2960 2825 3011 sancta
2859 2966 2874 3007 :
2903 2961 2960 3008 et
2980 2949 3291 3006 benedicite
3316 2947 3627 3003 Dominum.
3656 2940 3895 3000 Benedi-

2292 3058 2385 3107 cat
2414 3058 2469 3107 te
2496 3048 2760 3104 Dominus
2791 3061 2857 3100 ex
2884 3043 3016 3099 Sion
3045 3060 3059 3096 :
3097 3040 3191 3113 qui
3215 3038 3346 3097 fecit
3364 3037 3563 3096 omium
3584 3044 3640 3093 et
3664 3043 3889 3091 terram.

2366 3139 2437 3197 Ut
2498 3154 2681 3210 supra.
2748 3136 2976 3206 Propter
3037 3131 3236 3189 fratres
3289 3145 3441 3187 meos
3501 3136 3558 3185 et
3614 3126 3894 3198 proximos

2216 3256 2267 3323 ρ
2294 3249 2468 3292 meos.

2370 3325 2575 3381 Oratio.
2607 3319 2998 3377 Benedicentes
3032 3326 3086 3373 te
3110 3331 3300 3373 omnes
3322 3314 3467 3372 servi
3501 3314 3602 3381 tui,
3642 3312 3889 3380 Domine,

2297 3422 2689 3490 deprecamur,
2744 3423 2805 3469 ut
2854 3429 2954 3469 nos
2986 3413 3171 3468 mundi
3209 3410 3369 3480 hujus
3416 3417 3580 3466 nocte
3611 3416 3895 3466 contectus

2298 3512 2605 3569 illuminare
2642 3508 2899 3580 digneris,
2950 3514 3219 3578 quatenus
3261 3504 3389 3561 dum
3435 3518 3630 3559 manus
3676 3509 3895 3560 nostras

2300 3603 2354 3658 in
2380 3603 2537 3659 bonis
2567 3600 2822 3672 operibus
2853 3597 3149 3662 elevamus,
3185 3594 3619 3653 benedictionem
3646 3608 3678 3649 a
3711 3600 3767 3651 te
3788 3592 3896 3649 lar-

2301 3696 2580 3770 gissimam
2608 3708 3029 3764 consequamur.
3063 3691 3184 3746 Per.

2375 3788 2498 3842 Alia
2527 3785 2732 3842 Oratio.
2757 3784 2985 3850 Pnesta,
3024 3782 3271 3848 Domine,
3304 3791 3367 3837 ut
3400 3781 3612 3837 cunctis
3639 3779 3893 3852 gradibus

2303 3877 2652 3951 perfectionis
2680 3877 2924 3934 ascensis
2962 3876 3016 3930 in
3043 3874 3301 3930 virtutum
3323 3872 3588 3938 culmine,
3625 3879 3680 3927 te
3717 3871 3900 3928 Iaude-

2305 3986 2458 4039 mus;
2503 3978 2555 4026 et
2605 3977 2815 4025 stantes
2858 3968 2911 4022 in
2958 3967 3120 4022 domo
3164 3973 3262 4021 tua
3306 3973 3470 4036 atque
3496 3966 3550 4019 in
3572 3964 3725 4021 atriis
3770 3961 3897 4028 tuis,

2306 4077 2503 4118 manus
2530 4068 2748 4116 nostras
2779 4059 2848 4115 ad
2876 4068 2930 4114 te
2960 4058 3388 4114 benedicendum
3416 4055 3608 4112 diebus
3633 4070 3697 4111 ac
3731 4054 3901 4111 nocti-

2305 4158 2408 4213 bus
2433 4154 2810 4218 extendamus,
2849 4151 3227 4208 benedictione
3248 4166 3280 4207 a
3306 4159 3359 4207 te
3383 4156 3660 4221 percepta,
3690 4147 3813 4207 cadi
3838 4160 3902 4204 ac

2309 4257 2469 4304 terrae
2492 4246 2723 4302 Domino
2751 4253 2807 4301 et
2834 4243 3135 4301 Salvatore.
3654 4244 3660 4253 '

2898 4376 3333 4434 DEPRECATIO

2314 4489 2490 4557 Quam
2523 4509 2667 4562 papa
2711 4489 2957 4547 Gelanius
2985 4507 3082 4561 pro
3119 4488 3404 4562 universali
3440 4487 3681 4545 Ecclesia
3710 4490 3903 4545 consti-

2825 4563 2925 4615 tuit
2950 4561 3246 4616 canendum
3269 4576 3400 4615 esse.

2388 4678 2644 4735 Dicamus
2665 4692 2874 4744 omnes,
2903 4675 3152 4739 Domine,
3175 4677 3370 4734 exaudi
3396 4688 3453 4733 et
3478 4680 3755 4735 miserere.

2390 4774 2608 4831 Patrem
2644 4774 2927 4844 unigeniti,
2961 4783 3013 4828 et
3040 4772 3136 4828 Dei
3163 4771 3355 4827 Filium
3381 4772 3639 4844 genitoris
3664 4772 3910 4847 ingeniti,

2317 4878 2375 4924 et
2411 4875 2663 4923 sanctum
2708 4866 2878 4921 Deum
2924 4864 3188 4937 Spiritum
3227 4862 3474 4920 ﬁdelibus
3514 4864 3713 4921 animis
3760 4864 3910 4922 invo-

2320 4974 2525 5014 camus.

2392 5051 2500 5106 Pro
2545 5049 2890 5105 immaculata
2934 5048 3026 5104 Dei
3073 5049 3183 5103 vivi
3218 5046 3497 5114 Ecclesia,
3548 5045 3912 5103 sacerdotibus

2322 5156 2385 5196 ac
2429 5140 2715 5206 ministris,
2760 5140 2997 5195 divinam
3047 5139 3309 5195 bonitatis
3346 5138 3681 5210 opulentiam
3728 5139 3915 5211 depre-

2324 5251 2532 5292 camur.

2397 5328 2506 5384 Pro
2546 5328 2755 5383 sanctis
2798 5327 2891 5382 Dei
2930 5329 3110 5399 magni
3141 5326 3512 5382 sacerdotibus
3548 5337 3604 5380 et
3634 5326 3913 5390 ministris,

2327 5420 2649 5488 cunctisque
2695 5418 2865 5473 Deum
2907 5432 3096 5471 verum
3140 5416 3442 5472 colentibus
3470 5416 3714 5488 p0pulis,
3756 5415 3914 5471 Chri-

2334 5520 2480 5568 stum
2515 5511 2807 5567 Dominum
2844 5509 3237 5578 supplicamus.

2403 5604 2511 5662 Pro
2539 5606 2808 5661 universis
2839 5612 2986 5659 recte
3018 5603 3377 5659 tractantibus
3402 5603 3626 5658 verbum
3654 5602 3920 5669 veritatis,

2332 5697 2720 5754 multiformem
2758 5695 2918 5751 Verbi
2953 5696 3049 5751 Dei
3086 5696 3407 5765 sapientiam
3448 5695 3792 5768 peculiariter
3827 5695 3922 5751 ob-

2332 5809 2489 5851 secra
2496 5809 2636 5848 mus.

2403 5889 2510 5943 Pro
2551 5888 2655 5954 his,
2700 5887 2789 5955 qui
2839 5902 2899 5942 se
2944 5898 3123 5943 mente
3154 5894 3210 5943 et
3238 5900 3466 5956 corpore
3499 5893 3718 5957 propter
3763 5882 3925 5940 uelo.
