4122 6626
271 534 367 590 561

1235 536 1637 593 ΙιΙΤϋΒρῖ-ΕᾹ.
1688 565 1747 575 -
1787 535 2055 591 0FFltll.\
2102 537 2235 592 PER
2268 536 2540 591 FERIAS.

3458 532 3564 587 ξω
3614 598 3624 607 ε

270 662 391 702 rum
428 660 592 718 regna
625 645 950 710 castificant,
985 652 1042 702 et
1080 648 1440 719 spiritualium
1479 650 1667 705 labore
1705 649 1867 705 desu-
1898 654 1940 707 Α
1972 652 2329 715 orationibus,
2381 668 2481 706 nec
2532 668 2638 705 non
2692 667 2788 721 pro
2849 651 3101 705 munibus
3142 661 3232 704 tua
3276 657 3572 718 priestante

270 739 423 804 dant,
454 737 771 810 largitorem
803 739 1127 809 spiritalium
1167 757 1455 797 munerum
1491 742 1866 798 obsecramus.

339 829 446 885 l'ro
498 830 766 902 religiosis
814 832 1167 903 principibus,
1230 834 1487 904 omnique
1538 835 1733 890 militia
1781 850 1874 889 eo-

268 936 414 988 rum,
443 921 538 993 qui
560 920 826 993 judicium
870 932 925 978 ct
939 924 1207 995 justitiam
1240 927 1499 998 diligunt,
1535 927 1747 983 Domini
1778 942 1875 999 po-

272 1016 500 1073 tentiam
521 1018 897 1072 obsecramus.

342 1106 451 1164 Pro
479 1109 822 1179 iucunditate
854 1119 909 1165 et
937 1112 1231 1167 serenitate
1260 1112 1473 1184 pluviae,
1526 1121 1692 1184 atque
1715 1130 1874 1168 aura-

269 1213 393 1254 rum
417 1199 661 1256 vitalium
708 1201 1118 1270 blandimentis,
1150 1220 1216 1261 ac
1239 1220 1504 1276 prospero
1532 1205 1872 1261 diversorum

196 1308 201 1309 ’
268 1304 497 1365 operum
542 1309 732 1361 cursu,
782 1304 1051 1351 rectorem
1103 1297 1291 1353 mundi
1342 1297 1630 1354 Dominum
1679 1298 1872 1370 depre-

270 1396 483 1441 camur.

341 1474 447 1532 Pro
492 1477 599 1542 his,
634 1492 772 1548 quos
802 1480 978 1549 prima
1020 1478 1319 1535 Christiani
1357 1480 1595 1536 nominis
1639 1480 1883 1535 initiavit

271 1569 499 1640 agnitio,
547 1584 686 1640 quos
726 1567 843 1637 jam
884 1568 1217 1625 desiderium
1264 1569 1375 1642 90
1410 1571 1599 1644 gratiae
1632 1569 1875 1629 caelestis

269 1662 563 1729 accendit,
626 1663 1019 1734 omnipotentis
1069 1662 1165 1719 Dei
1220 1664 1659 1719 misericordiam
1715 1662 1874 1719 obse-

270 1774 512 1817 eramus.

343 1853 449 1910 Pro
497 1853 604 1921 his,
640 1869 779 1925 quos
818 1855 1072 1910 humanae
1119 1851 1451 1909 inﬁrmitatis
1497 1851 1782 1923 fragilitas,
1819 1858 1875 1906 et

268 1960 407 2015 quos
460 1946 717 2017 nequitize
750 1944 1012 2016 spiritalis
1057 1945 1280 2010 invidia,
1328 1944 1411 2001 vel
1455 1945 1643 1999 varius
1686 1943 1871 2000 Steculi

1973 744 2282 808 clementia,
2329 754 2550 813 propter
2577 758 2773 798 nomen
2810 750 2959 795 tuum
2982 741 3117 796 bene
3141 741 3295 796 nobis
3321 739 3571 795 facienti-

1973 837 2094 893 bus.
2128 837 2194 891 Et
2229 853 2327 905 pm
2363 838 2445 891 his
2478 838 2569 907 qui
2608 835 2836 907 Spit-itali
2875 834 3096 890 stimulo
3129 835 3437 904 compuncti
3472 849 3572 890 sua

1975 930 2133 984 nobis
2163 929 2399 985 confessi
2431 938 2559 984 sunt
2583 938 2826 1000 peccata.

2045 1021 2156 1077 Hos
2186 1037 2333 1094 ergo,
2373 1021 2715 1091 omnipotens
2748 1021 2910 1084 Deus,
2955 1034 3166 1080 omnes.
3206 1033 3437 1089 quorum
3481 1019 3572 1074 hic

1974 1114 2194 1169 nomina
2225 1113 2425 1181 scripta
2453 1112 2744 1178 habentur,
2782 1111 2853 1164 ab
2882 1111 3133 1166 omnibus
3159 1111 3213 1165 in
3238 1112 3342 1167 hoc
3374 1109 3573 1165 saeculo

1975 1204 2414 1261 insidiisdiaboli
2451 1205 2506 1259 in
2538 1212 2629 1260 tuo
2663 1213 2854 1260 sancto
2878 1220 3207 1261 conservare
3239 1204 3480 1277 digneris
3508 1205 3572 1262 il-

1973 1295 2130 1352 laesos
2167 1297 2413 1361 servitio,
2447 1304 2506 1350 ut
2536 1297 2591 1351 in
2623 1295 2806 1353 futuro
2840 1305 3017 1351 tecum
3047 1296 3270 1367 praemia
3313 1288 3575 1366 consequi

1973 1394 2290 1443 mereantur
2309 1395 2532 1443 eterna.

1990 1508 1991 1511 η
2045 1478 2238 1536 Salvos
2277 1479 2365 1536 fac
2403 1495 2590 1535 servos
2634 1489 2775 1535 tuos.
2807 1479 2961 1535 Mitte
2987 1481 3085 1541 cis,
3128 1480 3376 1544 Domine,
3415 1479 3573 1535 auxi-

1972 1570 2104 1626 lium
2153 1572 2219 1628 de
2246 1580 2455 1629 sancto.
2499 1572 2644 1627 Nihil
2671 1570 2925 1641 proﬁciat
2970 1571 3221 1627 inimicus
3257 1572 3309 1626 in
3339 1572 3436 1627 eis.
3470 1570 3575 1625 Per

1974 1666 2188 1731 merita,
2242 1666 2487 1732 Domine,
2545 1674 2602 1722 et
2645 1668 2923 1722 orationes
2970 1674 3286 1721 sanctorum
3333 1666 3574 1719 omnium

1972 1757 2166 1823 libera,
2211 1760 2445 1826 custodi,
2494 1758 2777 1826 confirma,
2818 1759 3066 1829 pacifica,
3112 1757 3359 1829 puriﬁca,
3397 1766 3451 1814 et
3489 1757 3575 1812 di-

1972 1854 2127 1909 mitte
2153 1854 2233 1910 eis
2272 1853 2469 1910 delicta
2512 1869 2724 1919 eorum,
2757 1863 2812 1909 et
2855 1868 3120 1909 conserva
3148 1867 3243 1908 eos
3272 1852 3327 1906 iu
3359 1852 3577 1907 nomine

1973 1956 2089 2013 tuo,
2128 1948 2271 2002 sicut
2313 1948 2396 2003 vis
2434 1957 2489 2003 et
2516 1948 2659 2002 sicut
2690 1948 2829 2012 scis,
2872 1947 3115 2002 Domine.
3158 1945 3494 2010 Benedictio,
3525 1953 3579 2000 et

271 2039 469 2095 horror
509 2038 754 2104 involvit,
806 2037 1186 2109 Redemptoris
1222 2037 1396 2095 nostri
1442 2036 1874 2093 misericordiam
1907 2026 1952 2087 Β
1977 2041 2222 2107 claritas,
2267 2049 2323 2096 ει
2347 2041 2639 2110 sapientia,
2673 2048 2730 2094 ει
2762 2042 3059 2112 gratiarum
3106 2040 3269 2105 actio,
3302 2047 3357 2095 et
3381 2038 3574 2103 honor,

272 2132 649 2201 imploramus.

344 2222 452 2280 Pro
479 2224 587 2291 bis,
622 2241 759 2298 quos
787 2224 1242 2297 peregrinationis
1276 2222 1607 2286 necessitas,
1649 2229 1745 2276 aut
1773 2220 1877 2276 ini-

272 2331 396 2386 qua:
428 2318 718 2388 potestatis
761 2316 1033 2387 impietas,
1064 2314 1150 2369 vel
1173 2313 1384 2370 hostilis
1408 2320 1575 2368 vexat
1606 2325 1875 2376 aerumna,

273 2408 613 2467 Salvatorem
642 2410 931 2467 Dominum
958 2407 1342 2480 supplicamus.

343 2500 455 2559 Pro
470 2502 691 2571 judaica
734 2500 1007 2568 falsitate,
1040 2507 1137 2554 aut
1177 2499 1435 2555 haeretica
1481 2496 1753 2568 pravitate
1785 2494 1880 2550 de—

273 2600 467 2672 oeptis,
490 2597 575 2654 vel
606 2594 885 2668 gentilium
912 2591 1300 2665 superstitione
1322 2589 1579 2662 perfusis,
1628 2586 1883 2643 veritatis

274 2692 569 2749 Dominum
600 2688 979 2758 deprecamur.

345 2786 457 2842 Pro
492 2784 761 2856 operariis
797 2780 1038 2853 pietatis,
1090 2787 1148 2835 et
1194 2779 1282 2835 his
1327 2778 1419 2848 qui
1461 2774 1880 2833 necessitatibus

273 2881 616 2939 laborantum
645 2874 887 2930 fraterna
910 2871 1179 2928 charitate
1201 2869 1543 2931 subveniunt,
1575 2864 1883 2922 misericor-

274 2973 491 3028 diarum
526 2966 816 3023 Dominum
843 2964 1221 3034 deprecamur.

346 3064 456 3120 Pro
475 3060 730 3119 omnibus
756 3056 1088 3113 intrantibus
1108 3054 1165 3109 in
1191 3054 1310 3110 haec
1334 3059 1536 3108 sanctre
1566 3052 1761 3107 domus
1780 3048 1879 3104 Dei

275 3155 419 3212 atria
456 3152 714 3222 religioso
760 3146 944 3211 corde,
993 3153 1051 3201 et
1094 3144 1324 3217 supplici
1369 3142 1656 3201 devotione
1684 3155 1881 3197 conve-

276 3249 496 3305 nienter
524 3244 815 3299 Dominum
842 3239 1027 3312 gloriae
1052 3238 1427 3308 deprecamur.

346 3340 456 3395 Pro
476 3334 859 3392 emundatione
899 3333 1209 3387 animarum
1236 3340 1635 3399 corporumque
1664 3332 1879 3380 nostro~

277 3448 403 3489 rum
426 3430 694 3495 omnium,
723 3442 788 3483 ac
811 3425 970 3482 venia
999 3430 1371 3494 peccatorum,
1399 3416 1880 3476 clementissimum
1906 3390 1956 3454 θ

278 3527 569 3584 Dominum
604 3518 991 3591 supplicamus.

350 3618 461 3674 Pro
491 3612 774 3685 refrigerio
805 3608 1045 3665 fidelium
1089 3606 1414 3668 animarum,
1445 3601 1717 3674 praecipue
1756 3615 1885 3655 san-

279 3722 496 3771 ctorum
538 3706 753 3764 Domini
780 3702 1149 3765 sacerdotum,
1176 3698 1268 3770 qui
1296 3696 1423 3752 huic
1454 3693 1711 3749 Ecclesiae
1740 3707 1883 3761 prte-

282 3804 507 3860 fuerunt
527 3796 828 3861 catholica),
860 3792 1150 3849 Dominum
1187 3788 1495 3859 spirituum,
1534 3794 1592 3841 et
1614 3785 1887 3840 universa:

282 3893 469 3952 carnis
495 3889 733 3961 iudicem
762 3886 1139 3955 deprecamur.

358 3978 742 4040 Mortificatam
776 3974 925 4031 vitiis
953 3985 1206 4037 carnem,
1234 3979 1289 4026 et
1323 3968 1597 4024 viventem
1633 3964 1738 4020 fide
1772 3963 1891 4019 ani-

287 4089 435 4131 mam
466 4077 690 4144 prmsta,
715 4066 961 4131 Domine,
991 4069 1211 4136 prtesta.

360 4166 587 4222 Castum
629 4162 903 4223 timorem,
952 4164 1009 4213 ct
1053 4170 1239 4211 veram
1278 4152 1624 4210 dilectionem
1664 4156 1888 4220 praesta,

288 4263 519 4323 Domine
535 4302 550 4327 ,
576 4264 796 4331 praesta.

362 4356 599 4415 Gratum
622 4350 749 4405 vita:
768 4345 1038 4411 ordinem,
1061 4348 1118 4398 et
1144 4338 1483 4413 probabilem
1513 4335 1721 4391 exitum
1751 4348 1892 4405 pra:-

291 4457 398 4514 sta,
423 4443 678 4508 Domine,
706 4445 927 4511 praesta.

368 4534 633 4608 Angelum
665 4529 815 4601 pacis
836 4568 850 4592 ,
885 4533 939 4581 et
963 4522 1156 4580 solatia
1190 4528 1501 4578 sanctorum
1538 4525 1759 4589 praesta,
1791 4514 1895 4570 Do-

296 4632 465 4694 mine,
504 4632 716 4698 praesta.

364 4720 769 4789 Nosmetipsos,
818 4722 874 4768 et
912 4710 1098 4767 omnia
1144 4716 1367 4773 nostra,
1412 4720 1532 4775 quze
1580 4712 1731 4767 orta,
1777 4717 1899 4771 quae

297 4824 445 4880 aeta,
485 4826 585 4884 per
632 4806 920 4863 Dominum
966 4803 1085 4874 ipso
1128 4806 1350 4854 auctore
1383 4796 1744 4867 suscepimus,
1783 4793 1901 4861 ipso

298 4906 527 4966 custode
565 4902 890 4962 retinemus,
930 4895 1212 4966 ipsiusque
1249 4890 1637 4947 misericordia:
1665 4897 1721 4942 et
1759 4886 1903 4940 arbi-

299 5008 339 5055 tt
355 5000 407 5056 io
434 4992 792 5071 providentiae
820 4987 1286 5047 commendamus.
1320 4982 1580 5047 Domine,
1613 4980 1896 5035 miserere.

685 5121 941 5173 ρυοτιωε
980 5119 1083 5160 1³Βο
1123 5118 1226 5158 PA!
1237 5114 1520 5156 ILIARIBUS.

372 5229 630 5288 Dicamus
655 5238 866 5288 omnes,
889 5221 1142 5287 Domine,
1176 5217 1371 5274 exaudi
1403 5223 1458 5271 et
1492 5215 1771 5280 miserere,
1800 5213 1904 5268 Do-

302 5322 467 5385 mine,
501 5319 782 5374 miserere.
818 5312 973 5369 Hanc
1000 5318 1245 5367 nostram
1285 5307 1507 5364 auribus
1533 5316 1639 5361 tum
1666 5304 1903 5376 pietatis,

303 5408 729 5470 clementissime
768 5404 950 5470 Pater,
1001 5402 1307 5458 orationem
1338 5396 1596 5455 exaudire
1639 5396 1906 5467 digneris,

304 5520 469 5576 quam
495 5501 615 5566 tibi,
642 5498 895 5554 fraternae
914 5494 1201 5551 charitatis
1224 5490 1418 5548 aﬂectu
1444 5488 1782 5551 stimulante,
1810 5501 1910 5557 pro

306 5596 569 5654 fratribus
592 5601 649 5650 et
665 5591 947 5649 sororibus
974 5589 1177 5644 nostris
1202 5585 1428 5658 supplici
1452 5598 1584 5639 voce
1608 5579 1907 5643 fundimus,

307 5689 403 5761 qui
432 5694 489 5744 et
518 5701 639 5759 qua
671 5699 774 5756 pro
792 5681 950 5738 nobis
973 5681 1220 5754 quotidie
1245 5676 1515 5735 indefessa
1542 5674 1792 5731 oratione
1825 5673 1907 5725 in-

312 5778 593 5836 tercedere
658 5775 940 5832 studentes
1007 5771 1212 5829 nostris
1270 5786 1329 5827 se
1390 5764 1910 5826 eommendave'runt

385 5941 413 5972 ι
440 5926 631 5985 Potius
692 5922 938 5981 Mamerti
982 5920 1287 5979 Claudiani.
1340 5918 1475 5977 Vide
1530 5914 1805 5974 Sirmond.
1859 5913 1915 5968 in

318 6011 430 6061 not.
455 5999 524 6057 ad
549 5997 711 6070 epist.
738 5996 774 6055 ὅ
807 5993 1035 6063 Sidonii,
1064 6008 1186 6066 pag.
1225 5991 1344 6049 953.

1976 2142 2032 2190 ct
2056 2133 2253 2198 virtus,
2301 2141 2357 2188 et
2385 2130 2646 2188 fortitudo
2675 2133 2786 2187 Deo
2819 2140 3008 2188 nostro
3032 2132 3088 2188 in
3114 2132 3313 2188 steatila
3351 2129 3577 2188 smculo-

1976 2241 2119 2280 rum.
2150 2226 2344 2281 Amen.

2528 2377 2827 2454 FERIA
2882 2376 3021 2453 Vl.

1983 2556 2043 2598 IN
2109 2554 2462 2599 “MOE”!
2522 2555 3063 2608 INCARNATIONIS,
3126 2553 3446 2598 PASSIONIS
3501 2549 3582 2595 ΕΤ

2023 2634 2607 2689 ιιεευιιιιιεετιοκῐε,
2650 2636 2789 2679 SIVE
2831 2634 3235 2679 ASCENSIONIS
3279 2628 3536 2676 DOMINI.

2384 2755 2675 2811 llYMNUS
2713 2754 3113 2812 FORTUNATI
3146 2768 3171 2795 ι

2264 2887 2330 2925 DE
2365 2886 2700 2926 NATIVITATE
2740 2884 2811 2925 ΕΤ
2850 2885 3018 2926 CRUCE
3058 2884 3295 2924 CIIBISTI.

2127 2983 2157 3024 δ
2180 2982 2385 3055 Pange,
2416 2983 2620 3054 lingua,
2649 2983 2871 3053 gloriosi

2054 3073 2307 3129 Praelium
2332 3074 2666 3138 certaminis,

2055 3168 2122 3223 Et
2147 3183 2310 3240 super
2345 3169 2525 3224 crucis
2563 3170 2809 3239 trophaeo

2056 3260 2134 3316 Da
2163 3260 2498 3329 triumphum
2534 3259 2767 3315 nobilem
2787 3277 2800 3321 ;

2057 3351 2303 3420 Qualiter
2326 3352 2656 3421 Redemptor
2682 3352 2830 3407 orbis

2056 3442 2375 3500 lmmolatus
2405 3444 2620 3498 vicerit.

2129 3534 2206 3591 De
2235 3536 2478 3606 parentis
2511 3535 2829 3606 protoplasti

2058 3627 2271 3683 Fraude
2299 3626 2476 3683 factor
2500 3626 2810 3688 condolens,

2058 3722 2285 3789 Quando
2310 3723 2455 3792 pomi
2483 3720 2716 3776 noxialis

2062 3816 2233 3871 Morte
2258 3830 2442 3871 morsu
2471 3814 2680 3870 corruit
2712 3833 2724 3866 :

2060 3909 2179 3981 Ipse
2202 3908 2347 3979 ligno
2373 3916 2502 3962 tunc
2530 3906 2762 3971 notavit,

2063 4004 2269 4059 Damna
2299 4002 2428 4074 ligni
2452 4008 2513 4056 ut
2541 4000 2796 4057 solveret.

2136 4094 2250 4151 Hoc
2272 4109 2409 4165 opus
2434 4100 2639 4149 nostrae
2667 4090 2859 4147 salutis

2064 4189 2209 4245 Ordo
2238 4188 2650 4258 depoposcerat,

2065 4279 2408 4336 llultiformis
2430 4278 2720 4348 perditoris

2065 4376 2197 4431 Arte
2236 4384 2296 4429 ut
2322 4382 2495 4429 artem
2527 4372 2769 4437 falleret;

2066 4467 2135 4520 Et
2160 4465 2425 4520 medelam
2456 4463 2626 4519 ferret
2648 4462 2771 4522 inde

2068 4555 2251 4611 Hostis
2275 4555 2417 4609 unde
2442 4554 2673 4610 laeserat.

2142 4648 2247 4719 91
2284 4648 2511 4714 Quando
2533 4646 2686 4701 venit
2707 4661 2836 4717 ergo
2865 4642 3009 4701 sacri

1931 4752 1981 4815 ι)
2075 4740 2361 4796 Plenitudo
2385 4739 2665 4809 temporis,

2078 4834 2274 4889 Missus
2296 4838 2379 4886 est
2408 4830 2479 4886 ab
2507 4844 2635 4885 arce
2658 4828 2837 4884 Patris

2078 4926 2252 4981 Natus
2282 4922 2432 4978 orbis
2462 4921 2742 4981 Conditor,

2078 5016 2255 5085 Atque
2280 5020 2468 5066 ventre
2496 5009 2749 5080 virginali

2078 5107 2218 5163 Caro
2240 5104 2418 5160 factus
2443 5102 2664 5172 prodiit.

2151 5199 2312 5269 V'agit
2338 5195 2516 5251 infans
2548 5196 2689 5248 inter
2720 5198 2868 5246 arcta

2082 5291 2343 5348 Conditus
2364 5288 2648 5359 praesepia,

2084 5383 2323 5438 Membra
2358 5380 2551 5451 pannis
2580 5378 2819 5433 involuta

2086 5476 2250 5546 Virgo
2283 5479 2457 5527 mater
2488 5470 2691 5542 alligat,

2088 5570 2155 5625 Et
2176 5568 2360 5637 pedes,
2392 5579 2714 5633 manusque,
2746 5576 2905 5619 crura

2090 5663 2301 5734 Stricta_
2322 5660 2508 5731 pangit
2537 5656 2673 5731 [Al.,
2703 5654 2894 5729 cingit]
2922 5654 3113 5713 fascia.

2164 5757 2358 5813 Lustra
2385 5769 2481 5810 sex.
2504 5754 2595 5824 qui
2619 5751 2733 5821 jam
2761 5759 2983 5822 peracta

2097 5922 2123 5960 ιι
2156 5916 2262 5975 Pro
2294 5930 2396 5971 usu
2420 5928 2583 5981 nono,
2616 5926 2798 5985 supra,
2825 5908 2927 5967 col.
2962 5907 3062 5965 667
