4112 6626
529 371 636 430 565

601 492 839 558 Tempus
867 488 1098 559 impleas
1126 488 1388 558 corporis,

602 583 677 638 Se
700 582 936 644 volente,
967 587 1127 634 natus
1152 579 1220 634 ad
1247 578 1351 634 hoc

597 671 849 726 Ῥειεείοηί
876 672 1107 734 deditus,

602 766 791 837 Agnus
816 764 870 819 in
900 764 1079 819 crucis
1106 764 1317 818 levatur

602 855 968 912 immolandus
999 856 1199 924 stipite.

679 946 781 1002 Hic
810 954 1048 1011 acetum,
1079 944 1174 1013 fel,
1206 946 1436 1011 arundo,

609 1040 797 1109 Sputa,
838 1038 997 1103 clavi,
1030 1038 1242 1103 lancea,

610 1131 741 1187 Mite
765 1145 963 1200 corpus
986 1130 1299 1200 perforatur

611 1224 845 1296 Sanguis
876 1224 1019 1279 unda
1042 1222 1292 1294 proﬂuit:

611 1315 800 1377 Terra,
828 1322 1045 1384 pontus,
1080 1324 1247 1379 astra,
1276 1314 1531 1382 mundus,

604 1407 727 1477 Quo
748 1409 1001 1463 lavantur
1028 1406 1266 1464 ﬂumine.

684 1501 830 1558 Crux
856 1501 1032 1556 tidelis
1056 1502 1200 1557 inter
1222 1515 1415 1558 omnes

615 1596 796 1652 Arbor
821 1609 927 1649 una
963 1594 1182 1659 nobilis,

615 1686 772 1742 Nulla
804 1685 964 1742 talem
993 1686 1128 1741 silva
1150 1684 1362 1758 profert

617 1778 857 1843 Fronde,
887 1776 1039 1841 ﬂore,
1068 1777 1341 1848 germine;

1382 368 1442 423 B.
1482 370 1543 424 ιε’.
1580 367 1805 425 Αιιιιδι
1844 367 1982 424 5ὶέὶῖ
2023 368 2303 426 ALCUINI
2340 369 2623 426 OPEllUM
2662 370 2842 426 PARS
2883 370 2969 425 l\".

2150 489 2198 547 Α
2226 495 2443 556 ceptum
2472 487 2608 558 ejus.
2665 486 2926 541 Dominus
2967 486 3101 541 dixit
3126 488 3191 541 ad
3218 503 3337 542 me:
3371 488 3540 542 Fiiius
3569 502 3719 543 meus
3749 502 3809 543 es

3706 369 3803 427 56$

2227 589 2304 647 tu,
2330 594 2433 651 ego
2462 580 2626 635 hodie
2655 581 2813 649 genui
2846 589 2917 633 te.
2974 578 3192 635 Postula
3233 595 3265 635 a
3294 595 3410 645 me,
3454 588 3511 635 et
3548 578 3689 636 dabo
3713 577 3808 636 tibi

2224 680 2413 742 gentes
2458 670 2830 727 hereditatem
2879 681 3025 726 tuam
3051 711 3068 735 ,
3123 679 3179 725 et
3221 671 3617 741 possessionem
3662 678 3813 725 tuam

2226 765 2490 820 terminos
2536 771 2715 819 terrae.
2776 763 2955 835 Reges
2982 779 3076 819 cos
3098 764 3153 818 in
3188 765 3341 833 virga
3367 763 3576 827 ferrea,
3604 770 3663 816 et
3688 772 3813 818 tan—

2225 870 2388 925 quam
2404 871 2501 911 vas
2527 855 2674 926 ﬁguli
2705 853 3017 927 confringes
3031 870 3143 911 eos.
3167 854 3236 909 Et
3255 869 3419 920 nunc,
3448 869 3621 926 reges,
3648 852 3813 909 intel-

2226 948 2404 1018 ligite:
2438 946 2728 1002 erudimini
2770 947 2862 1017 qui
2900 944 3159 1014 iudicatis
3190 955 3415 1002 terram.
3461 944 3679 1001 Servite
3708 942 3816 1000 De-

2227 1039 2376 1094 mino
2397 1040 2451 1093 in
2473 1039 2688 1102 timore,
2716 1046 2773 1091 et
2791 1036 3064 1094 exsultate
3087 1038 3136 1091 ei
3161 1051 3282 1092 cum
3326 1044 3585 1090 tremore.
3609 1032 3823 1105 .llpprc~

2229 1133 2450 1188 hendite
2488 1120 2864 1201 disciplinam,
2906 1131 3192 1200 nequando
3238 1130 3505 1185 irascatur
3533 1128 3816 1192 Dominus,

2227 1233 2283 1279 et
2310 1223 2545 1294 pereatis
2569 1223 2636 1277 de
2657 1224 2741 1277 via
2762 1220 2931 1289 justa.
2992 1221 3129 1278 Cum
3167 1220 3438 1277 exarserit
3461 1219 3521 1275 in
3552 1218 3707 1274 brevi
3736 1217 3821 1271 ira

2226 1314 2367 1384 ejus,
2395 1314 2541 1371 beati
2560 1329 2769 1379 omnes,
2796 1314 2887 1384 qui
2914 1312 3199 1370 confidunt
3236 1314 3289 1369 in
3318 1329 3406 1369 eo.

2296 1405 2407 1477 92
2435 1403 2503 1459 Ut
2545 1423 2726 1476 supra.
2766 1406 3027 1461 Exortum
3062 1413 3148 1460 est
3181 1407 3236 1461 in
3270 1406 3527 1462 tenebris.
3560 1403 3825 1475 Suscepi-

2232 1516 2353 1556 mus
2373 1500 2516 1557 Deus
2538 1500 2967 1557 misericordiam
2992 1507 3159 1554 tuam.

2306 1591 2512 1648 Oratio.
2550 1588 2714 1647 Eliice
2740 1606 2860 1657 nos,
2886 1589 3138 1656 Domine,
3172 1599 3428 1661 tanquam
3456 1586 3834 1644 fructuosissi-

2233 1702 2381 1742 mum
2409 1685 2616 1758 lignum
2645 1695 2771 1741 ante
2810 1691 3158 1756 conspectum
3196 1692 3385 1750 tuum,
3416 1692 3476 1738 ut
3501 1683 3609 1739 tuis
3638 1682 3837 1738 imbri-

2234 1778 2338 1833 bus
2365 1776 2621 1849 mitigati,
2645 1791 2959 1832 mereamur
2980 1776 3075 1832 tibi
3097 1776 3347 1832 suavium
3367 1774 3646 1833 fructuum
3664 1774 3836 1831 uber-

614 1871 781 1926 Dulce
799 1870 1025 1940 lignum,
1054 1869 1268 1926 dulcem
1297 1869 1511 1927 clavum
1542 1870 1678 1946 [Αι.,
1713 1871 1899 1929 dulces
1928 1871 2131 1946 clavos]
2169 1876 2210 1936 Β
2239 1880 2352 1929 tate
2377 1870 2615 1942 placere.
2644 1869 2770 1925 Per.

615 1960 783 2019 Dulce
807 1959 1019 2029 pondus
1044 1959 1344 2016 sustinens.

688 2053 872 2109 Flecte
906 2069 1083 2108 ramos
1109 2054 1273 2109 arbor
1300 2054 1429 2119 alta,

612 2145 792 2201 Tensa
819 2146 939 2199 laxa
962 2146 1169 2201 viscera
1186 2188 1200 2211 ,

615 2237 687 2293 Et
711 2239 859 2308 rigor
885 2237 1149 2293 lentescat
1177 2239 1267 2292 ille
1285 2280 1299 2303 ,

617 2330 789 2402 Quem
818 2329 963 2385 dedit
992 2330 1248 2385 nativitas
1269 2371 1284 2396 ,

619 2422 690 2478 Ut
718 2425 936 2493 superni
968 2425 1211 2479 membra
1237 2423 1403 2496 Regis

619 2516 874 2574 Mittenda
900 2518 1010 2591 [L.,
1030 2519 1170 2574 mitti
1198 2519 1409 2592 tentias]
1438 2520 1641 2595 stipite.

692 2610 818 2666 Sola
843 2613 1002 2683 digna
1034 2622 1088 2667 tu
1114 2611 1263 2668 fuisti

617 2703 786 2759 Ferre
815 2707 1048 2774 pretium
1078 2707 1271 2772 seculi,

618 2798 795 2868 Atque
820 2809 1035 2869 portum
1068 2816 1374 2870 praeparare

618 2887 795 2943 Nauta
822 2891 1025 2946 mundo
1050 2892 1311 2964 naufrago
1338 2912 1351 2945 :

616 2978 795 3049 Quam
821 2997 979 3037 sacer
1004 3000 1169 3039 cruor
1195 2986 1454 3055 perunxit

621 3076 799 3133 Fusus
828 3079 950 3148 agni
981 3079 1166 3151 stipite
1199 3078 1311 3152 [L.,
1350 3080 1475 3153 agni
1504 3078 1777 3155 corpore].

1169 3190 1502 3248 EIUSDEM.

545 3303 695 3359 Crux
725 3304 1010 3359 benedicta
1038 3306 1205 3369 nitet,
1250 3305 1510 3363 Dominus
1534 3323 1640 3378 qua
1665 3322 1830 3364 carne
1858 3308 2132 3379 pependit,

618 3393 797 3465 Atque
825 3410 1020 3452 cruore
1047 3412 1145 3453 suo
1174 3399 1395 3455 vulnera
1424 3408 1609 3455 nostra
1635 3398 1783 3455 lavit.

553 3484 698 3540 Mitis
727 3502 913 3542 amore
933 3488 1021 3559 pio
1040 3504 1139 3558 pro
1161 3490 1315 3545 nobis
1336 3490 1556 3545 victima
1582 3490 1780 3557 factus,

620 3575 809 3631 Traxit
830 3579 899 3631 ab
926 3592 1020 3631 ore
1046 3578 1155 3649 lupi
1186 3596 1290 3649 qua
1315 3596 1479 3654 sacer
1508 3596 1679 3651 agnus
1702 3598 1850 3639 oves.

546 3668 849 3723 'l‘ransfixis
874 3670 1068 3739 palmis
1097 3673 1190 3727 ubi
1219 3674 1474 3728 mundum
1503 3674 1657 3731 clade
1684 3676 1933 3741 redemit,

618 3762 794 3831 Atque
819 3778 917 3817 suo
939 3763 1135 3820 clausit
1162 3764 1351 3822 funere
1382 3768 1572 3823 mortis
1594 3769 1715 3825 iter.

549 3853 651 3912 llic
680 3869 873 3909 manus
901 3854 989 3908 illa
1014 3854 1116 3908 fuit
1142 3855 1311 3913 clavis
1338 3859 1550 3914 confixa
1583 3861 1846 3925 cruentis,

617 3945 749 4011 Quae
774 3946 976 4016 eripuit
996 3946 1219 4002 Paulum
1248 3949 1497 4016 crimine,
1528 3960 1703 4008 morte
1728 3951 1972 4008 Petrum.

548 4036 851 4092 Fertilitate
874 4047 1087 4109 potens,
1121 4056 1153 4094 ο
1174 4040 1331 4097 dulce
1360 4050 1415 4097 et
1437 4044 1614 4100 nobile
1639 4044 1845 4119 lignum
1869 4048 1882 4100 l

617 4128 846 4195 Quando
877 4134 984 4187 tuis
1006 4133 1173 4187 ramis
1197 4143 1309 4188 tam
1332 4150 1469 4190 nova
1491 4150 1647 4210 poma
1678 4139 1841 4207 geris.

546 4222 715 4291 Cujus
735 4225 901 4280 odore
931 4242 1069 4282 novo
1100 4227 1352 4285 defuncta
1373 4231 1636 4286 cadavera
1660 4243 1921 4305 surgunt,

620 4315 689 4368 Et
714 4316 942 4372 redeunt
975 4318 1100 4373 vita:
1129 4321 1219 4390 qui
1248 4337 1470 4377 caruere
1501 4325 1606 4379 die.

548 4407 764 4463 Nullum
792 4419 914 4464 uret
934 4420 1099 4466 aestus
1125 4417 1224 4467 sub
1258 4412 1539 4470 frondibus
1566 4418 1778 4473 arboris
1800 4418 1989 4487 hujus,

621 4503 772 4559 Luna
799 4522 898 4561 nec
925 4508 978 4561 in
1009 4517 1243 4571 noctem,
1274 4511 1354 4565 sol
1380 4527 1554 4581 neque
1584 4514 1826 4569 meridie.

546 4594 629 4652 Tu
648 4595 890 4666 plantata
920 4600 1108 4665 micas,
1140 4617 1297 4656 secus
1321 4611 1406 4657 est
1433 4604 1521 4658 ubi
1552 4620 1745 4661 cursus
1774 4622 2060 4677 aquarum,

617 4686 843 4759 Spargis
865 4700 919 4743 et
939 4702 1162 4746 ornatas
1192 4693 1321 4747 ﬂore
1346 4703 1565 4751 recente
1591 4712 1797 4752 comas.

542 4778 794 4850 Appensa
823 4791 907 4835 cst
936 4784 1060 4837 vitis
1091 4786 1231 4838 inter
1258 4793 1348 4840 tua
1376 4788 1621 4853 brachia,
1652 4790 1717 4844 de
1744 4805 1847 4864 qua

616 4873 805 4929 Dulcia
837 4878 1130 4946 sanguineo
1155 4880 1278 4933 vina
1313 4880 1508 4934 rubore
1535 4880 1724 4935 ﬂuunt.

827 4991 1147 5050 PSALMUS
1186 4993 1273 5053 DE
1310 4993 1840 5054 INCARNATIONE.

615 5105 796 5173 (PSAL.
830 5106 913 5176 ιι.)
972 5107 1151 5174 Quare
1198 5107 1533 5162 fremuerunt
1572 5119 1795 5180 gentes:
1845 5121 1899 5167 et
1946 5113 2125 5182 populi

545 5199 787 5252 meditati
815 5211 941 5253 sunt
970 5201 1188 5253 inania?
1218 5202 1521 5257 Astiterunt
1549 5218 1699 5274 reges
1727 5213 1888 5259 terra:
1908 5217 1961 5261 et
1982 5209 2129 5277 prin-

543 5292 692 5360 tripes
715 5301 1083 5344 convenerunt
1130 5293 1182 5346 in
1224 5310 1389 5347 unum
1440 5297 1700 5351 adversus
1729 5296 2044 5359 Dominum,
2077 5309 2132 5353 et

541 5383 801 5437 adversus
819 5382 1094 5436 Christum
1112 5386 1247 5451 ejus.
1280 5383 1662 5455 Dirumpamus
1686 5388 1894 5443 vincula
1917 5404 2126 5454 eorum,

540 5483 599 5530 ct
619 5474 971 5545 projiciamus
1013 5490 1043 5529 ιι
1082 5475 1236 5531 nobis
1269 5476 1458 5548 jugum
1500 5478 1760 5548 ipsorum.
1794 5478 1895 5546 Qui
1923 5481 2130 5536 habitat

543 5567 600 5620 in
622 5567 797 5630 caelis,
828 5566 1075 5621 irridebit
1095 5581 1190 5623 eos
1214 5584 1225 5620 :
1253 5579 1308 5623 et
1343 5568 1603 5624 Dominus
1623 5572 1978 5625 subsannabit
2013 5589 2126 5628 cos.

540 5659 693 5717 Tunc
717 5658 970 5727 loquetur
1007 5660 1073 5714 ad
1114 5675 1207 5715 eos
1238 5661 1292 5714 in
1324 5662 1403 5715 ira
1434 5677 1529 5716 sua
1562 5679 1574 5713 :
1626 5670 1681 5716 et
1710 5663 1762 5716 in
1800 5661 1983 5717 furore
2030 5680 2129 5719 suo

539 5750 883 5808 conturbabit
907 5767 1017 5806 eos.
1066 5751 1178 5821 Ego
1209 5761 1387 5807 autem
1417 5753 1746 5807 conSIitutus
1775 5769 1893 5807 sum
1918 5752 2031 5808 Rex
2059 5754 2127 5808 ab

540 5860 607 5907 eo
632 5858 794 5920 super
818 5842 949 5899 Sion
973 5854 1210 5900 montem
1234 5852 1481 5901 sanctum
1498 5844 1637 5917 ejus,
1664 5844 2122 5919 prmdicanspne-

2308 1964 2453 2019 Alia.
2493 1962 2805 2018 Servientes
2836 1962 2955 2027 tibi,
2983 1961 3232 2026 Domine,
3260 1961 3329 2017 ob
3349 1971 3554 2017 metum
3584 1962 3638 2017 in
3666 1963 3833 2018 timo-

2239 2074 2298 2115 re
2320 2057 2531 2128 judicii,
2557 2058 2894 2113 exsultantes
2911 2073 3035 2112 cum
3061 2065 3300 2110 tremore
3327 2064 3552 2124 propter
3572 2054 3835 2109 fiduciam

2239 2152 2375 2222 spei,
2412 2150 2547 2206 doce
2586 2166 2685 2205 nos
2728 2149 3134 2220 apprehendere
3166 2147 3541 2218 disciplinam,
3569 2148 3658 2216 qui
3684 2145 3839 2217 judi-

2240 2259 2331 2299 cas
2372 2250 2575 2298 terram
2595 2283 2611 2308 ,
2663 2251 2723 2296 ut
2752 2250 2805 2297 te
2840 2240 3170 2311 propitiante
3191 2239 3395 2294 veteris
3428 2239 3663 2294 hominis
3696 2236 3839 2309 ligu-

2241 2335 2349 2390 lum
2375 2332 2777 2405 confringentes
2811 2331 3100 2388 exterioris
3134 2339 3296 2387 terra:
3324 2338 3682 2401 purgamenta
3719 2327 3840 2385 cal-

2241 2442 2447 2484 cemus.

2485 2580 2805 2639 PSALMUS
2839 2582 2927 2638 DE
2965 2580 3299 2637 PASSIONE
3339 2579 3591 2637 DOMlNl.

2314 2717 2493 2788 (Psxt.
2534 2719 2749 2788 xxxrv.)
2816 2714 3005 2772 Judica
3030 2758 3045 2782 ,
3086 2716 3312 2773 Domine
3338 2757 3353 2781 ,
3398 2724 3657 2771 nocentes
3693 2729 3829 2770 me:

2241 2825 2487 2879 expugna
2521 2810 2897 2879 impugnantes
2926 2823 3031 2863 me.
3064 2808 3422 2878 Apprehende
3451 2822 3600 2860 arma
3628 2814 3685 2860 et
3707 2820 3834 2859 scu-

2242 2908 2356 2953 tum
2382 2938 2396 2962 ,
2428 2905 2483 2951 ct
2525 2912 2753 2966 exsurge
2799 2898 2851 2950 in
2897 2896 3229 2965 adjutorium
3268 2896 3423 2951 mihi.
3465 2895 3692 2949 Eﬂ'unde
3724 2894 3835 2949 fra-

2241 3003 2442 3052 meam,
2466 2996 2520 3040 ct
2545 2987 2804 3042 concludo
2834 2988 3094 3042 adversus
3121 3003 3248 3053 eos,
3293 2989 3385 3058 qui
3425 2996 3833 3056 persequuntur

2242 3097 2329 3136 me
2361 3100 2373 3135 :
2407 3082 2493 3135 die
2522 3081 2715 3136 aninne
2743 3096 2904 3146 meae,
2947 3082 3093 3136 salus
3123 3089 3213 3135 tua
3250 3096 3351 3153 ego
3390 3096 3530 3136 sum.
3593 3079 3835 3140 Confun-

2242 3176 2440 3230 dantur
2487 3184 2540 3228 et
2579 3184 2961 3239 revereantur;
3009 3184 3314 3245 quaerentes
3360 3175 3594 3229 animam
3626 3189 3830 3229 meam.

2161 3236 2210 3300 θ
2240 3264 2572 3319 Aret-tantur
2599 3274 2927 3328 retrorsum,
2952 3236 3445 3322 -et.confundantur
3474 3285 3486 3320 :
3525 3266 3835 3338 cogitantes

2241 3357 2370 3411 Inibi
2395 3356 2556 3411 mala.
2596 3357 2753 3411 Fiant
2782 3366 3040 3427 tanquam
3080 3358 3252 3427 pulvis
3279 3367 3405 3413 ante
3438 3357 3630 3412 faciem
3657 3355 3832 3425 venti,

2238 3457 2292 3501 et
2320 3448 2543 3518 angelus
2585 3448 2800 3503 Domini
2842 3458 3133 3504 coarctans
3171 3465 3284 3503 eos.
3330 3449 3450 3503 Fiat
3478 3450 3565 3503 via
3611 3449 3830 3505 illorum

2240 3539 2476 3593 tenebrae
2505 3550 2557 3591 et
2594 3540 2879 3600 lubricum.
2911 3549 2965 3594 et
2998 3541 3222 3611 angelus
3245 3540 3462 3595 Domini
3501 3558 3837 3612 persequens

2237 3644 2351 3683 eos.
2394 3630 2661 3696 Quoniam
2705 3631 2873 3700 gratis
2917 3632 3317 3686 abscondet-unt
3370 3634 3501 3686 mihi
3552 3635 3830 3689 interitum

2237 3720 2415 3790 laquei
2435 3722 2547 3776 sui:
2580 3737 2912 3792 supervacue
2926 3726 3357 3793 cxprobaverunt
3380 3726 3615 3779 animam
3631 3740 3831 3781 meam.

2240 3813 2435 3871 Veniat
2466 3816 2540 3869 illi
2574 3816 2798 3886 laqueus
2818 3858 2832 3881 ,
2881 3834 3040 3887 quem
3083 3819 3329 3890 ignorat,
3375 3829 3431 3873 et
3459 3822 3635 3889 captio
3666 3836 3831 3890 quam

2241 3909 2566 3974 abscondit,
2616 3911 2988 3981 apprehendat
3019 3927 3166 3978 cum,
3220 3922 3274 3967 et
3306 3915 3358 3968 in
3397 3915 3647 3983 laqueum
3671 3917 3835 3971 cadat

2238 4001 2294 4054 in
2324 4001 2519 4071 ipsum.
2558 4002 2751 4056 Anima
2782 4012 2961 4057 autem
2993 4020 3109 4059 mea
3149 4007 3441 4061 exsultabit
3470 4008 3522 4063 in
3557 4008 3789 4065 Domino
3817 4030 3828 4063 :

2240 4102 2294 4148 et
2323 4094 2683 4150 delectabitur
2710 4112 2871 4169 super
2902 4099 3121 4153 salutari
3155 4115 3273 4154 suo.
3335 4100 3526 4156 Omnia
3554 4118 3676 4157 ossa
3707 4118 3834 4160 mea

2240 4188 2462 4245 dicent:
2520 4189 2767 4256 Domine,
2811 4192 2933 4263 quis
2978 4193 3172 4249 similis
3202 4195 3335 4249 tibi?
3364 4195 3576 4265 Eripies
3613 4197 3833 4266 inopem

2238 4281 2307 4334 de
2330 4297 2491 4334 manu
2528 4280 2817 4336 fortiorum
2860 4284 3022 4354 ejus:
3073 4300 3303 4358 egenum
3352 4294 3407 4340 et
3452 4302 3747 4357 pauperem
3800 4305 3833 4343 a

2238 4370 2620 4441 diripientibus
2674 4390 2820 4428 eum.
2892 4374 3190 4446 Surgentes
3247 4386 3416 4433 testes
3462 4381 3670 4449 iniqui,
3708 4396 3834 4451 quae

2242 4466 2558 4534 ignorabam
2588 4508 2601 4531 ,
2656 4467 3064 4537 interrogabant
3111 4486 3215 4526 me.
3273 4470 3831 4531 Retribuebantmihi

2239 4558 2377 4612 mala
2407 4574 2507 4630 pro
2542 4560 2739 4615 bonis:
2774 4563 3118 4617 sterilitatem
3159 4565 3354 4621 anima:
3383 4582 3535 4622 mem.
3594 4568 3705 4638 Ego
3733 4585 3834 4624 au-

2241 4660 2347 4705 tem
2379 4668 2503 4705 cum
2527 4654 2658 4707 mihi
2687 4655 2898 4711 molesti
2934 4668 3145 4724 essent,
3175 4659 3440 4715 inducbar
3466 4662 3663 4717 cilicio.
3720 4662 3836 4718 ilu-

2237 4742 2514 4799 miliabam
2566 4745 2619 4798 in
2653 4745 2859 4815 jejunio
2900 4750 3135 4804 animam
3178 4767 3353 4806 meam
3378 4795 3391 4817 ,
3426 4763 3481 4807 et
3508 4756 3681 4809 oratio
3708 4771 3834 4809 mea

2238 4832 2290 4886 in
2321 4834 2440 4889 sinu
2469 4851 2588 4890 meo
2618 4848 2982 4892 convertatur.
3011 4840 3173 4906 Quasi
3204 4845 3540 4912 proximum,
3580 4855 3635 4899 et
3667 4846 3833 4915 quasi

2237 4924 2461 4979 fratrem
2490 4936 2756 4993 nostrum,
2786 4930 2866 4984 sic
2888 4933 3289 5001 complaeebam
3318 4950 3333 4987 :
3364 4937 3516 5004 quasi
3549 4936 3737 5006 lugens
3764 4944 3821 4991 et

2237 5019 2587 5074 contristatus
2615 5021 2695 5075 sic
2733 5022 3079 5078 humiliabar.
3138 5025 3205 5079 Et
3228 5027 3513 5082 adversum
3542 5043 3628 5083 me
3658 5029 3828 5088 ltetati

2234 5118 2378 5173 sunt,
2404 5119 2458 5163 et
2479 5122 2845 5167 convenerunt
2868 5129 2881 5165 :
2908 5124 3231 5186 congregata
3272 5126 3397 5170 sunt
3427 5134 3588 5187 super
3616 5134 3701 5173 me
3725 5118 3829 5176 lla-

2234 5202 2368 5271 gella
2395 5243 2408 5266 ,
2462 5212 2518 5255 et
2558 5205 2820 5274 ignoravi.
2864 5203 3120 5275 Dissipati
3171 5217 3299 5263 sunt
3349 5225 3449 5264 nec
3488 5214 3826 5281 compuncti;

2234 5303 2577 5350 tentaverunt
2603 5311 2688 5350 me
2706 5338 2721 5362 ,
2753 5298 3223 5353 subsannaverunt
3249 5317 3335 5355 me
3361 5302 3781 5359 subsaunatione
3810 5324 3823 5358 :

2232 5386 2587 5442 frenduerunt
2618 5404 2778 5458 super
2813 5405 2897 5444 me
2929 5390 3182 5444 dentibus
3202 5391 3333 5447 suis.
3376 5393 3619 5458 Domine,
3648 5410 3827 5462 quan-

2233 5479 2303 5533 do
2336 5478 2628 5551 rcspicies?
2664 5481 2887 5534 restitue
2934 5482 3169 5535 animum
3212 5499 3389 5537 meam
3432 5502 3460 5536 ει
3493 5484 3830 5556 malignitate

2232 5587 2441 5635 eorum,
2475 5586 2505 5624 a
2539 5572 2785 5627 leonibus
2814 5574 3027 5630 unicam
3052 5591 3248 5630 meam.
3305 5576 3615 5632 Conlitebor
3644 5578 3741 5634 tibi
3768 5580 3829 5637 in

2233 5662 2473 5717 Ecclesia
2518 5679 2752 5735 magna:
2788 5665 2841 5719 in
2880 5666 3077 5735 populo
3112 5668 3260 5737 gravi
3305 5667 3536 5723 laudabo
3571 5678 3642 5724 te.
3706 5669 3828 5725 Non

2230 5759 2663 5827 supergaudeant
2708 5759 2837 5813 mihi
2865 5801 2878 5821 ,
2937 5761 3022 5829 qui
3051 5761 3404 5816 adversantur
3451 5763 3579 5817 mihi
3620 5762 3820 5839 inique,

2232 5848 2319 5915 qui
2353 5848 2577 5904 oderunt
2608 5865 2693 5905 me
2722 5854 2917 5920 gratis,
2956 5861 3006 5906 et
3043 5862 3287 5908 annuunt
3313 5854 3505 5910 oculis.
3556 5855 3822 5923 Quoniam
