4112 6664
181 639 271 697 565

179 753 295 811 mihi
329 749 545 823 quidem
589 744 812 819 pacifice
845 743 1245 813 loquebantur:
1288 747 1344 795 et
1382 738 1436 792 in
1466 733 1743 792 iracundia
1774 735 1823 795 Α

179 857 318 903 terrae
352 842 664 913 loquentes,
704 836 857 894 dolos
895 836 1225 907 cogitabant.
1279 833 1348 887 Et
1380 831 1742 887 dilataverunt

1119 622 1513 685 LITURGICA.
1554 651 1626 662 --
1662 618 1935 677 OFFICIA
1972 616 2110 674 PER
2140 614 2415 672 FERIAS.

3324 610 3431 669 566

2164 729 2331 786 ITEM
2367 727 2688 785 PSALMUS
2728 728 2816 783 DE
2853 727 3110 784 EADEM.

1915 845 2094 917 (PSAL.
2130 844 2306 915 xxix.)
2333 843 2593 899 Exaltabo
2615 851 2687 907 te,
2713 843 2958 907 Domine,
2980 843 3233 913 quoniam
3256 860 3439 901 susce-

176 952 323 1008 s'll’e"
349 949 436 990 me
465 948 528 990 οδ
547 947 736 993 suum»
768 929 1023 985 δίκθΐυηῑ
1051 942 1066 981 ε
1110 926 1278 995 Ense.
1305 938 1462 993 ουῧθν
1492 919 1745 975 ﬁdem!“
1816 934 1969 1011 bpisti
2018 949 2141 989 me:
2171 946 2272 988 nec
2316 932 2598 988 delectasti
2641 930 2892 987 inimicos
2934 947 3084 988 meos
3130 947 3294 1007 super
3327 950 3435 991 me.

178 1027 305 1083 oculi
329 1025 525 1082 nostri.
565 1021 784 1087 Vidisti,
814 1019 1060 1080 Domine,
1087 1033 1156 1072 ne
1182 1015 1379 1070 sileas:
1406 1011 1653 1073 Domine,
1677 1022 1747 1063 ne

1883 1025 2073 1082 Domine
2101 1023 2245 1079 Deus
2290 1039 2460 1089 meus,
2497 1023 2725 1079 clamavi
2756 1026 2823 1081 ad
2870 1032 2958 1080 te:
2990 1032 3048 1081 ct
3088 1027 3292 1083 sanasti
3329 1042 3436 1083 me.

175 1118 409 1176 discedas
430 1133 461 1173 a
482 1131 589 1172 me.
614 1116 856 1185 Exsurge
877 1119 932 1165 et
960 1108 1179 1165 intende
1194 1104 1399 1175 judicio
1423 1117 1547 1159 meo
1569 1120 1581 1154 :
1603 1099 1749 1155 Deus

1883 1116 2092 1180 Domine,
2114 1115 2352 1171 eduxisti
2377 1118 2445 1171 ab
2466 1115 2680 1171 inferno
2708 1118 2944 1172 animam
2970 1133 3186 1173 meam:
3212 1119 3438 1177 salvasti

180 1228 334 1278 meus,
363 1220 417 1268 et
441 1210 703 1267 Dominus
722 1221 877 1263 meus
899 1204 954 1260 in
979 1218 1200 1259 causam
1228 1215 1425 1255 meam.
1447 1196 1639 1253 Indica
1661 1208 1752 1250 me

178 1304 452 1361 secundum
495 1300 766 1372 justitiam
799 1308 967 1362 tuam,
999 1296 1228 1352 Domine
1271 1294 1412 1349 Deus
1451 1306 1606 1347 meus
1644 1306 1658 1343 :
1695 1296 1754 1343 et

177 1410 273 1451 non
314 1391 747 1463 supergaudeant
793 1388 946 1445 mihi.
1010 1387 1126 1442 Non
1175 1386 1362 1441 dicant
1399 1384 1454 1439 in
1497 1380 1754 1439 cordibus

177 1488 317 1543 suis:
344 1486 514 1558 Euge,
542 1485 706 1555 euge!
736 1484 932 1539 anima:
963 1489 1187 1545 nostrae,
1216 1495 1315 1534 nec
1345 1478 1532 1533 dicant
1555 1491 1568 1530 :
1591 1477 1754 1532 devo-

175 1582 404 1637 rabimus
426 1594 573 1635 eum.
611 1577 947 1633 Erubescant
981 1583 1040 1631 et
1060 1580 1413 1630 revereantur
1438 1569 1627 1634 simul,
1661 1568 1755 1639 qui

176 1674 506 1747 gratulantur
552 1670 710 1727 malis
758 1669 919 1725 meis.
998 1667 1299 1724 lnduantur
1345 1661 1665 1720 confusione
1700 1668 1758 1717 et

177 1763 465 1820 reverentia
486 1804 504 1828 ,
538 1761 631 1831 qui
665 1760 898 1832 maligna
918 1759 1215 1828 loquuntur
1236 1770 1400 1828 super
1418 1768 1526 1810 me.
1558 1751 1758 1809 Exsul-

173 1864 286 1912 tent
306 1865 359 1911 et
380 1854 632 1910 laetentur
649 1852 744 1923 qui
773 1850 961 1906 volunt
975 1847 1249 1917 justitiam
1268 1860 1466 1910 meam,
1494 1851 1552 1899 et
1576 1843 1762 1900 dicant

173 1965 416 2021 semper:
466 1946 854 2019 magnificctur
880 1944 1172 2011 Dominus,
1218 1943 1312 2013 qui
1351 1941 1540 1996 volunt
1568 1953 1760 2008 pacem

173 2041 312 2097 servi
326 2038 466 2119 ﬁas.
507 2038 574 2093 Et
596 2039 777 2108 lingua
795 2050 917 2092 mea
936 2033 1284 2091 meditabitur
1296 2029 1564 2103 justitiam
1587 2037 1757 2096 tuam,

175 2142 285 2191 tota
314 2133 400 2189 die
422 2132 637 2187 laudem
664 2139 834 2186 tuam.

246 2223 310 2281 Ut
333 2243 515 2298 supra.
544 2222 775 2294 Adjutor
800 2229 857 2278 et
874 2221 1137 2278 liberator
1162 2234 1318 2275 meus
1347 2225 1489 2284 esto,
1513 2214 1763 2279 Domine,

175 2334 243 2374 ne
265 2316 513 2373 moreris.

246 2409 451 2465 Oratio.
491 2406 767 2464 Protectio
803 2403 1060 2474 salusque
1100 2401 1300 2459 animae
1340 2400 1572 2467 uestrae,
1616 2397 1767 2469 operi

174 2520 274 2561 nos
299 2503 450 2576 galea
478 2502 625 2573 spei,
662 2509 720 2556 et
755 2506 912 2556 scuto
938 2494 1375 2569 inexpugnabilis
1405 2492 1726 2550 munimenti
1750 2508 1766 2557 ;

173 2605 236 2650 ut
274 2611 304 2650 a
339 2603 392 2650 te
428 2595 481 2649 in
513 2593 696 2649 causis
732 2601 933 2647 nostra:
964 2587 1310 2645 necessitatis
1334 2585 1523 2657 adjuti,
1553 2597 1768 2638 merea-

177 2703 299 2742 umr
319 2701 443 2743 cum
481 2692 537 2740 te
564 2683 913 2755 diligentibus
962 2681 1151 2738 laetitia
1174 2688 1230 2736 et
1261 2677 1625 2735 exsultatione
1650 2690 1774 2747 per-

177 2777 347 2835 fundi.
389 2778 514 2833 Per.

249 2869 371 2923 Alia
396 2867 604 2923 Oratio.
648 2867 908 2933 Domine,
936 2864 1155 2936 quando
1186 2863 1476 2935 respicies,
1518 2861 1774 2931 dicesque

177 2962 371 3016 nobis:
407 2961 554 3015 salus
591 2968 773 3015 vestra
814 2975 914 3030 ego
953 2957 1112 3013 sum?
1136 2956 1203 3012 Et
1228 2956 1295 3011 ad
1321 2955 1667 3010 solitudinem
1695 2962 1776 3009 at-

177 3072 286 3128 que
315 3055 752 3125 implorationem
801 3061 1042 3108 nostram
1078 3051 1294 3121 quando
1332 3047 1602 3121 propitius
1640 3061 1774 3103 con-

177 3150 398 3206 vertes?
426 3147 505 3203 Ad
533 3163 695 3218 quam
719 3147 833 3215 jam
862 3152 1209 3206 convertere,
1242 3140 1493 3205 Domine,
1518 3147 1576 3194 et
1602 3138 1778 3193 inten—

176 3243 249 3298 de
290 3241 555 3312 judicium
586 3248 833 3295 nostrum
855 3278 868 3299 ,
920 3244 978 3291 et
1013 3237 1129 3306 ipse
1160 3232 1470 3304 judicantes
1497 3244 1597 3284 nos
1622 3226 1777 3283 fortis

180 3342 553 3408 propugnator
589 3347 868 3402 expugna;
921 3337 982 3383 ut
1020 3324 1197 3382 oratio
1232 3330 1450 3387 nostra,
1484 3335 1607 3391 qua:
1634 3332 1780 3373 nunc

1850 1222 1939 1262 me
1963 1222 1993 1260 a
2016 1206 2469 1274 descendentibus
2488 1207 2543 1261 in
2570 1206 2769 1263 lacum.
2803 1205 3025 1265 Psallite
3049 1208 3280 1266 Domino
3305 1227 3435 1267 san-

1852 1296 1926 1352 cti
1950 1294 2064 1365 ejus
2082 1315 2095 1351 :
2114 1305 2168 1354 et
2181 1296 2511 1353 confitemini
2534 1298 2811 1356 memoria:
2824 1300 3131 1357 sanctitatis
3144 1300 3281 1372 ejus.
3296 1301 3443 1369 Quo-

1853 1392 2000 1446 niam
2027 1391 2108 1446 ira
2136 1392 2191 1445 in
2231 1391 2598 1462 indignatione
2639 1389 2794 1461 ejus:
2840 1399 2895 1447 et
2939 1393 3049 1448 vita
3082 1394 3134 1449 in
3173 1394 3448 1452 voluntate

1854 1485 1991 1555 ejus.
2029 1485 2112 1540 Ad
2134 1501 2417 1555 vesperum
2443 1485 2814 1541 demorabitur
2849 1484 3047 1542 ﬂetus:
3083 1496 3139 1543 et
3174 1488 3241 1545 ad
3269 1498 3447 1543 matu-

1856 1577 2029 1633 tinum
2058 1576 2265 1631 lmtitia.
2320 1576 2432 1647 Ego
2461 1585 2640 1631 autem
2672 1576 2784 1632 dixi
2823 1578 2880 1633 in
2918 1577 3246 1634 abundantia
3285 1594 3402 1635 mea
3434 1599 3445 1635 :

1858 1686 1966 1728 non
1991 1671 2253 1726 movebor
2280 1670 2333 1723 in
2361 1677 2645 1725 aeternum.
2685 1669 2933 1737 Domine,
2968 1671 3023 1727 in
3048 1671 3329 1727 voluntate
3362 1679 3450 1727 tua

1859 1761 2161 1835 praestitisti
2205 1760 2390 1817 decori
2442 1776 2564 1816 meo
2618 1762 2901 1819 virtutem.
2959 1762 3216 1819 Avertisti
3254 1763 3453 1820 faciem

1861 1864 2010 1911 tuam
2057 1868 2089 1908 a
2117 1867 2203 1908 me
2229 1872 2241 1907 :
2275 1861 2332 1909 et
2360 1851 2540 1909 factus
2567 1870 2687 1909 sum
2720 1856 3096 1911 conturbatus.
3133 1854 3217 1911 Ad
3246 1864 3320 1923 te,
3345 1855 3453 1912 Do-

1862 1947 2030 2011 mine,
2057 1944 2326 2012 clamabo,
2357 1955 2412 2002 et
2441 1945 2510 2001 ad
2538 1946 2712 2003 Deum
2734 1964 2915 2004 meum
2938 1948 3290 2020 deprecabor.
3318 1948 3453 2017 Quae

1865 2039 2074 2095 utilitas
2103 2038 2157 2093 in
2185 2039 2451 2110 sanguine
2476 2054 2622 2106 meo,
2644 2039 2775 2095 dum
2799 2040 3133 2098 descendero
3150 2042 3208 2097 in
3231 2056 3459 2114 corrup—

1868 2132 2112 2188 tionem?
2148 2130 2400 2203 Nunquid
2427 2133 2774 2191 confitebitur
2789 2135 2886 2190 tibi
2910 2135 3109 2206 pulvis,
3136 2143 3230 2190 aut
3249 2150 3460 2191 annun—

1867 2224 2026 2280 tiabit
2053 2224 2338 2281 veritatem
2371 2225 2553 2281 tuam?
2578 2225 2805 2281 Audivit
2824 2225 3105 2290 Dominus,
3128 2234 3186 2282 et
3204 2226 3464 2282 misertus

1868 2328 1953 2373 est
1978 2319 2083 2373 mei
2116 2337 2128 2370 :
2160 2318 2420 2373 Dominus
2445 2316 2621 2373 factus
2656 2326 2743 2373 est
2766 2315 2983 2386 adjutor
3015 2332 3186 2372 meus.
3226 2315 3465 2373 Conver—

1868 2410 1984 2465 tisti
2030 2409 2306 2480 planctum
2352 2426 2535 2464 meum
2577 2410 2630 2464 in
2666 2409 2920 2481 gaudium
2959 2410 3092 2464 mihi
3128 2427 3140 2461 :
3181 2407 3464 2463 concidisti

1871 2516 2089 2557 saccum
2112 2516 2314 2566 meum,
2343 2508 2399 2555 et
2422 2499 2828 2555 circumdedisti
2866 2514 2953 2553 me
2977 2498 3187 2553 laetitia.
3230 2496 3303 2552 Ut
3329 2511 3463 2551 can-—

1872 2598 1953 2645 tet
1976 2591 2072 2646 tibi
2095 2589 2265 2662 gloria
2289 2605 2411 2644 mea
2439 2597 2495 2643 et
2530 2603 2637 2643 non
2669 2602 3035 2660 compnngar:
3065 2586 3292 2643 Domine
3322 2585 3469 2643 Deus

1873 2696 2050 2747 meus,
2084 2681 2139 2736 in
2166 2691 2430 2736 aeternum
2456 2679 2759 2735 confitebor
2794 2679 2913 2734 tibi.

1947 2770 2013 2827 Ut
2037 2788 2219 2841 supra.
2254 2770 2368 2842 Ego
2388 2770 2643 2826 dormivi.
3194 2826 3196 2829 λ

1948 2863 2155 2918 Oratio.
2191 2862 2487 2933 Susceptor
2544 2863 2786 2918 omnium
2832 2859 3257 2917 clementissime
3302 2859 3469 2925 Deus,

1876 2971 1944 3011 ne
1967 2955 2254 3025 permittas
2301 2953 2560 3009 delectari
2601 2954 2853 3010 inimicos
2884 2960 3102 3008 nostros
3146 2968 3308 3024 super
3337 2968 3468 3016 nos;

1876 3048 1974 3105 sed
2028 3049 2103 3103 ita
2146 3064 2245 3103 nos
2294 3056 2384 3102 tua
2415 3048 2615 3103 virtute
2658 3049 2951 3103 corrobora
2977 3089 2993 3112 ,
3046 3056 3107 3101 ut
3149 3062 3470 3103 conversum

1876 3140 2154 3210 planctum
2191 3148 2435 3193 nostrum
2477 3140 2533 3193 in
2573 3139 2879 3195 sanctitatis
2908 3148 3013 3194 tute
3040 3139 3324 3210 gaudium,
3361 3154 3472 3193 me—

1880 3232 2050 3286 moria
2078 3231 2282 3301 jugiter
2300 3230 2629 3286 excolamus.
2668 3230 2793 3286 Per.

1951 3322 2095 3377 Alia.
2119 3321 2293 3387 Audi,
2327 3321 2583 3380 Domine.
2616 3331 2670 3378 et
2702 3323 2963 3379 miserere
2990 3324 3193 3388 nostri,
3225 3331 3282 3377 et
3305 3323 3475 3376 conli—

180 3432 238 3484 in
271 3429 453 3483 sinum
489 3436 734 3481 nostrum
772 3436 871 3493 pro
899 3427 1237 3476 secretorum
1267 3426 1489 3470 suorum
1517 3424 1776 3478 compuu-
1804 3453 1853 3515 ε
1882 3420 2058 3468 tentes
2092 3413 2367 3467 memoria:
2396 3412 2702 3467 sanctitatis
2730 3420 2870 3475 tuae,
2898 3412 3085 3468 laetitia
3119 3410 3478 3467 confessionis

180 3522 365 3579 ctione
389 3520 744 3581 convertitur,
784 3522 909 3570 ante
951 3518 1300 3581 conspectum
1340 3515 1490 3562 tuum
1527 3510 1774 3575 purgata,

178 3613 369 3673 cordis
394 3611 598 3685 gemitu
632 3610 916 3680 dirigatur.

363 3752 470 3824 93
509 3746 832 3805 PSALMUS
871 3745 959 3799 DE
993 3736 1594 3798 RESURRECTIONE.

263 3886 445 3950 (Psac.
475 3884 585 3954 ιιι.)
627 3882 886 3945 Domine,
939 3877 1069 3950 quid
1114 3872 1458 3946 multiplicati
1506 3877 1651 3934 sunt.
1691 3867 1784 3938 qui

184 3979 456 4037 tribulant
501 3977 622 4033 me?
672 3974 899 4030 multum
948 3978 1178 4043 surgunt
1227 3966 1371 4042 ML,
1413 3964 1566 4020 multi
1609 3963 1789 4019 insuro

184 4070 367 4143 gunt]
419 4071 709 4126 adversum
763 4080 869 4121 me.
945 4060 1094 4116 Multi
1134 4060 1321 4115 dicunt
1367 4057 1563 4111 anima:
1618 4068 1787 4117 meae,

187 4181 303 4219 non
348 4173 433 4217 est
472 4160 617 4217 salus
641 4159 742 4230 ipsi
770 4159 825 4213 in
864 4156 976 4210 Deo
1007 4153 1146 4223 ejus.
1183 4151 1265 4208 Tu
1305 4158 1507 4216 autem,
1539 4146 1787 4211 Domine,

185 4266 482 4328 susceptor
534 4269 689 4310 meus
732 4272 743 4306 ;
801 4250 971 4324 gloria
1021 4262 1176 4312 mea,
1234 4255 1291 4300 et
1336 4241 1583 4298 exaltans
1628 4245 1792 4310 caput

189 4366 401 4408 meum.
444 4348 590 4404 Voce
620 4362 740 4401 mea
776 4345 842 4400 ad
868 4342 1155 4398 Dominum
1186 4336 1448 4401 clamavi,
1481 4344 1535 4391 et
1563 4333 1791 4389 exaudi-

187 4443 277 4497 vit
300 4457 389 4497 me
416 4441 482 4496 de
513 4447 695 4495 monte
729 4444 920 4493 sancto
949 4450 1067 4490 suo.
1107 4432 1219 4503 Ego
1250 4428 1509 4492 dormivi,
1547 4436 1602 4482 et
1629 4442 1791 4497 sopo—

190 4541 354 4589 ratus
394 4546 512 4587 sum
539 4571 553 4593 ,
600 4538 658 4583 et
700 4524 983 4583 exsurrexi
1019 4541 1033 4577 :
1078 4522 1208 4596 quia
1257 4519 1518 4575 Dominus
1559 4514 1797 4585 suscepit

190 4638 309 4679 me.
373 4618 491 4677 Non
549 4619 753 4675 timebo
807 4615 974 4672 millia
1025 4611 1208 4685 populi
1252 4609 1641 4666 circumdantis
1685 4622 1792 4670 me,

189 4732 459 4789 exsurge,
489 4715 738 4780 Domine,
771 4711 982 4770 salvum
1013 4725 1101 4766 me
1140 4706 1249 4774 fac,
1286 4706 1428 4761 Deus
1456 4720 1626 4760 meus.
1653 4703 1798 4774 Quo-

1885 3503 2109 3573 aeeinge
2145 3522 2157 3556 :
2203 3511 2259 3558 et
2291 3502 2417 3573 quia
2450 3503 2505 3557 in
2531 3502 2811 3559 voluntate
2843 3511 2931 3557 tua
2976 3503 3085 3556 vita
3133 3510 3217 3556 est
3261 3509 3472 3564 nostra.

1884 3593 2181 3650 voluntatis
2222 3595 2394 3667 ipsius
2435 3610 2631 3650 munus
2677 3595 2986 3663 impertire;
3037 3601 3096 3646 ut
3148 3594 3276 3647 dum
3323 3592 3481 3647 nobis

1886 3688 1998 3743 vita
2041 3702 2109 3741 ex
2154 3686 2433 3742 voluntate
2480 3693 2573 3741 tua
2623 3685 2901 3751 tribuitur,
2953 3683 3201 3741 voluntas
3242 3691 3331 3738 tua
3360 3684 3482 3741 vita:

1888 3779 2060 3851 ipsius
2089 3793 2312 3834 munere
2335 3776 2642 3848 impleatur.
2668 3775 2794 3832 Per.

2209 3887 2530 3945 PSALMUS
2571 3888 2660 3943 DE
2697 3886 3148 3944 ASCENSIONE.

1962 3985 2143 4055 (Psac.
2172 3981 2319 4055 vui.)
2360 3981 2586 4037 Domine
2628 3982 2889 4037 Dominus
2927 3988 3142 4045 noster,
3193 3995 3354 4048 quam
3386 3980 3481 4032 ειδ-

1891 4078 2140 4135 mirabile
2189 4088 2275 4134 est
2310 4090 2509 4131 nomen
2558 4084 2712 4131 tuum
2762 4076 2817 4129 in
2864 4075 3116 4129 universa
3140 4075 3477 4139 terraluuo-

1892 4174 2039 4229 niam
2065 4170 2273 4226 elevata
2301 4179 2385 4227 est
2422 4168 2823 4240 magniﬁcentia
2852 4177 2942 4222 tua
2968 4181 3135 4238 super
3161 4168 3345 4223 cados.
3404 4169 3480 4222 Et

1893 4277 1991 4317 ore
2020 4260 2307 4317 infantium
2354 4269 2410 4316 et
2455 4258 2770 4314 lactentium
2809 4256 3086 4329 perfecisti
3121 4256 3335 4313 laudem
3363 4273 3487 4327 pro-

1895 4365 2015 4425 pter
2036 4355 2286 4412 inimicos
2307 4363 2451 4418 tuos,
2476 4360 2539 4407 ut
2565 4352 2818 4408 destruas
2843 4351 3135 4408 inimicum
3151 4359 3209 4406 et
3231 4351 3484 4407 ultorem.

1896 4448 2165 4515 Quoniam
2193 4447 2387 4503 videbo
2430 4445 2597 4503 celos
2642 4454 2763 4499 tuos
2787 4486 2800 4508 ,
2853 4458 3021 4515 opera
3047 4444 3338 4515 digitorum
3367 4455 3487 4499 tuo—

1899 4554 2019 4593 rum
2047 4556 2059 4591 :
2108 4537 2292 4592 lunam
2325 4547 2379 4592 et
2406 4535 2595 4593 stellas
2619 4577 2634 4597 ,
2685 4550 2806 4604 quae
2842 4543 2895 4588 tu
2929 4532 3187 4591 fundasti.
3243 4535 3382 4601 Quid
3409 4544 3491 4591 est

1899 4628 2079 4691 homo,
2113 4627 2258 4696 quod
2279 4640 2488 4682 memor
2505 4640 2567 4679 es
2588 4624 2705 4694 ejus
2731 4643 2743 4676 :
2778 4632 2871 4679 aut
2898 4624 3045 4680 filius
3072 4625 3324 4688 hominis,
3356 4639 3487 4695 quo-

1903 4720 2049 4776 niam
2071 4719 2260 4775 visitas
2288 4716 2458 4773 eum?
2484 4715 2721 4771 Minuisti
2750 4732 2874 4770 eum
2910 4716 3071 4786 paulo
3091 4717 3272 4771 minus
3299 4716 3367 4771 ab
3391 4733 3477 4772 an-

193 4813 353 4867 "iam
382 4819 437 4864 ιιι
460 4806 773 4878 Ρθτευδδίεῑί
794 4818 985 4861 omnes
1011 4802 1362 4859 adversantes
1384 4799 1516 4854 mihi
1535 4798 1650 4854 Sine
1671 4811 1800 4851 ωηο
1829 4813 1880 4875 ῐ)
1905 4812 2038 4883 gelis
2064 4829 2075 4863 :
2117 4809 2288 4881 gloria
2308 4817 2366 4863 et
2391 4810 2595 4864 honore
2624 4808 2901 4861 coronasti
2931 4822 3054 4862 eum
3073 4848 3088 4871 ,
3120 4816 3177 4862 et
3205 4810 3492 4864 constitui-

193 4919 287 4966 sa,
322 4902 512 4956 dentes
537 4907 887 4970 peccatorum
928 4892 1252 4950 contrivisti.
1281 4890 1496 4947 Domini
1524 4899 1609 4944 est
1633 4889 1798 4954 salus,

194 5003 261 5048 et
296 5006 463 5063 super
489 4990 747 5063 populum
778 4996 931 5044 tuum
958 4984 1266 5043 benedictio
1293 4993 1404 5038 tua.

282 5084 351 5140 Ut
382 5102 564 5156 supra.
592 5082 836 5139 Tenuisti
867 5095 1086 5136 manum
1113 5080 1396 5135 dexteram
1428 5093 1629 5134 meam.

280 5179 493 5236 Oratio.
521 5178 769 5243 Ell'tmde,
802 5176 1048 5239 Domine,
1080 5173 1515 5230 benedictionem
1544 5180 1693 5226 tuam
1716 5186 1807 5227 su-

193 5292 308 5350 per
355 5273 614 5345 populum
668 5279 820 5326 tuum
849 5310 864 5333 ,
911 5277 972 5324 ut
1006 5275 1100 5323 tua
1145 5264 1547 5322 resurrectione
1588 5261 1805 5326 muniti,

198 5384 322 5425 non
379 5368 668 5421 timeamus
711 5363 780 5419 ab
829 5358 1235 5417 adversantium
1286 5356 1545 5412 vitiorum
1602 5352 1809 5409 malitia

198 5457 566 5517 circumdari.
598 5457 722 5514 Per.

285 5553 434 5609 Alia.
465 5550 715 5613 Domine,
755 5558 944 5605 contra
976 5545 1479 5616 multiplicationem
1508 5540 1810 5597 tribulatio-

201 5664 353 5706 num
382 5647 541 5703 nobis
577 5644 731 5700 fortis
778 5650 1146 5713 propugnator
1180 5653 1436 5703 accurre,
1468 5644 1524 5692 et
1551 5637 1816 5692 adversus

205 5738 627 5799 multitudinem
658 5735 1054 5806 insurgentium
1083 5734 1137 5787 in
1171 5747 1270 5787 nos
1307 5731 1426 5800 pius
1455 5729 1708 5785 defensor
1729 5744 1816 5785 as-

205 5838 396 5899 siste,
441 5833 619 5902 sitque
664 5829 969 5886 benedictio
1016 5836 1107 5881 tua
1145 5841 1305 5896 super
1331 5823 1597 5895 populum
1621 5833 1811 5878 tuum:

208 5938 280 5985 ut
311 5929 410 6002 qui
435 5927 666 5984 salutem
701 5924 896 5979 animae
922 5929 1122 5976 nostra:
1168 5919 1221 5973 in
1257 5925 1309 5972 te
1351 5931 1473 5984 esse
1502 5922 1727 5986 negant.
1766 5924 1817 5970 te

210 6023 556 6077 salvatorem
602 6027 844 6074 nostrum
887 6017 1000 6084 ipsa
1052 6028 1146 6067 sua
1195 6009 1589 6080 expugnatione
1622 6024 1817 6079 cogno-

211 6124 402 6170 δσιιηί.

1903 4904 1972 4960 sti
1998 4917 2123 4959 eum
2145 4915 2306 4972 super
2328 4914 2492 4972 Opera
2516 4913 2773 4952 manuum
2803 4905 3041 4952 tuarum.
3091 4898 3284 4952 Omnia
3315 4897 3491 4967 subje—

1904 4995 2026 5050 cisti
2074 4993 2175 5048 sub
2217 4991 2445 5063 pedibus
2490 4989 2608 5059 ejus
2646 5007 2657 5041 :
2710 5003 2841 5043 oves
2886 4999 2941 5042 et
2987 4990 3150 5045 boves
3188 4990 3490 5055 universas,

1906 5090 2127 5157 insuper
2156 5093 2213 5140 et
2251 5099 2448 5156 pecora
2488 5083 2687 5152 campi.
2729 5082 2989 5138 Volucres
3029 5084 3150 5139 cteli
3173 5126 3186 5148 ,
3224 5095 3278 5139 et
3314 5086 3493 5154 pisces

1908 5180 2093 5242 maris,
2122 5177 2216 5248 qui
2256 5174 2634 5247 perambulant
2652 5173 2877 5229 semitas
2915 5175 3097 5230 maris.
3128 5176 3351 5231 Domine
3382 5177 3491 5231 Do-

1910 5271 2091 5325 minus
2120 5276 2339 5323 noster:
2368 5280 2533 5335 quam
2573 5264 2892 5320 admirabile
2930 5276 3013 5321 est
3039 5283 3232 5323 nomen
3258 5277 3408 5323 tuum
3442 5270 3493 5323 in

1912 5361 2165 5415 universa
2191 5359 2366 5413 terra!

1988 5447 2054 5502 Ut
2084 5464 2267 5516 supra.
2302 5446 2558 5502 Ascendit
2584 5444 2735 5501 Deus»
2758 5446 2811 5500 in
2830 5446 3020 5517 jubilo.
3067 5449 3331 5520 Regnabit
3362 5451 3500 5505 Deus

1914 5553 2077 5607 super
2110 5544 2315 5607 gentes.

1985 5628 2099 5702 94
2126 5628 2331 5683 Oratio.
2360 5627 2500 5694 Quid
2527 5637 2611 5684 est
2633 5628 2817 5694 homo,
2852 5630 3099 5697 Domine,
3130 5636 3271 5703 quod
3298 5652 3503 5691 memor

1917 5738 1978 5778 es
2005 5722 2156 5792 ejus?
2203 5728 2297 5774 aut
2322 5736 2421 5775 cur
2454 5735 2514 5773 es
2543 5729 2598 5774 tu
2621 5720 2766 5777 filius
2793 5724 3057 5789 hominis,
3111 5728 3213 5780 nisi
3258 5739 3318 5783 ut
3355 5746 3502 5796 eum,

1919 5835 1987 5874 ne
2016 5819 2070 5873 in
2096 5825 2417 5887 perpetuum
2445 5817 2683 5885 periret,
2716 5819 3045 5876 redimeres?
3095 5822 3169 5875 Da
3196 5838 3325 5892 ergo
3351 5826 3506 5881 nobis

1921 5910 2183 5965 auxilium
2210 5908 2607 5971 necessarium,
2645 5910 2733 5978 qui
2764 5911 2955 5966 dedisti
2980 5928 3077 5983 pro
3108 5915 3261 5970 nobis
3288 5916 3502 5985 sangui—

1922 6019 2045 6058 nem
2073 6008 2403 6073 pretiosum;
2435 6010 2489 6054 et
2522 6012 2718 6071 praesta
2742 6042 2757 6067 .
2804 6012 2863 6057 ut
2899 6019 3034 6073 quos
3072 6022 3217 6064 mors
3245 6018 3330 6063 tua
3359 6008 3499 6063 redi"

1924 6101 2043 6163 mit,
2066 6110 2254 6152 eorum
2277 6102 2329 6151 te
2356 6097 2462 6151 vita
2491 6095 2769 6165 gloriﬁcet.
