4112 6626
669 393 777 453 i357
1536 384 1599 437 B.
1639 381 1700 437 Ρ.
1732 377 1959 435 ALBINI
1992 373 2128 432 SEU
2154 375 2267 431 AL(

2365 375 2432 430 Nl
2468 372 2755 431 OPERUM
2791 371 2972 429 PARS
3009 370 3093 427 IV.
3827 364 3912 421 568

743 520 1057 580 Secundum
1085 532 1283 573 nomen

669 615 764 687 pio
784 621 976 671 sancto
1019 625 1118 668 suo
1160 623 1352 665 vocem
1394 621 1595 662 meam.
1655 602 1875 661 Psallite
1899 600 2014 657 Deo
2051 608 2261 663 nostro,

668 706 930 780 quoniam
964 720 1058 761 rex
1085 704 1264 761 omnis
1301 710 1465 757 terrae
1493 700 1661 756 Deus.

745 799 955 856 Oratio.
980 796 1314 855 Admirabile
1352 807 1549 850 nomen
1575 803 1728 848 tuum
1745 832 1760 857 ,
1791 788 2137 860 omnipotens
2160 784 2254 842 Do-

672 896 844 960 mine,
870 892 1143 965 supplices
1163 904 1485 955 exoramus,
1511 896 1575 942 ut
1596 886 1689 957 qui
1714 899 1928 942 omnem
1954 888 2264 937 creaturam

674 987 865 1045 mundi
886 989 954 1041 ad
990 999 1122 1042 usus
1140 982 1419 1039 hominum
1449 977 1725 1049 subjecisti
1744 1018 1763 1045 ,
1788 991 1888 1043 nos
1908 973 1975 1029 ad
2013 980 2119 1027 tua;
2150 984 2266 1027 ser-

674 1078 864 1135 vitutis
888 1076 1124 1133 oﬁicium
1152 1075 1344 1145 dignos
1370 1073 1611 1144 digneris
1634 1070 1866 1127 efficere.
1888 1066 2014 1124 Per.

748 1168 885 1226 Item
911 1169 1119 1224 Oratio.
1166 1164 1393 1230 Exaudi,
1425 1163 1671 1225 Domine,
1697 1167 1882 1217 sancte
1905 1158 2069 1214 Pater
2090 1154 2268 1213 omni-

670 1271 867 1334 potens
886 1269 1086 1317 eeterne
1115 1259 1289 1323 Deus,
1320 1257 1598 1312 orationes
1622 1261 1868 1317 nostras,
1905 1265 2043 1321 quas
2073 1248 2264 1321 pietati

674 1364 781 1409 tua:
819 1352 1095 1407 fundimus
1143 1352 1199 1405 in
1246 1347 1567 1404 memoriam
1627 1360 1800 1402 sacra:
1848 1342 2260 1407 incarnationis,

672 1445 1006 1509 nativitatis,
1058 1442 1361 1514 passionis,
1428 1437 1879 1501 resurrectionis,
1927 1434 2266 1491 ascensionis

674 1536 889 1593 Domini
918 1536 1091 1591 nostri
1123 1533 1252 1590 lesu
1279 1532 1504 1598 Christi,
1533 1531 1625 1601 qui
1655 1546 1755 1601 pro
1785 1529 1941 1584 nobis
1967 1528 2263 1593 incarnari,

673 1630 863 1693 nasci,
912 1630 1051 1685 mori
1076 1670 1091 1693 ,
1123 1641 1407 1699 resurgere
1430 1665 1445 1691 ,
1480 1624 1754 1693 coelosque
1796 1622 2119 1685 ascendere,
2165 1634 2266 1675 no-

671 1731 848 1778 stram
890 1736 989 1776 sua
1034 1720 1237 1775 virtute
1282 1718 1657 1789 captivitatem
1704 1717 1909 1772 ducens
1952 1716 2220 1785 captivam
2245 1754 2263 1780 ,

670 1811 929 1882 dignatus
953 1818 1068 1873 est;
1098 1807 1217 1878 ejus
1242 1808 1634 1880 gubernatione
1654 1846 1669 1873 ,
1700 1807 2072 1878 protectione,
2104 1806 2268 1861 mise-

674 1903 931 1969 ricordia,
959 1918 990 1957 a
1018 1903 1232 1957 cunctis
1261 1901 1571 1956 muniamur
1593 1899 1874 1955 diabolica:
1903 1898 2111 1954 fraudis
2132 1898 2263 1954 insi-

668 1993 796 2059 diis,
827 1994 920 2065 qui
957 2003 1139 2049 tecum
1175 1994 1309 2048 vivit
1354 1993 1409 2047 in
1436 1992 1646 2046 unitate
1688 1990 1923 2061 Spiritus
1963 1990 2136 2046 sancti
2166 2004 2265 2061 per

673 2083 1006 2141 immortalia
1028 2082 1225 2139 saecula
1251 2081 1594 2139 saeculorum.

705 2217 913 2276 FERIA
968 2220 1135 2283 ITEM
1189 2219 1258 2276 VI
1308 2216 1566 2275 ORATIO
1616 2216 1866 2274 SANCTI
1910 2215 2237 2275 CYPRIANI

1270 2308 1649 2367 MARTYRIS.

744 2447 974 2503 Domine
1007 2455 1194 2503 sancte
1217 2445 1382 2502 Pater
1412 2446 1597 2517 agios,
1638 2445 1707 2500 ad
1739 2452 1792 2501 te
1820 2444 1996 2501 levavi
2022 2444 2266 2501 animam

670 2551 871 2593 meam.
911 2537 1057 2592 Dens
1090 2552 1275 2603 meus,
1323 2535 1448 2607 quis
1482 2537 1629 2591 enim
1659 2533 1834 2605 major
1855 2535 1945 2589 te?
1983 2533 2106 2591 Tibi
2143 2549 2268 2607 gra-

669 2631 779 2686 tias
805 2637 863 2685 οι
886 2627 1103 2685 laudem
1141 2627 1339 2683 refero.
1404 2625 1546 2683 Deus
1576 2626 1850 2681 Abraham
1870 2666 1885 2692 ,
1915 2625 2060 2681 Deus
2093 2624 2264 2693 Isaac,

672 2721 817 2776 Deus
840 2719 1007 2775 lacob
1023 2761 1038 2785 ,
1090 2719 1235 2775 Deus
1262 2727 1478 2789 patrum
1503 2726 1815 2774 nostrorum
1836 2760 1851 2784 ,
1880 2718 2022 2775 Deus
2046 2728 2266 2790 aposto-

669 2812 875 2875 lorum,
925 2809 1071 2865 Deus
1097 2810 1507 2881 prophetarum,
1534 2808 1679 2864 Deus
1706 2817 2037 2880 martyrum;
2064 2810 2160 2881 qui
2185 2825 2268 2875 es,

668 2908 728 2957 et
750 2901 845 2973 qui
871 2899 1024 2957 fuisti
1053 2909 1180 2956 ante
1210 2900 1397 2956 mundi
1418 2898 1887 2957 constitutionem.
1944 2888 2273 2958 Deusivivo-

674 3006 819 3058 rum,
876 3000 1137 3048 venturus
1175 2990 1423 3063 judicare
1466 2990 1620 3047 vivos
1666 2999 1724 3047 et
1767 3000 2047 3059 mortuos,
2090 2992 2182 3062 qui
2208 3006 2270 3048 es

675 3084 820 3141 Deus
840 3099 1037 3150 verax,
1075 3084 1169 3152 qui
1192 3083 1349 3138 sedes
1383 3097 1548 3153 super
1576 3082 1889 3147 cherubim,
1929 3082 2269 3153 etprospicis

670 3175 938 3268 abyssos:
982 3176 1079 3247 qui
1119 3176 1271 3232 vides
1311 3184 1533 3268 cuncta,
1587 3176 1903 3245 priusquam
1945 3186 2263 3241 nascantur,
2294 3203 2341 3268 ο

672 3266 769 3339 qui
802 3266 973 3325 habes
996 3276 1325 3340 potestatem
1347 3266 1626 3333 occidere,
1676 3274 1733 3323 et
1772 3282 1988 3324 rursum
2018 3268 2269 3324 restitue—

673 3376 768 3428 re;
793 3360 885 3431 qui
928 3359 1101 3416 habes
1142 3368 1468 3431 potestatem
1514 3360 1581 3416 de
1614 3358 1770 3415 arido
1805 3358 2034 3415 viridem
2062 3357 2264 3415 facere.

673 3449 758 3508 Tu
783 3450 1025 3509 omnium
1065 3450 1210 3507 Deus
1236 3452 1568 3517 dominator,
1614 3451 1787 3508 libera
1825 3465 1914 3507 me
1940 3452 2010 3506 ab
2040 3451 2144 3506 hoc
2169 3466 2271 3506 ste-

669 3542 817 3600 culo.
856 3541 1066 3601 Exaudi
1091 3557 1180 3598 me
1199 3552 1468 3609 orantem,
1492 3543 1637 3598 sicut
1654 3542 1920 3600 exaudisti
1943 3542 2084 3597 ﬁlios
2103 3541 2269 3598 Israel

672 3633 744 3688 de
772 3640 919 3689 terra
945 3630 1184 3703 Egypti,
1213 3639 1269 3687 et
1296 3647 1404 3688 non
1434 3631 1535 3687 tibi
1552 3632 1917 3699 crediderunt,
1947 3647 2047 3688 nec
2067 3630 2270 3689 famulo

676 3733 772 3779 tuo
793 3720 981 3794 Moysi.
1024 3721 1118 3777 Vae
1145 3723 1385 3792 peccatis
1411 3721 1586 3779 meis!
1617 3736 1743 3779 cum
1772 3730 1826 3778 te
1852 3721 2121 3779 levaveris
2140 3737 2271 3779 con-

676 3814 917 3886 fringere
959 3822 1165 3869 terram
1191 3856 1205 3876 ,
1254 3817 1357 3869 sub
1399 3829 1563 3885 quam
1594 3812 1846 3869 ﬁssuram
1872 3822 2153 3885 petrarum
2183 3831 2269 3871 me

675 3905 1040 3962 absconsurus
1087 3920 1206 3960 sum
1256 3913 1382 3962 ante
1426 3905 1681 3961 virtutem
1731 3907 1919 3961 tuam?
1968 3905 2068 3963 Cui
2097 3910 2267 3963 monti

674 3996 922 4054 dicturus
949 4012 1091 4063 sum,
1122 3999 1256 4055 cade
1280 4012 1446 4069 super
1477 4013 1564 4054 me
1592 4017 1602 4051 :
1640 4005 1699 4054 et
1719 3998 1809 4055 cui
1839 3997 1998 4065 colli,
2034 4007 2155 4071 tege
2180 4017 2268 4057 me

674 4096 805 4145 ante
849 4096 1057 4144 metum
1084 4086 1331 4153 Domini,
1372 4104 1495 4144 cum
1526 4096 1578 4142 te
1618 4088 1884 4149 levaveris
1927 4090 2270 4164 confringere

678 4178 920 4235 terram?
942 4178 1118 4252 Rogo,
1149 4180 1395 4246 Domine,
1422 4180 1646 4237 subveni
1676 4182 1828 4249 mihi,
1861 4192 1915 4239 et
1939 4184 2047 4239 noli
2071 4200 2264 4240 secun-

675 4271 805 4327 dum
846 4279 1029 4328 actum
1069 4287 1250 4327 meum
1284 4288 1370 4328 me
1389 4271 1675 4340 judicare:
1709 4275 1845 4329 nihil
1876 4276 2019 4331 enim
2048 4279 2100 4332 in
2132 4293 2268 4348 prte-

676 4365 849 4435 ceptis
876 4367 985 4423 tuis
1010 4368 1218 4438 paravi.
1250 4367 1455 4423 Exaudi
1486 4383 1572 4422 me
1594 4376 1895 4439 rogantem.
1929 4367 2082 4425 Sicut
2103 4385 2268 4424 exau-

677 4456 804 4512 disti
831 4454 1025 4513 Jonam
1068 4457 1135 4513 de
1173 4465 1361 4514 ventre
1386 4460 1523 4526 ceti,
1559 4460 1639 4515 sic
1677 4460 1937 4517 exaudias
1970 4476 2054 4517 me
2090 4470 2146 4517 et
2171 4462 2267 4532 eji-

1304 524 1477 580 mum,
1506 513 1671 569 Deus.
1696 510 1987 568 Εηυάίνίι
2014 507 2079 563 de
2121 516 2261 562 tem-
2287 492 2337 550 Α
2361 485 2599 551 leonum,
2630 495 2688 542 et
2713 484 2910 543 misisti
2946 482 3201 580 Habacuc
3223 482 3542 580 prophetam
3559 521 3575 547 ,
3605 488 3667 580 et
3684 478 3920 580 attulitei

2360 577 2672 651 prandium,
2694 584 2751 633 et
2773 576 2947 633 dixit:
2976 573 3194 630 Prande
3216 572 3502 645 prandium
3527 571 3667 643 quod
3686 568 3777 625 tibi
3798 568 3923 623 ntisit

2363 667 2645 733 Dominus,
2693 667 2762 723 Et
2783 665 2920 722 dixit
2962 663 3156 720 Daniel
3197 682 3211 718 :
3266 661 3391 718 Non
3420 659 3666 733 relinquit
3689 658 3930 715 Dominus

2361 770 2656 833 ματτηιαε
2701 776 2777 814 se.
2820 756 3031 813 Exaudi
3068 770 3157 811 me
3177 763 3463 821 amntem,
3515 753 3657 809 sicut
3679 748 3932 807 exaudiin

2364 854 2593 911 Tobiam
2616 862 2674 909 et
2702 853 2920 916 Saram,
2947 850 3076 907 dum
3103 856 3326 905 orarent
3355 848 3411 901 in
3434 846 3574 901 atrio
3592 844 3788 900 domus
3804 856 3932 898 διιπ-

2362 955 2495 1003 tunc
2512 944 2708 1001 obtulit
2735 959 2836 1016 pro
2881 943 2964 999 eis
3005 940 3247 1011 Raphael
3281 937 3509 1009 angelus
3530 936 3833 992 orationem
3855 946 3938 990 eo-

2364 1054 2520 1106 rum;
2550 1038 2632 1095 sic
2650 1036 2911 1093 exaudias
2922 1046 3111 1107 preces
3132 1047 3305 1098 meas,
3329 1039 3385 1087 et
3405 1029 3664 1086 admittas
3685 1025 3756 1082 ad
3774 1023 3941 1080 aulam

2363 1138 2612 1185 sanctam
2628 1120 2791 1183 tuam
2813 1125 3092 1183 orationes
3114 1136 3264 1178 meas
3288 1139 3299 1176 :
3333 1129 3390 1176 et
3408 1118 3749 1176 continenter
3770 1114 3944 1170 mittas

2364 1220 2620 1293 angelum
2648 1226 2803 1274 tuum
2827 1258 2844 1284 ,
2892 1216 2987 1288 qui
3016 1214 3196 1271 deleat
3220 1213 3473 1269 universa
3493 1209 3788 1268 commissa
3816 1221 3948 1272 mea,

2364 1312 2507 1369 sicut
2550 1309 2744 1366 delesti
2782 1308 3033 1379 spiritum
3060 1303 3396 1361 immundum
3440 1317 3473 1356 a
3503 1299 3661 1365 Sara,
3707 1297 3818 1353 ﬁlia
3853 1296 3949 1351 lla-

2364 1404 2509 1478 guel.
2560 1403 2842 1460 lllumines
2877 1416 2976 1459 cor
3002 1415 3185 1457 meum
3209 1439 3226 1467 ,
3267 1397 3410 1454 sicut
3438 1393 3756 1451 illuminasti
3777 1389 3955 1447 oculos

2367 1499 2570 1556 Tobiae.
2611 1498 2820 1555 Exaudi
2844 1512 2932 1553 me
2958 1504 3239 1561 orantem,
3269 1492 3412 1548 sicut
3454 1485 3725 1557 exaudisti
3760 1482 3955 1538 Susan-

2365 1609 2514 1660 nam,
2539 1603 2595 1650 et
2634 1592 2878 1649 liberasti
2922 1606 3044 1648 eam
3088 1590 3157 1646 de
3184 1587 3438 1644 manibus
3468 1584 3769 1647 seniorum,
3804 1579 3883 1635 sic
3904 1585 3957 1635 et

2367 1705 2455 1745 me
2490 1688 2691 1745 liberes
2729 1688 2798 1744 ab
2844 1688 2950 1742 hoc
2985 1683 3204 1751 saeculo,
3234 1682 3362 1753 quia
3383 1688 3445 1735 tu
3478 1693 3541 1734 es
3572 1683 3790 1733 amator
3813 1686 3956 1745 pura

2367 1780 2731 1837 conscientia}.
2794 1776 3001 1834 Exaudi
3046 1792 3135 1833 me
3173 1781 3422 1830 orantem
3449 1812 3464 1837 ,
3512 1770 3655 1826 sicut
3695 1762 3958 1822 exaudisti

2299 1851 2342 1912 Β
2368 1871 2659 1928 Ezechiam
2688 1883 2874 1942 regem
2897 1866 3073 1934 ludar,
3096 1875 3151 1923 et
3174 1865 3370 1923 delesti
3390 1862 3461 1919 ab
3490 1877 3558 1919 eo
3588 1859 3956 1917 inﬁrmitatem

2365 1966 2580 2033 carnis;
2611 1964 2692 2022 sic
2718 1971 2775 2020 et
2809 1978 2839 2018 a
2867 1978 2956 2019 me
2988 1961 3208 2017 auferas
3235 1958 3606 2017 inﬁrmitatem
3635 1953 3887 2027 corporis
3908 1959 3960 2009 et

2366 2058 2585 2125 animae,
2608 2065 2666 2114 et
2689 2072 2891 2130 augeas
2917 2055 3050 2111 mihi
3083 2055 3266 2121 ﬁdem,
3296 2052 3441 2109 sicut
3463 2050 3663 2106 auxisti
3694 2048 3775 2104 illi
3798 2059 3960 2102 annos

2368 2167 2439 2208 xv
2467 2152 2537 2208 ad
2562 2152 2755 2207 vitam.
2783 2151 3010 2207 Liberes
3037 2164 3123 2204 me
3148 2148 3215 2203 de
3239 2146 3419 2203 medio
3442 2143 3624 2201 saeculi
3648 2144 3839 2216 hujus,
3861 2140 3960 2197 sic-

2367 2251 2429 2299 ut
2462 2244 2706 2301 liberasti
2753 2240 3007 2299 Theclam
3051 2240 3117 2295 de
3159 2239 3339 2294 medio
3373 2236 3483 2309 95
3522 2234 3956 2307 amphitheatro;

2366 2337 2449 2392 sic
2474 2336 2673 2393 liberes
2697 2350 2785 2390 me
2816 2334 2883 2390 de
2907 2332 3056 2389 omni
3085 2330 3405 2386 inﬁrmitate
3427 2327 3631 2383 carnis.
3669 2324 3753 2380 Te
3780 2323 3961 2395 depre-

2366 2444 2485 2496 cor,
2518 2428 2702 2494 Pater,
2736 2428 2828 2498 qui
2854 2428 2911 2483 in
2934 2425 3043 2481 ﬁne
3078 2432 3385 2494 temporum
3418 2425 3881 2479 commentoratus
3904 2429 3961 2471 es

2368 2521 2564 2586 nostri,
2602 2519 2827 2575 mittens
2862 2516 3019 2573 nobis
3049 2514 3236 2572 lesum
3270 2513 3553 2571 Christum
3588 2510 3791 2567 Filium
3815 2515 3959 2564 tuum

2369 2614 2660 2671 Dominum
2718 2611 3063 2668 Salvatorem
3106 2617 3353 2665 nostrum
3384 2647 3400 2676 ,
3457 2613 3665 2685 natum.
3687 2621 3759 2663 es
3801 2601 3958 2658 Maria

2369 2707 2587 2777 virgine
2626 2707 2696 2763 de
2729 2703 2936 2776 Spiritu
2978 2709 3202 2775 sancto,
3245 2698 3603 2756 annuntiante
3625 2694 3851 2783 Gabriel
3872 2708 3958 2751 an-

2371 2798 2513 2872 gelo,
2545 2812 2644 2868 per
2676 2810 2837 2867 quem
2861 2809 2962 2851 nos
2986 2793 3230 2849 liberasti
3257 2791 3325 2847 de
3359 2788 3601 2863 periculo
3635 2788 3835 2845 mortis
3867 2786 3959 2841 its-

2369 2894 2650 2950 minentis.
2690 2892 2759 2947 Et
2781 2901 2837 2948 te
2867 2892 3149 2963 deprecor,
3177 2888 3281 2945 Fili
3302 2889 3399 2945 Dei
3428 2888 3688 2954 viventis,
3721 2886 3813 2960 qui
3840 2884 3956 2943 ieci-

2374 2984 2445 3041 sti
2476 2982 2746 3056 magnalia
2772 2982 2829 3037 in
2861 2980 3011 3040 Cana
3033 2979 3293 3047 Galilteze,
3316 2980 3385 3036 de
3408 2994 3551 3051 aqua
3579 2978 3773 3034 vinum
3794 2975 3957 3033 fecisti

2369 3086 2592 3145 propter
2619 3074 2824 3130 Israel:
2862 3073 2955 3144 qui
2985 3073 3144 3129 caecis
3176 3070 3365 3129 oculos
3398 3071 3685 3145 aperuisti,
3719 3071 3813 3143 qui
3847 3083 3955 3126 sur-

2369 3168 2499 3223 dum
2526 3168 2715 3223 audire
2749 3166 2957 3230 fecisti,
3002 3165 3095 3237 qui
3120 3164 3448 3237 paralyticos
3482 3164 3552 3221 ad
3591 3178 3693 3220 sua
3724 3162 3954 3219 membra

2371 3260 2659 3325 revocasti,
2703 3259 2920 3332 linguas
2947 3258 3225 3315 blesorum
3259 3258 3526 3315 daemonio
3548 3265 3784 3313 vexante
3812 3268 3958 3313 sana-

2366 3346 2458 3419 sti,
2492 3353 2715 3411 claudos
2749 3367 2971 3410 currere
3003 3351 3180 3409 fecisti
3229 3351 3379 3409 velut
3423 3365 3648 3417 cervos,
3685 3350 3956 3408 mulierem

2366 3444 2618 3518 pronum
2667 3447 2950 3519 sanguinis
2999 3444 3279 3512 liberasti,
3343 3452 3592 3501 mortuos
3648 3442 3919 3502 suscitasti
3942 3482 3955 3505 ο

2368 3554 2533 3611 super
2576 3555 2775 3612 aquam
2815 3540 3045 3611 pedibus
3098 3539 3389 3596 ambulasti
3435 3558 3449 3596 :
3501 3539 3597 3611 qui
3643 3555 3799 3597 mare
3844 3536 3956 3594 fun-

2368 3634 2539 3698 dasti,
2601 3641 2659 3689 et
2710 3634 2973 3689 terminos
3027 3632 3079 3689 ei
3128 3633 3433 3705 imposuisti
3500 3633 3557 3689 in
3610 3623 3703 3689 tua
3740 3632 3953 3690 virtute.

2368 3727 2444 3782 'l‘e
2472 3726 2757 3797 deprecor,
2794 3723 2895 3780 Fili
2918 3724 3013 3781 Dei
3058 3725 3202 3790 vivi,
3251 3733 3474 3795 propter
3509 3724 3771 3781 universa
3814 3737 3957 3780 eom-

2367 3817 2535 3873 tnissa
2582 3831 2705 3871 mea
2729 3855 2745 3881 ,
2802 3816 2897 3886 qui
2949 3829 3011 3870 es
3048 3815 3103 3870 in
3147 3815 3303 3870 ctelis
3341 3814 3513 3871 Filius
3553 3815 3608 3871 in
3646 3813 3841 3881 Patre,
3868 3810 3961 3868 Pa-

2370 3918 2452 3964 ter
2480 3910 2534 3964 in
2584 3916 2637 3963 te
2667 3908 3032 3979 sempiterno;
3084 3906 3176 3977 qui
3206 3904 3365 3962 sedes
3402 3921 3568 3976 super
3599 3906 3880 3962 cherubim
3914 3913 3964 3959 et

2368 4000 2666 4072 seraphim,
2697 4001 2878 4057 sedem
2918 4000 3145 4056 honoris
3181 4000 3282 4055 tui.
3313 3999 3436 4056 Tibi
3468 3999 3736 4057 assistunt
3768 3996 3961 4072 angeli,

2368 4108 2626 4148 numerus
2653 4091 3076 4155 inaestimabilis,
3120 4090 3379 4147 timentes
3407 4098 3464 4148 et
3496 4100 3760 4162 paventes
3785 4092 3957 4148 hono-

2368 4203 2484 4241 rem
2529 4195 2587 4243 et
2613 4187 2874 4241 virtutem
2911 4191 3103 4251 tuam,
3134 4183 3437 4240 clamantes
3480 4198 3617 4240 voce
3652 4198 3883 4257 magna,
3911 4189 3964 4240 et

2368 4281 2610 4335 dicentes
2646 4298 2660 4332 :
2696 4276 2948 4345 Sanctus,
2977 4285 3218 4341 sanctus,
3257 4286 3473 4332 sanctus
3501 4276 3787 4345 Dominus,
3824 4277 3962 4332 Deus

2369 4369 2625 4425 Sabaoth.
2663 4367 2745 4423 Tu
2779 4369 2895 4439 ipse
2922 4367 3204 4423 nobiscum
3236 4374 3621 4424 testamentum
3664 4367 3878 4435 fecisti,
3912 4374 3964 4423 et

2365 4460 2528 4532 paulo
2552 4469 2675 4531 post
2698 4459 2889 4515 dixisti
2920 4478 2932 4513 :
2972 4456 3149 4514 Petita
3176 4468 3227 4515 et
3243 4458 3534 4531 accipietis,
3562 4461 3785 4531 querito
3811 4469 3863 4514 et
3882 4458 3962 4513 itt-

676 4548 793 4605 cias
816 4565 904 4605 me
925 4550 991 4604 de
1018 4559 1190 4605 morte
1207 4550 1275 4604 ad
1299 4551 1486 4605 vitam.
1530 4548 1681 4606 Sicut
1704 4550 1953 4606 Ninivitaa
1977 4552 2268 4608 induerunt
2295 4569 2342 4629 υ
2370 4552 2605 4617 venietis,
2647 4551 2854 4622 pulsate
2897 4559 2949 4606 et
2988 4552 3257 4621 aperietur
3298 4550 3462 4606 nobis.
3535 4548 3901 4622 Quodcunque
3932 4566 3963 4601 ιι

678 4640 918 4696 cinerem
948 4652 1003 4695 et
1030 4640 1287 4705 cilicium,
1330 4649 1388 4695 et
1413 4642 1785 4710 paenitentiam
1811 4653 2068 4715 egerunt,
2119 4644 2190 4700 ita
2212 4654 2269 4701 et

675 4743 779 4801 ego
801 4729 1184 4802 exhomogesin
1216 4730 1423 4787 faciens
1446 4739 1571 4786 ante
1603 4744 1958 4803 conspectum
1989 4744 2139 4791 tuum
2168 4753 2268 4809 pro

675 4823 949 4880 universis
987 4824 1228 4893 peccatis
1252 4824 1410 4891 meis,
1450 4824 1546 4896 qui
1573 4841 1635 4883 es
1675 4837 1888 4882 amator
1909 4829 2263 4898 paenitentiae,

674 4914 941 4974 miserere
969 4916 1095 4971 mei.
1138 4915 1244 4971 Sed
1284 4924 1341 4970 et
1384 4916 1553 4973 David
1577 4918 1742 4974 dicit:
1772 4920 2018 4983 Domine,
2049 4933 2269 4990 propter

674 5022 876 5066 nomen
923 5017 1074 5062 tuum
1118 5007 1237 5063 dele
1280 5018 1562 5078 peccatum
1590 5025 1801 5075 meum;
1849 5022 1904 5067 et
1943 5028 2042 5083 ego
2076 5012 2267 5083 depre-

673 5115 810 5155 cans
840 5097 1177 5166 majestatem
1218 5107 1367 5153 tuam
1394 5118 1405 5152 :
1434 5099 1551 5154 dele
1588 5103 1837 5157 universa
1868 5112 2089 5173 peccata
2116 5119 2261 5159 mea.

675 5187 884 5246 Exaudi
929 5205 1014 5244 me
1062 5199 1308 5244 orantem
1352 5192 1491 5245 sicut
1523 5192 1791 5247 exaudisti
1840 5201 1951 5247 tres
1977 5210 2173 5264 pueros
2199 5196 2265 5250 de

677 5280 890 5335 camino
918 5280 1092 5349 ignis,
1124 5281 1390 5335 Ananiam
1413 5324 1427 5345 ,
1486 5281 1734 5337 Azariam
1756 5326 1768 5345 ,
1802 5284 1982 5340 Misael
2023 5304 2032 5337 :
2067 5296 2122 5340 et
2167 5286 2265 5339 mi-

676 5372 794 5426 sisti
830 5371 1079 5443 angelum
1114 5381 1264 5428 tuum
1295 5390 1419 5429 cum
1452 5374 1636 5430 nimbo
1674 5377 1832 5431 roris.
1885 5376 2153 5434 Confusus
2182 5388 2265 5434 est

676 5462 1177 5520 Nabuchodonosor
1222 5467 1547 5537 praepositus
1596 5470 1775 5539 regni,
1827 5472 2080 5539 quoniam
2123 5479 2179 5529 tu
2206 5489 2265 5528 es

677 5557 789 5611 Rex
816 5557 1178 5628 regnantium,
1202 5568 1257 5613 et
1279 5558 1538 5614 Dominus
1562 5561 1975 5629 dominantium,
2005 5565 2096 5634 qui
2118 5565 2264 5620 solus

674 5649 845 5708 habes
902 5651 1403 5715 immortalitatem,
1465 5659 1520 5705 et
1582 5651 1754 5709 lucem
1814 5656 2261 5721 inaccessibilem,

673 5755 833 5810 quem
854 5752 1012 5796 nemo
1042 5742 1319 5807 hominum
1344 5742 1507 5806 videt,
1532 5757 1630 5799 nec
1653 5744 1838 5799 videre
1862 5755 2052 5815 potest.
2087 5746 2262 5813 Esau-

676 5830 729 5886 di
778 5847 862 5888 me
906 5844 1178 5898 orantem,
1217 5835 1355 5890 sicut
1401 5835 1666 5893 exaudisti
1712 5836 1986 5895 Danielem
2032 5839 2097 5896 de
2141 5840 2260 5896 lacu

2372 4645 2535 4700 Patre
2576 4662 2690 4699 meo
2715 4644 2970 4715 petieritis
3000 4644 3054 4697 in
3095 4644 3306 4698 nomine
3332 4659 3471 4709 meo,
3520 4642 3812 4714 accipietis.
3856 4642 3965 4713 Ego

2367 4738 2583 4794 Patrem
2607 4746 2753 4806 peto,
2785 4744 2846 4790 ut
2867 4736 3165 4807 accipiam;
3194 4749 3297 4806 ego
3315 4750 3534 4805 quaero,
3566 4743 3626 4790 ut
3654 4734 3955 4801 inveniam;

2367 4842 2468 4899 ego
2501 4827 2690 4898 pulso,
2736 4835 2797 4883 ut
2831 4827 3109 4898 aperiatur
3152 4826 3304 4881 mihi.
3366 4826 3481 4898 Ego
3526 4827 3584 4881 in
3617 4835 3709 4882 tuo
3739 4828 3962 4884 nomine

2366 4928 2515 4991 peto,
2546 4928 2607 4974 ut
2655 4928 2713 4975 tu
2754 4919 2973 4975 Patrem
3002 4928 3183 4991 petas.
3218 4928 3274 4975 et
3305 4920 3464 4975 detur
3490 4919 3623 4975 mihi
3647 4920 3830 4975 venia.
3867 4920 3964 4975 Pa-

2368 5021 2523 5068 ratus
2548 5027 2668 5067 sum
2688 5020 2913 5084 prepter
2947 5026 3144 5067 nomen
3181 5019 3334 5067 tuum
3367 5011 3648 5067 victimam
3679 5013 3965 5083 sanguinis

2365 5104 2626 5171 fundere,
2672 5114 2727 5162 et
2774 5106 3137 5178 quodcunque
3172 5114 3503 5162 tormentum
3542 5106 3836 5164 sustinere.
3880 5107 3959 5164 ‘l‘u

2365 5212 2424 5252 es
2447 5196 2663 5266 adjutor
2687 5211 2863 5264 meus,
2902 5197 3157 5254 defensor
3182 5213 3366 5263 meus,
3399 5196 3630 5255 defende
3662 5199 3733 5255 ab
3768 5200 3966 5257 adver-

2365 5289 2512 5344 sario
2553 5289 2790 5344 animam
2837 5284 3035 5345 meam.
3106 5288 3346 5362 Angelus
3393 5297 3518 5346 tuus
3544 5289 3680 5345 lucis
3712 5295 3964 5364 protegat

2364 5396 2471 5445 me,
2499 5381 2756 5452 quoniam
2779 5391 2837 5436 tu
2863 5382 3045 5437 dixisti
3071 5380 3261 5448 :Quod
3289 5382 3556 5436 credentes
3586 5382 3847 5452 petieritis
3871 5395 3967 5455 per

2364 5474 2681 5541 orationem,
2723 5474 2940 5528 dabitur
2984 5475 3146 5530 vobis.
3190 5472 3380 5529 Omnis
3407 5474 3569 5529 homo
3596 5474 3868 5541 mendax;
3907 5481 3964 5530 ιιι

2364 5567 2512 5622 solus
2540 5582 2724 5623 verax.
2759 5565 2914 5622 Sicut
2938 5575 2996 5622 tu
3028 5567 3407 5638 repromisisti,
3439 5573 3760 5636 potestatem
3792 5566 3964 5624 habes

2363 5660 2511 5715 dare.
2553 5659 2809 5726 Domine,
2846 5659 3023 5717 revela
3069 5661 3203 5715 mihi
3242 5668 3639 5715 sacramentum
3666 5667 3823 5717 tuum
3851 5674 3961 5717 ce-

2362 5752 2517 5818 lestc,
2548 5762 2607 5807 ut
2632 5754 2827 5824 dignus
2862 5754 2962 5811 sim
3000 5753 3192 5809 faciem
3228 5762 3541 5809 sanctorum
3566 5760 3783 5810 tuorum
3816 5755 3958 5811 vide-

2364 5859 2433 5899 re.
2522 5844 2755 5915 Spiritus
2804 5854 3024 5901 sanctus
3074 5844 3126 5899 in
3182 5859 3269 5901 me
3316 5854 3573 5913 operetur
3620 5843 3953 5901 voluntatem
