4112 6664
380 525 486 582 569

1339 524 1733 582 muneres.
1776 557 1842 565 -
1883 484 2154 581 omen
2194 525 2327 581 pun
2368 524 2637 582 renus.

3560 523 3669 578 570

379 650 550 708 tuam,
574 655 739 713 quam
766 642 862 699 tibi
883 641 1145 715 spepondi
1165 644 1418 699 omnibus
1437 644 1627 699 diebus
1664 644 1789 699 vita:
1809 657 1961 699 meae.
1992 648 2042 703 Δ
2071 652 2324 699 tremore.
2350 642 2585 701 Adorate
2606 658 2761 714 pure,
2787 659 2856 698 ne
2876 643 3019 699 forte
3043 643 3331 709 irascatur,
3356 648 3409 698 et
3432 640 3669 712 pereatis

380 735 482 805 Qui
507 750 702 806 passus
729 751 790 793 es
806 738 908 794 sub
927 736 1124 793 Pontio
1134 735 1312 793 Pilato
1331 738 1532 792 bonam
1550 736 1970 793 confessionem.

380 826 687 888 Crucifixus
732 843 826 893 es,
872 828 1233 894 descendisti,
1276 836 1332 884 et
1364 827 1699 884 conculcasti
1728 826 1979 883 aculeum

382 922 596 977 mortis.
648 922 752 990 Qui
783 921 997 988 dixisti,
1043 920 1135 977 ubi
1175 936 1237 976 es
1274 937 1460 986 mors,
1500 936 1621 991 quae
1664 920 1980 991 regnabas?

386 1010 491 1068 Ubi
514 1027 594 1079 es,
619 1012 838 1069 aculeus
866 1014 1093 1069 mortis?
1127 1014 1277 1068 Victa
1302 1028 1364 1069 es
1394 1028 1565 1079 mors,
1592 1012 1839 1068 devictus
1867 1011 1975 1066 ini—

386 1105 562 1161 micus
597 1106 863 1162 diabolus.
903 1106 985 1163 Tu
1011 1107 1358 1162 resurrexisti
1382 1122 1413 1162 a
1442 1104 1690 1168 mortuis,
1729 1110 1787 1158 et
1812 1117 1978 1173 appa-

388 1196 546 1253 ruisti
572 1198 835 1270 apostolis
871 1200 1001 1255 tuis.
1053 1198 1361 1255 Ascendisti
1390 1201 1457 1255 ad
1479 1198 1681 1261 caelos,
1720 1197 1875 1254 sedes
1907 1195 1979 1250 ad

386 1286 671 1348 dexteram
697 1289 896 1357 Patris,
920 1302 1183 1348 venturus
1192 1290 1442 1361 judicare
1463 1291 1614 1347 vivos
1634 1297 1690 1346 et
1709 1296 1973 1345 mortuos.

385 1377 492 1449 Qui
517 1383 691 1438 nostri
721 1383 1051 1450 dominaris,
1088 1384 1259 1439 libera
1286 1399 1373 1439 me
1398 1383 1464 1439 de
1487 1399 1649 1438 manu
1680 1381 1977 1452 quzerentis

385 1476 626 1531 animam
671 1489 871 1532 meam.
929 1475 1034 1533 Per
1081 1492 1279 1531 nomen
1326 1484 1574 1530 sanctum
1605 1481 1758 1528 tuum
1787 1474 1978 1542 depre-

383 1581 511 1635 cor,
535 1566 706 1625 libera
732 1584 821 1625 me
863 1569 932 1625 ab
973 1569 1271 1625 adversarii
1308 1576 1501 1641 parte.
1540 1576 1600 1622 ut
1629 1580 1852 1637 operam
1881 1564 1978 1619 des

386 1660 635 1718 vincendi
682 1661 960 1717 inimicum
1012 1677 1223 1728 meum;
1264 1660 1521 1733 quoniam
1570 1669 1631 1715 tu
1678 1674 1739 1714 es
1784 1666 1980 1728 potens

384 1762 645 1819 assertor,
698 1762 753 1809 et
797 1753 1093 1809 advocatus
1132 1768 1383 1824 precum;
1445 1761 1503 1809 et
1544 1752 1616 1808 ad
1658 1750 1979 1822 petitionem

382 1856 627 1905 nostram
658 1847 747 1904 die
770 1858 826 1903 et
847 1856 1029 1914 nocte,
1052 1848 1300 1916 Domine,
1337 1847 1689 1920 interpellans
1718 1859 1817 1917 pro
1852 1856 1978 1913 pec-

379 1940 522 1997 catis
567 1941 705 1997 meis
729 1981 746 2006 ,
800 1942 1105 1997 orationem
1146 1956 1322 1997 meam
1366 1940 1612 2012 perferas
1647 1942 1717 1997 ad
1756 1941 1977 1999 Patrem

2077 735 2146 792 de
2170 736 2276 791 via.

2148 842 2233 881 m.
2261 825 2341 881 Tu
2385 834 2590 892 autem,
2617 824 2863 892 Domine,
2890 824 3111 897 clypeus
3135 823 3283 881 circa
3327 838 3450 892 me;
3497 820 3672 897 gloria

2078 937 2222 985 mea,
2254 929 2309 978 et
2332 924 2579 978 exaltans
2606 930 2771 993 caput
2796 937 2999 979 meum.
3031 919 3226 994 Surge,
3254 920 3483 980 Domine
3504 961 3523 990 ,
3562 921 3671 978 sal-

2078 1030 2204 1069 vum
2238 1030 2327 1069 me
2358 1014 2461 1080 fac,
2500 1014 2643 1070 Deus
2675 1029 2846 1070 meus.

2148 1123 2222 1162 tv.
2254 1107 2511 1163 Miserere
2541 1108 2669 1171 mei,
2699 1115 2752 1162 et
2779 1106 2973 1162 exaudi
3002 1105 3307 1161 orationem
3335 1120 3532 1161 meam.

2146 1216 2199 1255 v.
2232 1201 2411 1257 Verba
2460 1215 2581 1256 mea
2631 1199 2778 1263 audi,
2825 1199 3088 1266 Domine,
3140 1198 3379 1270 intellige
3425 1212 3672 1254 murmur

2077 1307 2278 1348 meum.
2312 1291 2427 1347 Rex
2456 1307 2633 1358 meus,
2661 1300 2717 1348 et
2737 1290 2882 1347 Deus
2908 1305 3091 1346 meus:
3124 1292 3381 1362 quoniam
3410 1291 3479 1346 ad
3502 1298 3554 1346 te
3580 1290 3670 1346 de-

2076 1403 2291 1458 precor.
2343 1388 2590 1454 Domine,
2619 1388 2789 1444 deduc
2827 1403 2915 1443 me
2959 1388 3013 1442 in
3051 1387 3262 1458 justitia
3304 1396 3416 1453 tua,
3448 1396 3673 1459 propter

2077 1480 2425 1535 insidiatores
2453 1494 2641 1535 meos:
2676 1479 2850 1549 dirige
2889 1488 3016 1535 ante
3061 1479 3259 1536 faciem
3303 1496 3481 1537 meam
3525 1481 3673 1539 viam

2078 1581 2248 1628 tuam.

2147 1680 2223 1720 vi.
2253 1664 2499 1727 Domine,
2533 1679 2604 1721 ne
2628 1665 2682 1721 in
2708 1664 2895 1721 furore
2922 1674 3015 1721 tuo
3043 1682 3241 1738 arguas
3266 1682 3391 1723 me:
3424 1683 3597 1738 neque
3614 1666 3672 1723 in

2077 1757 2159 1812 ira
2188 1765 2282 1813 tua
2308 1757 2573 1828 corripias
2594 1774 2701 1813 me.
2727 1758 2984 1814 Miserere
3008 1760 3137 1826 mei,
3153 1760 3401 1825 Domine,
3415 1759 3671 1831 quoniam

2080 1848 2326 1906 inﬁmus
2351 1865 2470 1905 sum
2496 1864 2511 1904 :
2542 1858 2675 1905 sa‘na
2712 1865 2821 1916 me,
2869 1850 3128 1915 Domine,
3159 1850 3417 1922 quoniam
3448 1859 3673 1906 contur-

2077 1941 2207 1999 bata
2235 1951 2365 1997 sunt
2386 1957 2509 1997 ossa
2538 1958 2680 1997 mea.
2710 1942 2780 1997 Et
2804 1943 2986 1998 anima
3010 1958 3129 1997 mea
3157 1944 3371 1998 turbata
3394 1950 3479 1998 est
3498 1942 3674 2006 valde,

382 2044 557 2091 tuum.
595 2035 846 2106 Digneris
886 2034 1160 2105 respicere
1194 2009 1585 2106 super'preees
1625 2051 1809 2103 meas,
1837 2036 1978 2092 sicut
2009 2009 2055 2069 Β
2079 2041 2136 2087 et
2180 2041 2273 2099 tu,
2326 2033 2573 2098 Domine,
2621 2032 2937 2103 usquequo?
2978 2031 3297 2100 Revertere,
3344 2032 3588 2095 Domine,
3620 2040 3678 2087 et

382 2125 674 2196 respexisti
702 2140 866 2197 super
891 2137 1120 2180 munera
1149 2123 1283 2180 Abel
1300 2123 1435 2194 justi
1474 2126 1573 2179 tui.
1614 2124 1864 2195 Digneris
1892 2140 1979 2179 me

381 2214 620 2274 liberare
647 2215 716 2272 ab
758 2215 884 2288 igne
920 2213 1147 2287 perenni
1187 2229 1489 2284 poenarum,
1518 2225 1575 2270 et
1597 2213 1664 2270 ab
1690 2216 1839 2270 omni
1868 2223 1981 2270 tor-

384 2319 593 2377 mento,
628 2308 771 2380 quod
797 2309 1007 2380 parasti
1040 2308 1272 2378 iniquis,
1316 2323 1415 2378 per
1443 2308 1645 2363 bonum
1674 2316 1732 2363 et
1758 2307 1982 2363 benedi-

384 2411 537 2459 ctum
587 2399 774 2458 Iesum
813 2400 1093 2458 Christum
1141 2400 1481 2458 Salvatorem
1538 2411 1784 2458 nostrum
1812 2442 1829 2469 ,
1884 2418 1983 2474 per

387 2509 551 2566 quem
576 2494 677 2550 tibi
700 2500 785 2549 est
806 2495 1000 2561 honor,
1028 2493 1234 2560 virtus,
1264 2494 1436 2567 gloria
1459 2495 1516 2551 in
1540 2494 1738 2552 saecula
1757 2495 1982 2551 saculo-

389 2600 533 2643 rum.
563 2584 759 2641 Amen.

988 2710 1112 2752 ΑΗΔ
1147 2710 1368 2753 οιιΑτιο.

453 2806 682 2881 Largire
708 2808 865 2875 mihi,
897 2807 1144 2877 Domine,
1169 2810 1493 2865 munditiam
1515 2810 1805 2875 labiorum,
1835 2809 1988 2883 puri-

389 2906 557 2956 tatem
593 2907 650 2955 et
698 2899 1062 2956 innocentiam
1106 2900 1306 2966 cordis,
1355 2901 1733 2958 rectitudinem
1781 2902 1982 2973 operis.

385 2992 537 3048 Dona
576 2993 711 3048 mihi
754 2992 1148 3060 humilitatem,
1191 2994 1536 3065 patientiam,
1569 2996 1984 3063 abstinentiam,

387 3084 723 3152 castitatem,
750 3085 1123 3153 sobrietatem,
1154 3087 1519 3158 prudentiam,
1550 3088 1842 3159 justitiam,
1875 3086 1989 3148 for-

387 3177 832 3244 titudiuem,sive
862 3180 1300 3249 temperantiam.
1329 3179 1555 3252 Largire
1579 3182 1717 3239 mihi
1737 3183 1986 3256 spiritum

388 3272 669 3344 sapientiae
690 3281 745 3328 et
766 3272 1090 3337 intellectus,
1115 3273 1329 3329 consilii
1349 3283 1406 3329 et
1434 3274 1790 3343 fortitudinis,
1812 3276 1991 3334 scien-

2078 2139 2211 2181 erue
2233 2125 2471 2183 animam
2492 2139 2701 2180 meam:
2726 2124 2872 2180 salva
2896 2140 2983 2180 me
3002 2133 3226 2195 propter
3245 2124 3677 2181 misericordiam

2083 2226 2255 2273 tuam.

2150 2323 2249 2365 vn.
2279 2306 2509 2364 Domine
2535 2306 2680 2362 Deus
2722 2322 2877 2362 meus
2896 2347 2911 2371 ,
2946 2306 3000 2362 in
3031 2314 3084 2363 te
3114 2307 3326 2379 speravi
3354 2325 3365 2360 :
3410 2306 3559 2361 salva
3589 2319 3679 2361 me

2082 2400 2151 2456 ab
2175 2399 2428 2457 omnibus
2459 2399 2912 2471 persequentibus
2954 2413 3078 2465 me,
3126 2409 3182 2454 et
3226 2399 3397 2454 libera
3437 2414 3548 2455 me.
3598 2396 3680 2454 Ne

2083 2492 2226 2550 forte
2273 2494 2485 2565 rapiat,
2520 2502 2582 2548 ut
2609 2492 2695 2549 leo
2721 2494 2961 2548 animam
2996 2508 3175 2549 meam
3213 2493 3450 2559 laceret,
3481 2500 3537 2547 et
3569 2507 3679 2547 non

2083 2587 2151 2641 sit
2178 2586 2273 2657 qui
2302 2595 2479 2642 eruat.

2153 2695 2273 2736 vm.
2301 2679 2551 2746 Domine,
2578 2679 2885 2736 dominator
2908 2688 3112 2744 noster,
3144 2681 3349 2750 grande
3371 2686 3456 2734 est
3483 2691 3683 2735 nomen

2084 2776 2237 2827 tuum
2266 2770 2323 2825 in
2354 2770 2610 2826 universa
2640 2777 2809 2825 terra.

2156 2899 2234 2940 ιχ.
2260 2881 2533 2949 Laetabor,
2557 2891 2615 2937 et
2644 2881 2888 2953 gaudebo
2914 2882 2969 2936 in
2993 2889 3069 2945 te,
3094 2897 3289 2938 canam
3312 2882 3521 2937 nomini
3563 2890 3683 2951 tuo,

2084 2975 2382 3033 Altissime.
2409 2975 2676 3047 Exsurge,
2692 2973 2918 3029 Domine
2938 2973 3096 3039 Deus,
3117 2974 3236 3030 leva
3266 2990 3485 3030 manum
3506 2982 3684 3042 tuam,

2085 3068 2198 3126 noli
2227 3066 2472 3125 oblivisci
2498 3081 2817 3139 pauperum.

2158 3177 2215 3216 x.
2244 3158 2728 3228 Dominusjustum
2756 3160 2971 3230 probat.

2158 3269 2236 3307 xt.
2271 3251 2429 3308 Salva
2458 3266 2581 3317 nos,
2603 3250 2854 3306 Domine.

390 3363 480 3420 tit
502 3370 559 3419 et
585 3363 805 3434 pietatis
831 3373 994 3434 atque
1019 3365 1232 3421 timoris
1278 3366 1375 3421 tui.
1424 3365 1501 3421 Da
1536 3367 1669 3423 mihi
1715 3364 2056 3440 irriguumc
2156 3379 2255 3419 xu.
2304 3362 2597 3433 Usquequo
2641 3362 2974 3417 exaltabitur
3019 3362 3272 3417 inimicus
3319 3376 3470 3416 meus
3516 3376 3683 3432 super

384 3452 640 3521 inferius,
666 3461 723 3510 et
750 3453 1014 3526 irriguum
1038 3456 1307 3526 superius.
1331 3455 1519 3513 Prasbe
1544 3458 1677 3513 mihi
1705 3459 1979 3531 geminum
2084 3454 2214 3512 me?
2250 3452 2599 3519 Convertere,
2636 3462 2692 3510 et
2714 3452 2908 3509 exaudi
2937 3468 3041 3518 me,
3069 3453 3297 3509 Domine
3322 3451 3465 3508 Deus
3486 3467 3673 3509 meus:

385 3548 670 3606 charitatis
699 3546 974 3615 effectum,
1005 3548 1168 3604 fidem
1208 3559 1450 3615 rectam,
1501 3564 1653 3620 spem
1692 3550 1984 3612 ineoneus-
2085 3564 2156 3604 ne
2181 3547 2399 3619 quando
2425 3546 2572 3602 dicat
2608 3546 2863 3601 inimicus
2890 3560 3080 3601 meus:
3123 3544 3389 3601 Prmvalui
3423 3546 3688 3603 adversus

385 3654 528 3697 sam.
556 3639 635 3695 Da
665 3638 801 3695 mihi
826 3639 1257 3698 benedictionem
1278 3642 1345 3697 de
1374 3657 1496 3696 rore
1516 3642 1661 3709 cmli,
1684 3650 1739 3697 et
1762 3642 1988 3714 pingue-
2088 3654 2237 3693 eum.

388 3731 517 3789 dine
543 3738 721 3787 terrae.
752 3729 863 3786 Fac
888 3745 978 3785 me
1002 3738 1119 3787 toto
1147 3734 1311 3788 corde
1333 3748 1471 3797 meo,
1507 3741 1618 3789 tota
1653 3734 1834 3789 anima
1863 3750 1988 3790 mea

390 3822 681 3893 exquirere
708 3818 903 3877 faciem
932 3830 1098 3877 tuam.
1131 3820 1380 3879 Concede
1401 3823 1535 3879 mihi
1561 3824 1617 3878 in
1639 3831 1731 3880 tuo
1762 3838 1991 3894 conspe-

392 3920 486 3971 ctu
514 3928 611 3969 eor
640 3913 842 3970 habere
865 3914 1162 3970 contritum
1193 3923 1247 3971 et
1269 3914 1635 3983 bumiliatum,
1676 3926 1783 3972 tua:
1808 3917 1990 3973 chari-

395 4005 495 4062 tati
529 4004 661 4060 nihil
684 4019 1001 4077 praeponere
1021 4045 1037 4071 ,
1078 4015 1174 4061 tuo
1198 4008 1524 4077 quandoque
1566 4023 1754 4069 amore
1788 4010 1991 4065 mundo

395 4095 642 4153 funditus
663 4096 956 4168 exstingui.
992 4096 1103 4153 Fac
1129 4114 1218 4154 me
1246 4099 1301 4153 in
1341 4105 1433 4154 tuo
1462 4098 1732 4154 sacrificio
1756 4099 1989 4157 hostiam

395 4193 575 4249 vivam
607 4190 751 4258 fieri,
780 4200 888 4248 tua:
911 4192 1212 4249 clementiae
1248 4194 1560 4252 holocausta
1589 4196 1880 4252 medullata
1906 4197 1988 4253 of-

393 4285 561 4340 ferre.
596 4284 843 4350 Summa,
880 4295 1084 4340 aeterna
1133 4293 1190 4341 et
1231 4286 1519 4343 ineﬂ'abilis
1561 4289 1859 4358 sapientia,
1889 4290 1987 4345 de-

391 4376 533 4449 pelle
558 4391 590 4431 a
618 4391 706 4432 me
734 4376 998 4432 caecitatis
1034 4385 1091 4432 et
1115 4376 1434 4449 ignorantiae
1459 4378 1729 4435 tenebras.
1763 4378 1989 4437 Summa

389 4478 595 4526 atterna
617 4469 811 4534 virtus,
843 4469 1014 4526 libera
1051 4486 1159 4527 me.
1206 4469 1431 4528 Summa
1470 4481 1674 4529 mterna
1706 4473 1985 4543 fortitudo,

391 4563 589 4636 adiuva
615 4580 723 4619 me.
768 4563 994 4621 Summa
1037 4573 1094 4621 et
1123 4566 1685 4638 incomprehensibilis
1718 4568 1834 4636 lux,
1867 4568 1992 4626 illu-

392 4656 544 4714 mina
572 4672 679 4713 me.
714 4655 939 4715 Summa
964 4668 1018 4715 et
1045 4658 1257 4715 infinita
1293 4660 1699 4728 misericordia,
1729 4663 1989 4721 miserere

393 4748 527 4808 mei.
558 4748 751 4806 Amen.

473 4886 589 4961 96
626 4886 1081 4950 COLLECTIO
1121 4891 1538 4955 PSALTERII
1582 4895 1816 4957 BEDIE
1861 4915 1914 4958 ει.

463 5007 625 5067 ΡεΑι..
659 5027 699 5066 ι.
731 5010 930 5069 Beatus
955 5012 1041 5068 vir
1062 5014 1155 5084 qui
1178 5030 1284 5069 non
1307 5016 1442 5073 abiit
1469 5017 1523 5072 in
1548 5019 1775 5075 consilio
1798 5021 1990 5090 impio-

396 5116 542 5167 rum,
572 5111 627 5158 et
655 5101 710 5157 in
738 5103 826 5157 via
856 5112 1203 5173 peccatorum
1229 5123 1335 5162 non
1364 5108 1537 5172 stetit,
1566 5116 1623 5163 et
1648 5110 1701 5163 in
1732 5111 1989 5166 cathedra

396 5194 700 5251 derisorum
745 5209 852 5248 non
883 5195 1044 5250 sedit.
1082 5195 1191 5251 Sed
1240 5198 1293 5251 in
1342 5197 1457 5269 lege
1486 5198 1698 5254 Domini
1743 5201 1992 5257 voluntas

397 5282 538 5353 ejus,
568 5291 624 5339 et
652 5284 706 5339 in
732 5282 852 5357 lege
875 5282 995 5354 eius
1020 5288 1372 5344 meditabitur
1397 5291 1485 5345 die
1507 5306 1571 5345 ac
1597 5300 1773 5348 nocte.
1804 5293 1871 5347 Et
1888 5296 1995 5349 erit

398 5381 661 5445 tauquam
700 5374 906 5446 lignum
940 5378 1397 5449 transplantatum
1414 5380 1572 5450 juxta
1598 5383 1800 5440 rivulos
1828 5401 1996 5455 aqua-

399 5482 543 5533 rum,
571 5466 715 5537 quod
743 5468 983 5524 fructum
1017 5486 1175 5527 suum
1204 5473 1356 5529 dabit
1392 5475 1448 5530 in
1480 5486 1724 5548 tempore
1762 5494 1879 5535 suo.
1929 5480 1997 5535 Et

400 5555 589 5612 folium
616 5556 736 5629 ejus
756 5575 865 5616 non
890 5558 1106 5628 deﬂuet,
1146 5570 1202 5618 et
1229 5579 1414 5631 omne,
1458 5568 1601 5638 quod
1630 5569 1841 5637 fecerit,
1872 5586 1999 5641 pro.

404 5649 735 5720 sperabitur.

474 5757 539 5798 ιι.
578 5741 734 5800 Nunc
760 5756 911 5818 ergo,
940 5760 1100 5821 reges
1136 5747 1438 5823 intelligite,
1461 5752 1750 5810 erudimini
1784 5753 1997 5824 iudices

405 5845 587 5895 terrae.
610 5835 823 5896 Servite
863 5840 1093 5899 Domino
1120 5843 1175 5900 in
1214 5844 1426 5911 timore,
1458 5855 1515 5903 et
1553 5848 1825 5907 exsultate
1858 5850 1907 5906 ei
1940 5851 1997 5908 in

2158 3745 2279 3788 xm.
2298 3732 2619 3788 Exsultabit
2639 3730 2827 3798 Iacob,
2858 3741 2914 3789 et
2938 3732 3210 3788 laetabitur
3236 3732 3425 3788 lsrael.

2160 3863 2272 3902 xlv.
2302 3846 2580 3903 Timentes
2606 3855 2786 3902 autem
2812 3846 3100 3901 Dominum
3129 3847 3417 3919 glorificat.

2160 3954 2250 3993 xv.
2284 3937 2509 3993 Custodi
2534 3951 2645 4004 me,
2673 3938 2839 4005 Deus,
2871 3940 3129 4008 quoniam
3165 3938 3380 4009 Speravi
3422 3937 3475 3992 in
3518 3946 3574 3994 te
3608 3935 3691 3995 di-

2090 4047 2222 4087 cens
2249 4029 2363 4087 Deo
2387 4049 2401 4086 :
2442 4029 2705 4087 Dominus
2740 4046 2894 4088 meus
2920 4047 2982 4089 es
3011 4039 3094 4098 tu,
3130 4032 3267 4087 bene
3293 4029 3428 4087 mihi
3469 4045 3577 4086 non
3603 4039 3691 4087 est

2090 4123 2209 4179 sine
2230 4134 2305 4178 te.

2160 4229 2272 4267 va.
2309 4210 2532 4268 Intende
2558 4211 2994 4283 deprecationem
3024 4226 3223 4277 meam,
3253 4217 3498 4267 sustenta
3537 4225 3690 4284 gres-

2089 4318 2184 4358 sus
2223 4316 2375 4357 meos
2400 4300 2455 4355 in
2485 4299 2716 4357 callibus
2754 4300 2890 4365 tuis,
2941 4309 2998 4357 et
3036 4316 3143 4356 non
3187 4299 3436 4355 labentur
3466 4299 3691 4372 vestigia

2088 4408 2228 4449 mea.
2294 4391 2500 4447 inclina
2564 4407 2751 4447 aurem
2802 4400 2950 4447 tuam
2998 4391 3171 4447 mihi:
3232 4391 3357 4446 audi
3411 4391 3685 4461 eloquium

2088 4501 2293 4540 meum.
2327 4483 2626 4539 Mirabilem
2656 4481 2744 4538 fac
2774 4481 3203 4539 misericordiam
3221 4491 3385 4546 tuam,
3415 4481 3689 4551 Salvator,

2089 4577 2420 4650 sperantium
2449 4578 2502 4632 in
2530 4584 2602 4631 te.
2628 4574 2851 4633 Custodi
2882 4592 2967 4631 me
2991 4577 3147 4647 quasi
3172 4576 3429 4649 pupillam
3459 4578 3603 4632 intus
3622 4577 3679 4631 in

2088 4671 2267 4736 oculo,
2301 4669 2356 4725 in
2403 4669 2598 4726 umbra
2634 4669 2845 4724 alarum
2894 4678 3108 4724 tuarum
3155 4676 3380 4740 protege
3420 4684 3527 4725 me.
3575 4668 3697 4740 Ego.

2016 4744 2069 4806 Β
2096 4774 2277 4819 autem
2309 4761 2362 4816 in
2387 4758 2600 4830 iustitia
2623 4762 2818 4816 videbo
2846 4758 3041 4816 faciem
3072 4768 3239 4814 tuam.

2161 4890 2297 4930 xvu.
2331 4872 2564 4945 Diligam
2592 4880 2669 4939 te,
2700 4872 2953 4937 Domine,
2986 4870 3246 4928 fortitudo
3275 4887 3415 4928 mea.

2163 5000 2319 5040 xvnt.
2371 4983 2453 5040 Ab
2500 4983 2729 5038 occultis
2772 4982 2910 5037 meis
2947 4981 3147 5037 munda
3191 4996 3303 5044 me,
3352 4996 3385 5037 a
3426 4982 3683 5052 superbis

2095 5087 2311 5147 quoque
2336 5072 2507 5129 libera
2548 5087 2766 5127 servum
2817 5081 2988 5128 tuum.
3032 5071 3155 5126 Sint
3178 5071 3454 5140 placentes
3478 5088 3692 5130 senue-

2095 5182 2193 5223 nes
2220 5166 2334 5221 oris
2364 5166 2493 5230 mei,
2521 5164 2749 5219 Domine
2768 5203 2783 5231 ,
2832 5162 3093 5219 fortitudo
3128 5178 3268 5228 mea,
3300 5172 3355 5219 et
3382 5164 3693 5237 redemptor

2098 5278 2274 5318 meus.

2169 5370 2283 5408 ιιι.
2316 5351 2426 5407 Nos
2453 5360 2633 5408 autem
2661 5351 2898 5408 nominis
2930 5350 3143 5407 Domini
3175 5351 3599 5407 recordabimur.

2170 5481 2262 5519 xx.
2299 5464 2575 5531 Exaltare,
2605 5464 2850 5529 Domine,
2890 5463 2946 5517 in
2983 5462 3298 5519 fortitudine
3333 5471 3456 5526 tua,
3499 5468 3697 5518 canta-

2099 5559 2281 5614 bimus
2308 5565 2365 5613 et
2391 5558 2684 5628 psallemus
2710 5557 3055 5614 fortitudines
3086 5564 3224 5611 tuas.

2172 5688 2285 5727 xxi.
2319 5671 2401 5727 Tu
2434 5680 2653 5737 autem,
2702 5672 2960 5737 Domine,
3007 5685 3076 5725 ne
3122 5669 3277 5741 longe
3308 5668 3407 5725 fias
3434 5664 3696 5723 fortitudo

2103 5779 2222 5821 mea
2248 5784 2260 5818 :
2292 5764 2347 5819 in
2379 5764 2641 5820 auxilium
2666 5779 2846 5820 meum
2876 5762 3092 5819 festina.
3125 5763 3267 5819 Erue
3301 5778 3331 5817 a
3362 5761 3540 5834 gladio
3577 5758 3698 5819 atti-

2104 5869 2249 5910 mam
2274 5868 2470 5920 meam,
2501 5854 2650 5911 salva
2681 5870 2768 5912 me
2792 5870 2858 5911 ex
2884 5870 2982 5914 ore
3004 5853 3190 5909 leonis.

479 6037 508 6067 ³
540 6024 710 6098 Hujus
753 6030 995 6101 psalterii
1035 6032 1282 6089 meminit
1310 6032 1570 6090 Aleuiuus
1604 6034 1657 6091 in
1684 6034 1839 6105 epist.
1870 6034 1993 6105 153,
2036 6034 2104 6091 ad
2130 6033 2420 6096 Aruonetr.
