4112 6582
492 399 594 458 57]

1354 399 1416 456 Β.
1452 399 1513 454 F.
1555 398 1784 458 ALBINI
1823 397 1957 455 SEU
1997 396 2279 456 ALCUINI
2316 396 2609 455 OPERUM
2648 395 2833 454 PARS
2870 394 2961 453 IV.
3701 397 3772 452 δῖ

564 535 700 575 xxn.
735 517 801 572 Et
826 512 1131 587 benignitas
1169 522 1225 568 et
1263 512 1638 569 misericordia
1666 521 1759 568 tua
1789 513 2090 584 subsequa-
2119 515 2165 574 Α
2196 527 2364 567 ιιιιιιιιι
2389 528 2457 569 ex
2481 514 2565 569 eis
2583 530 2692 569 non
2717 511 3108 583 conﬁingetur.
3131 511 3384 571 Redimet
3403 511 3673 569 Dominus
3688 514 3815 568 ani-

491 620 584 666 tur
611 625 701 666 me
723 607 976 665 omnibus
998 606 1187 662 diebus
1214 606 1360 661 vitae.

564 718 726 758 xxm.
762 701 831 761 Et
854 701 1118 770 accipiam
1143 700 1577 755 benedictionem
1609 716 1640 754 a
1670 699 1923 754 Domino.

562 810 714 852 xxiv.
742 793 825 850 Ad
853 803 907 850 te
928 834 943 861 ,
971 793 1230 858 Domine,
1281 792 1523 848 animam
1568 808 1747 847 meam
1775 791 1915 847 levo.
1961 791 2092 847 Vias

489 893 632 952 tuas,
665 885 914 950 Domine,
938 883 1165 939 ostende
1206 884 1379 937 mihi:
1420 892 1478 939 et
1522 881 1748 939 semitas
1792 891 1916 937 tuas
1957 882 2093 938 doce

490 995 603 1036 me.
637 976 822 1034 Deduc
849 992 939 1033 me
965 977 1020 1031 in
1049 976 1277 1032 veritate
1309 983 1422 1041 tua,
1451 974 1586 1031 doce
1616 990 1701 1029 me
1721 1016 1735 1039 ,
1783 974 1911 1046 quia
1946 980 2002 1028 tu
2031 988 2093 1028 es

490 1074 635 1130 Deus
661 1072 912 1128 Salvator
952 1085 1126 1126 meus.
1155 1068 1513 1125 Peccatorum
1545 1067 1925 1123 adolescentia:
1953 1080 2091 1121 mea:

488 1174 547 1220 et
570 1162 839 1220 scelerum
884 1176 1130 1217 meorum
1174 1175 1243 1215 ne
1274 1161 1609 1215 memineris.
1644 1157 1956 1215 Secundum
1983 1158 2089 1213 mi-

489 1255 843 1312 sericordiam
906 1262 1054 1310 tuam
1103 1254 1391 1310 recordare
1434 1254 1562 1309 mei.
1615 1253 1844 1325 Propter
1890 1268 2090 1308 nomen

490 1360 642 1404 tuum
662 1348 959 1420 propitiare
980 1348 1254 1420 iniquitati
1280 1363 1437 1414 mem,
1456 1349 1714 1419 quoniam
1739 1349 1962 1420 grandis
1982 1359 2086 1404 est.

488 1440 721 1510 Respice
750 1441 803 1495 in
846 1455 966 1505 me,
997 1448 1052 1496 et
1083 1440 1342 1496 miserere
1372 1441 1478 1496 mei
1503 1460 1514 1494 :
1549 1441 1615 1497 de
1644 1441 1910 1513 angustiis
1952 1441 2091 1497 meis

487 1531 627 1586 educ
655 1546 760 1586 me.
807 1531 941 1586 Vide
973 1529 1317 1586 aﬂlictionem
1350 1548 1528 1587 meam
1553 1573 1568 1594 ,
1614 1542 1672 1589 et
1712 1542 1867 1602 porta
1905 1533 2089 1587 omnia

486 1631 709 1691 peccata
738 1637 876 1677 mea.
907 1621 1128 1679 Custodi
1155 1624 1395 1679 animam
1432 1640 1631 1692 meam,
1661 1633 1716 1680 et
1744 1626 1917 1681 libera
1958 1639 2063 1681 me.

556 1733 668 1804 97
700 1751 828 1789 xxv.
854 1734 1101 1800 Domine,
1130 1735 1298 1791 dilexi
1329 1736 1697 1792 habitaculum
1738 1736 1931 1792 domus
1964 1746 2085 1792 tum.

490 1824 569 1879 Ne
597 1824 813 1881 auferas
836 1842 959 1882 cum
981 1828 1359 1897 peccatoribus
1379 1829 1619 1885 animam
1646 1846 1856 1887 meam:
1883 1832 2089 1887 redime

488 1929 601 1983 me,
630 1923 686 1972 et
712 1918 973 1972 miserere
1001 1918 1125 1974 mei.

559 2025 709 2065 xxvi.
744 2009 1004 2065 Dominus
1026 2010 1121 2064 lux
1149 2026 1295 2077 mea,
1325 2021 1381 2067 et
1411 2011 1654 2069 salutare
1677 2028 1859 2069 meum
1878 2054 1894 2079 ,
1925 2029 2086 2085 quem

487 2100 731 2158 timebo?
764 2100 932 2167 Audi,
968 2102 1229 2169 Domine,
1280 2118 1471 2159 vocem
1513 2119 1689 2159 meam
1738 2105 2081 2161 invocantis:

484 2194 747 2249 miserere
786 2193 924 2257 mei,
977 2201 1034 2248 et
1066 2192 1263 2249 exaudi
1297 2211 1403 2251 me.
1448 2194 1526 2251 Ne
1555 2194 1859 2252 abscondas
1889 2197 2083 2253 faciem

486 2292 634 2337 tuam
660 2298 691 2337 a
717 2298 823 2349 me,
852 2300 922 2339 ne
951 2284 1190 2339 declines
1214 2285 1270 2339 in
1299 2285 1483 2341 furore
1512 2302 1542 2341 a
1579 2301 1739 2342 servo
1773 2295 1886 2343 tuo.
1917 2286 2087 2344 Auxi-

480 2375 618 2430 lium
646 2390 826 2430 meum
855 2375 1030 2442 fuisti,
1063 2391 1133 2431 ne
1160 2376 1508 2447 derelinquas
1531 2394 1640 2444 me,
1665 2388 1720 2433 et
1748 2395 1815 2434 ne
1842 2380 2086 2437 dimittas

483 2482 607 2533 me,
655 2467 799 2523 Deus
844 2468 1098 2524 Salvator
1140 2484 1316 2525 meus.
1346 2469 1585 2526 Ostende
1627 2472 1786 2537 mihi,
1834 2471 2081 2539 Domine,

480 2559 629 2612 viam
656 2567 836 2625 tuam,
867 2568 924 2613 et
962 2560 1138 2615 deduc
1166 2574 1254 2613 me
1297 2560 1353 2615 in
1396 2561 1591 2616 semita
1640 2570 1818 2629 recta,
1861 2571 2086 2634 propter

482 2650 834 2706 insidiatores
878 2666 1049 2706 meos.
1102 2651 1181 2706 Nc
1212 2651 1396 2707 tradas
1438 2668 1544 2714 me,
1581 2651 1842 2719 Domine,
1887 2653 2085 2709 animae

481 2740 859 2796 tribulantium
904 2758 1011 2798 me.
1052 2742 1166 2815 Ego
1207 2751 1390 2798 autem
1438 2744 1635 2810 credo,
1682 2745 1829 2815 quod
1868 2746 2081 2802 videam

478 2831 624 2890 bona
646 2834 859 2888 Domini
890 2835 945 2889 in
970 2842 1119 2890 terra
1148 2835 1470 2892 viventium.

554 2964 725 3003 xxvn.
758 2948 922 3014 Audi,
953 2948 1199 3014 Domine,
1231 2950 1674 3021 deprecationem
1712 2965 1887 3005 meam
1910 2991 1925 3016 ,
1956 2966 2080 3007 cum

476 3042 786 3099 clamavero
818 3045 885 3097 ad
923 3052 993 3097 te.
1025 3043 1103 3098 Ne
1130 3044 1313 3099 tradas
1352 3059 1439 3101 me
1465 3059 1590 3100 cum
1629 3043 1843 3114 impiis,
1870 3051 1926 3099 et
1952 3060 2077 3100 cum

476 3136 836 3205 operantibus
872 3136 1237 3205 iniquitatem.

549 3242 743 3281 xxvnt.
776 3226 1036 3281 Dominus
1063 3224 1324 3282 fortitudo
1353 3241 1471 3280 mea
1490 3266 1503 3289 ,
1533 3234 1592 3282 et
1625 3234 1843 3281 scutum
1869 3240 2072 3281 meum.
2103 3250 2151 3314 ο

477 3320 716 3376 Adorate
741 3316 1031 3371 Dominum
1055 3318 1109 3371 in
1140 3318 1336 3373 decore
1363 3328 1571 3374 sancto.

548 3425 702 3465 xxrx.
734 3408 893 3472 Audi,
934 3408 1180 3475 Domine,
1225 3418 1282 3463 et
1327 3411 1589 3465 miserere
1636 3411 1762 3465 mei.
1812 3408 2076 3473 Domine,

476 3512 598 3559 esto
628 3503 866 3572 adjutor,
909 3509 969 3556 ut
998 3501 1181 3557 laudet
1210 3510 1261 3557 te
1292 3504 1481 3572 gloria,
1522 3511 1579 3557 et
1600 3518 1708 3559 non
1739 3510 1935 3558 taceat.
1969 3502 2075 3558 Do-

478 3600 625 3655 mine
648 3599 791 3655 Deus
816 3612 994 3665 meus,
1032 3600 1085 3655 in
1117 3602 1509 3671 sempiternum
1536 3601 1839 3658 conﬁtebor
1862 3603 1983 3657 tibi.

548 3709 679 3748 xxx.
729 3693 788 3748 ln
832 3703 906 3758 te,
953 3692 1201 3757 Domine,
1234 3696 1486 3764 speravi,
1536 3711 1646 3751 non
1676 3696 1978 3753 confundar
2020 3698 2075 3751 in

438 3795 784 3841 -a:ternum:
825 3786 879 3840 in
904 3784 1114 3855 justitia
1163 3795 1253 3842 tua
1303 3785 1451 3843 salva
1492 3803 1599 3843 me.
1643 3787 1847 3844 lnelina
1877 3789 1946 3844 ad
1990 3804 2076 3843 me

473 3891 664 3932 aurem
693 3886 859 3941 tuam,
888 3877 1151 3933 velociter
1178 3878 1351 3933 libera
1382 3895 1499 3934 me:
1532 3880 1659 3949 quia
1680 3889 1835 3950 petra
1858 3895 1995 3943 mea,
2021 3891 2078 3935 et

471 3971 707 4027 munitio
736 3985 854 4026 mea
882 3981 938 4025 tu
968 3986 1048 4026 es.
1081 3970 1140 4025 In
1169 3987 1333 4025 manu
1363 3979 1454 4026 tua
1483 3973 1805 4028 commendo
1824 3973 2075 4043 spiritum

474 4074 678 4119 meum.
722 4062 779 4116 In
818 4079 979 4116 manu
1026 4072 1117 4117 tua
1163 4071 1407 4134 tempora
1454 4080 1594 4121 mea.
1642 4064 1839 4120 Libera
1881 4080 1968 4121 me
2007 4066 2074 4121 de

472 4170 640 4209 manu
684 4154 1028 4209 inimicorum
1070 4170 1338 4222 meorum,
1385 4164 1441 4209 et
1483 4156 1924 4226 persequentium
1963 4170 2070 4210 me.

472 4242 710 4299 Ostende
738 4243 934 4301 faciem
962 4254 1109 4302 tuam
1132 4262 1298 4317 super
1324 4261 1544 4302 servum
1573 4255 1724 4302 tuum
1749 4289 1763 4313 ,
1801 4246 1949 4303 salva
1985 4262 2073 4303 me

473 4339 531 4393 in
563 4339 937 4395 misericordia
965 4348 1078 4395 tua.

545 4445 698 4483 χχιι.
729 4430 945 4497 Beatus,
977 4432 1062 4487 cui
1087 4432 1307 4487 dimissa
1331 4442 1412 4487 est
1453 4434 1731 4503 iniquitas,
1759 4444 1813 4490 ct
1838 4435 2069 4492 abscon-

470 4520 644 4575 ditum
675 4529 758 4575 est
797 4530 1100 4590 peccatum.
1145 4520 1437 4577 Peccatum
1480 4541 1656 4579 meum
1701 4534 1887 4580 notum
1930 4527 2069 4582 facio

2195 621 2318 661 mas
2346 620 2630 661 servorum
2655 620 2901 661 suorum.

2264 712 2454 751 xxxiv.
2486 695 2700 761 Judica,
2732 696 2992 763 Domine,
3021 697 3365 753 adversarios
3388 711 3578 764 meos;
3618 713 3813 770 pugna

2193 798 2385 845 contra
2416 791 2797 863 impugnantes
2825 806 2933 845 me.
2963 790 3321 862 Apprebende
3365 798 3581 847 scutum
3614 800 3675 848 et
3702 793 3813 847 ha-

2192 889 2357 949 stam,
2410 890 2466 937 et
2509 896 2777 953 consurge
2824 882 2879 936 in
2928 881 3189 937 auxilium
3238 897 3439 938 meum.
3474 883 3572 939 Die
3602 885 3814 938 anima:

2190 988 2347 1041 meae,
2379 974 2527 1031 salus
2561 984 2654 1031 tua
2699 990 2802 1046 ego
2846 990 2991 1030 sum.
3020 974 3215 1030 Anima
3247 986 3431 1030 autem
3462 991 3583 1031 mea
3610 976 3814 1031 exsul—

2193 1066 2331 1123 tabit
2360 1068 2415 1122 in
2443 1067 2693 1133 Domino,
2722 1075 2778 1122 et
2805 1067 3080 1123 laetabitur
3103 1068 3157 1122 in
3194 1068 3369 1124 salute
3397 1084 3517 1124 sua.
3554 1068 3810 1124 Conﬁte-

2190 1160 2292 1215 bor
2319 1160 2416 1215 tibi
2439 1160 2493 1215 in
2518 1160 2759 1216 Ecclesia
2783 1158 2995 1230 grandi,
3022 1168 3078 1215 et
3096 1160 3278 1231 lingua
3300 1176 3422 1215 mea
3445 1161 3814 1216 meditabitur

2183 1252 2457 1324 justitiam
2488 1261 2660 1317 tuam,
2701 1261 2814 1307 tota
2840 1252 2928 1308 die
2952 1252 3167 1307 laudem
3196 1259 3366 1306 tuam.

2262 1360 2426 1399 xxxv.
2447 1343 2697 1409 Domine,
2713 1344 2768 1399 in
2789 1345 2928 1401 cmlo
2944 1346 3319 1401 misericordia
3343 1354 3454 1400 tua.
3473 1345 3649 1413 Quam
3676 1362 3814 1417 pre-

2192 1437 2330 1493 tiosa
2366 1445 2451 1493 est
2480 1437 2854 1497 misericordia
2881 1446 2996 1504 tua,
3026 1438 3283 1493 Domine!
3314 1438 3581 1505 Quoniam
3612 1447 3812 1494 tecum

2189 1539 2274 1583 est
2316 1527 2436 1585 fons
2472 1529 2631 1596 vitae,
2681 1539 2739 1586 et
2778 1530 2835 1585 in
2880 1531 3086 1586 lumine
3115 1540 3209 1587 tuo
3237 1531 3543 1587 videbimus
3583 1531 3803 1592 lumen.

2188 1619 2419 1676 Attrahe
2457 1620 2889 1676 misericordiam
2931 1622 3080 1676 tua'm
3109 1623 3408 1678 scientibus
3443 1630 3526 1688 te,
3555 1630 3611 1677 et
3630 1622 3811 1694 justi-

2189 1715 2324 1769 tiam
2356 1723 2501 1769 tuam
2534 1715 2698 1770 rectis
2722 1716 2906 1771 corde.
2937 1714 3055 1772 Non
3080 1717 3266 1773 veniat
3294 1718 3427 1774 mihi
3466 1733 3565 1788 pes
3591 1733 3805 1789 super-

2190 1803 2315 1870 bize,
2342 1812 2397 1861 et
2424 1820 2619 1860 manus
2646 1806 2937 1876 impiorum
2962 1821 3067 1862 non
3098 1823 3186 1863 me
3211 1818 3567 1864 commoveat.

2263 1913 2449 1952 xxxvr.
2479 1897 2622 1954 Puer
2648 1897 2757 1964 fui,
2798 1900 3067 1970 siquidem
3113 1902 3270 1956 senui
3295 1917 3311 1956 :
3352 1912 3407 1958 et
3435 1918 3544 1956 non
3570 1901 3683 1958 vidi
3709 1900 3807 1971 ju-

2190 1998 2336 2045 stum
2361 1988 2699 2046 derelictum.
2729 1990 2865 2058 Quia
2903 1991 3165 2049 Dominus
3206 1993 3379 2066 diligit
3410 1993 3711 2064 judicium,
3744 2003 3806 2049 et

2188 2098 2297 2138 non
2324 2082 2666 2153 derelinquet
2695 2092 2915 2140 sanctos
2936 2100 3085 2141 suos.
3126 2085 3185 2141 ln
3228 2097 3493 2143 aeternum
3536 2085 3801 2143 custoditi

2188 2181 2334 2240 sunt,
2365 2183 2422 2229 et
2451 2175 2802 2231 auxiliabitur
2824 2177 2905 2233 eis
2930 2176 3211 2232 Dominus.

2260 2280 2467 2321 xxxvn.
2498 2266 2744 2334 Domine,
2796 2284 2864 2323 ne
2916 2268 2969 2322 in
3000 2269 3079 2323 ira
3113 2278 3203 2325 tua
3245 2286 3444 2342 arguas
3473 2286 3581 2337 me,
3614 2286 3805 2342 neque

2188 2356 2243 2411 in
2274 2356 2459 2414 furore
2488 2367 2579 2414 tuo
2603 2360 2869 2430 corripias
2897 2376 3005 2416 me.
3035 2361 3110 2416 Te
3132 2362 3297 2429 enim,
3316 2362 3565 2429 Domine,
3593 2379 3796 2435 exspe-

2186 2447 2401 2503 ctabam
2430 2468 2442 2503 :
2484 2457 2540 2503 tu
2570 2451 2845 2517 exaudies,
2877 2451 3106 2508 Domine
3135 2453 3278 2509 Deus
3316 2470 3488 2510 meus.
3529 2455 3667 2522 Quia
3697 2470 3793 2511 se-

2185 2540 2394 2611 quebar
2424 2542 2661 2611 bonum,
2706 2561 2777 2601 ne
2821 2545 3168 2617 derelinquas
3213 2564 3320 2603 me.
3366 2548 3596 2605 Domine
3642 2548 3797 2605 Deus

2184 2646 2357 2698 meus,
2391 2649 2457 2688 ne
2483 2635 2754 2707 elongeris
2776 2651 2807 2690 a
2837 2650 2955 2692 me:
2990 2637 3186 2694 festina
3214 2640 3268 2694 in
3298 2641 3560 2697 auxilium
3581 2657 3790 2710 meum,

2183 2722 2411 2781 Domine
2440 2728 2633 2783 salutis
2668 2744 2823 2785 meae.

2254 2833 2486 2872 xxxvm.
2518 2819 2855 2876 Prtestolatio
2884 2835 3026 2887 mea,
3060 2831 3114 2876 tu
3150 2838 3230 2887 es,
3279 2822 3350 2878 ab
3378 2825 3637 2880 omnibus
3674 2824 3788 2881 ini-

2182 2908 2483 2978 quitatibus
2513 2914 2649 2966 meis
2677 2911 2850 2967 libera
2877 2928 2981 2969 me.
3008 2912 3374 2986 Opprobrium
3403 2916 3569 2973 stulto
3594 2932 3663 2975 ne
3688 2933 3789 2990 po-

2180 3017 2281 3060 nas
2309 3020 2418 3069 me,
2442 3004 2569 3060 tolle
2598 3022 2627 3059 a
2656 3023 2742 3061 me
2770 3007 2960 3080 plagas
2985 3018 3126 3065 tuas.

2250 3116 2437 3155 xxxix.
2458 3101 2790 3172 EXSpectans
2816 3105 3126 3174 exspectavi
3148 3104 3454 3173 Dominum,
3471 3117 3525 3163 et
3554 3109 3787 3166 inclina-

2181 3202 2271 3250 tus
2299 3205 2381 3250 est
2406 3195 2473 3250 ad
2510 3210 2614 3249 me.
2646 3195 2711 3250 Et
2734 3197 2939 3251 audivit
2964 3197 3255 3253 clamorem
3294 3216 3495 3266 meum,
3526 3201 3781 3273 Domine.

2182 3288 2250 3341 ad
2280 3286 2641 3355 adjuvandum
2669 3304 2757 3343 me
2800 3287 3017 3343 festina.
3062 3288 3346 3346 Gaudeant
3390 3302 3446 3347 et
3488 3293 3782 3363 lmtentur,

2178 3379 2273 3449 qui
2302 3390 2551 3449 quaerunt
2582 3391 2654 3447 te,
2684 3381 2942 3435 auxilium
2973 3400 3154 3438 meum
3178 3393 3234 3439 et
3257 3384 3495 3443 salutare
3520 3403 3698 3443 meum
3720 3396 3783 3446 tu

2179 3484 2260 3537 es,
2301 3470 2442 3525 Deus
2472 3487 2645 3537 meus,
2684 3487 2751 3527 ne
2779 3473 3031 3529 moreris.

2248 3564 2362 3635 98
2398 3580 2485 3618 ιιι.
2522 3563 2635 3636 Ego
2661 3564 2795 3630 dixi,
2826 3566 3087 3631 Domine,
3141 3568 3400 3624 miserere
3450 3571 3591 3637 mei,
3642 3588 3781 3628 sana

2180 3660 2417 3713 animam
2451 3674 2647 3725 meam,
2666 3661 2789 3731 quia
2819 3664 3036 3731 peccavi
3060 3663 3177 3721 tibi.
3199 3664 3278 3719 Tu
3300 3676 3500 3732 autem,
3527 3668 3777 3734 Domine,

2178 3752 2439 3806 miserere
2466 3753 2592 3807 mci.

2251 3861 2358 3899 xu.
2395 3843 2550 3901 Sicut
2577 3849 2754 3904 areola
2780 3860 3083 3922 praeparata
3123 3854 3191 3909 ad
3220 3854 3565 3926 irrigationes
3606 3874 3777 3929 aqua-

2176 3953 2297 3991 rum
2323 3958 2335 3991 :
2370 3939 2450 3995 sic
2477 3942 2658 3996 anima
2686 3958 2804 3998 mea
2836 3956 3142 4016 praaparata
3169 3958 3254 4003 est
3280 3950 3349 4004 ad
3379 3958 3452 4015 te,
3485 3949 3646 4007 Deus.

2246 4044 2377 4085 xui.
2410 4028 2599 4088 Judica
2632 4049 2741 4099 me,
2772 4035 2932 4102 Deus,
2980 4046 3035 4093 et
3068 4039 3317 4095 discerne
3343 4056 3563 4097 causam
3593 4058 3774 4101 meam

2175 4138 2203 4176 a
2236 4131 2396 4192 gente
2441 4140 2547 4179 non
2588 4138 2807 4182 sancta:
2849 4146 2879 4184 a
2910 4131 3027 4185 viro
3070 4131 3258 4189 doloso
3302 4142 3356 4190 et
3386 4134 3572 4205 iniquo
3600 4135 3769 4192 libera

2174 4228 2279 4268 me.
2311 4214 2391 4269 Tu
2418 4215 2564 4270 enim
2592 4234 2652 4272 es
2681 4217 2942 4276 fortitudo
2971 4238 3112 4287 mea,
3144 4239 3315 4294 quare
3343 4224 3618 4295 projecisti
3650 4226 3772 4284 me?

2244 4323 2399 4361 xun.
2431 4306 2624 4381 Surge,
2659 4314 2923 4369 auxiliare
2952 4316 3142 4371 nobis:
3176 4327 3232 4373 et
3263 4318 3469 4375 redime
3511 4336 3611 4377 nos
3638 4335 3768 4393 pro-

2170 4406 2292 4468 pter
2320 4400 2749 4458 misericordiam
2780 4416 2943 4461 tuam.

2242 4505 2388 4544 xuv.
2421 4490 2673 4548 Tlironus
2703 4503 2848 4561 tuus,
2876 4496 3039 4563 Deus,
3064 4501 3116 4554 in
3140 4503 3428 4557 saeculum:
3455 4513 3510 4559 et
3534 4506 3587 4560 in
3610 4514 3769 4565 aucr-

469 4613 590 4677 tibi,
619 4621 674 4666 et
707 4578 1045 4683 iniquitatem
1080 4629 1257 4667 meam
1283 4630 1388 4667 non
1418 4615 1710 4672 abscondo.
1741 4616 1821 4670 Tu
1847 4632 1904 4671 es
1932 4632 2064 4686 pro—
2097 4618 2147 4675 Ι)
2168 4594 2320 4686 um'
2366 4578 2661 4686 Ρῗθρίέτω
2706 4588 2887 4656 μορίω
2934 4590 3341 4648 θθηηίθδυηίυτ
3370 4596 3466 4651 ubi
3498 4596 3552 4651 in
3598 4613 3765 4655 mu'

464 4706 635 4759 lectio
663 4720 799 4767 mea,
836 4706 906 4761 ab
935 4706 1090 4761 hoste
1124 4706 1399 4761 custodies
1428 4722 1534 4762 me.

538 4830 712 4869 xxxn.
740 4815 878 4870 Ecce
899 4817 1088 4871 oculus
1109 4816 1321 4871 Domini
1360 4834 1523 4888 super
1553 4820 1808 4877 timentes
1834 4838 1979 4887 eum,
2010 4834 2069 4879 et

462 4914 849 4977 exspectantes
862 4908 1292 4963 misericordiam
1311 4910 1446 4977 ejus.
1467 4910 1549 4965 Sit
1564 4914 1932 4969 misericordia
1951 4925 2059 4979 tua,

465 4994 718 5063 Domine,
742 5013 906 5068 super
930 5015 1047 5065 nos,
1079 5001 1219 5054 sicut
1238 5001 1677 5068 exspectavimus
1703 5013 1775 5058 te.

537 5128 730 5167 xxxiii.
760 5113 1081 5168 Beneilicam
1105 5114 1332 5168 Domino
1364 5117 1414 5168 in
1444 5117 1590 5170 omni
1622 5125 1889 5187 tempore,
1915 5136 2057 5176 sem-

459 5222 561 5275 per
588 5205 707 5260 laus
736 5206 853 5273 ejus
882 5206 935 5259 in
964 5222 1058 5261 ore
1082 5221 1222 5261 meo.
1258 5207 1596 5277 Magnifieate
1622 5209 1908 5267 Dominum
1938 5228 2055 5268 me-

459 5312 615 5361 cum,
651 5305 704 5351 et
731 5295 1030 5351 exaltemus
1057 5314 1250 5353 nomen
1282 5299 1398 5366 ejus
1428 5302 1650 5369 pariter.
1683 5302 1913 5369 Quaesivi
1946 5304 2054 5361 Do-

462 5389 691 5451 minum,
720 5397 776 5443 et
812 5390 1089 5443 exaudivit
1133 5405 1246 5455 me;
1292 5401 1345 5446 et
1386 5394 1451 5447 de
1497 5395 1748 5450 omnibus
1790 5400 2056 5470 angustiis

459 5479 599 5534 meis
630 5477 879 5533 liberavit
904 5496 1009 5534 me.
1039 5478 1283 5547 Gustatc,
1310 5493 1363 5537 et
1384 5485 1580 5549 videte,
1604 5488 1857 5555 quoniam
1881 5491 2055 5546 bonus

456 5577 546 5624 est
575 5570 870 5625 Dominus:
913 5571 1102 5627 beatus
1148 5574 1231 5626 vir
1269 5576 1361 5644 qui
1404 5585 1588 5647 sperat
1628 5579 1683 5633 in
1726 5594 1810 5635 eo.
1846 5582 2054 5639 Timete

462 5661 751 5717 Dominum
781 5664 951 5719 sancti
982 5662 1117 5731 ejus.
1143 5669 1397 5735 quoniam
1423 5686 1526 5723 non
1555 5682 1637 5725 est
1658 5673 1835 5743 inopia
1862 5678 2053 5734 timen-

458 5754 611 5809 tibus
636 5771 777 5810 cum.
812 5754 1188 5822 Qumrcntibus
1216 5771 1395 5817 autem
1428 5764 1709 5820 Dominum
1742 5784 1846 5822 non
1879 5770 2051 5825 deerit

458 5862 621 5902 omne
665 5848 884 5903 bonum.
923 5850 1175 5905 Dominus
1205 5857 1437 5909 custodit
1477 5861 1651 5913 munia
1689 5877 1806 5916 os>a
1839 5881 2044 5932 00mm,

2168 4672 2301 4739 lum,
2330 4685 2384 4729 et
2408 4676 2461 4730 in
2489 4685 2771 4733 aeternum.

2241 4781 2367 4819 ην.
2398 4766 2541 4822 Deus
2568 4770 2898 4837 misericors,
2926 4789 3049 4844 spes
3075 4786 3128 4831 et
3163 4776 3459 4837 fortitudo:
3505 4782 3763 4837 ‘uxilium

2166 4855 2221 4910 in
2250 4857 2691 4916 tribulationibus
2726 4864 2975 4921 inventus
3000 4882 3061 4920 es
3086 4869 3341 4925 validum.

2238 4961 2384 5001 xnvr.
2440 4946 2552 5003 Rex
2598 4966 2825 5022 magnus
2866 4971 3031 5025 super
3060 4973 3279 5015 omnem
3310 4970 3529 5017 terrain.
3572 4964 3762 5020 Canite

2166 5040 2297 5105 Deo,
2330 5043 2507 5096 canite
2535 5061 2546 5095 :
2578 5046 2755 5101 canite
2787 5047 2918 5118 Regi
2954 5061 3161 5117 nostro,
3197 5056 3397 5111 canite.

2237 5151 2403 5190 xnvu.
2439 5135 2513 5203 Qu
2527 5138 2573 5197 ὸ.
2600 5138 2713 5207 ipse
2735 5150 2817 5196 cst
2841 5143 2997 5208 Deus,
3024 5146 3167 5203 Deus
3187 5159 3392 5215 noster,
3423 5151 3477 5207 in
3502 5155 3756 5209 saeculum

2163 5226 2292 5281 etin
2324 5237 2662 5297 perpetuum.
2699 5232 2815 5300 Ipse
2840 5235 3069 5290 eritdux
3102 5250 3288 5295 uoster
3314 5243 3367 5296 in
3401 5254 3596 5300 morte.

2234 5331 2420 5370 XLVlll.
2460 5317 2840 5376 Verumtamen
2888 5324 3031 5381 Deus
3060 5329 3288 5385 redimet
3314 5333 3551 5388 animam
3580 5350 3755 5391 meam

2161 5404 2228 5458 de
2258 5422 2418 5461 manu
2447 5408 2708 5475 inferiori,
2744 5430 2866 5468 cum
2898 5421 3257 5489 assumpserit
3281 5438 3387 5477 me.

2235 5515 2381 5554 χιιι.
2416 5500 2594 5557 Fortis
2624 5503 2765 5559 Deus
2796 5507 3059 5565 Dominus
3085 5512 3295 5569 locutus
3335 5526 3452 5571 est:
3498 5537 3601 5574 non
3629 5536 3756 5591 pro-

2160 5601 2279 5661 pter
2302 5593 2549 5653 victimas
2575 5606 2694 5655 tuas
2721 5617 2943 5671 arguam
2975 5614 3057 5661 te:
3089 5619 3142 5662 et
3176 5610 3638 5671 holocaustomata
3663 5628 3753 5675 tua

2159 5699 2341 5739 coram
2374 5703 2458 5743 me
2486 5701 2609 5744 sunt
2639 5708 2868 5762 semper.
2899 5697 3014 5753 Non
3049 5702 3312 5771 accipiam
3360 5706 3426 5760 de
3471 5709 3629 5763 domo
3660 5720 3752 5767 tua

2159 5775 2384 5832 vitulum
2408 5820 2419 5841 ,
2464 5796 2637 5851 neque
2666 5785 2730 5837 dc
2770 5790 3022 5858 gregibus
3056 5792 3267 5847 hircos:
3303 5814 3417 5849 mea
3450 5813 3573 5854 sunt
3606 5804 3749 5857 enim

2158 5873 2337 5929 omnia
2364 5876 2612 5931 animalia
2645 5880 2919 5936 silvarum.
2951 5886 3074 5939 Srio
3096 5903 3281 5943 omnes
3310 5908 3437 5947 aves
3460 5898 3746 5965 montium,
