4112 6674
256 545 354 600 5'25

1208 541 1603 599 LITL‘RGlCA.
1645 571 1711 578 —-
1748 537 2017 594 OFHCM
2058 539 2194 594 PER
2232 537 2505 594 FERIAS.

3420 525 3526 582 57-!

257 663 310 708 et
342 651 666 708 universitas
686 651 800 722 agri
830 662 1040 707 mecum
1077 662 1179 707 est.
1217 651 1273 707 Si
1304 651 1567 713 esuriero,
1597 664 1705 706 non
1749 649 1835 705 di-
1866 654 2059 709 Arum
2098 658 2333 704 tuarum.
2381 648 2460 704 Tu
2504 646 2671 711 enim,
2709 643 2871 710 Deus,
2914 641 3184 699 exaudisti
3226 639 3528 699 orationem

257 758 376 799 eam
404 741 538 799 tibi:
578 757 733 798 meus
774 749 859 799 est
898 742 1043 799 enim
1070 742 1252 809 orbis,
1298 752 1355 798 et
1396 742 1671 814 plenitudo
1698 741 1833 813 ejus.

255 833 477 891 lmmola
502 833 615 889 Deo
639 832 848 898 laudes,
877 841 933 887 et
960 833 1123 888 redde
1151 832 1429 889 Altissimo
1467 841 1592 889 vota
1620 842 1729 887 tua.
1774 831 1841 885 Et

257 926 446 982 invoca
475 940 563 985 me
587 926 643 981 in
671 926 757 980 die
780 924 1184 981 tribulationis:
1226 924 1466 980 liberabo
1490 933 1564 991 te,
1592 932 1649 979 et
1673 920 1840 994 glori-

258 1019 449 1077 ficabis
494 1034 599 1074 me.
648 1019 751 1087 Qui
798 1018 1045 1074 immolat
1087 1016 1484 1074 confessionem
1510 1059 1525 1085 ,
1576 1015 1843 1089 glorifica‘t

259 1125 381 1177 me;
411 1117 467 1166 et
494 1109 585 1180 qui
622 1110 869 1166 ordinate
906 1107 1177 1175 ambulat,
1205 1109 1485 1165 ostendam
1528 1108 1580 1166 ei
1608 1107 1843 1164 salutare

257 1216 462 1259 meum.

326 1310 380 1350 ι..
415 1292 675 1350 Miserere
703 1294 832 1360 mei,
862 1293 1027 1359 Deus,
1068 1291 1361 1348 secundum
1400 1306 1652 1361 magnam
1682 1289 1844 1345 mise-

259 1384 551 1441 ricordiam
586 1395 754 1440 tuam.
796 1384 957 1439 Juxta
989 1383 1385 1439 multitudinem
1431 1381 1844 1438 miserationum

260 1486 495 1543 tuarum,
542 1478 660 1535 dele
688 1477 1005 1548 iniquitates
1050 1493 1216 1531 meas.
1248 1476 1472 1532 Multum
1500 1476 1616 1530 lava
1657 1489 1744 1529 me
1774 1474 1844 1528 ab

258 1566 545 1638 iniquitate
573 1582 719 1635 mea,
765 1576 822 1621 et
861 1582 892 1621 a
918 1577 1141 1638 peccato
1177 1582 1299 1621 meo
1328 1567 1527 1622 munda
1555 1581 1660 1620 me.
1702 1564 1847 1631 Quo—

260 1658 405 1714 niam
436 1658 753 1728 iniquitates
779 1673 929 1713 meas
955 1659 1180 1729 cognovi
1206 1677 1218 1711 :
1260 1668 1315 1713 et
1340 1666 1624 1729 peccatum
1664 1671 1844 1710 meum

260 1757 446 1804 contra
490 1765 577 1804 me
614 1758 697 1805 est
737 1764 970 1819 semper.
1004 1751 1123 1806 Tibi
1152 1751 1252 1806 soli
1281 1751 1518 1822 peccavi,
1560 1759 1613 1805 et
1642 1748 1845 1804 malum

259 1852 443 1894 coram
468 1847 520 1893 te
544 1838 667 1894 feci.
686 1839 969 1895 Absconde
991 1839 1184 1895 faciem
1206 1847 1353 1894 tuam
1376 1855 1406 1894 a
1431 1840 1668 1910 peccatis
1686 1837 1842 1904 meis,

260 1936 315 1984 et
340 1944 531 1985 omnes
555 1930 865 2000 iniquitates
890 1945 1042 1987 meas
1063 1930 1198 1986 dele.
1230 1930 1338 1987 Cor
1358 1930 1618 1985 mundum
1643 1944 1768 1985 crea
1789 1929 1843 1983 in

1942 756 2153 797 meam:
2178 738 2372 797 dedisti
2397 738 2767 795 hazreditatem
2792 733 3104 793 timentibus
3128 750 3323 793 nomen
3351 742 3522 792 tuum.

1944 832 2309 887 Misericordia
2343 838 2398 885 et
2420 829 2623 885 veritas
2653 828 2943 884 servabunt
2964 840 3109 883 eum.

2014 941 2121 981 ιιι.
2164 922 2247 979 Ab
2275 922 2393 994 ipso
2421 922 2565 979 enim
2596 917 2930 993 pnestolatio
2956 935 3097 987 mea,
3130 916 3245 991 ipse
3270 926 3356 976 est
3380 914 3527 975 forti-

1945 1014 2075 1071 tudo
2102 1032 2222 1072 mea
2264 1025 2320 1071 et
2361 1013 2508 1071 salus
2552 1029 2672 1071 mea
2716 1030 2730 1069 :
2770 1021 3056 1084 susceptor
3098 1025 3271 1079 meus,
3306 1025 3414 1068 non
3465 1011 3527 1067 ti-

1943 1108 2122 1163 mebo.

2014 1216 2148 1255 Lxu.
2180 1198 2345 1274 Deus,
2364 1195 2622 1254 fortitudo
2644 1212 2760 1253 mea
2780 1203 2834 1253 tu
2861 1210 2940 1266 es,
2969 1194 3036 1253 de
3056 1194 3176 1252 luce
3201 1206 3527 1265 consurgam

1946 1292 2014 1347 ad
2039 1297 2108 1347 te.
2160 1288 2343 1346 Sitivit
2382 1298 2434 1345 te
2486 1288 2665 1345 anima
2716 1301 2838 1345 mea
2887 1307 2899 1344 :
2952 1284 3282 1345 desideravit
3306 1296 3358 1341 te
3397 1298 3528 1341 caro

1944 1399 2087 1440 mea.
2129 1382 2222 1439 Sic
2252 1384 2307 1438 in
2338 1391 2533 1438 saneto
2562 1378 2788 1454 apparui
2822 1380 2936 1446 tibi,
2965 1387 3025 1436 ut
3070 1376 3281 1435 videam
3323 1373 3531 1433 fortitua

1945 1477 2126 1532 dinem
2178 1485 2325 1530 tuam
2372 1484 2429 1531 et
2455 1472 2682 1546 gloriam
2725 1482 2892 1530 tuam.
2940 1472 3126 1530 Melior
3154 1469 3529 1529 misericordia

1946 1574 2038 1621 tua
2063 1580 2226 1637 quam
2257 1566 2367 1620 vita
2398 1582 2410 1620 :
2446 1562 2586 1621 labia
2613 1578 2734 1620 mea
2765 1561 3065 1621 laudabunt
3092 1572 3165 1620 te.
3201 1560 3292 1619 Sic
3318 1560 3533 1618 benedie

1943 1672 2066 1712 cam
2096 1657 2190 1711 tibi
2224 1657 2277 1711 in
2306 1659 2417 1712 vita
2447 1672 2588 1723 mea,
2615 1656 2669 1711 in
2717 1654 2933 1712 nomine
2980 1660 3075 1711 tuo
3117 1647 3305 1709 levabo
3336 1664 3532 1708 manus

1945 1763 2117 1803 meas.
2145 1747 2281 1814 Quia
2310 1746 2457 1803 fuisti
2489 1747 2748 1802 auxilium
2780 1762 2979 1813 meum,
3010 1744 3067 1800 in
3095 1742 3288 1800 umbra
3322 1738 3531 1798 alarum

1947 1849 2161 1897 tuarum
2190 1840 2420 1896 laudabo
2447 1850 2518 1895 te.

2018 1950 2170 1991 Lxut.
2203 1934 2361 1999 Audi,
2382 1934 2545 2001 Deus,
2564 1950 2753 1991 vocem
2781 1950 2959 1990 meam
2981 1930 3275 2005 loquentis,
3294 1951 3325 1988 a
3339 1930 3533 1989 timore

258 2037 367 2089 me,
410 2023 571 2088 Deus,
599 2032 655 2079 et
684 2024 932 2093 spiritum
956 2024 1206 2080 stabilem
1225 2039 1426 2081 renova
1463 2025 1519 2079 in
1545 2024 1845 2079 visceribus
1875 2011 1921 2073 Β
1949 2027 2150 2082 inimici
2182 2042 2339 2082 serva
2363 2027 2530 2081 vitam
2560 2042 2757 2082 meam.

259 2116 417 2172 meis.
448 2116 527 2172 Ne
552 2117 809 2187 projieias
834 2134 918 2173 me
948 2134 979 2172 a
1008 2117 1146 2173 facie
1183 2126 1271 2173 tua
1294 2159 1309 2184 ,
1339 2126 1393 2173 et
1424 2116 1685 2187 Spiritum
1714 2132 1843 2171 san-

262 2217 413 2263 ctum
453 2219 603 2264 tuum
639 2225 707 2265 ne
733 2209 949 2266 auferas
988 2227 1019 2265 a
1048 2225 1152 2265 me.
1201 2210 1385 2266 Redde
1425 2208 1560 2265 mihi
1604 2208 1845 2264 laetitiam

258 2297 389 2356 Jesu
419 2301 519 2366 tui,
547 2308 604 2355 et
628 2301 822 2371 spiritu
848 2301 1055 2371 potenti
1082 2299 1342 2356 confirma
1387 2314 1495 2354 me.
1538 2297 1733 2353 Libera
1758 2313 1846 2354 me

259 2391 327 2447 de
347 2392 719 2463 sanguinibus,
742 2393 1065 2459 Deus,Deus
1085 2393 1278 2448 salutis
1300 2405 1436 2447 mea:
1454 2391 1724 2447 :laudabit
1742 2390 1846 2445 lin-

258 2499 365 2557 gua
391 2500 513 2540 mea
533 2484 803 2555 justitiam
826 2497 991 2541 tuam.
1024 2486 1266 2551 Domine,
1294 2485 1435 2541 labia
1467 2500 1587 2540 mea
1608 2486 1843 2555 aperies,

260 2586 316 2634 et
336 2594 400 2635 os
436 2595 617 2636 meum
655 2580 996 2636 annuntiabit
1037 2579 1250 2635 laudem
1290 2588 1457 2633 tuam.
1505 2577 1846 2633 Sacrificium

258 2667 372 2725 Deo
396 2670 618 2740 spiritus
646 2671 1056 2738 contribulatus,
1085 2687 1179 2726 cor
1202 2671 1492 2725 contritum
1519 2677 1574 2724 et
1594 2668 1847 2724 humilia-

260 2769 397 2826 tum,
426 2760 593 2828 Deus,
627 2778 734 2818 non
765 2764 1048 2834 despicies.

331 2872 403 2910 ιι.
436 2855 803 2913 Misericordia
831 2858 927 2912 Dei
950 2866 1061 2912 tota
1104 2866 1188 2913 est
1217 2857 1321 2911 die.
1351 2856 1466 2928 Ego
1501 2865 1682 2911 autem
1707 2854 1847 2910 sicut

257 2944 404 3001 oliva
448 2946 629 3003 virens
670 2948 726 3002 in
761 2947 923 3003 domo
968 2946 1084 3011 Dei,
1115 2946 1331 3018 speravi
1374 2946 1431 3001 in
1473 2942 1846 3000 misericordia

258 3037 359 3096 Dei
382 3039 436 3094 in
466 3040 723 3096 saaculum
752 3040 1159 3110 sempiternum.

329 3148 425 3188 ut.
453 3130 755 3186 Exsultabit
779 3129 966 3197 Jacob,
1000 3140 1056 3187 et
1075 3131 1347 3186 lmtabitur
1372 3128 1557 3186 Israel.

329 3240 449 3282 un.
478 3222 637 3288 Deus,
684 3224 736 3277 in
764 3223 982 3279 nomine
1009 3229 1103 3277 tuo
1133 3221 1282 3277 salva
1316 3236 1424 3287 me,
1447 3228 1503 3276 et
1539 3220 1595 3275 in
1625 3217 1846 3276 fortitu-

258 3315 386 3373 dine
408 3325 499 3370 tua
520 3316 780 3371 ulciscere
799 3329 906 3369 me.
928 3312 1086 3379 Deus,
1111 3312 1305 3369 exaudi
1324 3314 1626 3369 orationem
1645 3325 1841 3377 meam,

259 3408 485 3466 auribus
504 3408 720 3479 percipe
746 3408 909 3463 verba
941 3407 1053 3461 oris
1075 3406 1201 3461 mei.

329 3518 439 3558 Liv.
467 3501 697 3568 Exaudi,
741 3501 902 3566 Deus,
927 3500 1227 3555 orationem
1256 3512 1432 3553 meam
1450 3537 1465 3563 ,
1491 3504 1637 3553 etne
1661 3493 1842 3564 despi-

257 3594 376 3651 cias
400 3593 837 3665 deprecationem
864 3606 1040 3647 meam
1065 3609 1078 3645 :
1120 3587 1334 3645 attende
1362 3588 1525 3655 mibi,
1558 3595 1614 3643 et
1650 3583 1843 3642 exaudi

256 3702 367 3742 me.
397 3685 510 3756 Ego
540 3692 723 3740 autem
750 3682 1005 3739 fiduciam
1037 3682 1211 3737 habeo
1243 3681 1339 3736 tui.

331 3792 418 3834 Lv.
452 3777 509 3830 In
543 3791 863 3848 quacunque
915 3776 1000 3831 die
1052 3774 1276 3830 territus
1322 3771 1509 3837 fuero,
1543 3786 1643 3843 ego
1692 3770 1746 3825 in
1793 3778 1846 3825 te

257 3871 550 3928 confidam.
600 3867 718 3926 Non
746 3869 967 3933 timebo,
997 3867 1127 3939 quid
1156 3866 1320 3923 faciat
1367 3864 1499 3921 mihi
1544 3877 1693 3931 caro,
1742 3864 1847 3918 hoc

258 3964 395 4031 scio,
424 3965 551 4034 quia
580 3962 721 4018 Deus
748 3976 900 4017 meus
928 3977 1007 4017 cs.

333 4072 442 4112 nr.
469 4054 724 4110 Miserere
752 4053 878 4119 mei,
924 4052 1082 4115 Deus,
1117 4051 1375 4105 miserere
1402 4049 1506 4104 mei
1532 4066 1544 4101 :
1587 4045 1845 4118 quoniam

258 4147 316 4202 in
348 4156 401 4203 te
427 4155 611 4217 sperat
641 4146 821 4201 anima
853 4158 993 4198 mea.
1036 4142 1093 4197 In
1134 4142 1327 4198 umbra
1372 4140 1583 4195 alarum
1632 4148 1846 4193 tuarum

259 4239 516 4310 sperabo,
557 4240 727 4294 donec
773 4244 1051 4291 transeant
1092 4234 1321 4288 insidiae.
1367 4231 1633 4287 luvocabo
1678 4228 1848 4283 Deum

258 4332 609 4396 altissimum,
641 4328 811 4384 Deum
852 4326 1083 4381 ultorem
1128 4339 1329 4379 meum.
1368 4321 1541 4377 Mittet
1578 4321 1645 4377 de
1688 4318 1844 4387 cmlo,

258 4433 318 4481 et
344 4423 577 4481 salvabit
602 4438 708 4477 me.

331 4534 464 4575 LVII.
495 4518 635 4572 Vere
664 4523 750 4571 est
781 4513 920 4569 Drus
945 4514 1194 4586 judicans
1219 4514 1273 4569 in
1302 4521 1469 4569 terra.

331 4628 484 4669 Lvm.
517 4609 658 4664 Erue
700 4624 786 4664 me
824 4609 889 4663 de
923 4608 1177 4673 inimicis,
1204 4606 1346 4661 Deus
1371 4621 1545 4672 meus,
1572 4613 1630 4659 et
1656 4621 1686 4659 a
1717 4603 1851 4661 resi-

2013 2137 2160 2177 thv.
2203 2119 2410 2176 Exaudi
2436 2134 2557 2186 nos,
2596 2117 2741 2175 Deus
2767 2118 3009 2176 salvator
3036 2126 3243 2175 noster.

2016 2230 2136 2269 va.
2179 2213 2369 2269 Omnis
2399 2218 2544 2268 terra
2591 2212 2781 2268 adoret
2801 2222 2859 2268 et
2883 2221 3046 2269 canet
3089 2212 3209 2277 tibi,
3238 2220 3401 2267 canet
3442 2226 3535 2265 no-

1943 2306 2076 2362 mini
2108 2312 2220 2360 tuo.
2246 2302 2553 2360 Benedicite
2593 2300 2770 2374 populi
2800 2302 2913 2358 Deo
2941 2310 3150 2370 nostro,
3197 2310 3255 2358 et
3291 2303 3533 2358 auditam

1944 2396 2106 2453 facite
2130 2412 2319 2453 vocem
2341 2392 2517 2452 laudis
2538 2391 2673 2464 ejus.
2698 2394 2797 2463 Qui
2824 2394 3009 2466 posuit
3027 2394 3265 2450 animam
3291 2401 3534 2449 nostram

1944 2488 2002 2544 in
2046 2489 2174 2544 vita.
2231 2487 2581 2553 Benedictus,
2637 2488 2729 2557 qui
2786 2499 2897 2542 non
2943 2484 3168 2543 abstulit
3229 2482 3533 2541 orationem

1943 2593 2142 2644 meam,
2174 2586 2231 2633 et
2256 2578 2685 2633 misericordiam
2716 2587 2863 2632 tuam
2891 2594 2921 2633 a
2948 2593 3056 2634 me.

2014 2686 2157 2725 var.
2199 2669 2343 2724 Deus
2370 2670 2693 2725 misereatur
2723 2670 2926 2735 nostri,
2953 2679 3010 2725 et
3031 2669 3318 2724 benedicat
3345 2666 3499 2723 nobis
3517 2710 3531 2731 ,

1944 2761 2178 2817 illustret
2224 2760 2421 2815 faciem
2465 2776 2620 2815 suam
2649 2776 2815 2832 super
2863 2776 2979 2816 nos.
3031 2761 3326 2816 Benedicat
3379 2761 3536 2815 nobis

1944 2852 2108 2918 Deus,
2139 2851 2283 2907 Deus
2312 2859 2517 2916 noster,
2544 2852 2829 2907 benedicat
2856 2853 3009 2907 nobis
3035 2853 3197 2908 Deus.

2013 2961 2180 3000 vau.
2210 2944 2478 3016 Exsurgat
2504 2944 2667 3010 Deus,
2693 2951 2750 3001 et
2772 2946 3371 3016 disperganturinimiei
3391 2945 3531 3017 ejus,

1944 3046 2001 3095 et
2025 3038 2237 3111 fugiant
2258 3039 2350 3109 qui
2379 3040 2610 3094 oderunt
2635 3054 2760 3094 eum
2787 3053 2817 3093 a
2848 3039 2989 3093 facie
3015 3039 3154 3110 ejus.
3180 3036 3319 3094 Justi
3351 3050 3532 3095 autem

1944 3132 2192 3187 laetentur
2218 3138 2274 3186 et
2302 3130 2574 3186 exsultent
2596 3131 2650 3186 in
2680 3140 2975 3201 conspectu
3014 3130 3132 3197 Dei,
3162 3130 3437 3201 gaudeant
3476 3132 3532 3186 iu

1945 3224 2153 3279 laatitia.

2017 3330 2207 3371 vam.
2229 3314 2436 3370 Exaudi
2468 3329 2574 3379 me,
2605 3314 2854 3380 Domine,
2879 3316 3137 3384 quoniam
3166 3316 3309 3371 bona
3338 3324 3422 3371 est
3443 3316 3539 3369 mi-

1947 3408 2243 3464 sericordia
2261 3418 2350 3463 tua
2368 3426 2383 3473 ;
2405 3408 2701 3464 secundum
2717 3408 3111 3463 multitudinem
3128 3410 3539 3464 miserationum

1946 3509 2160 3556 tuarum
2186 3502 2394 3573 respice
2422 3502 2489 3555 ad
2512 3516 2618 3555 me.
2645 3501 2713 3555 Et
2742 3517 2810 3556 ne
2836 3501 3145 3558 abscondas
3174 3502 3367 3558 faciem
3392 3511 3538 3556 tuam

1945 3606 1977 3645 a
2003 3606 2161 3646 servo
2207 3600 2318 3657 tuo,
2351 3593 2605 3662 quoniam
2640 3593 2883 3659 tribulor,
2923 3594 3034 3649 cito
3062 3594 3259 3649 exaudi
3288 3610 3395 3649 me.
3439 3594 3535 3649 Acv

1945 3683 2077 3738 cede
2118 3682 2186 3737 ad
2232 3684 2471 3737 animam
2517 3698 2716 3749 meam,
2767 3693 2824 3739 et
2869 3686 3075 3740 redime
3121 3700 3243 3739 eam
3274 3703 3286 3738 :
3319 3693 3542 3755 propter

1946 3773 2193 3829 inimicos
2240 3789 2391 3831 meos
2436 3774 2606 3832 libera
2659 3790 2763 3831 me.
2800 3775 2958 3831 Salus
3003 3785 3119 3840 tua,
3150 3777 3312 3843 Deus,
3348 3791 3538 3833 susce-

1948 3866 2032 3937 pit
2057 3882 2163 3923 me.
3400 3870 3403 3871 '

2017 3974 2162 4039 LXIX:
2202 3959 2366 4025 Deus,
2398 3970 2459 4016 ut
2487 3962 2685 4018 liberes
2723 3978 2831 4027 me,
2876 3961 3125 4028 Domine,
3175 3970 3238 4017 ut
3262 3960 3541 4018 auxilieris

1944 4052 2080 4107 mihi
2107 4052 2324 4109 festina.
2354 4054 2640 4110 Gaudeant
2665 4066 2721 4110 et
2748 4055 3000 4111 laetentur
3026 4056 3082 4109 in
3114 4063 3167 4110 te
3197 4070 3408 4119 omnes,
3446 4054 3538 4123 qui

1946 4151 2195 4213 quaerunt
2218 4150 2288 4199 te.
2320 4143 2432 4215 Ego
2459 4153 2639 4202 autem
2669 4160 2873 4216 egenus
2917 4156 2975 4201 et
2998 4161 3234 4215 pauper;
3268 4145 3429 4211 Deus,
3458 4146 3537 4203 fe-

1948 4239 2089 4295 stina
2131 4254 2230 4309 pro
2258 4255 2364 4294 me.
2396 4238 2669 4295 Auxilium
2695 4255 2875 4295 meum
2904 4248 2961 4296 et
2990 4240 3233 4295 salvator
3259 4256 3411 4295 meus
3429 4283 3442 4307 ,
3482 4250 3539 4297 tu

1950 4330 2195 4396 Domine,
2228 4347 2299 4387 ne
2324 4333 2573 4389 moreris.

2018 4438 2144 4477 Lxx.
2184 4422 2245 4476 In
2284 4432 2358 4489 te,
2407 4422 2653 4489 Domine,
2704 4424 2942 4493 speravi,
2971 4439 3081 4479 non
3128 4423 3431 4478 eonfundar
3478 4424 3533 4478 in

1949 4525 2211 4573 aeternum
2253 4517 2355 4571 :in
2406 4517 2618 4588 jnstitia
2664 4526 2757 4573 tua
2788 4533 2918 4574 erue
2952 4532 3061 4584 me,
3107 4525 3164 4573 et
3201 4518 3373 4572 libera
3428 4533 3539 4572 me.

1952 4607 2155 4662 lnclina
2185 4608 2251 4663 ad
2282 4623 2367 4663 me
2384 4622 2570 4663 aurem
2594 4617 2761 4674 tuam,
2789 4618 2848 4665 et
2874 4608 3024 4664 salva
3050 4624 3155 4664 me.
3181 4608 3325 4664 Deus
3352 4624 3529 4675 meus,

258 4703 532 4759 stentibus
559 4702 690 4756 mihi
728 4710 947 4772 protege
992 4716 1096 4754 me.
1132 4698 1527 4754 Fortitudinem
1571 4713 1747 4753 meam
1779 4697 1847 4752 ad
1875 4734 1928 4796 ο
1952 4699 2101 4756 salva
2123 4714 2211 4755 me
2235 4699 2478 4755 demanu
2504 4700 2759 4769 impii,de
2786 4714 2948 4754 manu
2970 4699 3143 4770 iniqui
3173 4708 3229 4754 et
3250 4700 3533 4766 nocentis;

216 4788 219 4789 ν
259 4804 317 4851 te
344 4797 593 4851 servabo.
622 4792 883 4860 Quoniam
922 4803 999 4859 tu,
1048 4792 1209 4857 Deus,
1253 4792 1492 4847 elevator
1539 4806 1707 4855 meus,
1749 4790 1846 4846 Dei

261 4887 368 4941 mei
412 4884 783 4939 misericordia
815 4883 1107 4952 prmveniet
1148 4897 1254 4935 me.
1290 4879 1557 4948 Quoniam
1587 4879 1762 4933 factus
1789 4894 1849 4934 es

264 4976 524 5031 fortitudo
554 4984 703 5037 mea,
743 4983 798 5027 et
848 4973 1110 5044 refugium
1147 4988 1325 5027 meum
1354 4973 1409 5026 in
1438 4972 1524 5026 die
1550 4970 1851 5025 tribulatio-

262 5070 352 5125 nis
375 5083 529 5122 meae.
557 5067 677 5122 Tibi
723 5067 953 5120 cantabo
980 5066 1234 5134 quoniam
1263 5064 1408 5119 Deus
1438 5063 1652 5133 adjutor
1678 5077 1849 5127 meus,

264 5162 527 5218 fortitudo
555 5176 695 5225 mea,
735 5160 877 5213 Deus
904 5158 1273 5214 misericordia
1305 5173 1444 5211 mea.

335 5269 445 5307 ιιι.
476 5251 553 5305 Da
585 5252 741 5305 nobis
768 5249 1024 5304 auxilium
1065 5250 1118 5303 in
1165 5247 1532 5312 tribulatione,
1584 5261 1720 5300 vana
1767 5255 1849 5300 est

264 5346 408 5399 enim
439 5344 585 5399 salus
610 5343 678 5397 ab
708 5343 943 5396 homine.
976 5341 1030 5395 ln
1066 5340 1176 5396 Deo
1204 5340 1463 5396 faciemus
1490 5341 1766 5403 virtutem,
1795 5347 1849 5393 et

267 5436 383 5504 ipse
417 5433 753 5489 conculcabit
781 5432 1099 5501 tribulantes
1127 5447 1246 5485 nos.

337 5543 425 5581 ιι.
467 5526 697 5589 Exaudi,
746 5526 921 5589 Deus,
967 5523 1330 5581 laudationem
1377 5538 1584 5577 meam:
1630 5520 1848 5575 intende

262 5615 496 5673 orationi
544 5631 697 5671 meae.
730 5615 806 5670 De
838 5614 1131 5670 novissimo
1182 5622 1342 5668 terra:
1378 5613 1445 5667 ad
1495 5622 1547 5665 te
1576 5612 1843 5675 clamabo,

264 5723 391 5765 cum
418 5707 574 5764 triste
616 5707 781 5763 fuerit
815 5703 910 5761 eor
936 5722 1133 5761 meum.
1166 5704 1301 5760 Cum
1348 5703 1505 5760 fortis
1551 5703 1853 5757 elevabitur

264 5804 550 5858 adversum
588 5816 697 5867 me,
722 5811 777 5855 tu
805 5802 916 5855 eris
939 5800 1127 5854 ductor
1173 5814 1340 5853 mens.
1368 5798 1480 5869 99
1524 5796 1692 5851 Fuisti
1729 5812 1851 5865 spes

265 5911 412 5961 mea,
444 5895 612 5950 turris
642 5894 999 5949 munitissima
1030 5909 1058 5946 a
1088 5892 1223 5947 facie
1253 5890 1477 5945 inimici.
1502 5889 1765 5945 Habitabo
1792 5891 1847 5943 in

267 5987 619 6043 tabernaculo
649 5995 739 6042 tuo
758 6027 771 6053 ,
796 5986 999 6057 jugiter
1028 5986 1256 6057 sperabo
1294 5983 1347 6038 in
1376 5983 1707 6054 protectionc
1737 5982 1845 6037 ala-

1949 4794 2076 4864 quia
2108 4802 2163 4848 tu
2192 4809 2252 4849 es
2286 4793 2619 4863 exspectatio
2646 4808 2786 4858 mea,
2826 4792 3068 4848 Domine.
3104 4792 3267 4857 Deus,
3307 4809 3376 4847 ne
3397 4792 3542 4850 elon-

1950 4884 2095 4955 geris
2124 4899 2154 4937 a
2185 4899 2310 4939 me:
2345 4884 2507 4948 Deus,
2533 4883 2599 4937 ad
2631 4883 2999 4937 auxiliandum
3029 4882 3161 4937 mihi
3194 4882 3412 4938 festina.

2023 4990 2166 5030 Lxxr.
2208 4974 2325 5029 Erit
2354 4990 2551 5028 nomen
2584 4982 2735 5027 tuum
2767 4974 2820 5029 in
2852 4984 3135 5041 aeternum,
3170 4974 3311 5028 ultra
3348 4974 3536 5041 solem,

1952 5066 2327 5137 perseverabit
2355 5080 2553 5119 nomen
2583 5074 2752 5118 tuum.

2028 5173 2197 5211 Lxxn.
2242 5155 2369 5208 Mihi
2401 5165 2581 5209 autem
2612 5156 3046 5225 appropinquare
3069 5156 3181 5211 Deo
3210 5157 3411 5212 bonum
3433 5166 3538 5223 est,

1951 5249 2107 5321 posui
2139 5250 2193 5303 in
2223 5248 2454 5303 Domino
2486 5248 2595 5303 Deo
2630 5264 2781 5318 spem
2809 5264 3003 5303 meam.

2023 5357 2210 5397 uxr".
2239 5341 2380 5395 Deus
2408 5350 2587 5395 autem
2629 5354 2724 5393 rex
2754 5355 2906 5395 meus
2946 5341 3015 5395 ab
3042 5340 3217 5395 initio.
3250 5340 3329 5396 Ne
3358 5342 3545 5399 tradas

1952 5432 2140 5487 bestiis
2181 5433 2418 5487 animam
2467 5432 2735 5486 eruditam
2777 5430 2892 5502 lege
2921 5438 3011 5484 tua
3045 5450 3055 5483 :
3090 5432 3215 5485 vitae
3243 5446 3540 5502 pauperum

1953 5534 2165 5579 tuorum
2195 5540 2261 5578 ne
2289 5524 2623 5580 obliviscaris
2650 5525 2705 5578 in
2732 5532 3073 5593 perpetuum.

2024 5632 2206 5671 Lxxrv.
2248 5616 2362 5685 Ego
2412 5625 2595 5671 autem
2648 5614 2986 5671 annuntiabo
3032 5615 3087 5669 in
3119 5617 3533 5685 sempiternum,

1952 5707 2185 5762 cantabo
2215 5707 2324 5761 Deo
2349 5707 2534 5762 Jacob.

2022 5816 2183 5855 Lxxv.
2218 5799 2354 5853 Cum
2405 5800 2707 5855 surrexerit
2755 5800 2823 5854 ad
2866 5799 3222 5870 iudicandum
3268 5798 3433 5864 Deus,
3485 5807 3546 5856 ut

1950 5893 2129 5955 salvos
2160 5890 2324 5946 faciat
2347 5906 2537 5947 omnes
2561 5893 2723 5947 mites
2757 5901 2934 5947 terrm.
3470 5955 3475 5961 Δ

2022 6000 2200 6038 Lxxvi.
2244 5983 2387 6038 Voce
2415 5998 2531 6039 mea
2560 5984 2626 6040 ad
2657 5982 2943 6041 Dominum
2975 5983 3236 6049 clamavi;
3267 5998 3399 6039 voce
3421 5996 3543 6039 mea
