4112 6584
562 349 674 410 5Ἱ5

559 464 630 521 ad
670 460 980 524 Dominum,
1022 465 1079 512 et
1119 452 1400 510 exaudivit
1437 467 1543 506 me.
1572 450 1632 506 ιη
1669 449 1756 505 die
1796 444 2164 502 tribulationis
2191 447 2241 502 Α

559 566 700 611 mea;
722 550 896 606 Deum
925 547 1206 618 requisivi.

576 681 581 687 -
635 660 842 703 xxxvii.
871 642 993 713 Ipse
1017 655 1150 696 vero
1177 637 1489 694 misericors
1512 632 1840 706 pr0pitiatur
1867 629 2159 701 iniquitati,

560 749 756 799 etnon
785 737 1082 811 disperdet.

634 810 880 890 Lxxvm.
905 828 982 885 Nc
1007 826 1311 884 recorderis
1339 824 1687 895 iniquitatum
1727 827 2042 874 nostrarum
2080 810 2170 870 κτο-

565 933 761 980 terum.
785 923 906 980 Cito
951 919 1254 989 anticipent
1298 933 1396 972 nos
1431 913 1818 970 misericordia:
1860 923 1996 975 tum,
2037 909 2167 980 quia

564 1013 833 1070 attenuati
865 1025 1055 1068 sumus
1092 1009 1276 1064 nimis.
1308 1005 1587 1061 Auxiliare
1626 1002 1802 1068 nobis,
1833 1001 1976 1056 Deus
2005 998 2168 1055 Jesus

567 1114 778 1170 noster,
807 1112 1031 1176 propter
1052 1102 1282 1175 gloriam
1309 1100 1548 1154 nominis
1572 1097 1667 1160 tui,
1687 1104 1745 1151 et
1765 1095 1934 1150 libera
1957 1109 2077 1149 nos.
2104 1093 2172 1148 Et

564 1199 866 1272 propitiare
891 1196 1131 1268 peccatis
1157 1194 1362 1249 nostris
1392 1198 1612 1262 propter
1644 1203 1844 1244 nomen
1871 1199 2044 1242 tuum.

641 1309 826 1349 Lxxix.
897 1290 1117 1346 Suscita
1174 1286 1549 1342 fortitudinem
1601 1292 1772 1346 tuam,
1815 1289 1872 1335 et
1907 1280 2034 1334 veni
2069 1298 2080 1334 :
2112 1285 2176 1333 ut

567 1383 753 1440 salvos
781 1382 953 1439 facias
972 1397 1090 1437 nos.
1117 1380 1349 1435 Domine
1369 1377 1514 1433 Deus
1537 1377 1897 1440 exercituum,
1914 1381 2175 1430 converte

571 1493 692 1544 nos,
724 1487 780 1534 et
806 1476 1035 1533 ostende
1067 1475 1262 1529 faciem
1293 1481 1462 1536 tuam,
1495 1479 1551 1526 et
1577 1471 1711 1525 salvi
1741 1469 1967 1525 erimus.

642 1586 806 1627 Lxxx.
850 1569 1094 1625 Laudate
1121 1567 1443 1628 Dominum,
1477 1562 1853 1618 fortitudinem
1905 1567 2172 1615 nostram.

647 1679 834 1719 LXXXI.
877 1661 1128 1716 Judieate
1161 1658 1386 1729 pauperi
1419 1665 1474 1712 et
1495 1655 1716 1726 pupillo,
1743 1669 1917 1725 egeno
1942 1661 1997 1708 et
2029 1651 2177 1722 inopi

563 1753 712 1822 juste
739 1753 921 1808 facite.
970 1750 1192 1805 Salvate
1223 1749 1473 1819 inopem;
1503 1754 1560 1801 et
1582 1760 1882 1817 pauperem
1915 1746 1983 1800 de
2009 1758 2176 1798 manu

575 1845 869 1916 impiorum
900 1843 1148 1898 liberate.

651 1952 861 1992 uxxn.
904 1935 1068 1999 Deus,
1121 1951 1190 1989 ne
1223 1942 1429 1996 taceas,
1476 1948 1547 1987 ne
1575 1931 1760 1995 sileas,
1793 1939 1849 1985 et
1881 1944 1992 1984 non
2032 1931 2183 1999 quie-

572 2044 721 2094 scas,
745 2029 907 2084 Deus.
933 2027 1003 2082 Et
1031 2028 1213 2082 sciunt
1238 2025 1356 2098 [F.,
1386 2024 1611 2096 sciant],
1645 2024 1771 2095 quia
1801 2037 2000 2077 nomen
2029 2029 2180 2076 tuum

571 2128 680 2184 est,
699 2119 948 2184 Domine,
971 2120 1119 2174 solus
1153 2128 1210 2173 tu
1236 2118 1488 2175 excelsus
1516 2133 1683 2187 super
1710 2131 1928 2171 omnem
1952 2123 2176 2170 terram.

650 2231 880 2271 Lxxxiu.
927 2214 1154 2269 Domine
1180 2213 1326 2269 Deus
1353 2213 1713 2274 exercituum,
1755 2209 1950 2264 exaudi
1982 2208 2183 2264 oratio-

576 2320 705 2363 nem
735 2320 916 2361 meam
941 2325 953 2359 :
984 2305 1214 2360 Domine
1240 2305 1606 2370 exercituum,
1636 2304 1834 2359 beatus
1871 2302 2055 2367 homo,
2087 2300 2182 2371 qui

588 2399 819 2457 conﬁdit
848 2399 903 2454 in
940 2407 1010 2454 te.

660 2493 821 2564 100
857 2507 1075 2546 LXXXIV.
1101 2489 1372 2546 Converte
1400 2503 1502 2544 nos
1529 2486 1688 2543 Iesus
1719 2493 1925 2549 noster,
1955 2493 2012 2541 et
2034 2482 2185 2539 solve

584 2581 724 2642 iram
756 2591 906 2639 tuam
929 2582 1218 2638 adversum
1246 2596 1369 2636 nos.
1394 2580 1512 2636 Noli
1541 2581 1598 2634 in
1626 2588 1888 2633 aeternum
1913 2576 2075 2631 irasci
2089 2589 2190 2630 no-

583 2676 690 2733 bis.
728 2674 971 2732 Ostende
1020 2675 1199 2740 nobis,
1247 2672 1498 2739 Domine,
1536 2668 1969 2726 misericordiam
2010 2674 2183 2734 tuam,

581 2776 643 2825 et
665 2767 907 2824 salutare
936 2774 1088 2822 tuum
1116 2765 1184 2820 da
1216 2765 1395 2819 nobis.

659 2873 861 2915 xxxxv.
901 2855 1129 2921 lnclina,
1176 2853 1424 2918 Domine,
1461 2869 1650 2909 aurem
1680 2860 1853 2916 tuam,
1881 2858 1938 2907 et
1986 2851 2186 2907 exaudi

592 2964 716 3006 me:
748 2950 878 3021 quia
900 2963 1104 3020 egenus
1134 2955 1190 3002 et
1218 2961 1427 3017 pauper
1451 2960 1554 3016 ego
1583 2959 1724 2999 sum.
1761 2941 2019 2998 Miserere
2057 2941 2184 3008 mei,

591 3040 842 3106 Domine,
891 3039 1148 3109 quoniam
1194 3037 1264 3092 ad
1295 3044 1348 3092 te
1378 3036 1626 3091 clamabo
1655 3042 1769 3089 tota
1812 3031 1916 3088 die.
1951 3031 2188 3086 Laatiﬁca

590 3136 830 3190 animam
861 3132 1003 3186 servi
1027 3130 1127 3194 tui,
1147 3131 1273 3199 quia
1303 3127 1370 3182 ad
1399 3135 1452 3183 te
1477 3127 1714 3181 animam
1741 3139 1918 3181 meam
1941 3123 2082 3178 levo.
2106 3121 2186 3177 Tu

1414 339 1474 394 Β.
1514 336 1577 391 F.
1617 330 1844 390 ALBlNl
1883 327 2016 386 εει]
2055 325 2336 383 Αιουικι
2373 320 2658 381 OPERliM
2696 316 2876 376 PARS
2909 316 3001 374 IV.

3769 307 3881 364 57G

2341 454 2470 492 xc".
2511 436 2848 491 Testimonia
2878 441 2971 487 tua
3002 428 3180 485 ﬁdelia
3210 427 3351 484 facta
3379 436 3508 484 sunt
3533 426 3728 483 nimis.

2337 545 2489 587 xcm.
2532 526 2904 583 Misericordia
2931 533 3021 578 tua
3044 519 3515 586 sustentabatme.

2335 640 2481 680 xciv.
2535 621 2748 685 Venite,
2782 618 3075 673 adoremus
3122 624 3177 670 et
3201 628 3510 670 curvemur.
3556 611 3886 667 Flectamus

2265 732 2442 790 genua
2484 724 2610 769 ante
2657 713 2852 768 faciem
2911 710 3128 765 Domini
3181 708 3406 763 factoris
3462 705 3644 762 nostri
3696 700 3885 773 :quia

2268 808 2383 879 ipse
2408 815 2494 862 est
2521 805 2784 860 Dominus
2819 804 2963 857 Deus
2998 810 3207 856 noster.

2340 919 2461 958 xcv.
2500 901 2684 957 Gloria
2712 908 2767 954 et
2797 899 2964 953 decor
2999 904 3126 951 ante
3163 895 3372 949 vultum
3410 891 3547 962 ejus.

2342 1011 2486 1050 xcvr.
2528 993 2630 1061 Qui
2659 990 2882 1060 diligitis
2913 989 3224 1052 Dominum,
3258 985 3405 1041 odite
3436 983 3667 1048 malum,
3699 987 3896 1036 custo-

2273 1087 2354 1143 dit
2383 1085 2595 1140 animas
2627 1092 2941 1138 sanctorum
2977 1093 3202 1135 suorum
3231 1096 3243 1131 :
3283 1077 3352 1134 de.
3375 1090 3540 1131 manu
3579 1073 3892 1143 impiorum

2274 1187 2430 1237 eruet
2457 1193 2572 1234 80$.

2348 1289 2513 1329 xcvu.
2556 1271 2901 1326 Recordatus
2928 1275 3013 1324 est
3043 1265 3433 1323 misericordia:
3463 1278 3595 1319 suae.
3626 1261 3704 1319 Et
3739 1258 3898 1316 exal-

2279 1376 2390 1423 tate
2413 1366 2704 1422 Dominum
2734 1365 2907 1420 Dcum
2937 1370 3204 1418 nostrum.

2350 1473 2537 1512 xcvnt.
2577 1456 2793 1512 Servite
2853 1451 3085 1509 Domino
3142 1453 3198 1507 in
3258 1450 3466 1504 laetitia.
3528 1444 3899 1520 lngredimini

2279 1564 2463 1605 coram
2499 1564 2565 1603 eo
2595 1549 2649 1602 in
2679 1547 2856 1602 laude.

2352 1657 2499 1698 xeix.
2545 1639 2773 1705 Scitote,
2808 1639 3070 1709 quoniam
3121 1634 3385 1692 Dominus
3413 1633 3530 1703 ipse
3561 1637 3651 1688 est
3692 1629 3851 1685 Deus
3882 1647 3894 1681 :

2285 1737 2399 1807 ipse
2431 1735 2560 1790 fecit
2589 1747 2712 1799 nos,
2750 1740 2807 1787 et
2835 1732 3005 1803 ipsius
3034 1745 3240 1786 sumus.

2354 1847 2405 1886 c.
2449 1827 2880 1885 Misericordiam
2913 1833 2971 1880 et
3009 1824 3272 1896 judicium
3325 1820 3562 1876 cantabo
3600 1817 3725 1882 tibi,
3787 1814 3900 1869 Do-

2283 1920 2450 1985 mine,
2505 1918 2733 1989 psallam
2784 1925 2839 1972 et
2863 1914 3083 1970 erudiar
3125 1914 3180 1967 in
3217 1913 3303 1967 via
3359 1908 3623 1983 perfecta,
3663 1902 3900 1978 quando

2286 2012 2478 2066 venias
2511 2011 2577 2064 ad
2607 2026 2715 2065 me.

2354 2118 2425 2158 Cl.
2464 2101 2714 2167 Domine,
2751 2098 2949 2155 exaudi
2999 2097 3306 2152 orationem
3355 2107 3558 2159 meam,
3594 2099 3653 2147 et
3684 2090 3906 2147 clamor

2285 2212 2440 2252 meus
2472 2196 2538 2251 ad
2573 2205 2627 2251 te
2672 2196 2875 2251 veniat.
2915 2191 2995 2249 Ne
3049 2192 3355 2247 abscondas
3404 2188 3603 2245 faciem
3661 2195 3821 2242 tuam
3871 2199 3901 2238 a

2288 2305 2395 2344 me.
2425 2291 2486 2344 ln
2521 2291 2608 2345 die
2643 2287 3007 2344 trilmlationis
3036 2301 3172 2343 mea:
3207 2284 3407 2341 inclina
3453 2283 3523 2338 ad
3573 2297 3662 2336 me
3699 2295 3898 2336 aurem

2291 2389 2457 2436 tuam.
2511 2381 2572 2435 In
2603 2392 2929 2452 quacunque
2963 2378 3050 2434 die
3111 2379 3439 2434 invocavero
3487 2382 3541 2430 te
3577 2414 3592 2440 ,
3637 2371 3906 2428 velociter

2291 2472 2487 2526 exaudi
2520 2485 2626 2526 me.

2361 2578 2451 2617 cn.
2491 2562 2745 2627 Benedic,
2779 2561 2962 2616 anima
2987 2575 3131 2625 mea,
3155 2558 3407 2623 Domino,
3426 2565 3483 2612 et
3507 2554 3616 2610 noli
3643 2552 3900 2609 oblivisci

2287 2656 2533 2712 omnium
2567 2655 2990 2711 retributionum
3025 2652 3164 2723 ejus.
3191 2650 3296 2718 Qui
3329 2649 3656 2721 pmpitiatur
3678 2652 3739 2702 in
3764 2662 3898 2701 cun-

2290 2747 2393 2803 ctis
2419 2746 2800 2818 iniquitatibus
2831 2765 2842 2800 :
2879 2753 2937 2801 et
2957 2751 3119 2800 sanat
3143 2757 3334 2799 omnes
3365 2740 3715 2797 inﬁrmitates
3745 2745 3890 2793 tuas.

2289 2839 2394 2906 Qui
2422 2840 2654 2896 redimet
2679 2841 2746 2895 de
2777 2839 3129 2910 corruptione
3160 2837 3331 2891 vitam
3369 2845 3537 2900 tuam,
3576 2841 3633 2890 et
3662 2839 3901 2889 coronat

2291 2941 2345 2988 te
2373 2934 2427 2988 in
2458 2933 2833 2989 misericordia
2863 2941 2920 2987 et
2944 2929 3389 2986 miserationibus

2362 3046 2476 3085 cui.
2517 3029 2752 3086 Benedic
2789 3030 2972 3083 anima
3017 3041 3138 3083 mea
3174 3025 3444 3081 Domino:
3481 3021 3711 3078 Domine
3750 3019 3897 3076 Deus

2295 3139 2468 3189 meus,
2495 3122 2879 3194 magnificatus
2901 3137 2960 3177 es
2993 3121 3175 3176 nimis.
3209 3117 3391 3175 Gloria
3417 3123 3474 3171 et
3507 3115 3702 3171 decore
3741 3111 3897 3169 indu-

591 3227 739 3282 enim
767 3240 850 3291 es,
879 3222 1126 3286 Domine,
1159 3194 1338 3275 bonus
1366 3228 1422 3275 et
1445 3218 1806 3291 propitiabilis
1842 3237 1853 3271 :
1887 3226 1944 3274 et
1984 3216 2189 3272 multus
2219 3194 2264 3257 (ἶ
2299 3227 2388 3273 tus
2409 3233 2491 3273 es.
2527 3217 2609 3271 Sit
2640 3217 2810 3288 gloria
2849 3215 3063 3271 Domini
3117 3215 3172 3269 in
3205 3212 3597 3283 sempiternum
3636 3226 3649 3260 :
3689 3206 3892 3263 tutabi-

592 3315 971 3372 misericordia
999 3313 1278 3378 omnibus,
1308 3311 1403 3382 qui
1432 3311 1691 3367 invocant
1715 3317 1785 3364 te.
1823 3308 2064 3372 Exaudi,
2097 3305 2202 3361 Do-

591 3408 762 3473 mine,
793 3405 1097 3462 orationem
1115 3419 1295 3458 meam
1320 3423 1332 3456 :
1364 3411 1420 3458 et
1447 3401 1694 3456 ausculta
1725 3414 1918 3455 vocem
1939 3399 2200 3470 depreca—

595 3503 807 3558 tionum
833 3515 1096 3558 mearum.
1131 3499 1192 3555 ln
1224 3499 1313 3554 die
1349 3497 1715 3554 tribulationis
1768 3510 1902 3550 meae
1931 3492 2201 3550 invocabo

595 3599 673 3660 te,
698 3594 826 3664 quia
856 3591 1115 3648 exaudies
1129 3607 1233 3647 me.
1265 3590 1409 3645 Doce
1436 3603 1543 3655 me,
1561 3589 1808 3653 Domine,
1833 3587 1979 3642 viam
2003 3595 2151 3641 tuam
2184 3604 2196 3639 :

600 3693 664 3743 ut
690 3687 960 3743 ambulem
990 3687 1046 3741 in
1073 3687 1303 3743 veritate
1334 3692 1446 3739 tua.
1481 3682 1710 3739 Unicum
1743 3680 1828 3735 fac
1859 3696 1956 3737 cor
1995 3694 2198 3744 meum,

600 3787 666 3837 ut
686 3781 877 3837 timeat
903 3794 1102 3835 nomen
1131 3787 1303 3834 tuum.
1330 3775 1643 3833 Conﬁtebor
1672 3775 1788 3841 tibi,
1817 3772 2047 3829 Domine
2059 3771 2204 3826 Deus

601 3888 780 3940 meus,
805 3874 862 3928 in
893 3881 1008 3929 toto
1032 3873 1197 3928 corde
1221 3887 1344 3926 meo
1371 3889 1384 3924 :
1408 3877 1467 3926 et
1489 3867 1805 3940 gloriﬁcabo
1829 3882 2026 3922 nomen
2051 3874 2204 3921 tuum

591 3967 662 4022 'in
689 3966 1100 4036 sempiternum.
1138 3964 1218 4020 Tu
1258 3972 1463 4031 autem,
1511 3961 1758 4026 Domine,
1802 3960 1946 4014 Deus
1993 3959 2209 4014 miscri-

604 4078 730 4119 cors
749 4069 807 4118 et
830 4063 1090 4126 clemens,
1119 4059 1335 4131 respice
1365 4059 1432 4112 ad
1457 4072 1564 4121 me,
1589 4063 1646 4111 et
1666 4056 1930 4110 miserere
1960 4054 2063 4108 mei
2093 4072 2103 4106 :
2136 4054 2205 4108 da

609 4155 983 4212 fortitudinem
1029 4171 1191 4210 servo
1235 4163 1347 4218 tuo,
1377 4161 1432 4207 et
1453 4152 1604 4207 salva
1634 4149 1799 4204 ﬁliam
1846 4149 2055 4204 ancillae
2079 4158 2201 4204 tuae.

610 4247 721 4302 Fac
746 4263 958 4303 mecum
986 4247 1201 4318 signum
1230 4247 1284 4300 in
1312 4246 1577 4308 bonitate,
1603 4252 1660 4298 et
1686 4243 1928 4301 audiant,
1963 4242 2054 4312 qui
2085 4242 2207 4296 ode-

611 4351 744 4396 runt
785 4356 893 4407 me,
942 4348 999 4394 et
1025 4337 1449 4394 confundantur.
1484 4337 1619 4402 Quia
1660 4343 1736 4399 tu,
1781 4333 2026 4400 Domine,
2060 4333 2209 4387 auxi-

610 4431 774 4487 liatus
801 4446 861 4486 es
888 4430 1041 4496 mihi,
1073 4438 1130 4484 et
1152 4427 1471 4485 consolatus
1501 4442 1560 4481 es
1590 4441 1694 4480 me.

687 4538 908 4578 Lxxxvt.
948 4521 1018 4576 Et
1071 4518 1392 4584 cantabunt,
1444 4516 1600 4588 quasi
1653 4516 1707 4569 in
1760 4514 1963 4578 choris,
2019 4528 2210 4569 omnes

612 4616 788 4674 fortes
816 4616 923 4670 mei
952 4614 1005 4669 in
1041 4622 1113 4668 te.

686 4725 926 4766 Lxxxvu.
989 4707 1328 4778 lngrediatur
1353 4711 1482 4758 ante
1506 4711 1561 4757 te
1586 4701 1762 4756 oratio
1787 4715 1906 4754 mea
1955 4719 1964 4752 :
2001 4698 2210 4755 inclina

617 4820 806 4862 aurem
838 4812 985 4859 tuam
1007 4801 1073 4855 ad
1101 4798 1467 4855 laudationem
1491 4810 1689 4850 meam.
1715 4793 1827 4862 Ego
1849 4800 2030 4846 autem
2054 4793 2119 4845 ad
2137 4801 2208 4856 te,

619 4898 868 4960 Domine,
899 4894 1131 4950 clamavi
1158 4911 1169 4944 :
1204 4900 1259 4945 et
1279 4902 1440 4943 mane
1469 4887 1646 4941 oratio
1677 4899 1797 4938 mea
1822 4883 2117 4953 praeveniet
2140 4891 2209 4934 te.

696 5005 958 5047 Lxxxvm.
1000 4986 1415 5043 Conﬁtebuntur
1468 4979 1592 5034 είκιὶ
1641 4977 1906 5032 mirabilia
1957 4984 2068 5039 tua,
2112 4974 2216 5031 Do-

624 5087 770 5142 mine
821 5103 832 5136 :
885 5076 1257 5136 misericordia
1307 5083 1362 5129 et
1413 5073 1615 5128 veritas
1668 5069 1979 5141 praecedent
2025 5067 2219 5122 faciem

628 5189 797 5234 tuam.

702 5283 924 5325 uxxrx.
965 5266 1242 5334 Appareat
1268 5258 1407 5329 apud
1438 5271 1627 5312 servos
1659 5264 1780 5309 tuos
1809 5269 1945 5325 opus
1977 5261 2147 5316 tuum,
2171 5258 2229 5304 et

629 5360 800 5433 gloria
835 5365 924 5411 tua
973 5369 1136 5425 super
1181 5351 1318 5405 ﬁlios
1357 5362 1566 5404 eorum.
1608 5347 1674 5400 Et
1715 5346 1788 5399 sit
1823 5345 1986 5398 decor
2013 5342 2225 5396 Domini

631 5453 728 5509 Dei
769 5451 943 5507 nostri
987 5462 1150 5516 super
1193 5459 1312 5508 nos,
1345 5451 1399 5496 et
1442 5457 1579 5510 opus
1611 5454 1870 5495 manuum
1910 5445 2218 5492 nostrarum

632 5544 916 5603 conﬁrma.

707 5653 790 5692 xc.
835 5634 914 5690 Tu
943 5632 1086 5687 enim
1111 5644 1195 5693 es,
1225 5625 1474 5690 Domine,
1504 5638 1630 5694 spes
1657 5638 1793 5678 mea.

708 5745 815 5786 xei.
856 5725 1123 5795 Quoniam
1184 5719 1469 5777 laetiﬁcasti
1526 5731 1630 5799 me,
1676 5715 1922 5781 Domine,
1967 5712 2020 5769 in
2063 5725 2226 5782 opere

641 5833 752 5876 tuo.

2305 3317 2390 3364 tur
2425 3308 2691 3364 Dominus
2723 3309 2779 3362 in
2805 3307 3062 3377 operibus
3089 3305 3220 3361 suis.

2371 3419 2476 3458 crv.
2503 3401 2739 3470 Quaerite
2769 3401 3084 3467 Dominum,
3110 3407 3168 3455 et
3187 3399 3447 3454 virtutem
3481 3394 3601 3463 ejus
3632 3413 3643 3447 :
3675 3391 3902 3464 quarite

2301 3495 2501 3550 faciem
2537 3494 2656 3564 ejus
2681 3493 2905 3563 jugiter.
2947 3490 3333 3548 Recordamini
3370 3487 3699 3544 mirabilium
3741 3484 3862 3554 ejus
3886 3522 3900 3549 ,

2303 3602 2425 3658 qum
2455 3587 2604 3642 fecit.

2374 3694 2460 3735 cv.
2503 3677 2676 3745 Beati,
2707 3678 2799 3749 qui
2821 3677 3136 3733 custodiunt
3165 3675 3453 3748 judicium,
3490 3681 3548 3729 et
3572 3673 3783 3728 faciunt
3796 3667 3907 3740 jus-

2304 3771 2484 3827 titiam
2533 3771 2589 3824 in
2622 3770 2771 3825 omni
2809 3776 3072 3838 tempore.
3109 3767 3274 3823 Salva
3316 3782 3450 3831 nos,
3491 3763 3720 3819 Domine
3761 3759 3905 3816 Deus

2305 3869 2512 3926 noster,
2547 3871 2608 3916 ut
2637 3861 3002 3916 conﬁteamur
3030 3859 3238 3914 nomini
3270 3865 3464 3914 sancto
3491 3862 3586 3910 tuo
3622 3873 3634 3908 :
3670 3860 3728 3909 et
3751 3865 3907 3906 cana-

2307 3972 2429 4012 mus
2471 3953 2798 4011 laudantes:
2845 3953 3162 4010 benedictus
3193 3951 3458 4008 Dominus
3489 3948 3635 4004 Deus
3661 3944 3847 4002 Israel.

2376 4086 2483 4126 cvr.
2526 4068 2876 4125 Conﬁtemini
2929 4067 3182 4131 Domino,
3226 4065 3487 4136 quoniam
3531 4062 3730 4126 bonus,
3777 4073 3905 4132 quo-

2309 4163 2457 4217 niam
2507 4163 2561 4217 in
2611 4171 2879 4216 attentum
2929 4159 3306 4215 misericordia
3360 4156 3497 4226 ejus.
3559 4152 3905 4212 Conﬁtemini

2310 4255 2541 4310 Domino
2572 4255 2961 4310 misericordia:
2988 4254 3126 4323 ejus,
3159 4260 3216 4308 et
3250 4251 3518 4307 mirabilia
3545 4249 3661 4318 ejus
3688 4250 3743 4304 in
3775 4247 3908 4302 ﬁlios

2312 4351 2609 4407 hominum.
2643 4349 2780 4416 Quia
2820 4348 3088 4405 saturavit
3126 4347 3366 4402 animam
3403 4359 3653 4409 vacuam,
3693 4351 3746 4397 et
3791 4341 3905 4396 ani-

2313 4457 2458 4497 mam
2486 4442 2817 4495 esurientem
2855 4440 3100 4511 implevit
3126 4439 3303 4493 bonis.

2385 4546 2514 4586 evil.
2557 4530 2636 4584 Da
2668 4532 2824 4586 nobis
2859 4531 3120 4586 auxilium
3158 4530 3212 4584 in
3246 4527 3636 4584 tribulatione:
3667 4541 3802 4580 vana
3832 4530 3912 4579 est

2318 4624 2463 4678 enim
2491 4623 2638 4678 salus
2670 4624 2739 4678 ab
2767 4624 3007 4677 homine.
3041 4622 3102 4676 ln
3127 4622 3239 4677 Deo
3269 4621 3476 4675 erimus
3510 4618 3696 4680 fortes,
3724 4625 3778 4670 et
3802 4617 3911 4686 ipse

2319 4716 2664 4774 eonculcabit
2685 4718 2869 4772 hostes
2901 4724 3138 4771 nostros.

2396 4832 2549 4902 101
2592 4847 2741 4886 cvm.
2785 4829 2865 4885 Tu
2910 4838 3091 4886 autem
3141 4827 3286 4884 Deus
3322 4826 3572 4890 Domine,
3609 4823 3692 4880 fac
3737 4837 3910 4879 meum

2323 4933 2542 4996 propter
2573 4940 2771 4981 nomen
2805 4933 2954 4978 tuum
2985 4942 2996 4976 :
3027 4924 3288 4994 quoniam
3318 4922 3462 4977 bona
3496 4929 3581 4975 est
3606 4917 3912 4975 misericor-

2324 5019 2411 5074 dia
2449 5028 2558 5074 ωδ.
2592 5018 2786 5073 Libera
2823 5031 2930 5082 me,
2963 5016 3222 5086 quoniam
3251 5029 3456 5085 egenus
3486 5021 3540 5068 et
3568 5024 3773 5080 pauper
3794 5023 3910 5064 sum

2325 5129 2462 5181 ego:
2495 5113 2687 5183 adjuva
2727 5126 2831 5173 me,
2885 5109 3112 5164 Domine
3142 5108 3284 5162 Deus
3314 5121 3488 5161 meus.
3522 5104 3682 5159 Salva
3711 5117 3794 5156 me
3835 5115 3915 5156 se-

2326 5203 2564 5258 cundum
2608 5201 3042 5259 misericordiam
3081 5208 3248 5255 tuam.

2396 5330 2504 5370 crx.
2549 5313 2838 5369 Dominare
2866 5314 2919 5367 in
2950 5312 3127 5368 medio
3157 5311 3499 5367 inimicorum
3528 5316 3761 5364 tuorum.

2401 5447 2487 5486 cx.
2531 5429 2847 5485 Conﬁtebor
2877 5427 3108 5482 Domino
3141 5427 3195 5480 in
3227 5423 3530 5480 toto.corde
3555 5437 3694 5477 meo.
3739 5418 3915 5480 Gloria

2330 5534 2387 5578 et
2415 5524 2580 5579 decor
2624 5539 2760 5593 opus
2805 5520 2961 5590 ejus:
2991 5535 3128 5590 Opus
3173 5532 3432 5572 manuum
3476 5515 3594 5585 ejus
3640 5514 3840 5571 veritas
3869 5522 3917 5567 et

2326 5616 2609 5685 judicium.
3281 5658 3285 5662 .

2403 5724 2513 5762 cxi.
2556 5706 2755 5761 Beatus
2775 5704 2876 5769 vir,
2907 5703 2998 5773 qui
3029 5701 3183 5756 timet
3214 5699 3500 5755 Dominum
3534 5719 3543 5749 τ
3580 5699 3630 5752 iu
3657 5692 3920 5751 mandatis

2338 5803 2454 5873 ejus
2487 5799 2630 5854 volet
2661 5797 2840 5853 nimis.
2872 5797 2929 5852 lu
2959 5795 3218 5851 memoria
3242 5794 3573 5864 sempiterna
3606 5789 3917 5860 eritjustus,
