4112 6646
294 570 405 631 ε’ἲῖ

1260 583 1659 641 LITURGICA.
1701 613 1770 626 —
1807 581 2081 641 OFFICIA
2115 582 2253 639 PER
2290 583 2561 642 FERIAS.

3477 589 3588 645 573

290 692 355 747 ab
386 690 571 746 auditu
610 690 752 746 malo
783 705 887 746 non
921 692 1151 749 timebit.
1190 693 1276 753 Sit
1301 713 1501 753 nomen
1532 699 1749 756 Domini
1786 699 1880 757 be-

2052 707 2212 749 cxxv.
2256 693 2369 752 Nisi
2395 695 2659 753 Dominus
2702 694 3025 753 custodierit
3048 696 3345 766 civitatem,
3385 698 3590 757 frustra

287 783 513 848 dictum,
544 782 709 838 modo
732 799 905 854 usque
932 785 987 841 in
1014 794 1300 846 aeternum.

356 891 488 931 cxu.
531 875 648 933 Non
680 879 857 944 nobis,
884 877 1135 947 Domine,
1167 899 1277 941 non
1308 889 1467 942 nobis
1500 904 1514 941 :
1547 890 1644 944 sed
1672 888 1883 944 nomini
1942 922 1943 925 η

290 977 384 1024 tuo
410 968 477 1023 da
504 968 751 1039 gloriam.
786 970 1019 1043 Propter
1038 974 1473 1035 misericordiam
1513 987 1684 1046 tuam,
1715 988 1771 1035 et
1791 995 1885 1036 ve-

288 1058 509 1115 ritatem
541 1069 712 1116 tuam.

359 1166 511 1208 cxm.
552 1149 815 1220 Obsecro,
848 1155 1096 1223 Domine,
1128 1157 1278 1213 salva
1306 1160 1545 1218 animam
1573 1175 1773 1218 meam.

360 1257 507 1300 cxtv.
566 1241 637 1300 Et
679 1259 879 1302 nomen
921 1246 1134 1305 Domini
1187 1249 1475 1308 invocabo.
1528 1252 1778 1311 Gloriosa
1823 1255 1882 1313 in

285 1345 588 1409 conspectu
630 1337 846 1393 Domini
895 1354 1044 1396 mors
1079 1350 1394 1398 sanctorum
1424 1344 1561 1415 ejus.

359 1443 484 1482 cxv.
526 1425 596 1483 Et
623 1429 829 1486 veritas
863 1429 1079 1487 Domini
1110 1431 1164 1487 in
1195 1442 1479 1490 mtemum.

356 1534 503 1575 cxvr.
543 1521 827 1587 Dominus,
862 1522 1129 1580 Dominus
1179 1541 1333 1582 meus
1379 1544 1459 1595 es,
1508 1546 1617 1586 non
1681 1531 1883 1589 timebo

283 1610 417 1684 quid
455 1611 622 1669 faciat
649 1613 782 1669 mihi
814 1613 994 1671 homo.
1024 1616 1288 1674 Dominus
1317 1621 1450 1677 mibi
1479 1623 1800 1690 auxiliator,
1828 1636 1886 1680 et

280 1717 389 1776 ego
414 1702 715 1773 despiciam
747 1704 996 1763 odientes
1043 1722 1151 1762 me.
1201 1708 1393 1767 Melius
1427 1720 1514 1767 est
1558 1728 1781 1784 sperare
1825 1717 1884 1771 in

283 1796 539 1863 Domino,
568 1813 731 1869 quant
779 1813 1003 1869 sperare
1033 1800 1086 1856 in
1116 1801 1357 1859 homine.
1399 1804 1589 1862 Melius
1632 1815 1717 1863 est
1764 1823 1884 1879 spe-

280 1903 411 1945 rare
439 1888 496 1945 in
524 1889 773 1954 Domino.
803 1906 969 1962 quam
1004 1908 1227 1964 sperare
1254 1896 1310 1951 in
1348 1898 1702 1968 principibus.
1744 1899 1885 1957 Con-

281 1982 481 2040 ﬁtebor
504 1982 629 2052 tibi,
658 1984 908 2050 Domine,
954 1986 1211 2055 quoniam
1240 1988 1512 2045 exaudisti
1549 2006 1678 2046 me:
1715 2000 1769 2048 et
1809 1991 1886 2048 fa-

279 2083 408 2132 ctus
432 2089 493 2130 es
520 2074 656 2130 mihi
693 2075 746 2129 in
777 2075 1033 2131 salutem.

353 2180 523 2220 cxvu.
575 2165 896 2223 Conﬁtebor
944 2168 1076 2234 tibi,
1140 2169 1407 2239 Domine,
1462 2172 1519 2228 in
1584 2173 1887 2232 directione

277 2261 467 2317 cordis
495 2278 510 2315 :
536 2276 662 2317 cum
690 2261 934 2318 didicero
952 2262 1162 2335 judicia
1180 2265 1413 2336 justitiae
1441 2273 1568 2322 tuze.
1594 2266 1673 2323 Ne
1696 2284 1886 2327 errare

279 2352 452 2411 facias
478 2370 566 2411 me
595 2371 627 2411 a
658 2356 932 2412 mandatis
969 2358 1099 2413 tuis.
1131 2358 1333 2414 Revela
1374 2359 1565 2416 oculos
1600 2375 1783 2429 meos,
1829 2371 1888 2419 et

278 2448 478 2507 videbo
500 2450 772 2507 mirabilia
802 2451 857 2507 in
886 2450 1004 2523 lege
1030 2460 1142 2507 tua.
1181 2451 1339 2507 Viam
1371 2454 1643 2510 mendacii
1673 2455 1830 2513 aufer
1851 2472 1885 2514 a

278 2556 392 2608 me,
416 2548 475 2598 et
502 2539 677 2610 legem
706 2549 858 2597 tuam
878 2542 1021 2598 dona
1060 2543 1216 2598 mihi.
1244 2543 1449 2600 lnclina
1476 2559 1572 2601 cor
1610 2561 1792 2605 meum
1815 2549 1885 2605 ad

279 2632 594 2691 testimonia
624 2643 715 2690 tua
741 2642 800 2691 et
826 2650 935 2691 non
966 2635 1035 2692 ad
1068 2638 1382 2693 avaritiam.
1411 2638 1482 2695 Et
1500 2641 1725 2695 veniant
1748 2641 1883 2697 mihi

277 2729 672 2786 misericordiae
700 2736 829 2796 tuae,
876 2730 1128 2796 Domine,
1175 2739 1234 2787 et
1277 2731 1426 2787 salus
1450 2740 1546 2788 tua
1585 2732 1743 2805 juxta
1770 2735 1885 2791 elo-

274 2822 470 2894 quium
513 2829 687 2877 tuum.
718 2821 845 2878 lirec
891 2828 980 2877 est
1022 2823 1322 2879 consolatio
1349 2838 1470 2880 mea
1498 2825 1555 2880 in
1583 2824 1881 2884 afﬂictione

278 2929 425 2984 mea,
469 2914 598 2986 quia
623 2914 901 2985 eloquium
934 2923 1085 2971 tuum
1111 2916 1410 2972 viviticavit
1436 2934 1543 2975 me.
1579 2919 1886 2977 Misericor-

278 3007 371 3063 dia
402 3015 495 3063 tua
522 3007 791 3079 completa
822 3016 908 3063 est
948 3015 1117 3074 terra,
1149 3017 1419 3080 praecepta
1464 3018 1553 3065 tua
1596 3012 1732 3069 doce
1769 3026 1879 3068 me.

276 3099 593 3169 Antequam
623 3098 868 3154 audirem
894 3113 996 3171 ego
1022 3098 1289 3171 ignoravi.
1332 3101 1514 3158 Bonus
1544 3110 1599 3158 tu
1634 3112 1691 3160 et
1718 3105 1882 3162 bene~

280 3188 443 3254 ﬁcus,
473 3189 610 3245 doce
652 3203 740 3244 me
765 3199 1036 3262 praecepta
1069 3199 1181 3246 tua.
1216 3190 1321 3259 Sit,
1366 3193 1621 3260 obsecro,
1666 3195 1885 3252 miseri-

278 3280 472 3337 cordia
518 3290 611 3336 tua
663 3279 719 3337 in
759 3283 1136 3341 consolatione
1190 3298 1335 3352 mea,
1377 3288 1521 3345 sicut
1562 3287 1778 3347 locutus
1819 3307 1883 3350 es

280 3391 446 3434 servo
484 3385 599 3433 tuo.
653 3375 965 3436 Secundum
994 3380 1425 3437 misericordiam
1470 3388 1619 3439 tuam
1661 3383 1878 3443 viviﬁca

279 3482 394 3537 me,
426 3478 483 3525 et
528 3470 829 3526 custodiam
874 3471 1245 3527 testimonium
1290 3472 1404 3529 oris
1435 3474 1535 3530 tui.
1574 3474 1689 3532 Nisi
1732 3478 1880 3549 quod

280 3561 369 3618 lex
400 3569 494 3617 tua
521 3562 803 3619 meditatio
842 3578 965 3618 mea
1005 3571 1114 3630 est,
1151 3562 1293 3621 forte
1334 3566 1625 3637 periissem
1652 3568 1707 3624 in
1733 3585 1886 3641 pres-

280 3666 412 3707 sura
428 3666 572 3709 mea.
611 3652 788 3723 Quam
806 3653 960 3709 dulce
984 3656 1191 3725 gutturi
1229 3671 1350 3713 meo
1379 3656 1653 3727 eloquium
1695 3669 1879 3728 tuum;

280 3759 448 3816 super
476 3746 583 3800 mel
609 3746 693 3802 ori
721 3762 863 3802 meo.
896 3747 1212 3803 Voluntaria
1232 3750 1347 3805 oris
1373 3750 1483 3806 mei
1505 3751 1885 3823 complaceant

282 3838 403 3907 tibi,
445 3838 708 3907 Domine,
757 3849 814 3897 et
851 3842 1155 3897 secundum
1196 3841 1403 3913 judicia
1455 3852 1548 3900 tua
1596 3843 1735 3901 doce
1772 3860 1879 3902 me.

282 3930 563 3990 Conﬂrma
612 3950 701 3990 me
728 3937 1028 4015 seeupdum
1076 3937 1302 3992 verbum
1340 3945 1517 4005 tuum,
1560 3946 1617 3993 et
1657 3940 1879 3996 vivam:

280 4022 551 4080 auxiliare
602 4026 757 4093 inibi,
791 4033 848 4081 et
878 4026 1064 4082 salvus
1111 4040 1227 4083 ero.
1283 4026 1395 4083 Fac
1422 4044 1546 4084 cum
1591 4045 1751 4087 servo
1789 4038 1885 4087 tuo

275 4112 438 4184 juxta
459 4116 894 4174 misericordiam
927 4128 1096 4185 tuam,
1125 4126 1181 4173 et
1198 4129 1472 4191 praecepta
1497 4130 1587 4179 tua
1615 4123 1751 4179 doce
1772 4139 1879 4180 me.

281 4206 519 4280 Respice
546 4210 614 4267 ad
645 4227 754 4278 me,
783 4220 841 4268 et
865 4213 1129 4269 miserere
1157 4214 1286 4280 mei,
1312 4222 1369 4269 et
1391 4216 1528 4271 doce
1554 4231 1641 4271 me
1681 4232 1886 4288 puere-

281 4308 376 4371 pta
419 4309 531 4357 tua.
588 4300 777 4360 Justus
826 4319 910 4371 es,
969 4305 1217 4373 Domine,
1254 4315 1312 4361 et
1359 4318 1569 4364 rectum
1615 4309 1883 4380 judicium

284 4405 462 4452 tuum.
483 4396 684 4454 Vocem
716 4414 895 4455 meam
909 4400 1035 4455 audi
1060 4401 1216 4472 juxta
1249 4402 1679 4460 misericordiam
1712 4414 1881 4473 tuam,

286 4486 519 4547 Domine
549 4508 564 4545 :
596 4492 896 4547 secundum
917 4491 1185 4562 judicium
1206 4504 1356 4551 tuum
1380 4496 1591 4553 viviﬁca
1618 4513 1725 4552 me.
1751 4499 1885 4555 Vide

286 4577 634 4636 aﬂlictionem
677 4597 875 4648 meam,
913 4592 969 4639 et
1012 4586 1164 4655 eripe
1210 4602 1298 4641 me
1324 4605 1335 4639 :
1364 4588 1520 4658 juxta
1571 4588 1885 4645 misericor.

286 4668 434 4726 diam
474 4679 623 4727 tuam
656 4671 867 4728 viviiiea
908 4689 1016 4730 me.
1049 4675 1160 4730 Pax
1196 4676 1365 4733 multa
1404 4676 1757 4751 diligentibus
1802 4680 1883 4735 le-

286 4774 412 4834 gem
436 4770 610 4830 tuam,
650 4772 709 4819 et
750 4780 859 4821 non
887 4774 975 4822 est
1017 4766 1126 4824 illis
1166 4768 1507 4825 scandalum.
1541 4770 1885 4842 lngrediatur

286 4853 410 4912 laus
461 4866 582 4911 mea
638 4866 822 4911 coram
849 4865 923 4926 te,
977 4858 1238 4925 Domine,
1292 4860 1598 4917 secundum
1658 4863 1883 4918 verbum

289 4957 462 5003 tuum.
496 4946 690 5004 Veniat
714 4947 1026 5019 deprecatio
1055 4964 1176 5005 mea
1198 4958 1327 5006 ante
1353 4950 1561 5007 vultum
1587 4960 1739 5009 tuum
1767 4972 1779 5007 :
1803 4968 1889 5009 se-

289 5041 529 5098 cundum
554 5041 826 5112 eloquium
866 5051 1019 5100 tuum
1049 5044 1219 5100 libera
1253 5058 1361 5100 me.

362 5151 549 5192 cxvm.
607 5136 866 5202 Domine,
917 5136 1087 5193 libera
1137 5139 1377 5195 animam
1416 5155 1597 5195 meam
1654 5156 1684 5195 a
1744 5139 1888 5196 labio

290 5230 582 5298 mendacii,
612 5248 644 5286 a
669 5231 852 5302 lingua
882 5229 1090 5287 dolosa.

362 5338 508 5379 cxtx.
551 5322 768 5381 Levabo
789 5324 976 5381 oculos
1016 5340 1168 5381 meos
1196 5329 1251 5381 in
1281 5334 1513 5391 montes,
1536 5326 1683 5383 unde
1705 5328 1890 5382 veniat

294 5416 557 5473 auxilium
584 5417 736 5474 mibi.

366 5528 493 5568 cxx.
535 5510 620 5567 Sit
645 5512 785 5568 bene
812 5513 918 5579 his,
951 5512 1045 5583 qui
1069 5512 1303 5583 diligunt
1332 5519 1406 5566 te.

368 5621 516 5661 cxxt.
560 5604 818 5661 Miserere
856 5606 1051 5671 nostri,
1101 5605 1358 5669 Domine,
1397 5603 1659 5659 miserere
1690 5603 1891 5661 nostri.

368 5716 538 5759 cxxn.
581 5701 852 5757 Auxilium
882 5709 1129 5755 nostrum
1178 5700 1234 5755 in
1265 5698 1484 5755 nomine
1524 5697 1768 5765 Domini,
1799 5697 1893 5770 qui

298 5794 434 5853 fecit
461 5795 661 5851 caelum
686 5803 744 5851 et
776 5805 999 5851 terram.

369 5903 558 5946 cxxm.
596 5888 849 5954 Bencfae,
882 5889 1125 5953 Domine,
1156 5889 1312 5945 bonis
1337 5897 1393 5945 et
1411 5889 1577 5946 rectis
1600 5887 1787 5945 corde.

371 5995 556 6038 cxxtv.
593 5979 882 6046 Converte,
910 5982 1159 6050 Domine,
1194 5981 1572 6053 captivitatem
1616 5987 1894 6045 nostram,

303 6074 447 6131 sicut
478 6073 656 6129 rivum
682 6073 737 6128 in
764 6080 971 6131 austro.

1987 784 2194 858 vigilat,
2225 787 2320 858 qui
2350 786 2592 844 custodit
2619 800 2762 843 eam.

2056 892 2238 933 cxxvi.
2292 878 2492 935 Beatus
2541 877 2752 946 omnis,
2802 880 2895 950 qui
2942 880 3100 936 timet
3137 881 3449 951 Dominum,
3493 887 3590 959 qui

1986 969 2230 1025 ambulat
2258 971 2312 1027 in
2340 971 2444 1027 viis
2472 968 2611 1041 ejus.

2056 1075 2262 1117 cxxvn.
2300 1061 2620 1119 Benedictio
2650 1063 2864 1120 Domini
2890 1063 2964 1120 sit
2992 1080 3159 1137 super
3186 1081 3308 1123 nos.

2057 1167 2283 1209 cxxvm.
2326 1154 2574 1221 Domine,
2614 1154 2812 1211 exaudi
2841 1172 3032 1213 vocem
3074 1174 3273 1216 meam.
3312 1160 3475 1218 Fiant
3491 1176 3591 1221 att-

1984 1255 2076 1299 res
2106 1251 2221 1300 tua)
2243 1244 2592 1302 intendentes
2616 1247 2685 1301 ad
2716 1261 2904 1303 vocem
2932 1249 3333 1319 deprecatioois
3362 1268 3515 1310 meae.

2057 1348 2243 1390 cxxtx.
2282 1335 2531 1403 Domine,
2588 1352 2696 1392 non
2743 1345 2830 1394 est
2879 1338 3182 1395 exaltatum
3228 1355 3323 1399 cor
3370 1359 3586 1414 meum,

1986 1438 2168 1495 neque
2195 1426 2324 1482 elati
2355 1436 2484 1483 sunt
2518 1427 2661 1485 oeuli
2688 1431 2816 1485 mei.

2058 1531 2226 1572 cxxx.
2269 1515 2395 1572 Haec
2419 1528 2505 1574 est
2536 1519 2755 1590 requies
2786 1535 2905 1577 mea
2939 1522 2996 1578 in
3032 1525 3448 1595 sempiternum.

2055 1622 2241 1664 cxxxt.
2281 1609 2549 1677 Quoniam
2604 1611 2679 1667 ibi
2729 1612 3010 1669 mandavit
3047 1614 3311 1673 Dominus
3366 1617 3590 1677 benedi‘

1986 1697 2249 1767 ctionem,
2279 1708 2336 1757 et
2364 1701 2532 1756 vitam
2563 1717 2736 1773 usque
2761 1703 2817 1760 in
2842 1712 3131 1762 aeternum.

2061 1790 2218 1861 102
2256 1806 2462 1846 cxxxu.
2502 1790 2606 1859 Qui
2630 1794 2791 1849 statis
2821 1795 2877 1850 in
2914 1796 3074 1852 domo
3105 1797 3342 1855 Domini.

2054 1893 2283 1934 cxxxiii.
2329 1878 2575 1937 Laudate
2613 1883 2926 1952 Dominum,
2953 1887 3213 1956 quoniam
3265 1889 3449 1948 bonus
3481 1902 3586 1949 est.

2057 1985 2280 2029 cxxxtv.
2322 1972 2673 2031 Conﬁtemini
2710 1976 2823 2034 Deo
2847 1977 2993 2046 cmli,
3020 1981 3281 2052 quoniam
3326 1983 3384 2040 in
3426 1994 3590 2043 teter-

1914 2067 1959 2127 B
1987 2078 2117 2119 num
2144 2066 2523 2122 misericordia
2545 2066 2685 2136 ejus.

2056 2171 2255 2212 cxxxv.
2296 2155 2496 2214 Beatus
2526 2161 2712 2227 homo,
2744 2159 2838 2231 qui
2867 2168 3015 2217 amat
3040 2163 3350 2222 Dominum.

2055 2263 2279 2305 cxxxvt.
2319 2248 2635 2308 Conﬁtebor
2693 2253 2821 2321 tibi,
2858 2255 3107 2324 Domine,
3153 2258 3210 2314 in
3256 2267 3374 2317 toto
3420 2264 3589 2323 corde

1985 2355 2127 2396 meo.
2162 2341 2409 2410 Domine,
2441 2345 2816 2401 misericordia
2858 2354 2949 2402 tua
2989 2349 3047 2403 in
3087 2360 3388 2423 aeternum,
3417 2370 3586 2430 opera

1984 2448 2249 2489 manuum
2280 2442 2495 2492 tuarum
2526 2451 2597 2492 ne
2641 2437 2907 2494 dimittas.

2054 2537 2296 2579 cxxxvu.
2337 2524 2724 2591 Si‘aseendero
2762 2529 2818 2584 in
2846 2529 3069 2599 cmlum,
3101 2533 3175 2589 ibi
3198 2549 3260 2592 es
3289 2544 3346 2594 tu
3386 2558 3399 2593 :
3428 2540 3476 2597 si
3498 2539 3588 2612 ja-

1984 2626 2152 2668 cuero
2183 2612 2237 2668 in
2266 2612 2565 2684 infernum,
2602 2618 2679 2673 ibi
2713 2619 2866 2675 ades.

2054 2719 2319 2760 cxxxvm.
2360 2707 2506 2764 Erue
2552 2723 2661 2775 me,
2698 2708 2960 2780 Domine,
3003 2714 3074 2771 ab
3110 2713 3333 2775 homine
3379 2722 3525 2779 malo
3568 2742 3584 2779 :

1983 2809 2016 2849 a
2047 2795 2180 2852 viris
2208 2797 2410 2868 iniquis
2439 2799 2591 2855 salva
2618 2816 2722 2857 me.

2055 2905 2277 2947 cxxxtx.
2320 2892 2529 2951 Exaudi
2590 2911 2777 2952 vocem
2826 2913 3006 2955 meam
3051 2884 3342 2963 clamantis
3390 2905 3460 2963 ad
3507 2915 3583 2966 te.

1984 2981 2263 3054 Dirigatur
2289 2985 2467 3042 oratio
2496 3000 2637 3056 mea,
2673 2990 2819 3046 sicut
2861 2992 3145 3050 incensum
3181 2996 3237 3050 in
3277 3010 3584 3071 conspectu

1987 3084 2102 3131 tuo.

2054 3182 2176 3226 exn.
2215 3168 2386 3240 Pone,
2436 3171 2686 3243 Domine,
2736 3178 3044 3237 custodiam
3068 3184 3152 3239 ori
3198 3201 3322 3244 meo
3359 3205 3372 3243 :
3420 3202 3587 3247 serva

1984 3268 2363 3333 paupertatem
2420 3262 2688 3324 labiorum
2732 3284 3001 3328 meorum.
3056 3274 3210 3333 Educ
3254 3281 3325 3336 de
3363 3295 3597 3341 carcere

1985 3350 2225 3409 animam
2266 3370 2467 3424 meam,
2504 3365 2564 3412 ut
2592 3360 2857 3419 conﬁtear
2884 3366 3093 3424 nomini
3131 3378 3243 3427 tuo.

2053 3464 2197 3506 cxu.
2237 3451 2488 3521 Domine,
2546 3460 2743 3515 exaudi
2794 3464 3099 3521 orationem
3142 3483 3341 3536 meam.
3392 3474 3592 3533 exaudi

1985 3555 2075 3598 me
2105 3542 2161 3598 in
2197 3544 2412 3616 justitia
2466 3556 2575 3603 tua.
2611 3550 2681 3606 Et
2732 3567 2842 3609 non
2889 3557 3078 3613 venias
3124 3560 3194 3616 ad
3231 3562 3590 3633 judicandum

1985 3648 2111 3691 cum
2136 3649 2297 3693 servo
2324 3648 2436 3705 tuo,
2471 3642 2599 3713 quia
2644 3657 2754 3700 non
2776 3645 3164 3716 justiﬁcabitur
3199 3655 3256 3710 in
3286 3668 3590 3731 conspectu

1985 3736 2080 3785 tuo
2138 3735 2319 3789 omnis
2360 3736 2578 3791 vivens.
2644 3736 2754 3797 Fac
2799 3757 2886 3797 me
2932 3746 3122 3801 audire
3162 3765 3323 3807 mane
3380 3755 3594 3811 miseri-

1984 3827 2229 3883 eordiam
2276 3838 2446 3899 tuam,
2485 3835 2743 3903 quoniam
2790 3838 2844 3893 in
2889 3846 2943 3895 te
2977 3842 3213 3899 conﬁdo.
3264 3844 3462 3905 Notam
3502 3850 3591 3908 fac

1985 3915 2119 3972 mihi
2155 3918 2321 3985 viam,
2372 3922 2427 3976 in
2475 3939 2581 3995 qua
2611 3928 2853 3994 ambulo,
2902 3932 3163 4001 quoniam
3201 3938 3270 3992 ad
3304 3945 3358 3993 te
3397 3938 3591 3999 levabo

1986 4010 2226 4066 animam
2284 4028 2482 4070 meam.
2517 4016 2711 4075 Libera
2751 4037 2838 4079 me
2863 4023 2932 4080 de
2981 4026 3223 4086 inimicis
3273 4034 3441 4101 meis,
3488 4034 3594 4093 Ι)οέ

1985 4101 2155 4168 mine,
2200 4117 2231 4158 a
2264 4111 2319 4160 te
2354 4116 2656 4177 protectus.
2702 4113 2848 4171 Doce
2893 4131 3001 4184 me,
3058 4126 3119 4175 ut
3166 4120 3364 4180 faciam
3402 4127 3592 4185 volun-

1987 4199 2158 4248 tatem
2187 4201 2361 4264 tuam,
2391 4200 2517 4270 quia
2545 4209 2601 4257 tu
2631 4203 2772 4261 Deus
2794 4222 2968 4264 meus.
2993 4207 3230 4281 Spiritus
3256 4221 3383 4271 tuus
3411 4217 3590 4277 bonus

1985 4281 2221 4341 deducet
2258 4303 2347 4345 me
2392 4289 2448 4345 in
2494 4298 2642 4347 terra
2683 4303 2854 4365 recta,
2896 4308 3122 4370 ptopter
3149 4318 3351 4361 nomen
3404 4317 3588 4376 tuum,

1986 4375 2248 4444 Domine,
2287 4379 2590 4439 vivificabis
2632 4400 2722 4442 me
2758 4388 2816 4444 in
2860 4387 3078 4458 justitia
3120 4402 3234 4453 tua.
3280 4398 3395 4471 Ego
3441 4403 3602 4469 enim

1988 4481 2109 4523 sum
2136 4484 2332 4528 εθτνιιε
2361 4481 2511 4531 tuus.

2059 4579 2222 4620 σιω.
2264 4565 2594 4627 Benedictus
2638 4573 2902 4633 Dominus
2946 4576 3107 4637 fortis
3158 4598 3348 4654 meus,
3378 4587 3593 4647 miseri-

1989 4656 2176 4711 cordia
2224 4673 2365 4726 mea,
2396 4668 2453 4715 et
2493 4659 2755 4724 fortitudo
2801 4682 2964 4726 mea:
2996 4673 3289 4733 auxiliator
3314 4693 3490 4749 meus,
3531 4692 3591 4739 et

1990 4748 2231 4806 salvator
2256 4767 2430 4809 meus.

2056 4856 2239 4897 cxuu.
2276 4842 2335 4899 In
2366 4847 2513 4902 omni
2542 4847 2629 4904 die
2650 4850 2969 4911 benedicam
2999 4858 3119 4926 tibi,
3144 4867 3202 4916 et
3226 4860 3460 4923 laudabo
3482 4881 3591 4924 no~

1986 4944 2113 4986 men
2142 4938 2295 4987 tuum
2328 4933 2383 4988 in
2411 4936 2804 5006 sempiternum
2830 4940 3053 5015 jugiter.

2057 5040 2237 5082 cxuv.
2279 5026 2517 5084 Laudem
2556 5030 2771 5090 Domini
2808 5009 3062 5108 loquetur
3099 5055 3163 5099 os
3187 5058 3391 5113 meum,
3414 5054 3472 5104 et
3497 5009 3598 5108 be?

1990 5116 2213 5173 nedicat
2238 5118 2418 5175 omnis
2446 5134 2579 5177 caro
2627 5125 2835 5182 nomini
2882 5139 3077 5189 sancto
3119 5131 3240 5204 ejus
3279 5156 3294 5192 :
3346 5138 3401 5196 in
3429 5149 3586 5201 aiter-

1990 5224 2123 5264 num
2151 5218 2210 5264 et
2239 5208 2465 5283 jugiter.

2058 5318 2215 5359 chv.
2256 5304 2462 5373 Lauda,
2493 5307 2675 5365 anima
2706 5324 2848 5378 mea,
2866 5311 3179 5385 Dominum,
3205 5316 3442 5377 laudabo
3482 5322 3593 5380 Do.

1989 5395 2200 5453 minum
2244 5398 2302 5454 in
2332 5400 2445 5456 vita
2493 5415 2655 5458 mea:
2704 5405 2938 5463 cantabo
2988 5406 3102 5465 Deo
3155 5426 3298 5480 meo,
3348 5417 3589 5485 quandin

2061 5594 2240 5637 CXLVI.
2282 5581 2528 5641 Laudate
2556 5586 2877 5656 Dominum,
2928 5590 3186 5662 quoniam
3227 5594 3407 5654 bonus
3450 5606 3588 5657 est:

2000 5674 2246 5747 placetur
2269 5677 2501 5735 Domino
2543 5679 2598 5735 in
2627 5679 2734 5747 bis,
2783 5682 2875 5752 qui
2907 5683 3103 5741 timent
3129 5700 3274 5755 eum,
3304 5697 3361 5745 et
3400 5705 3594 5763 exspe-

2002 5773 2156 5822 ctant
2179 5767 2611 5826 misericordiam
2634 5771 2773 5842 ejus.

2074 5894 2274 5936 chvu.
2312 5880 2490 5938 Flabit
2519 5882 2715 5953 spiritu
2742 5900 2863 5951 suo,
2889 5893 2946 5940 et
2973 5885 3142 5943 ﬂuent
3168 5904 3336 5960 aquae.

2072 5988 2293 6029 cxsvm.
2332 5972 2580 6029 Laudate
2615 5974 2905 6031 Dominum
2926 5978 2995 6033 de
3021 5976 3197 6045 cmlis,
3229 5979 3445 6038 laudate
3464 5994 3592 6041 eum

2005 6067 2061 6122 in
2087 6065 2338 6123 excelsis.
2371 6064 2613 6123 Laudate
2651 6081 2801 6134 eum,
2839 6082 3031 6125 omnes
3070 6070 3244 6142 angeli
3271 6071 3405 6142 ejus.
3453 6070 3599 6131 lau-
