4112 6576
539 415 646 478 573

1348 404 1410 461 Β.
1486 401 1547 458 F.
1588 394 1815 457 ALBINI
1852 393 1982 449 SEU
2021 386 2301 446 ALCUINI
2341 383 2628 443 OI’ERUM
2667 382 2848 439 PARS
2884 380 2973 439 ιν.

3733 367 3843 424 {180

538 536 667 591 date
688 545 814 591 eum
835 540 1028 585 omnes
1052 518 1325 581 exercitus
1352 517 1489 589 ejus.
1532 512 1772 570 Laudato
1797 522 1943 571 eum,
1973 504 2135 560 solet
2161 509 2206 563 Λ
2238 499 2335 563 Da,
2362 495 2527 552 Pater
2547 495 2858 558 altitonans,
2888 491 3156 548 undosum
3186 488 3693 568 ﬁetibus.imbrem:

541 626 670 685 luna
687 620 931 681 :laudate
947 631 1090 684 eum,
1113 610 1284 669 stellae
1305 606 1545 665 luminis.
1575 601 1817 659 Laudate
1837 613 1982 663 eum,
2009 597 2135 653 cmli

541 715 824 779 ctnlorum,
856 717 913 768 et
953 720 1128 782 aquae,
1155 718 1279 776 quae
1306 713 1472 773 super
1494 694 1663 755 caios
1714 698 1863 757 sunt,
1913 687 2136 743 laudent

545 822 743 868 nomen
782 801 1018 860 Domini.
1062 796 1330 867 Quoniam
1370 793 1488 865 ipse
1527 784 1825 849 mandavit,
1856 790 1913 837 et
1951 786 2137 835 creata

543 909 691 959 sunt.
724 896 966 955 Laudate
996 889 1305 953 Dominum,
1335 897 1493 957 reges
1523 891 1704 942 terrm,
1730 886 1785 931 et
1813 888 2004 930 omnes
2046 887 2139 943 po-

542 993 655 1067 puli
685 1010 697 1046 :
732 989 1026 1061 principes,
1062 989 1120 1041 et
1146 977 1388 1035 universi
1429 974 1643 1046 judices
1690 978 1871 1026 terrae.
1901 965 2139 1067 Jove-nes

543 1055 599 1141 et
626 1055 893 1156 virgines,
916 1055 1085 1132 senes
1124 1086 1249 1130 cum
1291 1068 1480 1141 pueris
1519 1064 1741 1119 laudent
1794 1072 1990 1115 nomen
2030 1055 2137 1111 Dm

544 1147 997 1237 minifuuoniam
1046 1163 1279 1221 sublime
1328 1171 1525 1214 nomen
1569 1154 1689 1227 ejus
1728 1151 1919 1215 solius,
1967 1147 2140 1219 gloria

544 1267 663 1337 ejus
686 1265 741 1319 in
758 1261 896 1319 caelo
922 1266 977 1315 et
1004 1258 1060 1313 in
1090 1267 1254 1312 terra.
1285 1248 1557 1307 Exaltavit
1584 1259 1754 1302 cornu
1783 1240 1988 1315 populi,
2022 1240 2139 1297 laus

545 1358 802 1415 omnibus
838 1351 1045 1409 sanctis
1068 1348 1206 1420 ejus.

614 1464 795 1509 (ειμι.
825 1446 1053 1501 Cantate
1080 1439 1310 1497 Domino
1333 1436 1607 1492 canticum
1627 1446 1854 1497 novum,
1882 1429 1999 1486 laus
2022 1423 2142 1496 ejus

548 1544 603 1601 in
640 1538 1057 1610 congregatione
1086 1540 1420 1590 sanctorum.
1446 1526 1718 1583 Exaltabit
1742 1533 2055 1580 mansuetos
2086 1519 2139 1574 in

547 1639 697 1696 Jesu.
729 1632 1091 1691 Exsultabunt
1120 1629 1293 1686 sancti
1326 1628 1379 1682 in
1411 1624 1602 1696 gloria,
1630 1620 1930 1677 laudabunt
1956 1618 2009 1673 in
2047 1632 2140 1672 cu-

548 1731 749 1790 hilibus
777 1726 910 1784 suis.
945 1721 1348 1779 Exsultationes
1374 1718 1468 1775 Dei
1498 1717 1554 1771 in
1587 1722 1804 1788 gutture
1831 1726 2040 1769 eorum.

620 1842 706 1881 ει.
744 1821 916 1878 Omne
942 1818 1085 1888 quod
1111 1817 1284 1887 spirat
1306 1813 1490 1868 laudet
1516 1811 1824 1867 Dominum.

880 1948 1102 1991 LITANIA
1148 1948 1219 1987 υτ
1252 1945 1451 1995 ὃῠΡΒΑ,
1491 1944 1562 1982 ΕΤ
1599 1937 1815 1982 PBECES.

624 2055 772 2109 Vivit
801 2051 984 2107 anima
1013 2062 1157 2113 mea,
1188 2053 1241 2102 et
1268 2043 1515 2101 laudabit
1541 2049 1614 2099 te.
1644 2038 1858 2105 Judica,
1890 2034 2145 2102 Domine,

552 2156 813 2207 nocentes
839 2156 944 2199 me.
994 2139 1291 2211 Repleatur
1323 2152 1388 2195 os
1423 2150 1607 2192 meum
1651 2133 1833 2190 laude.
1883 2130 2139 2193 Domine,

552 2248 752 2298 averte.
787 2234 981 2292 faciem
1014 2240 1161 2288 tuam
1206 2246 1235 2285 a
1268 2228 1510 2303 peccatis
1538 2225 1692 2281 meis.
1736 2221 1843 2280 Cor
1883 2221 2147 2277 mundum

553 2349 681 2390 crea
707 2332 761 2385 in
787 2342 895 2392 me,
927 2326 1089 2383 Deus.
1113 2321 1295 2379 Redde
1324 2319 1459 2378 mihi
1484 2316 1727 2373 laetitiam
1755 2312 2015 2370 salutaris
2043 2311 2141 2365 tui.

554 2422 801 2486 Domine,
833 2435 899 2475 ne
925 2416 1086 2474 simul
1117 2415 1302 2471 tradas
1331 2426 1419 2470 me
1447 2426 1571 2468 cum
1602 2406 2000 2480 peccatoribus.
2040 2406 2149 2462 Do—

557 2521 726 2582 mine,
775 2531 882 2572 non
924 2511 1223 2569 secundum
1271 2514 1496 2579 peccata
1541 2511 1727 2560 nostra
1759 2500 1928 2556 facies
1966 2506 2142 2553 nobis.

552 2610 799 2672 Domine,
830 2622 897 2661 ne
925 2602 1240 2660 memineris
1270 2600 1617 2669 iniquitatum
1662 2604 1991 2651 nostrarum.
2038 2591 2146 2644 Ad—

548 2704 679 2774 juva
715 2716 833 2765 nos,
883 2699 1026 2752 Deus
1076 2692 1334 2751 salutaris
1382 2698 1585 2747 noster.
1635 2688 1766 2744 Esto
1814 2686 1995 2750 nobis,
2042 2684 2147 2739 Do—

554 2793 724 2859 mine,
758 2790 925 2845 turris
950 2784 1307 2843 fortitudinis.
1350 2782 1580 2856 Adjutor
1606 2786 1664 2835 et
1691 2778 1953 2835 liberator
1992 2790 2147 2831 meus

551 2896 693 2951 esto,
724 2883 968 2941 Domine.
1005 2880 1329 2936 Benedictus
1356 2875 1618 2931 Dominus
1645 2872 1731 2929 die
1762 2867 2024 2940 quotidie.
2067 2865 2147 2921 Ne

554 2983 727 3039 intres
755 2982 807 3035 in
845 2978 1048 3047 judicio
1079 2990 1203 3033 cum
1232 2986 1391 3028 servo
1433 2977 1545 3024 tuo.
1595 2965 1798 3024 Delicta
1844 2962 2146 3032 iuventutis

552 3091 706 3135 meae.
736 3075 896 3147 Eripe
922 3087 1031 3137 me,
1061 3069 1312 3134 Domine,
1339 3066 1408 3120 ab
1436 3064 1653 3121 homine
1684 3060 1845 3116 malo.
1875 3058 2036 3128 Eripe
2059 3072 2147 3113 me

554 3171 623 3226 de
650 3166 883 3225 inimicis
911 3166 1065 3228 meis,
1096 3162 1239 3216 Deus
1271 3173 1440 3213 meus.
1474 3155 1638 3225 Eripe
1663 3168 1749 3207 me
1773 3153 1839 3207 de
1870 3148 2147 3221 operanti-

2234 592 2353 660 Quo
2382 589 2593 646 valeam
2623 588 2883 660 lacrymis
2909 584 3194 657 culparum
3226 584 3437 640 solvere
3464 583 3661 637 moles.

2236 683 2310 739 Da
2337 697 2535 754 precor
2559 680 2845 746 auxilium,
2867 679 3070 749 possim
3100 692 3210 747 quo
3234 677 3453 731 vincere
3478 673 3775 733 mundum.

2233 777 2303 833 Et
2325 778 2453 833 vitae
2484 775 2719 830 stadium
2745 772 2960 844 placido
2986 784 3309 841 percurrere
3344 783 3526 838 passu.

2236 876 2480 947 Cumque
2500 888 2754 945 suprema
2786 871 2902 926 dies
2930 871 3123 924 mortis
3148 866 3469 938 patefecerit
3508 878 3737 923 urnam.

2236 968 2484 1026 Concede
2503 966 2742 1030 veniam,
2768 963 2855 1020 cui
2882 963 3020 1017 tollit
3049 961 3205 1032 culpa
3232 975 3511 1015 coronam.

2840 1075 3232 1139 SABBATO.

2281 1203 2335 1245 SI
2381 1200 2485 1245 CUI
2538 1200 2676 1242 νιΤΑ
2723 1195 3013 1241 PRESENS
3050 1193 3345 1237 FASTiDlO
3404 1192 3523 1243 SIT,

2546 1280 2753 1322 PERNA
2799 1274 3248 1321 CONTEMPLARI
3293 1273 3517 1314 JUVAT.

2539 1379 2797 1438 ORATIO
2834 1377 3079 1436 SANCTI
3120 1372 3523 1433 AUGUSTINI.

2316 1485 2338 1516 ο
2364 1475 2507 1531 Deus
2522 1471 2892 1529 universitatis
2907 1472 3179 1535 conditor,
3204 1477 3401 1542 praesta
3417 1467 3549 1522 mihi
3572 1466 3858 1538 primum,

2243 1576 2304 1625 ut
2328 1579 2380 1625 te
2400 1570 2535 1625 bene
2558 1583 2742 1640 rogem
2770 1586 2781 1620 :
2801 1566 3015 1630 deinde,
3044 1573 3103 1619 ut
3128 1580 3211 1619 me
3234 1578 3388 1636 agam
3413 1562 3653 1632 dignum,
3680 1572 3860 1629 quem

2241 1663 2471 1725 liberes;
2500 1667 2795 1732 postremo,
2822 1668 2884 1713 ut
2910 1657 3130 1713 liberes.
3162 1656 3325 1720 Deus,
3349 1670 3448 1724 per
3473 1668 3633 1723 quem
3662 1652 3861 1707 omnia

2243 1770 2364 1825 qua:
2408 1768 2507 1825 per
2553 1769 2612 1807 se
2641 1768 2745 1807 non
2779 1760 2981 1815 essent,
3015 1750 3239 1805 tendunt
3280 1762 3419 1803 esse.
3453 1745 3612 1806 Deus,
3654 1744 3755 1813 qui
3789 1759 3863 1797 ne

3577 1189 3639 1231 Εἰ
3687 1188 3818 1232 513-

2174 1868 2222 1930 B
2247 1846 2301 1901 id
2328 1846 2566 1917 quidem,
2591 1845 2735 1916 quod
2761 1860 2818 1900 se
2844 1843 3077 1899 invicem
3113 1841 3314 1913 perdit,
3337 1839 3517 1912 perire
3548 1837 3858 1907 permittis.

2247 1936 2413 2003 Deus,
2444 1938 2537 2008 qui
2568 1937 2634 1993 de
2664 1937 2835 1993 nihilo
2860 1936 3122 1991 mundum
3153 1932 3318 1990 istum
3348 1933 3570 1995 creasti,
3598 1932 3860 1985 omnium

2248 2046 2409 2103 quem
2430 2031 2671 2087 sentiunt
2693 2030 2834 2086 oculi
2856 2028 3302 2100 pulcherrimum.
3328 2025 3495 2093 Deus,
3520 2027 3611 2097 qui
3643 2027 3863 2079 malum

2246 2137 2355 2179 non
2382 2122 2540 2187 facis,
2573 2132 2627 2178 et
2656 2121 2787 2178 facis
2827 2137 2968 2187 esse,
2996 2138 3066 2177 ne
3091 2122 3385 2195 pessimum
3416 2120 3532 2175 ﬁat.
3563 2119 3730 2184 Deus,
3762 2119 3861 2188 qui

2246 2219 2435 2290 paucis
2471 2217 2539 2274 ad
2569 2218 2640 2282 id,
2667 2216 2814 2286 quod
2842 2231 2970 2272 vere
3015 2224 3118 2281 est,
3162 2214 3573 2285 refugientibus,
3606 2212 3864 2268 ostendis

2248 2308 2451 2365 malum
2473 2307 2610 2365 nihil
2631 2323 2771 2363 esse.
2798 2306 2960 2371 Deus,
2988 2322 3085 2377 per
3112 2322 3273 2377 quem
3304 2306 3652 2367 universitas,
3681 2305 3862 2358 etiam

2247 2416 2371 2458 cum
2411 2400 2631 2456 sinistra
2676 2407 2852 2469 parte,
2877 2397 3117 2471 perfecta
3144 2407 3246 2453 est.
3290 2398 3454 2462 Deus,
3489 2414 3516 2452 a
3547 2413 3652 2467 quo
3681 2396 3861 2451 disso-

2247 2494 2433 2549 nantia
2460 2506 2631 2561 usque
2674 2492 2727 2545 in
2754 2500 3059 2546 extremum
3097 2489 3239 2543 nulla
3267 2496 3367 2549 est.
3410 2505 3531 2543 cum
3579 2472 3860 2542 «lett-rium

2247 2583 2565 2640 melioribus
2599 2581 2911 2637 concinant.
2936 2581 3099 2645 Deus,
3131 2593 3290 2649 quem
3323 2589 3470 2634 amat
3500 2592 3680 2639 ouine,
3710 2577 3862 2647 quod

2244 2683 2425 2749 potest
2480 2688 2686 2739 amare,
2733 2673 2846 2729 sive
2886 2672 3081 2736 sciens,
3130 2671 3245 2725 sive
3286 2670 3555 2725 nesciens.
3600 2667 3769 2731 Dens,
3803 2668 3859 2721 in

2250 2786 2363 2841 quo
2392 2781 2520 2825 sunt
2544 2768 2750 2832 omnia,
2775 2766 2931 2837 cujus
2961 2775 3142 2821 tamen
3169 2764 3441 2820 universae
3462 2772 3729 2818 creatura:
3760 2777 3861 2816 nec

2249 2864 2525 2936 turpitudo
2560 2862 2734 2933 turpis
2774 2870 2878 2924 est,
2925 2875 3027 2916 nec
3072 2858 3275 2915 malitia
3328 2869 3505 2920 nocet,
3554 2872 3656 2912 nec
3701 2873 3859 2910 error

2246 2963 2413 3011 errat.
2442 2954 2607 3019 Deus,
2626 2954 2719 3024 qui
2747 2954 2847 3007 nisi
2868 2952 3119 3017 mundos,
3138 2965 3328 3007 verum
3353 2957 3406 3006 te
3436 2952 3577 3009 scire
3606 2950 3857 3011 noluisti,

2246 3048 2389 3103 Deus
2430 3045 2592 3102 Pater
2635 3046 2905 3111 veritatis,
2949 3045 3110 3100 Pater
3158 3044 3458 3113 sapientizc,
3503 3042 3664 3097 Pater
3716 3057 3859 3097 vene

2246 3153 2579 3210 summaeque
2624 3139 2768 3202 vitae,
2812 3138 2976 3192 Pater
3025 3136 3399 3199 beatitudinis,
3451 3135 3615 3191 Pater
3645 3136 3771 3191 boui
3805 3144 3859 3189 et

553 3262 657 3317 bus
679 3258 1040 3330 iniquitatem.
1071 3252 1163 3308 Sic
1191 3250 1457 3322 psalmum
1504 3247 1685 3302 dicam
1713 3243 1918 3299 nomini
1949 3250 2041 3296 tuo
2084 3240 2139 3295 in
2171 3256 2216 3318 ε
2245 3232 2480 3305 pulchri,
2514 3230 2678 3285 Pater
2708 3229 3082 3298 intelligibilis,
3114 3228 3271 3295 lucis,
3302 3228 3467 3283 Pater
3497 3229 3860 3300 evigilalionis

556 3352 811 3408 saeculum
853 3346 1055 3403 saeculi.
1084 3343 1293 3399 Exaudi
1340 3356 1460 3405 nos,
1485 3340 1627 3395 Deus
1655 3335 1909 3391 salutaris
1936 3340 2140 3388 noster.

556 3449 715 3510 Deus,
747 3444 800 3498 in
844 3437 1171 3511 adiutorium
1218 3450 1397 3491 meum
1428 3432 1666 3488 intende.
1711 3429 1948 3484 Sanctus
1978 3427 2142 3490 Deus,

555 3546 776 3595 sanctus
801 3534 975 3589 fortis.
1006 3530 1296 3586 Benedicat
1325 3542 1423 3581 nos
1454 3526 1595 3580 Deus
1619 3522 1801 3576 Pater.
1828 3518 1872 3575 Ο
1894 3518 2143 3582 Domine,

556 3632 765 3688 salvum
804 3642 889 3682 me
914 3625 1018 3681 fac.
1048 3623 1293 3688 Domine,
1326 3618 1535 3675 salvum
1577 3616 1664 3671 fac
1690 3628 1891 3685 regem.
1924 3610 2147 3667 Salvum

557 3727 642 3779 fac
667 3720 922 3795 populum
948 3727 1123 3773 tuum.
1148 3714 1341 3770 Salvos
1365 3711 1451 3766 fac
1480 3724 1668 3764 servos
1701 3714 1839 3761 tuos.
1874 3704 2147 3759 Memento

558 3810 989 3887 congregationis
1012 3817 1139 3863 tute.
1174 3804 1402 3868 Exaudi,
1448 3802 1697 3864 Domine,
1725 3812 1913 3853 vocem
1946 3811 2144 3851 meam.

560 3911 817 3967 Miserere
838 3906 963 3966 mei,
1002 3904 1167 3965 Deus,
1197 3910 1383 3954 totum.
1408 3894 1657 3960 Domine,
1686 3890 1902 3954 exaudi.

563 4041 721 4115 103
754 4036 1012 4095 ORATIO
1048 4030 1326 4090 EIJGENII
1364 4025 1711 4085 TOLETANI
1749 4022 2059 4081 EPISCOPl
2096 4036 2145 4075 ε.

561 4155 680 4209 Rex
710 4152 871 4215 Deus,
903 4147 1153 4203 immensi
1185 4159 1292 4214 quo
1326 4148 1539 4198 constat
1565 4138 1814 4194 machina
1843 4136 2051 4199 mundi,

561 4244 716 4314 Quod
741 4243 907 4297 miser
929 4238 1156 4308 imploro
1190 4238 1240 4302 ι),
1272 4245 1328 4292 tu
1350 4234 1587 4298 Christe,
1611 4230 1813 4303 perﬁce
1837 4228 2097 4285 clemens.

563 4336 650 4394 Sit
675 4335 807 4391 mihi
836 4341 984 4388 recta
1019 4329 1171 4395 ﬁdes,
1198 4339 1253 4385 et
1275 4329 1424 4384 falsis
1461 4327 1619 4383 obvia
1646 4324 1826 4380 sectis.

562 4427 651 4486 Sit
674 4426 805 4481 mihi
835 4423 1107 4496 praecipue
1134 4437 1343 4476 morum
1372 4419 1638 4474 correctio
1661 4430 1921 4489 praesens.

563 4518 684 4576 Sim
708 4518 908 4572 charus
927 4556 941 4581 ,
967 4513 1216 4578 humilis,
1243 4526 1406 4566 verax
1424 4553 1437 4575 ,
1470 4527 1593 4567 cum
1629 4519 1870 4580 tempore
1891 4508 2149 4580 prudens,

564 4609 775 4667 Secreti
806 4608 1021 4672 tacitus,
1053 4614 1109 4661 et
1137 4606 1329 4673 lingua:
1359 4603 1557 4657 famine
1578 4610 1789 4657 cautus.

565 4702 645 4757 Da
678 4698 842 4755 ﬁdum
868 4698 1095 4761 socium,
1122 4694 1189 4749 da
1222 4694 1384 4748 ﬁxum
1414 4709 1629 4764 semper
1659 4693 1912 4748 amicum.

563 4796 644 4851 Da
672 4794 959 4857 blandum,
1004 4790 1275 4851 sobrium,
1324 4803 1578 4857 parcum,
1624 4796 1943 4857 castumque
1988 4787 2153 4842 mini-

1860 4885 2077 4952 [strum.

564 4980 682 5035 Non
711 4994 798 5034 me
815 4976 1101 5048 pauperies
1127 4976 1353 5039 cruciet,
1381 4989 1479 5029 nec
1505 4973 1733 5044 languor
1755 4974 2005 5029 obuncet.

568 5072 652 5126 Sit
680 5083 865 5125 comes
884 5068 1025 5121 alma
1055 5066 1219 5130 salus,
1244 5074 1299 5120 et
1328 5064 1655 5119 sufﬁcientia
1687 5064 1880 5119 victus.

567 5161 759 5215 Absint
787 5158 1012 5223 divitize,
1039 5156 1240 5221 fastus,
1270 5165 1325 5210 et
1345 5154 1543 5227 jurgia,
1578 5156 1724 5221 lites,

567 5252 806 5316 Invidiae,
833 5250 1009 5315 luxus,
1038 5258 1093 5304 et
1119 5248 1325 5303 ventris
1353 5249 1543 5317 pensio
1581 5248 1774 5317 turpis.

567 5344 809 5398 Crimine
846 5356 945 5395 nec
981 5340 1170 5394 lmdam
1210 5355 1559 5409 quemquam,
1592 5354 1690 5394 nec
1717 5340 1945 5395 crimine
1968 5340 2148 5394 lmdar.

569 5434 663 5490 Sic
682 5433 818 5488 bene
840 5432 977 5487 velle
1002 5447 1216 5501 queam,
1240 5447 1347 5501 quo
1373 5447 1597 5501 pravum
1620 5448 1779 5503 posse
1807 5436 2043 5489 recedat.

569 5525 656 5582 Nil
682 5537 840 5596 turpe
865 5524 1100 5594 cupiam,
1136 5522 1352 5587 faciam,
1387 5524 1469 5577 vel
1499 5524 1794 5593 proloquar
1817 5542 2076 5597 unquam.

571 5617 648 5673 Te
670 5632 823 5673 mens
846 5615 1135 5678 desideret,
1167 5615 1345 5685 lingua
1376 5626 1562 5683 canat,
1587 5618 1730 5673 actio
1755 5629 1985 5687 promat.

644 5790 669 5818 ι
701 5777 893 5833 Exstat
920 5776 1033 5830 lucc
1062 5776 1239 5829 oratio
1267 5776 1441 5843 prium
1481 5777 1597 5831 loco
1628 5778 1769 5831 inter
1790 5775 1924 5830 alias
1957 5776 2160 5831 oratio-

572 5864 670 5902 nes
688 5856 742 5901 et
756 5846 997 5901 carmina
1024 5847 1165 5899 beati
1190 5845 1411 5914 Eugenii
1437 5856 1564 5901 tom.
1593 5846 1678 5901 ΧΙΙ
1712 5847 1846 5907 Bibl.
1892 5845 1994 5901 PP.
2024 5847 2157 5901 edit.

577 5919 742 5990 Lugzl.
792 5934 879 5972 an.
932 5915 1088 5981 1677,
1132 5932 1252 5987 pag.
1304 5916 1428 5973 545.

2246 3333 2409 3395 atque
2428 3322 2835 3377 illuminalionis
2854 3320 3525 3392 nostrae,Patei'pignoris,
3544 3338 3649 3390 quo
3664 3321 3858 3376 admo-

2245 3430 2440 3470 nemur
2453 3413 2630 3469 redire
2648 3414 2713 3468 ad
2740 3424 2809 3475 te,
2835 3422 2886 3468 te
2901 3413 3110 3468 invoco.
3130 3412 3273 3466 Deus
3292 3414 3515 3476 veritas,
3534 3413 3583 3465 in
3610 3428 3733 3482 quo,
3753 3423 3811 3467 et
3828 3428 3856 3466 τι

2246 3521 2374 3577 quo,
2392 3513 2446 3562 et
2465 3520 2565 3577 per
2582 3520 2741 3575 quem
2756 3519 2886 3559 vera
2901 3512 3045 3569 sunt,
3061 3518 3183 3576 quae
3199 3520 3326 3583 vera
3354 3512 3478 3559 sunt
3493 3506 3693 3559 omnia.
3713 3504 3859 3561 Deus

2248 3599 2533 3669 sapientia,
2561 3597 2615 3652 in
2646 3613 2776 3668 quo,
2798 3607 2853 3653 et
2879 3614 2911 3653 a
2949 3613 3079 3668 quo,
3110 3606 3165 3653 et
3187 3581 3285 3667 pter
3304 3613 3462 3668 quem
3489 3600 3705 3673 sapiunt
3733 3616 3859 3668 qua:

2249 3694 2464 3763 sapiunt
2490 3692 2693 3746 omnia.
2726 3690 2871 3747 Deus
2898 3706 3026 3745 vera
3066 3700 3120 3746 et
3149 3707 3360 3747 summa
3390 3693 3521 3755 vita,
3554 3695 3606 3747 in
3639 3710 3767 3764 quo,
3800 3702 3858 3748 et

2249 3802 2278 3839 a
2316 3799 2448 3856 quo,
2479 3793 2534 3840 et
2558 3799 2654 3855 per
2680 3800 2843 3854 quem
2871 3784 3080 3849 vivunt,
3109 3800 3230 3855 qum
3264 3799 3391 3841 vere
3422 3802 3738 3859 summeque
3766 3788 3853 3841 vi-

2250 3885 2385 3931 vunt
2418 3876 2620 3932 omnia.
2646 3876 2789 3931 Deus
2816 3876 3116 3941 beatitudo,
3153 3879 3202 3930 in
3234 3892 3357 3945 quo,
3388 3887 3442 3931 et
3469 3895 3497 3930 a
3521 3893 3651 3943 συθ,
3676 3886 3731 3931 et
3756 3895 3856 3948 per

2250 3982 2412 4035 quem
2430 3968 2587 4022 beata
2611 3975 2758 4031 sunt,
2781 3982 2903 4037 qua:
2928 3965 3083 4022 beata
3108 3976 3232 4021 sunt
3256 3969 3459 4022 omnia.
3486 3968 3631 4031 Deus
3652 3969 3854 4025 bonum

2251 4069 2306 4114 et
2338 4060 2645 4131 pulchrum,
2672 4060 2727 4113 in
2768 4076 2894 4130 quo,
2927 4068 2981 4115 et
3010 4076 3038 4114 a
3078 4077 3206 4131 quo,
3238 4071 3293 4116 et
3322 4078 3417 4132 per
3445 4078 3607 4133 quem
3636 4063 3776 4118 bona
3801 4074 3859 4118 et

2253 4151 2477 4224 pulchra
2508 4159 2652 4217 sunt,
2676 4168 2795 4222 qua:
2816 4152 2957 4207 bona
2983 4160 3037 4207 et
3060 4152 3283 4222 pulchra
3316 4163 3441 4208 sunt
3476 4155 3677 4209 omnia.
3704 4154 3855 4211 Deus

2254 4245 2603 4317 intelligibilis
2633 4246 2742 4311 lux,
2766 4246 2820 4300 in
2850 4261 2981 4317 quo,
3006 4252 3060 4301 et
3085 4262 3114 4299 a
3143 4263 3268 4317 quo,
3298 4258 3352 4301 et
3377 4264 3475 4319 per
3502 4265 3662 4319 quem
3696 4252 3853 4304 intel-

2253 4335 2529 4407 ligibiliter
2577 4334 2774 4399 lucent,
2827 4351 2948 4405 qua:
2991 4336 3401 4409 intelligibiliter
3440 4338 3621 4394 lucent
3646 4341 3850 4393 omnia.

2256 4429 2428 4493 Deus,
2461 4427 2613 4496 cujus
2641 4443 2867 4499 regnum
2895 4436 2979 4482 est
3010 4437 3155 4484 totus
3186 4430 3437 4493 mundus,
3466 4447 3627 4501 quem
3658 4448 3855 4485 sensus

2257 4520 2502 4575 mortalis
2541 4519 2791 4591 corporis
2828 4519 3059 4591 ignorat.
3091 4520 3254 4583 Deus,
3289 4522 3355 4576 de
3385 4520 3537 4590 cujus
3570 4538 3737 4593 regno
3764 4520 3854 4576 lex

2179 4634 2231 4693 D
2257 4612 2420 4665 etiam
2451 4612 2504 4664 in
2547 4611 2649 4665 ista
2695 4623 2859 4682 regna
2901 4610 3245 4665 describitur.
3280 4612 3445 4677 Deus,
3479 4629 3508 4666 a
3547 4629 3655 4681 quo
3683 4612 3855 4669 averti

2258 4709 2476 4771 cadere,
2510 4708 2561 4762 in
2594 4722 2753 4777 quem
2794 4707 3037 4762 converti
3066 4722 3375 4777 resurgere,
3402 4708 3455 4761 in
3493 4724 3601 4777 quo
3632 4724 3855 4763 manere

2256 4800 2555 4855 consistere
2578 4808 2682 4853 est.
2716 4799 2880 4861 Deus,
2908 4814 2937 4851 a
2963 4815 3070 4868 quo
3102 4800 3251 4853 exire
3281 4801 3440 4860 mori,
3472 4800 3524 4853 in
3555 4817 3714 4869 quem
3758 4816 3854 4855 re-

2256 4893 2373 4947 dire
2419 4891 2762 4955 reviviscere,
2801 4891 2856 4944 in
2907 4906 3014 4960 quo
3056 4891 3304 4946 habitare
3336 4892 3518 4947 vivere
3548 4901 3649 4948 est.
3681 4892 3851 4956 Deus,

2262 4984 2420 5058 105.
2440 4999 2600 5055 quem
2636 4999 2796 5038 nemo
2823 4983 3024 5038 amittit
3056 4982 3161 5037 nisi
3192 4983 3468 5054 deceptus,
3502 5002 3662 5055 quem
3691 5002 3854 5041 nemo

2255 5078 2453 5148 quaerit
2478 5077 2580 5131 nisi
2623 5077 2952 5136 admonitus,
2979 5092 3138 5146 quem
3173 5094 3331 5132 nemo
3360 5080 3564 5133 invenit
3592 5080 3693 5134 nisi
3717 5095 3852 5151 pur-

2260 5178 2438 5239 gatus.
2468 5168 2627 5233 Deus,
2676 5182 2835 5238 quem
2866 5168 3169 5239 relinquere
3216 5170 3317 5225 hoc
3346 5179 3447 5233 est,
3482 5172 3627 5242 quod
3652 5174 3853 5244 perire,

2261 5275 2422 5329 quem
2471 5260 2748 5315 attendere
2781 5260 2886 5315 hoc
2928 5269 3031 5327 est,
3063 5262 3205 5331 quod
3248 5278 3452 5326 amare,
3478 5280 3639 5333 quem
3668 5267 3852 5322 videre

2258 5354 2364 5409 hoc
2389 5362 2489 5417 est,
2520 5355 2663 5423 quod
2691 5355 2911 5410 habere.
2944 5357 3118 5419 Deus,
3141 5358 3295 5428 cujus
3325 5373 3421 5412 nos
3463 5357 3595 5415 ﬁdes
3628 5360 3849 5426 excitat,

2261 5460 2384 5515 spes
2411 5446 2591 5516 erigit,
2622 5446 2823 5500 caritas
2840 5445 3038 5517 jungit.
3070 5446 3227 5511 Deus,
3261 5463 3358 5517 per
3384 5465 3543 5518 quem
3587 5451 3858 5508 vincimus

2263 5539 2561 5602 inimicum,
2601 5546 2653 5593 te
2702 5539 2983 5610 deprecor.
3031 5539 3191 5604 Deus,
3234 5556 3393 5610 quem
3425 5542 3750 5613 accepimus,
3784 5558 3857 5599 ne

2260 5632 2481 5686 omnino
2516 5632 2835 5701 periremus.
2862 5631 3021 5694 Deus,
3051 5646 3078 5683 a
3106 5646 3212 5699 quo
3238 5631 3613 5698 admonemur,
3640 5645 3699 5689 ut
3719 5633 3857 5709 vigi-

2334 5780 2363 5819 δ
2402 5778 2630 5850 Eugen.,
2664 5777 2817 5843 Quod
2845 5779 3001 5831 miser
3031 5776 3317 5847 Eugenius.

2339 5862 2359 5887 ο
2403 5848 2508 5904 Pro
2537 5866 2635 5902 usu
2663 5850 2851 5918 quinto
2879 5866 3041 5919 supra
3072 5851 3175 5903 cui.
3208 5850 3333 5904 467.
