4112 6652
278 514 378 575 58!

1262 511 1659 568 ιλΤιλιῑριω.
1704 544 1775 555 —-
1814 514 2085 569 OFFICIA
2125 515 2258 569 PER
2300 514 2572 571 FEltlAS.

3468 518 3573 577 58?.

277 640 469 696 lemus.
524 635 687 697 Deus,
735 648 832 703 per
860 644 1021 701 quem
1072 645 1101 683 a
1148 628 1305 684 malis
1348 631 1488 686 bona
1535 645 1872 703 separamus.
1904 634 1952 690 Α
1984 643 2134 685 more
2161 631 2253 685 illo
2286 638 2396 695 tuo,
2428 631 2620 701 paucis
2656 632 2957 686 notissimo.
2990 630 3124 685 Nam
3151 640 3199 687 te
3225 632 3398 688 solum
3430 649 3576 701 amo,

277 730 442 797 Deus,
469 744 571 800 per
607 743 769 797 quem
809 724 949 780 mala
1003 723 1258 796 fugimus,
1299 730 1355 778 et
1392 723 1531 778 bona
1575 722 1874 793 sequimur.

275 824 443 891 Deus,
483 838 583 895 per
609 837 771 893 quem
799 836 906 875 non
955 818 1197 874 cedimus
1238 816 1679 873 adversitatibus.
1713 818 1875 881 Deus,

272 932 371 991 per
390 930 553 989 quem
584 915 724 970 bene
753 913 1046 976 servimus,
1067 919 1123 966 et
1149 911 1289 966 bene
1313 910 1676 967 dominamur.
1709 910 1875 974 Deus,

272 1027 372 1083 per
399 1024 559 1080 quem
588 1006 852 1062 discimus
891 1005 1066 1060 aliena
1097 1019 1242 1069 esse,
1284 1018 1405 1073 quae
1452 1002 1738 1073 aliquando
1774 1018 1878 1056 no-

274 1112 418 1169 stra;
446 1110 502 1156 et
523 1108 709 1155 nostra
732 1114 874 1163 esse,
900 1112 1019 1168 quae
1038 1096 1326 1166 aliquando
1349 1094 1523 1150 aliena
1546 1096 1873 1165 putavimus.

276 1197 438 1258 Deus,
487 1202 589 1265 per
616 1209 778 1263 quem
803 1191 1072 1247 malorum
1100 1190 1241 1246 escis
1277 1198 1440 1260 atque
1472 1189 1740 1244 illecebris
1767 1203 1877 1243 non

275 1290 625 1345 inhaeremus.
655 1286 819 1349 Deus,
842 1299 939 1354 per
964 1298 1127 1354 quem
1154 1296 1254 1336 nos
1283 1296 1375 1335 res
1397 1280 1621 1335 minuta:
1642 1295 1749 1336 non
1776 1278 1879 1333 mi-

276 1387 470 1436 nuunt.
502 1377 673 1443 Deus,
718 1391 818 1447 per
860 1390 1025 1447 quem
1079 1372 1274 1430 melius
1325 1380 1569 1427 nostrum
1618 1371 1877 1426 deteriori

275 1470 578 1540 subjectum
608 1485 714 1524 non
742 1475 846 1522 est.
878 1467 1042 1533 Deus;
1070 1483 1168 1537 per
1194 1480 1357 1536 quem
1380 1480 1529 1519 mors
1556 1463 1880 1520 absorbetur

278 1565 332 1619 in
360 1562 608 1618 victoria.
657 1561 801 1616 Deus
849 1560 942 1629 qui
974 1574 1072 1615 nos
1100 1559 1393 1614 convertis.
1440 1557 1606 1624 Deus,
1639 1558 1733 1628 qui
1780 1573 1879 1614 nos

276 1672 366 1721 eo,
399 1655 545 1725 quod
592 1669 699 1708 non
734 1662 839 1716 est,
889 1653 1067 1715 exuis,
1109 1659 1165 1706 et
1208 1667 1297 1714 eo,
1336 1651 1484 1721 quod
1526 1660 1635 1715 est,
1676 1649 1874 1704 induis.

277 1748 443 1813 Deus,
466 1746 555 1817 qui
581 1762 679 1801 nos
701 1744 1038 1800 exaudibiles
1058 1742 1217 1798 facis.
1244 1743 1411 1809 Deus,
1433 1744 1526 1814 qui
1553 1760 1651 1798 nos
1675 1742 1873 1798 munis.

274 1840 441 1905 Deus,
472 1840 563 1911 qui
612 1854 710 1895 nos
741 1840 798 1893 in
841 1852 1058 1894 omnem
1100 1838 1388 1892 veritatem
1433 1838 1666 1893 inducis.
1709 1836 1875 1904 Deus,

274 1933 368 2005 qui
395 1931 552 1987 nobis
599 1932 782 1987 omnia
828 1932 967 1987 bona
1012 1930 1285 2001 loqueris,
1314 1946 1414 1985 nec
1447 1931 1667 1985 insanos
1717 1930 1873 1996 facis,

1985 731 2038 778 te
2076 723 2253 779 solum
2296 738 2515 794 sequor,
2549 734 2600 778 te
2646 724 2819 780 solum
2852 740 3055 795 quer,
3089 726 3183 781 tibi
3235 727 3339 783 soli
3373 728 3582 783 servire

1979 824 2205 885 paratus
2224 831 2366 881 sum,
2396 818 2520 885 quia
2556 825 2609 870 tu
2635 817 2782 873 solus
2801 817 2949 886 juste
2981 820 3296 875 dominaris.
3326 821 3583 891 Tnijuris

1978 922 2099 963 esse
2126 909 2311 978 cupio,
2325 906 2479 976 jube,
2501 925 2704 979 quzeso,
2734 919 2898 980 atque
2919 912 3142 982 impera,
3172 913 3432 984 quidquid
3456 915 3577 981 vis;

1980 1001 2073 1056 sed
2123 1016 2257 1056 sana
2306 1012 2361 1055 et
2406 1003 2556 1071 aperi
2591 1018 2751 1058 aures
2797 1019 2970 1068 meas,
3017 1004 3213 1072 quibus
3251 1020 3414 1061 voces
3462 1016 3585 1061 tuas

1981 1093 2198 1149 audiam
2242 1111 2255 1147 :
2291 1092 2436 1148 Sana
2485 1103 2541 1147 et
2582 1096 2731 1164 aperi
2761 1096 2947 1151 oculos
2992 1112 3162 1161 meos,
3195 1099 3392 1168 quibus
3421 1109 3585 1157 nutus

1981 1192 2104 1239 tuos
2124 1185 2337 1240 videam
2364 1203 2377 1239 :
2401 1185 2610 1256 expelle
2632 1202 2659 1240 a
2684 1203 2771 1242 me
2797 1188 3088 1255 insaniam,
3114 1198 3174 1243 ut
3194 1205 3581 1260 recognoscam

1981 1286 2052 1332 te.
2086 1277 2183 1333 Dic
2212 1279 2365 1343 mihi,
2392 1294 2498 1349 qua
2545 1280 2843 1344 attendam,
2874 1289 2934 1335 ut
2960 1282 3222 1350 aspiciam
3266 1289 3317 1337 te
3348 1300 3360 1336 :
3387 1292 3441 1338 et
3464 1299 3582 1339 om~

1980 1374 2070 1428 nia
2097 1388 2185 1427 me
2215 1389 2395 1442 spero,
2429 1389 2549 1442 quae
2566 1372 2816 1441 jusseris,
2858 1388 2979 1429 esse
3006 1374 3297 1430 facturum.
3326 1375 3580 1448 Respice,

1978 1484 2097 1535 oro,
2140 1467 2425 1539 fugitivum
2473 1477 2645 1533 tuum,
2678 1468 2905 1523 Domine
2947 1468 3369 1525 clementissime
3396 1488 3408 1523 :
3439 1468 3580 1538 jam-

1972 1559 2088 1630 jam
2133 1560 2267 1615 satis
2318 1575 2507 1630 pinnas
2538 1560 2780 1615 dederim
2812 1579 2825 1613 :
2854 1561 2988 1615 satis
3028 1561 3262 1615 inimicis
3288 1562 3410 1627 tuis,
3445 1575 3584 1633 quos

1980 1651 2082 1705 sub
2112 1650 2339 1720 pedibus
2379 1650 2569 1713 habes,
2598 1651 2883 1705 servierim
2916 1666 2929 1705 :
2960 1651 3094 1705 satis
3120 1650 3312 1706 fuerim
3342 1651 3586 1708 fallacia-

1980 1758 2103 1796 rum
2134 1741 2444 1796 ludibrium.
2486 1741 2685 1811 Accipe
2720 1757 2809 1795 me
2840 1744 2909 1798 ab
2939 1744 3060 1797 istis
3086 1741 3381 1812 fugientem
3408 1743 3583 1798 famu-

1979 1834 2090 1889 lum
2118 1842 2293 1898 tuum,
2342 1834 2469 1903 quia
2501 1843 2553 1889 et
2595 1835 2698 1889 ista
2735 1850 2841 1899 me,
2875 1836 3090 1905 quando
3128 1851 3160 1888 a
3192 1845 3245 1890 te
3284 1834 3580 1907 fugiebam,

1982 1933 2310 1996 acceperunt
2334 1925 2590 1980 alienum.
2612 1926 2694 1979 Ad
2730 1934 2782 1981 te
2806 1926 2937 1980 mihi
2958 1927 3291 1982 redeundum
3315 1943 3438 1983 esse
3458 1942 3582 1983 sen-

275 2003 376 2082 nec
399 2041 429 2081 a
453 2039 724 2094 quoquam
755 2023 871 2080 fieri
907 2024 1061 2079 sinis.
1092 2022 1261 2085 Deus,
1288 2023 1382 2093 qui
1419 2038 1517 2077 nos
1555 2037 1781 2077 revocas
1819 2021 1874 2075 in
1907 2003 1952 2063 Β
1980 2020 2076 2083 tio,
2106 2026 2291 2089 pateat
2329 2020 2460 2073 mihi
2491 2019 2723 2089 pulsanti
2744 2020 2911 2090 janna
2942 2030 3053 2086 tua,
3082 2021 3175 2076 sed
3213 2022 3483 2093 quomodo
3511 2022 3582 2078 ad

272 2118 436 2175 viam.
460 2117 625 2182 Deus,
654 2117 746 2188 qui
775 2116 911 2173 facis
937 2125 998 2172 ut
1014 2114 1359 2189 pulsantibus
1380 2116 1678 2187 aperiatur.
1707 2115 1873 2181 Deus,

275 2210 370 2282 qui
397 2223 500 2264 nos
522 2208 742 2264 deducis
770 2208 839 2264 ad
858 2207 1106 2277 januam.
1133 2208 1294 2273 Deus,
1323 2208 1418 2277 qui
1444 2209 1542 2263 das
1583 2208 1738 2263 nobis
1782 2223 1879 2279 pa-

274 2314 401 2356 nem
421 2298 563 2353 vitae.
583 2298 747 2367 Deus,
770 2316 869 2371 per
890 2315 1051 2370 quem
1075 2300 1293 2355 sitimus
1315 2308 1525 2371 potum,
1553 2316 1662 2371 quo
1682 2301 1879 2355 hausto

272 2407 552 2464 nunquam
601 2391 875 2447 sitiamus.
932 2391 1095 2458 Deus,
1143 2393 1236 2463 qui
1276 2392 1461 2463 arguis
1509 2391 1770 2447 smculum
1810 2392 1877 2448 de

270 2493 520 2560 peccato,
558 2485 623 2539 de
655 2484 887 2555 justitia,
923 2484 987 2540 de
1006 2483 1235 2553 judicio.
1267 2484 1430 2549 Deus,
1460 2497 1557 2556 per
1581 2498 1742 2553 quem
1775 2498 1875 2538 nos

271 2592 384 2634 non
435 2586 677 2642 movent,
723 2577 817 2648 qui
848 2576 1069 2631 minime
1097 2576 1349 2631 credunt.
1383 2575 1549 2641 Deus,
1579 2590 1677 2645 per
1713 2572 1874 2645 quem

271 2669 641 2742 lmprobamns
670 2684 859 2725 eorum
888 2684 1153 2732 errorem,
1183 2668 1275 2739 qui
1320 2668 1629 2723 animarum
1681 2668 1876 2722 merita

271 2763 418 2820 nulla
440 2777 565 2819 esse
593 2762 735 2831 apud
765 2770 817 2818 te
845 2769 1058 2831 putant.
1093 2761 1261 2829 Deus,
1287 2776 1385 2831 per
1410 2776 1573 2831 quem
1609 2776 1714 2814 non
1755 2775 1873 2814 ser-

270 2856 452 2912 vimus
489 2855 721 2911 inftrniis
749 2862 805 2907 et
847 2854 1033 2925 egenis
1082 2852 1385 2909 elementis.
1440 2852 1604 2918 Deus,
1635 2853 1729 2923 qui
1775 2866 1874 2906 nos

269 2963 504 3019 purgas,
535 2956 591 3002 et
615 2947 683 3001 ad
713 2946 896 3001 divina
927 2961 1205 3019 praeparas
1233 2945 1474 3016 prazmia.
1507 2945 1715 2999 Advenl
1741 2942 1876 2998 mihi

273 3043 328 3094 in
352 3039 613 3095 auxilium
641 3037 910 3108 propitius
944 3051 959 3090 :
992 3045 1049 3090 tu
1076 3036 1340 3107 quidquid
1360 3051 1391 3090 a
1416 3051 1503 3091 me
1532 3037 1736 3092 dictum
1768 3042 1873 3101 est,

274 3150 414 3188 unus
445 3130 588 3186 Deus
622 3150 632 3183 :
664 3139 741 3195 tu,
772 3139 828 3185 tu
848 3130 996 3194 veni,
1027 3129 1152 3184 veni
1188 3129 1244 3184 in
1278 3129 1541 3185 auxilium
1582 3129 1714 3184 mihi
1745 3147 1873 3197 una,

272 3233 495 3285 veterna,
524 3239 649 3277 vera
679 3222 1002 3287 substantia,
1034 3220 1124 3275 ubi
1154 3220 1298 3275 nulla
1323 3223 1707 3293 discrepantia,
1730 3225 1874 3282 nulla

273 3316 541 3379 confusio,
563 3313 702 3367 nulla
729 3311 1161 3378 transitio,nulia
1185 3311 1500 3384 indigentia,
1520 3313 1663 3369 nulla
1686 3330 1833 3371 mors
1857 3335 1870 3372 :

1980 2122 2033 2169 te
2070 2114 2438 2184 perveniatur,
2483 2114 2616 2168 doce
2665 2128 2772 2168 me.
2805 2112 2948 2167 Nihil
2990 2113 3136 2169 aliud
3187 2115 3344 2185 105
3382 2114 3579 2180 habeo,

1978 2225 2144 2281 quam
2172 2209 2526 2263 voluntatem.
2557 2206 2702 2263 Nihil
2729 2206 2875 2261 aliud
2900 2208 3037 2274 scio,
3068 2209 3174 2263 nisi
3204 2208 3372 2276 ﬂuxa,
3401 2218 3458 2264 et
3487 2227 3581 2265 ca—

1979 2301 2115 2356 duca
2144 2301 2447 2371 spernenda
2485 2315 2628 2365 esse,
2674 2307 2825 2354 certa
2872 2309 2929 2355 et
2976 2308 3182 2357 aeterna
3231 2304 3578 2373 requirenda.

1977 2392 2093 2449 Hoc
2109 2392 2470 2461 facio,Pater,
2503 2393 2631 2463 quia
2659 2393 2764 2448 hoc
2792 2393 2965 2449 solum
2999 2395 3124 2450 novi
3155 2415 3168 2450 :
3202 2396 3297 2451 sed
3328 2398 3469 2454 unde
3510 2398 3582 2457 ad

1979 2494 2033 2540 te
2055 2487 2427 2557 perveniatur,
2457 2486 2669 2556 ignoro.
2693 2486 2783 2539 -Tu
2803 2487 2936 2541 mihi
2967 2503 3219 2559 suggere,
3239 2496 3297 2543 tu
3326 2490 3577 2556 ostende,

1978 2582 2038 2630 tu
2066 2574 2325 2630 viaticum
2354 2576 2555 2645 praebe.
2585 2574 2643 2628 Si
2674 2574 2780 2630 fide
2804 2585 2855 2630 te
2882 2576 3185 2642 inveniunt,
3213 2578 3305 2649 qui
3327 2579 3395 2633 ad
3420 2588 3473 2635 te
3494 2593 3582 2636 re.

1976 2665 2209 2738 fugiunt,
2242 2667 2403 2721 tidem
2438 2668 2507 2721 da
2539 2685 2551 2720 :
2583 2667 2628 2721 si
2672 2668 2891 2734 virtute,
2915 2669 3172 2724 virtutem
3201 2689 3213 2722 :
3243 2670 3287 2723 si
3326 2670 3581 2737 scientia,

1977 2758 2281 2812 scientiam.
2298 2758 2339 2811 A
2349 2774 2447 2829 age
2463 2759 2516 2811 in
2534 2750 2621 2813 me
2636 2773 2807 2829 spem.
2821 2758 2974 2830 Auge
2988 2760 3335 2815 cbaritatcm.
3351 2760 3396 2817 0
3408 2761 3584 2818 admi-

1978 2850 2146 2904 randa
2168 2858 2223 2905 et
2234 2849 2524 2921 singularis
2544 2850 2759 2906 bonitas
2780 2854 2898 2906 tua!
2918 2851 2999 2906 Ad
3023 2861 3074 2907 te
3092 2852 3294 2919 ambio,
3308 2864 3362 2908 et
3382 2855 3582 2926 quibus

1977 2941 2140 2997 rebus
2154 2958 2185 2995 a
2207 2950 2261 2997 te
2281 2943 2573 3005 ambiatur,
2597 2944 2664 2998 ad
2681 2953 2732 2998 te
2757 2959 2970 2999 rursum
2986 2953 3132 3014 peto.
3156 2944 3234 2999 Tu
3255 2946 3403 3001 enim
3415 2946 3464 3001 si
3488 2947 3583 3004 de-

1977 3033 2134 3099 seris,
2166 3034 2376 3103 peritur
2395 3034 2486 3088 hic
2510 3052 2521 3085 :
2541 3033 2636 3089 sed
2658 3050 2767 3089 non
2791 3034 3021 3101 deseris,
3052 3037 3180 3107 quia
3226 3045 3282 3091 tu
3328 3052 3390 3094 es
3427 3053 3583 3095 δυωκ-

1980 3139 2127 3180 mum
2155 3125 2376 3190 bonum,
2414 3127 2558 3195 quod
2591 3141 2748 3181 nemo
2785 3133 2933 3181 recte
2963 3126 3245 3198 quasivit,
3278 3138 3334 3185 et
3359 3127 3582 3184 minime

1979 3216 2207 3272 invenit.
2244 3216 2432 3272 Omnis
2458 3225 2641 3273 autem
2676 3226 2823 3274 recte
2849 3219 3122 3289 quzesivit,
3152 3234 3315 3289 quem
3340 3228 3396 3276 tu
3432 3228 3584 3278 recte

1979 3324 2224 3382 quaerere
2274 3308 2482 3377 fecisti,
2527 3309 2618 3366 fac
2664 3321 2722 3369 et
2756 3328 2864 3377 mc,
2899 3311 3099 3380 Pater;
3128 3315 3343 3371 vindica
3388 3330 3476 3370 me
3512 3316 3583 3371 ab

273 3409 366 3463 ubi
396 3422 607 3463 summa
634 3406 947 3472 concordia,
970 3420 1182 3460 summa
1202 3405 1497 3473 evidentia,
1514 3421 1725 3461 summa
1744 3422 1873 3462 con-
1899 3380 1945 3441 ο
1977 3416 2185 3458 errore.
2203 3402 2479 3471 Qucerenti
2504 3414 2554 3459 te
2571 3405 2702 3460 mihi
2722 3406 2857 3460 nihil
2873 3406 3016 3461 aliud
3029 3422 3132 3477 pro
3159 3416 3212 3464 te
3230 3410 3582 3466 occurratzsi

273 3500 497 3566 stantia,
549 3514 761 3554 summa
807 3497 1107 3568 plenitudo,
1155 3512 1367 3552 summa
1410 3497 1521 3552 vita
1554 3516 1567 3548 :
1597 3498 1689 3553 ubi
1736 3500 1873 3555 nihil

274 3593 453 3655 deest,
484 3590 576 3646 ubi
611 3589 897 3655 redundat,
927 3588 1021 3644 ubi
1044 3589 1135 3659 qui
1164 3588 1357 3659 gignit,
1387 3595 1439 3642 et
1480 3603 1641 3658 quem
1680 3591 1872 3661 gignit,

274 3700 445 3742 unum
475 3690 601 3740 sunt
631 3701 643 3736 :
674 3682 762 3737 cui
791 3682 1055 3746 serviunt,
1091 3696 1213 3751 quae
1256 3681 1502 3735 serviunt
1543 3683 1743 3744 omnia;
1785 3684 1875 3739 cui

274 3777 817 3849 obtemperatcninis
844 3777 986 3834 bona
1013 3778 1216 3843 anima,
1246 3778 1400 3846 cujus
1429 3778 1636 3848 legibus
1682 3788 1873 3834 rotan-

275 3880 369 3929 tur
408 3871 539 3942 poli,
580 3886 774 3926 cursus
819 3885 948 3926 suos
990 3869 1171 3926 sidera
1218 3879 1506 3940 peragunt,
1547 3871 1626 3926 sol
1657 3881 1876 3928 exercet

275 3964 441 4029 diem,
472 3961 596 4016 luna
628 3969 894 4032 temperat
915 3967 1131 4018 noctem
1159 3975 1174 4013 :
1207 3960 1493 4029 omnisque
1521 3963 1753 4016 mundus
1778 3978 1875 4033 per

276 4054 414 4115 dies,
442 4050 819 4107 vicissitudine
843 4050 983 4106 lucis
1008 4058 1066 4104 et
1086 4052 1284 4114 noctis,
1314 4062 1367 4107 et
1398 4066 1495 4121 per
1514 4068 1730 4109 menses
1753 4068 1872 4109 cre-

276 4146 477 4202 mentis
521 4144 991 4213 decrementisque
1016 4143 1319 4211 lunaribus,
1361 4160 1459 4215 per
1499 4161 1670 4202 annos
1702 4149 1873 4216 veris,

278 4239 507 4304 aestatis,
537 4237 802 4303 autumni,
832 4238 1031 4293 hiemis
1074 4238 1511 4293 successionibus
1557 4237 1873 4309 perlustrat,

277 4331 614 4403 perfectione
636 4345 829 4387 cursus
849 4330 1046 4385 solaris
1072 4346 1169 4400 per
1192 4346 1419 4401 magnos
1443 4330 1592 4385 orbis
1622 4347 1876 4388 recursus

280 4425 335 4479 in
360 4434 514 4480 ortus
539 4439 667 4478 suos
692 4423 932 4477 siderum
968 4437 1219 4491 magnam
1249 4438 1431 4477 rerum
1461 4422 1872 4489 continentiam,

277 4527 541 4590 quantum
568 4516 841 4571 sensibilis
870 4515 1099 4570 materia
1140 4515 1366 4585 patitur,
1396 4525 1699 4584 temporum
1721 4518 1872 4571 ordi-

278 4609 441 4663 nibus
484 4604 1033 4676 replicationibusque
1079 4604 1335 4659 custodit.
1374 4604 1541 4672 Cujus
1581 4604 1790 4676 legibus
1818 4606 1875 4661 in

277 4715 396 4756 aevo
443 4700 716 4754 stantibus
763 4708 943 4753 motus
984 4698 1257 4752 instabilis
1301 4713 1483 4752 rerum
1530 4698 1875 4754 mutabilium

279 4794 630 4868 perturbatus
671 4808 790 4848 esse
819 4809 925 4847 non
969 4791 1185 4855 sinitur,
1217 4791 1492 4863 frenisque
1529 4793 1872 4848 circumeun-

281 4889 419 4944 tium
445 4888 763 4943 seculorum
789 4900 1004 4956 semper
1033 4885 1101 4940 ad
1127 4887 1534 4942 similitudinem
1563 4888 1872 4942 stabilitatis

282 4986 595 5033 renovatur.
626 4974 793 5044 Cujus
816 4975 1025 5045 legibus
1072 4976 1360 5030 arbitrium
1408 4977 1599 5032 animae
1639 4978 1871 5032 liberum

279 5076 383 5134 est,
410 5068 674 5136 bonisque
697 5067 940 5135 praemia,
973 5074 1029 5120 et
1065 5066 1221 5121 malis
1248 5082 1440 5137 poenae,
1484 5067 1605 5121 fixis
1634 5084 1732 5139 per
1758 5084 1874 5121 om—

282 5162 371 5218 nia
418 5160 856 5222 necessitatibus,
900 5158 1200 5213 distributa:
1232 5168 1376 5213 sunt.
1409 5159 1455 5212 A
1500 5175 1608 5229 quo
1650 5170 1875 5214 manant

277 5251 466 5310 omnia
492 5252 629 5305 bona
657 5267 827 5321 usque
855 5250 923 5306 ad
953 5267 1068 5316 nos,
1100 5268 1128 5304 a
1161 5266 1269 5321 quo
1308 5259 1625 5305 coercentur
1646 5267 1817 5320 usque
1844 5266 1874 5304 a

282 5344 441 5403 nobis
485 5346 667 5400 omnia
711 5345 850 5399 mala
883 5364 894 5397 :
922 5362 1086 5416 supra
1137 5362 1298 5415 quem
1346 5346 1496 5409 nihil,
1534 5358 1687 5400 extra
1713 5362 1873 5415 quem

283 5436 440 5502 nihil,
468 5437 584 5490 sine
612 5452 720 5507 quo
749 5437 880 5491 nihil
912 5456 924 5490 :
955 5438 1055 5492 sub
1080 5454 1186 5508 quo
1224 5448 1418 5503 totum,
1450 5439 1502 5491 in
1539 5453 1646 5508 quo
1680 5447 1872 5503 totum,

280 5545 409 5586 cum
436 5546 544 5600 quo
574 5540 745 5586 totum
774 5540 857 5587 est
886 5550 896 5583 :
927 5532 1018 5599 qui
1064 5530 1236 5586 fecisti
1277 5533 1546 5587 hominem
1579 5532 1645 5585 ad
1678 5532 1872 5603 imagi-

284 5638 410 5680 nem
435 5632 493 5679 et
515 5624 920 5679 similitudinem
954 5633 1121 5687 tuam,
1153 5624 1297 5693 quod
1324 5624 1415 5692 qui
1443 5639 1501 5678 se
1537 5625 1686 5678 novit
1707 5639 1874 5694 agno-

284 5717 408 5775 scit.
437 5716 664 5783 Exaudi,
694 5718 911 5781 exaudi,
936 5718 1131 5772 exaudi
1150 5716 1414 5781 mc,l)cus
1439 5733 1614 5780 mons,
1647 5716 1875 5770 Domine

284 5826 461 5875 meus,
495 5810 607 5865 Rex
638 5825 813 5873 mens,
834 5808 995 5863 Pater
1018 5824 1190 5872 meus,
1216 5824 1380 5863 causa
1410 5823 1548 5872 mea,
1575 5824 1699 5877 spes
1729 5822 1870 5870 mea,

284 5920 377 5963 res
399 5919 540 5970 mea,
570 5908 742 5959 honor
769 5918 941 5967 meus,
970 5904 1162 5958 domus
1188 5919 1332 5968 mea,
1356 5903 1529 5972 patria
1561 5919 1699 5968 mea,
1729 5902 1875 5958 salus

287 6014 428 6067 mea,
460 6000 545 6054 lux
583 6014 719 6064 mea,
754 5999 862 6051 vita
892 6012 1031 6052 mea.
1066 5995 1291 6063 Exaudi,
1324 5997 1539 6064 exaudi,
1566 5997 1761 6051 exaudi
1789 6012 1874 6052 me

1974 3494 2111 3552 nihil
2136 3494 2280 3550 aliud
2309 3496 2561 3551 desidero
2592 3512 2756 3566 quam
2782 3506 2854 3563 te,
2886 3497 3159 3553 inveniam
3191 3506 3243 3554 te
3266 3499 3404 3568 jam,
3431 3516 3585 3571 quai-

1975 3603 2057 3653 so,
2083 3587 2265 3644 Pater.
2292 3588 2351 3644 Si
2375 3597 2556 3646 autem
2582 3590 2744 3644 estin
2771 3606 2856 3645 me
2883 3590 3137 3661 superﬂui
3161 3591 3391 3661 alicujus
3418 3608 3584 3665 appe-

1976 3681 2117 3749 titio,
2168 3691 2227 3737 tu
2270 3684 2386 3754 ipse
2415 3699 2503 3739 me
2540 3684 2760 3750 munda,
2792 3692 2847 3740 et
2881 3685 2967 3740 fac
3005 3685 3257 3740 idoneum
3288 3687 3356 3743 ad
3386 3687 3580 3743 viden-

1976 3774 2105 3830 dum
2136 3784 2207 3831 te.
2240 3776 2533 3843 Cancrum,
2564 3778 2631 3833 de
2674 3779 2846 3834 salute
2874 3778 3031 3848 hujus
3058 3779 3304 3835 mortalis
3332 3781 3581 3852 corporis

1975 3868 2102 3935 mei,
2130 3870 2370 3938 quandiu
2416 3871 2467 3924 in
2498 3871 2601 3926 hoc
2638 3871 2902 3937 habitem,
2939 3873 3149 3937 nescio,
3182 3873 3311 3943 quid
3346 3874 3480 3928 mihi
3506 3889 3574 3930 ex

1975 3975 2041 4015 eo
2061 3961 2193 4017 utile
2217 3962 2311 4028 sit,
2334 3963 2420 4017 vel
2454 3963 2555 4027 eis,
2598 3978 2735 4032 quos
2757 3962 2941 4033 diligo.
2972 3963 3090 4019 Tibi
3116 3963 3245 4019 illud
3270 3966 3573 4032 committo,

1973 4050 2137 4108 Pater
2173 4054 2572 4124 sapientissime
2610 4064 2781 4125 atque
2811 4056 3040 4125 optime,
3077 4065 3133 4111 et
3171 4072 3269 4127 pro
3308 4074 3394 4124 eo,
3429 4059 3576 4129 quod

1976 4144 2323 4201 admonueris
2347 4146 2416 4202 ad
2444 4155 2676 4217 tempus,
2713 4148 3063 4217 deprecabor.
3096 4148 3326 4205 Tantum
3350 4165 3449 4206 oro
3470 4167 3569 4206 ex-

1974 4237 2414 4294 cellentissimam
2456 4239 2798 4296 clementiam
2831 4250 3001 4307 tuam,
3036 4252 3096 4295 ut
3125 4258 3210 4299 me
3254 4245 3467 4314 penitus
3500 4245 3571 4300 ad

1975 4335 2029 4384 te
2054 4338 2363 4395 convertas,
2397 4330 2533 4385 nihil
2557 4332 2688 4386 mihi
2715 4345 3012 4402 repugnare
3040 4330 3211 4388 facias
3239 4333 3480 4389 tendenti
3502 4335 3571 4389 ad

1976 4428 2050 4487 te,
2080 4420 2382 4493 jubeasque
2415 4438 2523 4489 me,
2556 4423 2686 4479 dum
2716 4425 2819 4480 hoc
2846 4425 3021 4495 ipsum
3058 4440 3256 4495 corpus
3286 4442 3387 4497 ago
3409 4436 3573 4498 atquc

1974 4520 2151 4583 porto,
2191 4529 2409 4583 purum,
2446 4516 2871 4586 magnanimum,
2893 4514 3105 4583 justum
3139 4518 3575 4590 prudentemque

1975 4622 2115 4671 esse,
2157 4605 2566 4676 perfectumque
2610 4618 2908 4664 amatorem
2960 4619 3447 4681 perceptoremque
3481 4628 3572 4669 sa-

1976 4701 2192 4770 pientia‘.
2222 4710 2349 4765 tuac,
2383 4707 2434 4754 et
2471 4700 2693 4771 dignum
2724 4701 3082 4770 habitatione,
3112 4712 3276 4773 atque
3300 4704 3574 4761 habitata.

1980 4809 2095 4849 rem
2129 4794 2499 4849 beatissimum
2527 4796 2676 4865 regni
2705 4796 2800 4850 tui.
2835 4795 3029 4851 Amen.

2050 4885 2193 4941 Deus
2216 4886 2269 4939 in
2302 4885 2626 4954 adiutorium
2665 4902 2841 4942 meum
2878 4888 3116 4955 intende,
3154 4900 3254 4944 (er.

2600 4996 2938 5076 PSALMUS.

2051 5162 2232 5231 (Psu..
2268 5163 2400 5226 xu.)
2444 5161 2919 5226 Quemadmodum
2951 5163 3225 5221 desiderat
3269 5177 3463 5236 ceryus
3495 5166 3567 5220 ad

1979 5254 2157 5308 fontes
2178 5269 2465 5323 aquarum,
2493 5254 2565 5306 ita
2592 5253 2859 5306 desiderat
2876 5254 3056 5307 anima
3075 5270 3191 5307 mea
3216 5255 3283 5309 ad
3307 5263 3379 5319 te,
3397 5254 3559 5311 Deus.

1979 5343 2162 5398 Sitivit
2190 5343 2367 5396 anima
2404 5360 2521 5397 mea
2566 5343 2633 5397 ad
2674 5343 2841 5397 Deum
2870 5344 3059 5397 fortem
3095 5345 3271 5398 vivum
3304 5365 3314 5399 :
3351 5348 3567 5415 quando

1979 5436 2190 5491 veniam
2222 5445 2277 5488 et
2302 5437 2568 5505 apparebo
2605 5444 2728 5489 ante
2760 5435 2953 5490 faciem
2983 5436 3120 5492 Dei?
3158 5438 3399 5493 Fuerunt
3434 5440 3565 5494 mihi

1977 5524 2228 5597 lacrymre
2275 5542 2408 5581 meae
2446 5542 2614 5598 panes
2637 5529 2723 5583 die
2748 5543 2812 5583 ac
2836 5537 2992 5583 nocte
3019 5548 3030 5581 ε
3061 5528 3188 5584 dum
3212 5531 3410 5585 dicitur
3435 5532 3565 5586 mihi

1977 5621 2239 5690 quotidie,
2290 5621 2377 5673 ubi
2423 5629 2506 5674 est
2538 5620 2681 5675 Dens
2724 5620 2880 5675 tuus?
2918 5620 3042 5674 llaec
3080 5622 3393 5676 recordatus
3420 5638 3562 5685 sum,

1978 5723 2031 5770 et
2054 5714 2217 5770 eﬂ‘udi
2255 5715 2306 5768 in
2336 5730 2422 5768 me
2450 5716 2681 5769 animam
2710 5729 2884 5767 meam
2917 5732 2927 5767 :
2959 5714 3211 5784 quoniam
3246 5715 3487 5771 transibo
3508 5715 3565 5771 in

1977 5808 2153 5863 locum
2181 5806 2514 5860 tabernaculi
2548 5805 2880 5861 admirabilis
2906 5820 3076 5875 usque
3105 5806 3171 5860 ad
3202 5805 3416 5860 domum
3440 5805 3557 5863 Dei.

1976 5899 2032 5955 In
2061 5916 2193 5954 voce
2223 5899 2598 5955 exsultationis
2620 5908 2675 5954 et
2704 5898 3057 5953 confessionis
3085 5915 3248 5954 sonus
3270 5900 3555 5969 epulantis.

1978 5993 2157 6059 Quare
2180 5990 2350 6046 tristis
2363 6007 2442 6058 cs,
2467 5991 2644 6046 anima
2672 6006 2823 6058 mea;
2844 5998 2897 6046 et
2921 6006 3091 6061 quare
3120 5990 3411 6046 conturbas
3439 5992 3559 6044 me?
