4112 6626
475 420 578 477 583
1294 418 1356 476 Β.
1398 421 1463 476 Ρ.
1505 419 1727 476 ALBINI
1770 419 1906 477 SEU
1949 419 2077 474 ALC

2179 419 2230 475 \‘l
2269 421 2556 479 OPEM’M
2595 421 2774 479 mss
2811 417 2900 479 ιγ.
3657 417 3762 480 εει
3807 508 3811 512 ι

473 541 648 611 Spera
678 538 736 595 in
771 537 901 606 Deo,
931 538 1187 608 quoniam
1239 539 1416 594 adhuc
1449 538 1750 594 conﬁtebor
1775 536 1849 592 illi
1880 550 1895 590 :
1923 537 2068 591 salu-
2098 543 2146 598 Α
2175 534 2352 600 Beati,
2382 535 2471 604 qui
2497 535 2744 591 habitant
2773 536 2827 592 in
2858 536 3018 592 domo
3057 543 3169 599 tua,
3192 535 3418 592 Domine
3450 554 3461 588 :
3495 534 3548 591 in
3573 535 3768 593 sarcula

473 643 595 690 tare
634 631 815 688 vultus
847 632 978 696 mei,
1019 640 1075 687 et
1103 631 1245 687 Deus
1274 647 1446 688 tuens.
1484 631 1566 687 Ad
1598 632 1863 702 meipsnm
1889 633 2071 686 anima
2178 626 2499 682 sceculorum
2530 629 2826 685 laudabunt
2854 638 2928 688 te.
2957 628 3156 686 Beatus
3185 629 3289 696 vir,
3323 628 3478 699 cujus
3506 635 3592 684 est
3615 631 3772 684 auxl-

474 739 598 782 mea
614 723 937 780 conturbata
956 730 1376 793 cst:propterea
1396 737 1718 778 memorem
1735 721 1813 777 tui
1837 723 1904 777 de
1925 730 2072 777 terra
2176 719 2308 774 lium
2339 720 2435 774 abs
2467 728 2539 786 te,
2571 721 2913 777 aseensiones
2962 722 3019 778 in
3061 722 3226 779 corde
3270 738 3369 779 suo
3406 723 3672 793 disposuit
3712 721 3770 778 in

472 813 746 885 Iordanis,
760 824 814 870 et
827 814 1162 870 Hermoniim
1179 829 1209 868 a
1222 822 1404 869 monte
1419 815 1651 870 modico.
1666 813 1906 886 Abyssus
1919 815 2075 886 abys-

475 922 597 963 sum
641 907 857 962 invocat
891 907 946 961 in
983 921 1114 960 voce
1148 914 1554 960 eataractarum
1606 913 1842 960 tuarum.
1876 904 2073 960 Omnia

473 998 690 1054 excelsa
739 1005 828 1052 tua
859 1005 915 1052 et
961 996 1157 1052 (luctus
1193 997 1267 1050 tui
1295 1010 1458 1065 super
1493 1011 1577 1050 me
1611 995 1963 1050 transierunt.
2013 993 2073 1050 lu

475 1089 563 1147 die
590 1090 863 1147 mandavit
891 1090 1151 1146 Dominus
1177 1090 1606 1145 misericordiam
1635 1105 1811 1155 suam,
1836 1098 1891 1145 et
1913 1100 2072 1146 nocte

475 1184 748 1240 canticum
784 1183 919 1255 ejus.
959 1183 1113 1255 Apud
1144 1199 1231 1239 me
1263 1184 1441 1240 oratio
1471 1182 1580 1238 Deo
1611 1184 1734 1238 vita:
1775 1199 1911 1240 mete
1945 1203 1958 1237 :
1990 1184 2074 1240 di-

475 1291 599 1332 cam
625 1275 758 1343 Deo,
790 1287 1075 1347 susceptor
1117 1292 1271 1332 meus
1304 1292 1382 1334 es.
1417 1277 1597 1346 Quare
1624 1277 1825 1333 oblitus
1849 1292 1909 1332 es
1944 1277 2072 1340 mei,

475 1379 534 1429 et
555 1388 726 1443 quare
754 1374 1107 1429 contristatus
1142 1373 1354 1439 incedo,
1389 1375 1515 1428 dum
1547 1369 1731 1444 allligit
1779 1386 1865 1426 me
1897 1370 2077 1425 inimi-

476 1465 608 1520 cus?
639 1464 775 1519 Dum
806 1464 1222 1537 confringuntur
1251 1481 1377 1521 ossa
1416 1480 1534 1519 mea
1565 1484 1576 1518 :
1605 1466 2076 1535 exprobraverunt

478 1561 634 1627 mihi,
659 1561 751 1630 qui
777 1561 1039 1617 tribulant
1061 1576 1166 1626 me,
1189 1561 1394 1616 inimici
1418 1560 1542 1615 mei.
1571 1561 1707 1615 Dum
1730 1559 1916 1615 dicunt
1941 1557 2074 1613 mihi

479 1667 578 1723 per
613 1652 851 1724 singulos
897 1653 1036 1717 dies,
1068 1654 1162 1709 ubi
1207 1662 1294 1708 est
1325 1651 1467 1708 Deus
1495 1652 1661 1706 tuus?
1690 1667 1862 1721 quare
1907 1651 2078 1706 tristis

476 1760 559 1810 es,
586 1746 765 1800 anima
793 1759 941 1810 mea;
967 1754 1022 1802 et
1043 1760 1215 1817 quare
1235 1747 1531 1802 conturbas
1550 1745 1671 1800 me?
1693 1743 1860 1816 Spera
1877 1745 1928 1800 in
1941 1743 2073 1811 Deo,

479 1837 735 1908 quoniam
769 1839 948 1894 adhuc
983 1838 1282 1895 conﬁtebor
1315 1840 1391 1894 illi
1422 1858 1435 1893 :
1465 1839 1705 1896 salutare
1754 1841 1934 1896 vultus
1970 1841 2075 1896 mei

479 1941 538 1988 et
567 1931 710 1988 Deus
746 1948 917 1989 meus.

556 2022 624 2078 Ut
648 2042 829 2096 supra.
860 2025 1090 2097 Diligam
1117 2035 1188 2092 te,
1225 2026 1471 2094 Domine,
1501 2026 1762 2084 fortitudo
1789 2042 1929 2081 mea.
1963 2025 2073 2081 Do-

481 2119 662 2176 minus
708 2116 1108 2173 firmamentum
1159 2135 1363 2186 meum,
1401 2127 1457 2174 et
1485 2118 1753 2192 refugium
1782 2134 1984 2185 meum,
2020 2127 2078 2174 et

481 2211 741 2270 liberatur
773 2228 943 2270 meus.
975 2213 1119 2270 Deus
1143 2230 1298 2271 meus
1327 2215 1544 2287 adiutor
1571 2230 1744 2282 meus,
1767 2224 1824 2271 et
1845 2215 2076 2286 sperabo

481 2307 710 2364 incum.
1421 2354 1433 2364 .

554 2398 762 2457 Oratio.
793 2399 985 2459 Vultus
1033 2403 1205 2458 nostri
1257 2402 1553 2460 miriﬁcum
1608 2402 1866 2469 salutare,
1911 2416 2077 2472 quem

485 2497 681 2552 animm
714 2495 951 2552 ﬁdelium
986 2497 1240 2554 ardenter
1263 2499 1453 2554 sitiunt
1475 2497 1846 2564 servulorum;
1878 2497 2076 2563 tribue,

487 2602 827 2658 quammus,
865 2597 925 2644 ut
978 2588 1106 2644 dum
1153 2597 1206 2644 te
1247 2589 1448 2645 visibili
1495 2589 1861 2661 laerymarum
1902 2588 2079 2645 imbre

483 2684 622 2754 pasti
648 2683 994 2754 requirimus,
1019 2681 1360 2739 invisibiliter
1387 2692 1440 2739 te
1469 2683 1608 2738 intra
1635 2683 1876 2755 pectoris
1904 2682 2078 2738 nostri

485 2777 898 2833 tabernaculum
922 2777 1276 2834 collocemus.
1311 2776 1434 2832 Per.

1117 2912 1455 2972 PSALMUS.

557 3044 737 3116 (Pw.
755 3043 913 3117 ιιιι.)
929 3043 1094 3109 Deus,
1120 3043 1263 3099 Deus
1286 3060 1457 3108 meus,
1482 3045 1549 3102 ad
1580 3054 1631 3100 te
1657 3044 1724 3101 de
1749 3044 1870 3102 luce
1890 3044 2076 3119 vigilo.

487 3136 671 3194 Sitivit
695 3136 751 3192 in
786 3144 839 3192 te
865 3136 1042 3191 anima
1075 3149 1217 3201 mea,
1243 3151 1406 3206 quam
1433 3135 1805 3206 multipliciter
1829 3136 1925 3192 tibi
1949 3149 2081 3191 caro

485 3247 627 3288 mea.
665 3230 725 3286 lu
760 3239 908 3285 terra
957 3230 1194 3294 deserta,
1233 3230 1396 3294 invia,
1450 3238 1508 3284 et
1546 3230 1810 3299 inaquosa
1847 3249 1861 3283 :
1893 3228 1977 3286 sic
2020 3228 2078 3284 in

2173 812 2315 866 valle
2365 812 2728 884 laerymarum
2760 832 2773 868 :
2805 815 2859 870 in
2906 814 3058 881 loco,
3114 831 3275 885 quem
3315 816 3514 888 posuit.
3552 814 3773 872 Etenim

2173 904 2605 961 benedictionem
2654 906 2803 962 dabit
2841 907 3139 979 legislator,
3171 908 3325 962 ibunt
3369 908 3435 962 de
3475 907 3678 962 virtute
3716 906 3773 961 in

2174 997 2473 1051 virtutem:
2505 997 2778 1052 videbitur
2825 997 2968 1054 Deus
3005 999 3228 1054 deorum
3269 1000 3322 1054 in
3360 998 3508 1054 Sion.
3543 997 3775 1053 Domine

2176 1085 2318 1142 Deus
2338 1087 2618 1154 virtutum,
2642 1088 2836 1143 exaudi
2858 1089 3160 1144 orationem
3184 1105 3359 1145 meam
3377 1108 3389 1145 :
3407 1089 3631 1145 auribus
3650 1103 3780 1158 perb

2176 1177 2315 1247 cipe,
2362 1175 2506 1233 Deus
2533 1178 2720 1235 Jacob.
2755 1177 3042 1236 Protector
3070 1189 3256 1236 noster
3299 1181 3480 1252 aspice
3521 1178 3687 1245 Deus,
3718 1185 3781 1236 et

2175 1269 2385 1338 respice
2416 1269 2469 1323 in
2509 1269 2700 1325 faciem
2743 1270 2943 1326 Christi
2992 1273 3086 1326 tui.
3121 1272 3256 1340 Quia
3285 1272 3478 1329 melior
3518 1280 3605 1328 est
3651 1273 3778 1329 dies

2176 1373 2282 1413 una
2319 1358 2373 1413 in
2405 1359 2563 1415 atriis
2593 1362 2700 1416 tuis
2734 1377 2899 1433 super
2940 1362 3130 1418 millia.
3161 1364 3313 1436 Elegi
3359 1363 3603 1433 abiectus
3648 1378 3779 1421 esse

2177 1450 2230 1505 in
2259 1450 2418 1506 domo
2446 1451 2540 1508 Dei
2571 1453 2676 1508 mei
2706 1473 2719 1508 :
2752 1456 2928 1525 magis
2953 1471 3118 1526 quam
3145 1457 3391 1514 habitare
3420 1458 3474 1514 in
3505 1459 3771 1515 taberna-

2176 1541 2314 1598 culis
2339 1553 2707 1614 peccatorum.
2743 1545 2879 1614 Quia
2925 1548 3356 1605 misericordiam
3385 1557 3442 1606 et
3478 1551 3776 1607 veritatem

2176 1631 2350 1703 diligit
2377 1633 2520 1690 Deus
2547 1654 2559 1688 ε
2586 1637 2818 1706 gratiam
2846 1646 2903 1693 et
2920 1638 3146 1709 gloriam
3170 1639 3322 1696 dabit
3346 1639 3625 1697 Dominus.
3650 1639 3777 1696 Non

2175 1729 2415 1798 privabit
2441 1730 2597 1786 bonis
2625 1747 2740 1797 eos,
2764 1732 2858 1803 qui
2885 1734 3167 1791 ambulant
3193 1735 3249 1791 in
3277 1735 3588 1793 innocentia
3619 1754 3635 1791 :
3667 1734 3778 1790 Do-

2178 1822 2325 1879 mine
2353 1824 2643 1892 virtutum,
2673 1825 2867 1882 beatus
2889 1828 3054 1884 homo
3078 1829 3171 1900 qui
3197 1837 3383 1901 sperat
3411 1830 3466 1885 in
3487 1837 3562 1885 te.

2683 1957 2906 1999 LITANIA
2943 1958 3015 1999 υτ
3054 1958 3243 2000 8111³11.

2245 2051 2518 2108 Conﬁrma
2545 2053 2670 2121 hoc,
2705 2053 2868 2122 Deus,
2899 2057 3043 2128 quod
3078 2066 3334 2131 operatus
3368 2073 3429 2116 es
3455 2057 3509 2115 in
3532 2059 3715 2124 nobis,
3743 2072 3780 2115 a

2173 2143 2377 2216 templo
2404 2152 2495 2199 tuo
2515 2145 2570 2200 in
2599 2145 2938 2205 Hierusalem
2960 2150 3057 2205 tibi
3080 2148 3318 2206 offerunt
3343 2166 3502 2224 reges
3521 2165 3776 2207 munera.

2176 2235 2380 2291 Emitte
2412 2233 2676 2307 Spiritum
2716 2245 2889 2306 tuum,
2928 2249 2984 2296 et
3027 2242 3381 2310 creabantur,
3407 2252 3466 2299 et
3491 2243 3787 2300 renovabis

2175 2325 2370 2385 faciem
2401 2337 2579 2385 terrm.
2619 2328 2704 2385 Sit
2731 2329 2900 2401 gloria
2927 2330 3143 2390 Domini
3166 2334 3219 2388 in
3257 2333 3534 2399 mulum.
3564 2333 3781 2390 laetabi-

2177 2429 2269 2475 tur
2297 2423 2557 2479 Dominus
2586 2424 2641 2478 in
2668 2425 2925 2497 operibus
2953 2426 3087 2482 suis.
3120 2424 3424 2484 Iucundum
3468 2428 3540 2484 sit
3565 2428 3616 2484 ei
3664 2426 3784 2484 elo-

2179 2518 2368 2586 quium
2395 2532 2597 2582 meum,
2628 2531 2729 2589 ego
2757 2534 2888 2574 vero
2912 2519 3222 2577 delectabor
3247 2521 3301 2576 in
3327 2520 3577 2577 Domino.
3604 2519 3784 2576 Lzete—

2179 2614 2269 2660 tur
2317 2621 2414 2660 cor
2461 2607 2820 2676 quaerentium
2861 2607 3183 2676 Dominum,
3224 2619 3281 2666 et
3327 2611 3729 2667 oonﬁrmamini
3765 2627 3781 2664 :

2178 2698 2406 2767 quaerite
2435 2697 2628 2753 faciem
2662 2698 2782 2767 ejus
2807 2716 3042 2773 semper.

2252 2785 2460 2842 Oratio.
2486 2787 2980 2847 Tabernaculorum
3005 2792 3310 2849 celestium
3335 2791 3592 2850 fundator
3615 2803 3784 2851 :eterc

2181 2893 2249 2933 ne
2274 2878 2437 2945 Deus,
2483 2879 2726 2951 dispone,
2760 2898 3087 2953 quaesumus,
3130 2900 3391 2943 ascensus
3417 2889 3471 2943 in
3519 2886 3786 2944 cordibus

2181 2971 2403 3038 nostris,
2439 2972 2640 3043 quibus
2679 2974 2747 3029 ad
2781 2982 2872 3031 tua
2903 2977 3252 3036 tabernacula
3298 2994 3610 3036 mereamur
3657 2979 3784 3036 sine

2180 3064 2333 3137 lapsu
2366 3068 2575 3136 peccati
2608 3070 2992 3126 conscendere.
3027 3073 3149 3130 Per.

2546 3197 2805 3259 ORATIO
2845 3202 3093 3260 SANCTI
3129 3203 3404 3262 lSlDORl.

487 3330 677 3380 sancto
724 3321 950 3394 apparui
999 3321 1116 3386 tibi,
1155 3326 1216 3374 ut
1251 3320 1488 3376 viderem
1533 3297 1791 3375 virtutem
1838 3327 1987 3377 tum
2023 3297 2156 3376 θιο
2253 3308 2558 3366 Beatissimi
2590 3313 2732 3368 servi
2763 3313 2857 3378 illi,
2891 3329 3028 3384 quos
3069 3331 3195 3372 cum
3237 3318 3450 3372 venerit
3491 3314 3783 3386 Dominus,

486 3412 712 3486 gloriam
745 3420 912 3467 tuam.
940 3411 1208 3479 Quoniam
1237 3409 1426 3466 melior
1464 3418 1550 3466 est
1575 3412 1946 3468 misericordia
1989 3419 2080 3468 tua

487 3519 652 3575 super
672 3503 814 3558 vitas
848 3520 862 3555 :
894 3501 1036 3558 labia
1064 3518 1181 3557 mea
1209 3499 1503 3558 laudabunt
1533 3509 1603 3556 te.
1639 3501 1730 3558 Sic
1763 3503 2080 3559 benedicam

489 3605 545 3652 te
566 3596 622 3650 in
646 3593 757 3649 vita
780 3610 898 3650 mea
925 3613 937 3649 :
964 3595 1095 3650 etin
1118 3595 1333 3650 nomine
1360 3604 1452 3649 tuo
1476 3594 1668 3651 levabo
1689 3612 1884 3651 manus
1909 3611 2076 3653 meas.

492 3689 648 3745 Sicut
681 3689 838 3759 adipe
872 3697 928 3746 et
955 3689 1280 3759 pinguedine
1308 3689 1583 3759 repleatur
1614 3690 1796 3746 anima
1823 3705 1942 3746 mea
1978 3709 1991 3744 ε
2026 3699 2084 3747 et

492 3781 652 3838 labiis
701 3781 1080 3837 exsultationis
1105 3781 1347 3837 laudabit
1377 3798 1441 3838 os
1492 3799 1692 3839 meum.
1730 3783 1822 3840 Sic
1872 3800 2082 3841 memor

491 3875 568 3933 fui
610 3877 687 3932 tui
737 3891 899 3947 super
924 3883 1155 3932 stratum
1203 3891 1403 3943 meum,
1451 3878 1505 3934 in
1541 3878 1820 3934 matutinis
1846 3879 2081 3936 medita-

491 3968 593 4024 bor
613 3969 666 4023 in
693 3975 747 4023 te
775 3987 787 4023 :
818 3969 946 4039 quia
972 3968 1120 4025 fuisti
1149 3968 1364 4040 adjutor
1395 3985 1566 4025 meus.
1598 3972 1665 4026 Et
1697 3974 1749 4026 in
1771 3971 2084 4028 velamento

491 4060 697 4115 alarum
739 4068 953 4115 tuarum
989 4061 1292 4127 exsultabo,
1322 4062 1549 4118 adhmsit
1591 4063 1772 4119 anima
1806 4079 1926 4120 mea
1959 4072 2083 4134 post

493 4161 546 4205 te
574 4169 586 4204 :
623 4153 783 4223 106
808 4168 894 4207 me
916 4155 1160 4223 succepit
1194 4154 1419 4210 dextera
1444 4163 1552 4210 tua.
1582 4155 1684 4227 ipsi
1726 4170 1857 4211 vero
1886 4157 1939 4211 in
1981 4171 2078 4211 va—

491 4257 623 4296 num
663 4245 991 4312 quesieruut
1025 4245 1262 4300 animam
1297 4260 1491 4311 meam,
1528 4247 1828 4303 introibunt
1855 4248 1907 4303 in
1938 4246 2078 4304 inie-

492 4335 636 4388 riora
663 4343 840 4399 terrae,
872 4337 1156 4394 tradentur
1180 4337 1234 4392 in
1277 4355 1467 4395 manus
1501 4341 1683 4413 gladii,
1731 4350 1915 4411 partes
1960 4343 2080 4397 vul-

491 4426 639 4495 pium
662 4437 842 4482 erunt.
876 4428 992 4484 Rex
1022 4444 1153 4485 vero
1173 4429 1445 4487 laetabitur
1473 4433 1527 4488 in
1555 4434 1682 4498 Deo,
1715 4435 2082 4490 laudabuntur

491 4533 697 4584 omnes,
727 4522 822 4592 qui
846 4520 1034 4590 iurant
1056 4523 1109 4578 in
1139 4537 1208 4579 eo
1238 4543 1251 4579 :
1281 4525 1407 4596 quia
1441 4526 1776 4584 obstructum
1804 4536 1890 4584 est
1913 4543 1976 4585 os
2003 4529 2083 4584 lo-

495 4614 775 4681 quentium
801 4613 1005 4684 iniqua.

566 4702 632 4759 Ut
665 4721 846 4777 supra.
879 4704 1076 4762 Beatus
1098 4723 1260 4780 quem
1288 4708 1495 4779 elegisti
1531 4718 1586 4766 et
1615 4712 1954 4783 assumpsisti
1982 4713 2080 4770 ha-

488 4797 687 4853 bitabit
708 4799 763 4853 in
788 4799 948 4854 atriis
977 4801 1105 4856 tuis.

563 4887 769 4945 Oratio.
805 4890 889 4945 Ad
920 4899 971 4947 te
1005 4891 1241 4948 diluculo
1271 4893 1620 4964 vigilantibus
1666 4893 1849 4952 lumen
1878 4897 2078 4968 largire

487 4989 832 5052 perpetuum,
860 4993 1052 5038 auctor
1085 4982 1222 5051 lueis
1261 4993 1515 5051 aeternae;
1545 4994 1606 5041 ut
1643 4994 1694 5041 te
1719 4986 1860 5042 labia
1889 4999 2075 5044 nostra

491 5073 734 5144 laudent,
760 5083 815 5132 te
835 5075 945 5132 vita
971 5077 1274 5145 benedicat,
1304 5089 1358 5134 te
1377 5078 1659 5136 meditatio
1679 5084 1946 5138 matutina
1964 5084 2077 5156 glo—

493 5166 686 5223 riﬁcet.
716 5166 838 5223 Per.

1101 5281 1444 5343 PSALMUS.

566 5417 754 5490 (Pus.
805 5419 1070 5492 unm.)
1100 5420 1271 5489 Quam
1319 5424 1515 5480 dilecta
1568 5425 1914 5486 tabernacula
1961 5439 2077 5499 tua,

493 5507 720 5566 Domine
745 5510 1002 5567 virtutum
1033 5529 1048 5565 :
1077 5515 1410 5585 concupiscit
1435 5524 1490 5571 et
1531 5517 1712 5575 deﬁcit
1751 5523 1930 5578 anima
1955 5539 2074 5580 mea

493 5603 549 5657 in
571 5602 707 5657 atria
728 5602 958 5659 Domini.
974 5604 1084 5662 Cor
1110 5621 1291 5662 meum
1306 5618 1359 5662 et
1385 5625 1513 5665 caro
1526 5627 1647 5668 mea
1669 5615 2078 5674 exsultaverunt

493 5691 549 5748 in
577 5692 745 5749 Deum
774 5695 976 5751 vivum.
1008 5696 1219 5753 Etenim
1245 5713 1431 5769 passer
1458 5702 1661 5758 invenit
1681 5706 1784 5761 sibi
1815 5707 2032 5764 domum
2059 5727 2071 5762 :

493 5790 550 5835 et
576 5789 752 5838 turtur
772 5785 956 5841 nidum
985 5789 1109 5854 sibi,
1139 5790 1229 5844 ubi
1256 5801 1480 5862 reponat
1503 5794 1679 5863 pullos
1701 5813 1845 5852 suos.
1870 5800 2076 5858 Altaria

496 5879 607 5937 tua,
641 5872 864 5932 Domine
904 5879 1163 5933 virtutum
1195 5897 1209 5934 :
1245 5880 1356 5936 Rex
1412 5900 1563 5940 meus
1611 5895 1666 5942 et
1708 5887 1848 5945 Deus
1901 5908 2072 5950 meus.

2184 3403 2450 3460 invenerit
2483 3405 2768 3476 vigilantes
2798 3406 2952 3478 (Luc.
2981 3425 3080 3475 ιιι,
3103 3409 3216 3480 57).
3243 3409 3408 3466 Beata
3439 3409 3642 3483 vigilia,
3668 3427 3781 3484 qua

2182 3498 2251 3554 ad
2292 3499 2579 3554 Dominum
2620 3501 2985 3558 universitatis
3022 3514 3322 3561 amatorem
3349 3506 3622 3577 vigilatur.
3651 3506 3784 3564 Uti-

2181 3607 2308 3647 nam
2337 3607 2423 3646 me
2451 3609 2667 3664 quoque
2713 3595 2894 3662 vilem,
2933 3596 3058 3653 licet
3089 3607 3239 3655 tuum
3265 3608 3447 3657 tamen
3473 3601 3776 3668 servulum,

2181 3685 2255 3739 ita
2278 3685 2537 3756 digneris,
2567 3686 2811 3755 Domine,
2841 3691 2907 3746 de
2933 3707 3124 3748 somno
3153 3694 3364 3750 inertiae
3391 3697 3664 3763 excitare;
3700 3697 3780 3753 ita

2182 3774 2275 3830 illo
2315 3776 2511 3830 divina:
2540 3779 2823 3834 charitatis
2853 3781 2974 3851 igne
3027 3785 3347 3852 accendere,
3392 3801 3500 3858 quo
3551 3789 3620 3845 de
3656 3803 3784 3846 meo

2183 3868 2348 3923 corde
2363 3882 2525 3937 supra
2540 3869 2713 3925 sidera
2730 3874 3110 3931 exardeseeret
3123 3884 3228 3932 tua:
3239 3878 3523 3935 charitatis
3537 3881 3780 3950 ﬂamma,

2185 3967 2291 4013 ture
2315 3959 2496 4014 nimiae
2513 3961 2818 4019 dilectionis
2843 3965 3194 4033 desiderium,
3216 3985 3540 4043 semperque
3562 3972 3783 4032 divinus

2182 4054 2324 4127 ignis
2365 4057 2507 4112 intra
2537 4073 2624 4113 me
2654 4059 2897 4116 arderet!
2939 4062 3160 4119 Utinam
3205 4065 3300 4120 illa
3330 4048 3471 4137 ligna
3496 4067 3780 4135 haberem,

2181 4153 2379 4221 quibus
2396 4153 2483 4208 ille
2504 4155 2642 4223 ignis
2651 4154 2853 4227 iugiter
2881 4158 3143 4224 aleretur,
3167 4169 3514 4231 posceretur,
3547 4179 3780 4220 succen-

2182 4245 2423 4312 deretur,
2479 4255 2536 4301 et
2586 4247 2675 4304 illa
2726 4247 2940 4305 ﬂamma
2985 4252 3306 4320 nutriretur,
3339 4268 3460 4324 quae
3505 4255 3780 4328 exstingui

2179 4338 2436 4402 nesciret,
2475 4340 2569 4395 sed
2597 4342 2784 4413 augeri
2812 4343 3005 4399 sciret!
3041 4342 3263 4401 Utinam
3293 4345 3418 4402 talis
3451 4361 3626 4404 essent
3661 4363 3779 4404 mc-

2183 4429 2297 4496 riti,
2329 4438 2387 4483 ut
2432 4445 2553 4486 mea
2607 4430 2827 4489 lucerna
2876 4448 3090 4505 semper
3138 4443 3249 4492 tota
3299 4446 3458 4494 nocte
3494 4438 3548 4495 in
3578 4440 3783 4511 templo

2181 4515 2393 4572 Domini
2424 4518 2518 4573 Dei
2550 4520 2654 4575 mei
2689 4520 2925 4588 arderet,
2957 4531 3017 4577 ut
3041 4525 3295 4580 omnibus
3319 4525 3538 4581 domum
3570 4528 3664 4583 Dei
3695 4528 3783 4585 in.

2186 4607 2456 4662 trantibus
2484 4607 2719 4666 luceret!
2751 4610 2828 4667 Da
2860 4613 3014 4679 mihi,
3054 4612 3298 4681 Domine,
3332 4631 3465 4688 rogo
3493 4624 3567 4683 te,
3597 4617 3651 4674 in
3681 4633 3781 4674 no-

2185 4698 2468 4755 mineJesu
2486 4699 2712 4769 Christi,
2735 4702 2858 4760 Filii
2891 4706 2966 4760 tui
2991 4705 3086 4762 Dei
3108 4708 3235 4772 mei,
3265 4708 3430 4774 illam,
3460 4725 3581 4780 quae
3604 4709 3780 4767 nescit

2183 4790 2402 4856 cadere,
2437 4793 2757 4850 charitatem
2793 4812 2808 4849 :
2842 4803 2905 4851 ut
2934 4812 3054 4853 mea
3097 4797 3316 4855 lucerna
3362 4801 3585 4858 accendi
3616 4802 3777 4869 sciat,

2179 4884 2450 4956 exstingui
2477 4886 2714 4954 nesciat;
2742 4888 2875 4944 mihi
2903 4891 3111 4956 ardeat,
3149 4892 3270 4948 aliis
3297 4893 3494 4950 luceat.
3529 4895 3609 4952 Tu
3637 4897 3775 4969 ipse,

2180 4973 2430 5041 Christe,
2483 4976 2735 5036 lucernas
2775 4990 2994 5037 nostras
3041 4985 3341 5041 accendere
3388 4987 3660 5057 digneris,
3710 5001 3778 5044 ac

2177 5066 2509 5126 lucidissime
2552 5069 2804 5130 Salvator
2827 5082 3038 5141 noster,
3066 5092 3174 5146 quo
3197 5090 3458 5149 perpetue
3476 5081 3692 5139 luceant
3718 5083 3774 5138 in

2175 5160 2378 5230 templo
2406 5168 2520 5227 tuo,
2547 5178 2613 5220 ac
2659 5179 2894 5235 perenne
2939 5166 3121 5224 lumen
3161 5185 3192 5225 a
3224 5178 3294 5234 te,
3323 5173 3546 5241 perenni
3576 5173 3778 5231 lumine

2180 5251 2471 5323 accipiant,
2510 5262 2572 5309 ut
2629 5254 2868 5314 tenebras
2908 5267 3110 5315 nostrae
3164 5260 3559 5331 illuminentur,
3590 5263 3776 5324 mundi

2181 5351 2364 5400 autem
2395 5347 2631 5403 tenebrae
2674 5347 2927 5420 fugentur
2959 5369 2972 5406 :
3007 5351 3088 5409 sic
3117 5352 3299 5411 lumen
3347 5372 3483 5414 mea
3525 5357 3778 5431 largiar-is

2182 5434 2437 5502 lucernae,
2464 5453 2599 5510 rogo
2623 5446 2698 5505 te,
2723 5439 2952 5498 Domine
2979 5441 3133 5510 Jesu,
3158 5453 3216 5501 ut
3240 5446 3383 5503 illius
3409 5448 3629 5506 luminis
3657 5454 3772 5509 cla—

2186 5528 2352 5585 ritate
2377 5569 2410 5596 ,,
2439 5529 2532 5585 illa
2582 5532 2656 5587 ita
2704 5534 2838 5590 mihi
2879 5544 3065 5592 sancta
3107 5549 3419 5597 sanctorum
3455 5553 3771 5614 appareant.

2185 5635 2306 5692 qua
2331 5630 2382 5679 te
2414 5631 2679 5680 aeternum
2702 5625 3016 5696 pontiﬁcem
3042 5638 3371 5688 aeternorum
3413 5634 3467 5690 in
3499 5635 3768 5692 interiori-

2184 5715 2286 5773 bus
2309 5717 2489 5788 magni
2517 5718 2662 5775 illius
2698 5721 2776 5778 tui
2821 5722 3004 5793 templi
3039 5722 3131 5779 illo
3181 5724 3474 5783 intrantem
3511 5727 3766 5795 habeant,

2183 5825 2292 5879 quo
2321 5810 2592 5883 tejugiter
2612 5816 2984 5870 tantummodo
3010 5816 3291 5886 aspiciam,
3325 5819 3646 5885 desiderem,
3671 5837 3770 5878 cx—

2187 5909 2449 5972 spectem.
2483 5901 2719 5960 Tantum
2745 5914 2798 5960 te
2818 5920 3009 5964 amans
3039 5911 3443 5980 concupiscam.
3473 5911 3645 5969 Tuum
3666 5915 3766 5982 sit.
