4112 6682
236 638 346 698 583

1233 636 1633 696 LITUBGICA.
1673 666 1742 676 —-
1780 632 2052 693 OFFICIA
2095 634 2224 691 PER
2266 634 2534 691 FERIAS.

3428 633 3534 689 586

237 769 445 831 quaeso,
475 755 548 812 ita
576 760 627 810 te
659 753 814 809 nobis
857 752 1197 825 pulsantibus
1223 751 1621 817 demonstrare,
1644 766 1831 806 aman-
1861 753 1906 812 Α
1935 748 2160 822 Spiritus
2181 751 2312 815 mei,
2347 760 2401 805 et
2428 751 2672 821 corporis
2703 768 2808 807 mei
2848 766 2970 807 cum
2999 750 3251 807 omnibus
3289 757 3543 823 personis

237 847 450 904 tissime
492 844 745 902 Salvator
787 853 995 910 noster,
1023 852 1084 898 ut
1113 852 1165 899 te
1202 843 1434 914 amplius
1475 843 1837 914 intelligentes

239 946 297 994 te
327 946 543 994 tantum
578 952 846 1003 amemus,
879 944 933 993 tc
981 936 1156 992 solum
1197 936 1284 992 die
1323 950 1389 991 ac
1418 941 1578 992 nocte
1604 934 1836 990 medite-

240 1046 386 1096 mur.
420 1029 577 1101 107
609 1043 826 1098 semper
866 1028 933 1084 de
964 1036 1014 1083 te
1058 1028 1402 1097 cogitemus:
1435 1034 1489 1082 et
1526 1026 1579 1080 in
1626 1033 1835 1080 tantum

239 1122 400 1179 nobis
429 1130 579 1176 tuam
608 1121 880 1191 inspirare
912 1120 1149 1191 digneris
1176 1120 1541 1182 dilectionem,
1570 1126 1836 1188 quantum

240 1214 415 1269 amar-i
436 1213 605 1270 Deum
627 1211 785 1267 decet
804 1226 870 1267 ac
891 1210 1063 1281 diligi,
1081 1218 1141 1264 ut
1160 1210 1344 1265 omnia
1365 1209 1626 1263 interiora
1652 1214 1836 1263 nostra

237 1312 335 1360 tua
355 1304 580 1377 impleat
592 1303 830 1367 dilectio,
850 1308 1100 1372 totosque
1114 1317 1216 1356 nos
1239 1309 1364 1356 tuus
1374 1299 1835 1370 possideatamor,

240 1404 336 1452 tua
375 1394 601 1465 impleat
629 1393 894 1459 charitas,
924 1402 984 1447 ut
1029 1402 1119 1448 tua
1152 1391 1307 1465 igniti
1336 1390 1607 1447 charitate
1638 1398 1840 1461 praeter

241 1495 296 1542 te
338 1486 486 1542 aliud
507 1500 694 1542 amare
727 1485 1056 1549 nesciamus,
1081 1500 1191 1556 quo
1217 1492 1365 1537 tanta
1392 1482 1639 1538 charitas
1682 1481 1841 1551 aquis

241 1576 431 1635 multis
452 1575 616 1647 hujus
640 1577 808 1643 aeris,
841 1574 1005 1647 huius
1033 1584 1215 1641 terrm,
1241 1573 1508 1646 hujusque
1529 1573 1699 1628 maris
1721 1588 1841 1629 exs-

242 1669 418 1743 tingui
461 1668 518 1725 in
564 1669 727 1725 nobis
750 1676 988 1739 nequeat
1030 1685 1043 1722 :
1080 1666 1237 1738 juxta
1271 1665 1424 1733 illud,
1464 1664 1628 1735 Aqua.-
1657 1661 1839 1717 multa:

240 1775 347 1817 non
381 1768 625 1833 poterunt
651 1761 984 1831 exstinguere
1015 1759 1328 1813 duritatem
1366 1775 1380 1810 :
1414 1756 1561 1827 quod
1598 1756 1651 1810 in
1685 1754 1843 1810 nobis

234 1867 456 1925 quoque
477 1850 741 1923 compleri
777 1850 862 1908 vel
903 1866 971 1906 ex
1018 1858 1170 1920 parte
1200 1848 1343 1903 Deus
1387 1845 1573 1911 faciat,
1601 1847 1840 1901 donante

238 1944 472 2002 Domino
496 1953 685 2000 nostro
712 1942 842 2000 Jcsu
868 1941 1112 1999 Christo.

718 2092 949 2136 ωυευει
981 2094 1105 2134 ΛΙΛΛ
1135 2093 1357 2133 ORATIO.

309 2196 465 2268 Apud
494 2207 597 2250 nos
625 2193 749 2261 tias,
778 2208 1114 2265 quaesumus,
1143 2190 1401 2256 Domine,
1451 2198 1512 2244 ut
1539 2204 1639 2244 nos
1665 2186 1847 2244 defen-

235 2290 336 2347 das
361 2288 418 2346 in
445 2288 613 2362 gloria
638 2304 653 2341 :
700 2286 846 2343 intra
872 2299 975 2341 nos
1004 2283 1105 2339 fias
1123 2324 1140 2350 ,
1167 2290 1229 2337 ut
1256 2297 1359 2339 nos
1392 2280 1663 2352 recipias:
1697 2278 1846 2333 circa

234 2396 340 2438 nos
364 2378 489 2446 llas,
528 2385 589 2433 ut
616 2392 717 2432 nos
743 2390 1038 2433 conserves
1063 2392 1078 2430 :
1113 2382 1243 2429 ante
1269 2388 1372 2428 nos
1400 2372 1522 2437 fias,
1544 2377 1606 2424 ut
1633 2384 1731 2424 nos
1759 2367 1850 2422 de-

233 2476 407 2531 ducas
429 2493 444 2530 :
469 2487 571 2547 pro
591 2471 748 2529 nobis
775 2473 897 2536 fias,
925 2478 986 2526 ut
1005 2485 1103 2541 pro
1128 2467 1285 2525 nobis
1303 2466 1613 2521 intercedas
1641 2483 1651 2517 :
1686 2477 1850 2532 super

234 2571 424 2627 omnia
461 2568 582 2634 fias,
626 2573 690 2622 ut
710 2581 812 2621 nos
848 2563 1168 2628 benedicas,
1215 2568 1273 2617 et
1297 2573 1564 2632 provoces
1592 2556 1659 2613 ad
1696 2564 1847 2609 tuum

238 2678 492 2737 regnum,
519 2660 615 2732 qui
640 2660 779 2715 vivis
800 2666 858 2714 et
883 2670 1101 2729 regnas.

298 2799 500 2863 I'I’EM
544 2794 914 2860 SABBATO
947 2794 1029 2856 IN
1072 2791 1410 2856 IIONORE
1451 2788 1781 2851 OMNIUM

788 2896 1279 2961 SANCTORUM

464 3043 727 3105 ORATIO
748 3039 998 3102 SANC'I'I
1019 3037 1355 3098 GREGORII
1381 3035 1606 3094 PAPAS.

315 3162 462 3220 Deus
491 3160 836 3230 omnipotens
872 3156 1035 3212 Pater
1072 3162 1129 3210 et
1158 3152 1329 3209 Filius
1371 3163 1427 3208 et
1454 3150 1690 3223 Spiritus
1732 3166 1855 3206 san-

241 3263 387 3321 ctus,
434 3252 598 3309 unica
628 3249 870 3305 Trinitas
895 3248 949 3303 in
976 3246 1152 3302 tribus
1179 3245 1453 3318 personis,
1494 3243 1586 3315 qui
1618 3259 1677 3298 es
1708 3244 1851 3298 idem

241 3357 301 3405 et
324 3346 418 3419 qui
442 3360 590 3412 eras,
619 3351 678 3398 et
697 3342 791 3414 qui
816 3348 1079 3397 venturus
1104 3354 1187 3395 es.
1237 3336 1434 3393 Libera
1459 3350 1567 3400 me,
1598 3334 1849 3401 Domine,

241 3441 316 3497 ab
358 3437 614 3496 omnibus
640 3431 882 3507 peccatis
921 3431 1060 3491 meis
1102 3440 1159 3487 et
1184 3431 1289 3487 ista
1331 3427 1684 3494 mortalitate,
1732 3434 1788 3483 et
1818 3441 1851 3481 a

244 3539 425 3590 morte
448 3544 644 3602 pinnae,
687 3543 719 3584 a
745 3527 931 3600 planta
960 3540 1135 3597 usque
1161 3523 1232 3580 ad
1270 3523 1529 3578 verticem
1550 3562 1566 3586 ,
1606 3520 1756 3576 intus
1796 3527 1856 3576 et

244 3625 400 3682 foris.
442 3621 770 3680 Intercedite
807 3635 907 3693 pro
946 3635 1037 3676 me
1063 3624 1257 3674 sancta
1296 3616 1581 3673 cherubim
1605 3656 1619 3681 ,
1662 3623 1857 3673 sancta

244 3717 546 3791 seraphim,
583 3712 762 3771 sancti
799 3712 1006 3778 thr-oni,
1038 3717 1244 3766 sancta:
1269 3707 1695 3774 dominationes,
1724 3722 1856 3764 san-

245 3813 324 3870 cti
350 3810 717 3884 principatus,
766 3814 970 3863 sanctae
1008 3811 1334 3877 potestates,
1364 3810 1571 3858 sanctae
1600 3802 1855 3867 virtutes,

246 3905 424 3961 sancti
451 3900 655 3975 angeli,
683 3900 861 3956 sancti
889 3896 1222 3968 archangeli.
1254 3895 1454 3950 Sancte
1473 3891 1712 3957 Gabriel,
1737 3906 1859 3947 san-

246 4002 335 4051 cte
360 3989 615 4056 Michael,
640 3999 831 4046 sancte
862 3986 1127 4061 Raphael,
1159 3994 1315 4041 orate
1349 4000 1449 4057 pro
1476 3999 1597 4039 me.
1627 3984 1861 4040 Interce-

247 4088 362 4144 dite
385 4098 485 4156 pro
510 4099 599 4139 me
617 4125 633 4149 ,
667 4080 846 4138 sancti
871 4076 1222 4151 patriarchae,
1251 4076 1429 4131 sancti
1460 4075 1648 4139 duces,
1679 4074 1857 4130 sancti

241 4176 480 4249 iudices,
517 4175 695 4231 sancti
739 4171 1077 4233 sacerdotes,
1120 4167 1298 4223 sancti
1341 4165 1641 4237 prophetae,
1679 4164 1856 4220 sancti

247 4284 433 4343 reges,
471 4268 645 4325 sancti
676 4264 991 4328 Machabmi,
1035 4260 1212 4317 sancti
1240 4258 1501 4314 Infantes.
1534 4256 1859 4313 Intercedite

248 4381 352 4437 pro
374 4379 463 4420 me
482 4362 743 4417 nativitas
764 4356 991 4420 Christi,
1019 4355 1223 4411 Christi
1254 4352 1623 4417 circumcisio,
1654 4350 1856 4407 Christi

251 4460 545 4532 baptism,
572 4453 775 4511 Christi
817 4451 1087 4523 Operatio,
1130 4447 1337 4505 Christi
1366 4446 1622 4511 virtutes,
1650 4443 1856 4500 Christi

251 4554 525 4619 doctrina,
561 4549 766 4608 Christi
798 4563 957 4613 crux,
986 4544 1191 4601 Christi
1220 4544 1427 4608 anima,
1472 4540 1677 4598 Christi
1703 4554 1855 4607 caro,

250 4644 460 4703 Christi
490 4640 841 4704 resurrectio,
869 4635 1074 4693 Christi
1099 4634 1411 4699 descensio,
1440 4631 1645 4688 Christi
1669 4646 1859 4688 ascen-

252 4739 357 4793 sio.
390 4734 592 4790 Sancta
633 4716 826 4794 Maria,
864 4726 1043 4782 sancti
1067 4722 1327 4796 apostoli,
1371 4722 1550 4779 sancti
1580 4722 1855 4792 discipuli,

1866 2109 1915 2168 Β

1940 842 2079 897 meis
2104 842 2253 897 intus
2283 852 2340 898 et
2368 842 2523 907 foris,
2552 858 2582 897 a
2616 841 2799 913 planta
2838 859 3012 915 usque
3038 843 3107 898 ad
3136 844 3396 901 verticem
3423 864 3434 899 :
3469 846 3540 900 \i-

1940 933 2050 998 sui,
2077 934 2310 997 auditui,
2341 934 2616 998 odoratui,
2660 935 2877 1006 gustui,
2920 936 3087 989 tactui
3109 977 3124 1001 ,
3156 934 3309 991 carni
3334 944 3391 992 et
3420 953 3539 992 san-

1940 1022 2091 1092 guini
2111 1039 2237 1077 cum
2268 1024 2523 1079 omnibus
2551 1026 2791 1089 ossibus,
2831 1033 2888 1079 et
2916 1026 3122 1089 nervis,
3163 1034 3221 1082 et
3243 1028 3545 1083 visceribus

1942 1116 2100 1181 meis,
2149 1117 2327 1181 venis,
2374 1117 2646 1183 medullis,
2690 1120 3064 1189 compagibus,
3111 1119 3336 1175 artubus
3382 1122 3547 1186 meis,

1942 1207 2079 1273 cuti,
2108 1209 2377 1264 meatibus
2399 1209 2556 1264 meis.
2607 1209 2713 1265 Per
2740 1219 2795 1265 te
2817 1210 2985 1275 enim,
3007 1209 3135 1267 Iesu
3165 1210 3402 1277 Christe,
3433 1228 3550 1268 om-

1942 1299 2034 1354 nia
2058 1286 2428 1367 vivificantnr,
2455 1310 2511 1357 ct
2530 1302 2889 1372 inspirantur,
2920 1312 2977 1359 et
3006 1310 3305 1371 mutantur,
3331 1313 3387 1361 et
3413 1319 3548 1361 sana

1942 1398 2094 1446 sunt.
2140 1389 2373 1465 Protegc
2413 1410 2519 1459 me,
2555 1394 2802 1458 Domine,
2834 1410 2863 1449 a
2905 1396 3116 1451 dextris
3141 1405 3198 1452 et
3221 1413 3251 1452 a
3285 1398 3549 1465 sinistris,

1943 1488 2071 1537 ante
2102 1490 2160 1537 et
2186 1491 2353 1548 retro,
2402 1485 2594 1539 subtus
2635 1493 2691 1539 et
2713 1501 2895 1555 supra,
2938 1486 2992 1540 in
3023 1503 3171 1553 acre,
3210 1488 3264 1542 in
3294 1497 3461 1556 terra,
3492 1490 3550 1545 in

1942 1574 2124 1643 aquis,
2156 1574 2212 1629 in
2239 1575 2401 1641 mari,
2438 1577 2493 1630 in
2521 1575 2685 1642 ﬂexu,
2717 1580 2770 1633 in
2798 1579 3103 1644 erectione,
3145 1580 3199 1635 in
3235 1597 3448 1653 gressu,
3494 1583 3552 1637 in

1942 1666 2096 1731 sede,
2128 1666 2182 1721 in
2213 1667 2433 1734 stando,
2463 1668 2518 1722 in
2548 1668 2900 1735 ambulando,
2936 1671 2990 1724 in
3018 1671 3322 1742 vigilando,
3359 1673 3413 1726 in
3435 1673 3556 1729 dor-

1943 1758 2185 1823 miendo,
2217 1758 2437 1823 inloco,
2466 1758 2522 1814 in
2548 1760 2698 1815 omni
2735 1758 2892 1826 hora,
2926 1760 2980 1815 in
3011 1762 3157 1816 omni
3188 1762 3297 1827 die,
3327 1762 3381 1817 in
3404 1762 3556 1817 omni

1944 1857 2125 1917 nocte,
2158 1850 2213 1905 in
2243 1851 2394 1906 omni
2426 1852 2554 1905 vita.
2596 1850 2806 1922 Adjuva
2837 1869 2948 1918 me,
2979 1854 3194 1909 custodi
3238 1871 3348 1920 me,
3382 1854 3559 1910 Trini-

1944 1951 2031 2000 tas
2058 1954 2283 2008 sancta,
2322 1947 2672 2016 omnipotens
2698 1946 2863 2003 Deus.
2906 1947 3104 2005 Libera
3146 1966 3233 2005 me
3255 1992 3270 2016 ,
3304 1951 3557 2018 Domine,

1943 2037 2014 2092 ab
2070 2038 2220 2093 omni
2272 2038 2419 2095 malo
2456 2041 2767 2110 praeterito,
2814 2043 3071 2113 praesenti
3118 2052 3177 2100 et
3219 2043 3447 2102 futuro:
3490 2047 3561 2102 de

1947 2132 2208 2202 periculis
2236 2140 2418 2201 terrae,
2462 2144 2520 2188 et
2549 2134 2740 2201 maris,
2768 2145 2826 2191 et
2853 2138 3098 2193 omnium
3143 2139 3442 2196 bestiarum
3461 2184 3476 2208 ,
3503 2150 3563 2198 ct

1948 2223 2417 2292 phantasmatum,
2460 2234 2519 2279 et
2560 2226 2867 2293 volucrum,
2910 2235 2966 2282 et
3002 2229 3456 2301 quadrupedum,
3503 2241 3564 2287 et

1948 2316 2307 2384 serpentium.
2350 2313 2591 2373 Defende
2622 2333 2709 2373 inc
2737 2320 2808 2374 ab
2831 2319 2960 2392 igne
2981 2306 3310 2393 ct‘fulgure,
3353 2339 3384 2378 a
3422 2324 3562 2381 toni-

1950 2415 2094 2472 truo,
2139 2423 2171 2461 a
2201 2409 2490 2479 grandine,
2531 2426 2562 2465 a
2586 2412 2735 2476 nive,
2764 2428 2794 2466 a
2815 2411 3021 2484 pluvia,
3056 2429 3087 2468 a
3110 2416 3311 2481 ventis,
3340 2431 3372 2471 a
3407 2415 3559 2473 hiatu
3646 2420 3648 2422 ’

1950 2507 2133 2565 terrm,
2159 2515 2191 2554 a
2236 2502 2475 2569 turbine,
2510 2520 2540 2557 a
2571 2512 2728 2559 terra:
2753 2514 2925 2571 motu,
2950 2505 3023 2559 ab
3050 2506 3306 2563 omnibus
3328 2508 3562 2565 homini-

1950 2589 2051 2646 bus
2079 2590 2262 2659 malis,
2307 2607 2339 2647 a
2372 2593 2673 2661 veneficiis,
2710 2595 2782 2650 ab
2819 2594 3019 2652 invidis
3046 2597 3242 2653 oculis.
3293 2598 3407 2671 Ego
3432 2615 3564 2657 con-

1952 2681 2108 2739 fiteor
2138 2682 2489 2754 impietatem
2511 2686 2723 2755 peccati
2750 2687 2859 2744 mei
2884 2705 2898 2742 :
2944 2698 3204 2759 peccator
3237 2692 3387 2746 enim
3414 2708 3559 2759 sum,

1949 2780 2007 2826 et
2032 2773 2100 2830 de
2122 2782 2355 2844 peccato
2400 2784 2581 2831 natus.
2618 2776 2698 2834 Tu
2737 2785 2921 2835 autem
2952 2794 3115 2835 verus
3144 2780 3287 2839 Dens
3317 2786 3564 2855 omnipo—

1951 2876 2074 2923 tens
2101 2868 2222 2923 sine
2265 2878 2511 2939 peccato.
2556 2870 2709 2945 Rogo
2745 2872 2963 2929 Patrem
3002 2889 3102 2946 per
3142 2874 3361 2932 Filium.
3411 2877 3565 2951 Rogo

1952 2958 2149 3014 Filium
2170 2976 2273 3031 per
2294 2961 2531 3019 Patrem.
2585 2964 2737 3038 Rogo
2766 2964 3030 3037 Spiritum
3055 2977 3307 3025 sanctum
3336 2987 3436 3043 per
3459 2972 3564 3028 Pa-

1953 3058 2095 3108 trem
2122 3062 2179 3108 et
2204 3053 2427 3124 Filium,
2469 3066 2530 3112 ut
2556 3068 2613 3113 et
2648 3060 2831 3115 omnia
2865 3060 2999 3114 vitia
3035 3060 3359 3133 elongcntur
3386 3080 3418 3119 a
3448 3082 3560 3132 me,

1952 3154 2010 3199 et
2049 3160 2244 3203 omnes
2285 3160 2491 3205 sancta:
2532 3151 2766 3207 virtutes
2812 3152 3130 3224 plantentur
3168 3157 3223 3212 in
3269 3172 3378 3215 me.
3420 3158 3565 3216 Deus

1953 3237 2244 3305 immense,
2277 3242 2439 3314 108
2459 3258 2489 3297 a
2518 3259 2627 3312 quo
2653 3245 2857 3313 omnia,
2882 3260 2981 3316 per
3005 3260 3169 3317 quem
3193 3251 3377 3306 omnia
3400 3260 3561 3309 sunt:

1956 3332 2012 3386 in
2040 3345 2152 3403 quo
2192 3336 2378 3389 omnia
2406 3334 2549 3391 facta
2580 3346 2729 3403 sunt,
2762 3339 2998 3395 visibilia
3038 3348 3093 3395 et
3116 3340 3432 3412 invisibilia,
3473 3362 3565 3402 su-

1956 3438 2055 3497 pra
2079 3432 2294 3498 tegens,
2322 3436 2380 3483 et
2413 3427 2554 3485 infra
2578 3428 2788 3499 ferens,
2825 3447 2990 3503 opera
3027 3444 3117 3492 tua
3148 3447 3307 3495 extra
3335 3438 3544 3496 circum

1959 3516 2121 3584 dans,
2150 3518 2294 3575 intra
2322 3521 2557 3592 replens.
2586 3522 2811 3581 Custodi
2838 3540 2949 3592 me,
2972 3526 3223 3597 Domine,
3253 3540 3563 3589 creaturam

1956 3617 2106 3665 tuam
2134 3625 2308 3680 usque
2350 3612 2405 3666 in
2440 3614 2853 3684 sempiternum.
2905 3618 3015 3675 Hos
3043 3635 3233 3678 omnes
3275 3623 3469 3681 invoco
3506 3627 3565 3682 in

1955 3700 2219 3757 auxilium
2250 3718 2450 3759 meum.
2480 3704 2603 3760 Per.

2174 3837 2499 3895 PSALMUS
2535 3840 2604 3895 IN
2640 3841 2924 3901 HONORE
2964 3846 3023 3903 S.
3061 3848 3327 3908 MAN/EI.

2031 3976 2214 4049 (Ps.u..
2236 3981 2409 4051 κων.)
2437 3981 2719 4038 Eructavit
2744 3999 2841 4040 cor
2870 4000 3050 4042 meum
3069 3991 3295 4045 verbum
3326 3990 3561 4049 bonum:

1956 4072 2084 4127 dico
2129 4088 2230 4144 ego
2275 4089 2441 4145 opera
2495 4090 2617 4131 mea
2668 4076 2823 4149 Regi.
2883 4079 3090 4153 Lingua
3145 4099 3264 4140 mea
3319 4084 3566 4145 calamus

1958 4165 2154 4222 scribae
2200 4165 2465 4225 velociter
2511 4171 2823 4227 scribentis.
2887 4171 3181 4243 Speciosus
3228 4174 3402 4232 forma
3452 4194 3569 4249 pra:

1960 4255 2086 4312 filiis
2116 4258 2420 4326 hominum,
2452 4259 2648 4318 diﬁ‘usa
2681 4272 2767 4318 est
2786 4264 2959 4335 gratia
2991 4265 3047 4320 in
3076 4265 3234 4323 labiis
3265 4268 3411 4324 tuis:
3446 4286 3569 4341 pro-

1956 4358 2145 4420 pterea
2174 4352 2457 4408 benedixit
2483 4362 2537 4409 te
2560 4353 2707 4411 Deus
2736 4355 2792 4410 iu
2815 4365 3099 4413 aeternum.
3128 4358 3430 4433 Accingere
3459 4362 3570 4435 gla-

1956 4443 2049 4499 dio
2072 4454 2163 4499 tuo
2190 4460 2355 4516 super
2381 4444 2559 4501 femur
2588 4456 2762 4514 tuum,
2802 4450 3201 4519 potentissime.
3250 4451 3446 4524 Specie
3478 4464 3567 4510 tua

1958 4545 2016 4592 et
2038 4537 2443 4608 pulchritudine
2475 4547 2603 4595 tua:
2638 4542 2882 4609 intende,
2927 4560 3210 4616 prospere,
3239 4550 3475 4617 procede
3512 4561 3572 4605 et.

1960 4644 2147 4701 regna.
2182 4629 2411 4700 Propter
2442 4632 2728 4689 veritatem
2756 4643 2812 4689 et
2835 4640 3310 4696 mansuetudinem
3334 4650 3387 4698 et
3409 4641 3568 4713 justi-

1959 4722 2093 4777 tiam
2119 4741 2132 4776 :
2177 4729 2236 4777 et
2251 4721 2485 4779 deducet
2504 4732 2556 4779 te
2576 4725 2902 4782 mirabiliter
2930 4730 3154 4786 dextera
3185 4742 3296 4787 tua.
3341 4732 3565 4806 Sagittae

253 4829 433 4886 sancti
453 4838 822 4888 successores,
850 4818 1027 4876 sancti
1051 4818 1323 4889 baptistze,
1351 4816 1526 4871 sancti
1555 4816 1855 4885 principes,
1888 4852 1935 4912 υ
1962 4831 2069 4875 tuae
2096 4828 2290 4887 acutaa,
2342 4822 2527 4892 populi
2558 4824 2659 4878 sub
2688 4830 2741 4880 te
2769 4825 2969 4881 cadent
3016 4827 3071 4881 in
3114 4828 3278 4883 corda
3321 4830 3568 4886 inimico-

255 4925 432 4981 sancti
472 4922 752 4994 episc0pi,
795 4918 973 4975 sancti
1017 4916 1343 4989 presbyteri,
1390 4913 1569 4970 sancti
1617 4912 1857 4979 diaconi,

255 5016 433 5072 sancti
472 5013 815 5078 subdiaconi,
845 5008 1025 5067 sancti
1054 5008 1309 5075 lectores,
1341 5006 1519 5062 sancti
1549 5005 1858 5070 exorcistze,

254 5108 434 5164 sancti
463 5114 751 5177 martyres,
797 5102 975 5158 sancti
1002 5100 1368 5164 confessores,
1411 5099 1587 5153 sancti
1629 5096 1864 5151 anacho-

257 5210 412 5265 νει-τ,
428 5198 601 5254 sancti
627 5194 902 5260 monachi,
925 5192 1100 5249 sancti
1129 5191 1338 5255 clerici,
1362 5190 1537 5245 sancti
1565 5188 1715 5253 laici,
1740 5202 1861 5243 san-

255 5300 358 5346 ctze
397 5288 671 5360 virgines,
715 5291 919 5339 sanctae
944 5295 1169 5345 uxores,
1199 5279 1378 5335 sancti
1406 5277 1636 5341 domini,
1681 5278 1859 5332 sancti

256 5380 427 5445 servi,
457 5378 633 5435 sancti
673 5376 892 5439 divites,
937 5373 1114 5430 sancti
1138 5386 1435 5443 pauperes,
1477 5368 1653 5424 sancti
1683 5368 1868 5424 docto-

257 5490 350 5530 res
368 5514 384 5540 ,
408 5473 584 5527 sancti
610 5470 832 5535 fratres,
872 5473 1079 5523 sanctae
1102 5458 1342 5520 sorores.~
1386 5459 1592 5515 Horum
1619 5459 1863 5515 omnium

257 5566 588 5642 generaliter
633 5564 854 5619 nomina
881 5603 898 5627 ,
938 5569 995 5618 et
1039 5558 1352 5624 memoriae,
1403 5566 1459 5611 et
1499 5556 1725 5627 spiritus
1751 5596 1765 5621 ,
1809 5545 1891 5612 et“

258 5663 481 5726 animae,
528 5668 582 5715 et
611 5666 815 5714 sancte
844 5653 1229 5726 cogitationes,
1274 5659 1331 5707 et
1368 5658 1557 5703 sancta
1589 5651 1778 5715 verba,
1809 5657 1867 5704 et

260 5764 451 5813 sancta
475 5768 663 5823 opera,
693 5759 749 5805 et
781 5751 975 5805 merita
1012 5748 1068 5801 in
1097 5745 1280 5809 cmlis,
1315 5755 1370 5799 et
1398 5744 1641 5813 reliquiae
1669 5745 1723 5798 in
1754 5752 1862 5798 ter-

260 5848 362 5912 ris,
387 5853 445 5901 et
465 5842 669 5899 divitiae
694 5839 954 5896 bonitatis
984 5837 1114 5895 Dei.
1139 5845 1194 5892 et
1216 5834 1667 5906 longanimitatis,
1698 5842 1754 5888 et
1773 5849 1867 5903 pa-

263 5940 490 6003 tientiae,
520 5945 579 5993 et
605 5933 1031 5992 misericordiae:
1077 5931 1195 5984 haec
1218 5931 1402 5984 omnia
1429 5930 1483 5983 in
1511 5929 1733 5985 nomine
1762 5928 1869 5983 Do-

1966 4929 2089 4968 rum
2117 4914 2281 4985 regis.
2307 4913 2477 4972 Sedes
2504 4924 2594 4970 tua
2619 4917 2759 4972 Deus
2781 4919 2835 4972 in
2860 4919 3117 4976 Saeculum
3149 4922 3332 4978 saeculi
3358 4942 3370 4976 :
3413 4925 3567 4996 virga

1968 5005 2305 5072 directionis,
2352 5006 2501 5078 virga
2534 5009 2686 5079 regni
2729 5008 2825 5062 tui.
2876 5009 3123 5065 Dilexisti
3159 5011 3464 5081 justitiam,
3510 5026 3564 5070 et

1966 5096 2132 5151 odisti
2174 5096 2559 5169 iniquitatem:
2612 5105 2895 5168 propterea
2943 5101 3101 5156 unxit
3140 5110 3191 5157 te
3232 5103 3398 5170 Deus,
3424 5105 3571 5160 Dens

1967 5196 2094 5244 tuus
2140 5188 2261 5246 oleo
2297 5188 2495 5245 laetitiae
2539 5205 2651 5260 pra:
2693 5192 3039 5247 consortibus
3086 5196 3209 5250 tuis.
3259 5195 3473 5269 Myrrha
3512 5208 3570 5256 et

1968 5290 2119 5354 gutta
2140 5291 2195 5337 et
2223 5283 2370 5337 casia
2395 5298 2427 5337 a
2448 5282 2790 5339 vestimentis
2818 5285 2924 5340 tuis
2945 5301 2975 5339 a
3000 5286 3247 5343 domibus
3274 5291 3562 5349 eburneis:

1970 5387 2040 5427 cx
2066 5370 2265 5442 quibus
2311 5371 2720 5429 delectaverunt
2759 5380 2814 5428 te
2869 5373 2995 5430 filiae
3038 5392 3225 5448 regum
3274 5378 3329 5434 in
3359 5380 3569 5440 honore

1973 5476 2084 5522 tuo.
2114 5464 2301 5521 Astitit
2319 5465 2526 5538 Regina
2545 5481 2574 5520 a
2598 5465 2805 5521 dextris
2830 5466 2941 5522 tuis
2961 5467 3016 5522 in
3044 5470 3244 5524 vestitu
3273 5471 3563 5531 deaurato:

1970 5558 2307 5612 circumdata
2336 5559 2617 5615 varietate.
2664 5560 2804 5616 Audi
2848 5559 2959 5616 tilia
2990 5569 3044 5617 et
3081 5562 3240 5631 vide,
3277 5573 3335 5621 et
3361 5566 3566 5623 inclina

1971 5666 2160 5705 aurem
2201 5659 2388 5706 tuam:
2439 5659 2495 5707 et
2539 5652 2863 5709 obliviscere
2900 5655 3155 5725 populum
3184 5664 3335 5713 tuum
3377 5668 3434 5713 et
3475 5660 3567 5714 do-

1971 5757 2119 5797 mum
2147 5743 2319 5812 patris
2358 5743 2455 5797 tui.
2487 5744 2556 5798 Et
2582 5747 2933 5817 concupiscet
2958 5746 3074 5802 Rex
3108 5748 3361 5807 decorem
3389 5762 3566 5819 tuum,

1973 5832 2229 5905 quoniam
2262 5834 2375 5905 ipse
2402 5842 2488 5891 est
2528 5836 2791 5892 Dominus
2822 5838 2964 5895 Deus
2991 5849 3134 5907 tuus,
3179 5850 3234 5897 et
3263 5844 3564 5902 adorabunt

1972 5940 2119 5980 eum.
2171 5925 2240 5979 Et
2262 5925 2386 5981 filia:
2409 5925 2537 5997 Tyri
2568 5926 2624 5981 in
2650 5928 2968 5985 muneribus
2995 5947 3007 5983 :
3052 5931 3260 5988 vultum
3302 5942 3450 5989 tuum
3479 5936 3570 5991 de-

264 6033 401 6090 mini
436 6030 611 6086 nostri
633 6028 761 6083 Iesu
801 6025 1026 6090 Christi,
1058 6024 1171 6079 sint
1193 6032 1371 6089 scuta,
1401 6023 1515 6079 sint
1541 6022 1728 6096 galeae,
1759 6023 1873 6092 sint
1975 6017 2344 6089 precabuntur
2370 6034 2563 6075 omnes
2587 6018 2786 6076 divites
2811 6020 3003 6092 plebis.
3030 6022 3220 6079 Omnis
3244 6026 3414 6096 gloria
3445 6026 3569 6082 filia:

265 6129 554 6191 sanitates,
585 6125 698 6179 sint
720 6119 998 6190 suffragia,
1039 6119 1150 6173 sint
1184 6118 1365 6173 lorica?
1397 6117 1592 6171 anima:
1618 6131 1776 6181 mete,
1815 6124 1869 6170 et

595 6224 870 6285 l’ntiOL.
918 6220 1017 6285 CI.

1978 6113 2125 6185 regis
2159 6112 2229 6168 ab
2253 6113 2421 6180 intus,
2452 6113 2509 6168 in
2540 6110 2772 6171 fimbriis
2800 6115 3004 6184 aureis,
3036 6118 3445 6175 cireumamicta
3476 6138 3571 6179 va-

3149 6219 3221 6279 19
