4112 6580
553 364 653 419 587

550 477 857 532 rietatibus.
926 473 1273 529 Adduccntur
1333 473 1450 543 regi
1501 473 1740 543 virgines
1796 480 1919 540 post
1969 486 2137 523 eam:

549 569 810 638 proximat
835 567 953 636 ejus
976 563 1271 619 afferentur
1295 563 1412 618 tibi.
1455 562 1762 618 Allerentur
1788 562 1844 615 in
1874 561 2059 614 ltetitia
2089 569 2143 613 et

551 659 912 717 exsultatione
937 677 950 711 :
982 657 1320 712 adducentur
1359 656 1414 710 in
1437 655 1697 725 templum
1725 655 1886 724 regis.
1922 653 2028 708 Pro
2056 667 2144 721 pa-

551 752 724 808 tribus
752 750 860 806 tuis
889 749 1004 804 nati
1031 756 1159 804 sunt
1182 747 1278 804 tibi
1307 747 1403 802 ﬁlii
1429 764 1441 800 :
1486 746 1788 802 constitues
1816 761 1908 802 eos
1944 744 2144 816 princi-

549 857 646 911 pes
690 857 854 913 super
889 855 1107 896 omnem
1142 849 1364 894 terram.
1416 836 1620 893 Memor
1666 851 1762 892 ero
1795 836 2034 893 nominis
2067 835 2143 888 tui

550 935 606 987 in
633 932 780 988 omni
811 932 1160 1004 generatione
1187 937 1241 984 et
1269 929 1694 1000 generationem.
1725 927 2021 998 Propterea
2056 942 2148 996 po-

551 1024 660 1091 puli
691 1023 1092 1079 conﬁtebuntur
1119 1021 1216 1077 tibi
1257 1022 1313 1075 in
1345 1029 1644 1082 aeternum,
1696 1029 1752 1073 et
1789 1035 1844 1073 in
1888 1016 2147 1074 sacculum

553 1115 758 1172 saeculi.
949 1173 952 1176 «

622 1211 830 1266 Oratio.
863 1209 1078 1264 Christe
1107 1207 1332 1263 Domine
1359 1204 1596 1262 Verbum
1621 1205 1820 1270 Patris,
1863 1221 1963 1274 per
1986 1220 2150 1274 quem

549 1311 746 1357 cuncta
772 1308 954 1356 creata
987 1305 1115 1354 sunt
1142 1306 1198 1352 et
1222 1305 1480 1352 creantur
1504 1315 1515 1348 :
1542 1296 1777 1361 custodi,
1814 1309 2148 1367 qutesumus,

548 1393 852 1450 Eeclesiam
875 1401 1023 1446 tuam
1058 1390 1321 1445 varietate
1347 1390 1592 1461 gentium
1621 1397 2008 1460 congregatam
2033 1429 2051 1454 ,
2093 1394 2154 1443 ut

551 1489 678 1543 dum
711 1494 765 1542 te
789 1500 852 1541 ex
884 1484 1000 1556 ipsa
1028 1481 1364 1537 credulitatis
1384 1481 1598 1551 justitia
1628 1481 1790 1536 corde
1811 1495 1950 1551 puro
1975 1480 2154 1551 diligi-

551 1597 697 1646 mus,
718 1579 1082 1651 principatum
1110 1575 1300 1631 aeterni
1318 1575 1501 1630 szeculi
1523 1590 1649 1631 cum
1670 1573 1923 1633 Patribus
1950 1587 2155 1630 merea-

553 1688 693 1730 mur.
726 1671 851 1727 Per.

620 1755 742 1833 Atia
771 1763 962 1815 oratio.
996 1761 1224 1815 Domine
1255 1759 1396 1815 Dens
1444 1766 1653 1824 noster,
1703 1757 1858 1829 cujus
1890 1757 2049 1813 sedes
2096 1756 2150 1811 in

1395 359 1453 413 Β.
1491 361 1549 414 l-‘.
1593 358 1818 413 ALBlNl
1863 357 1989 411 δὲίιᾷ
2033 356 2313 412 Αιειῖικι
2351 356 2640 413 OPERUM
2677 354 2857 411 PARS
2896 352 2984 410 IV.

3740 346 3860 407 ’588

2176 475 2220 530 Α
2247 471 2383 538 Quia
2415 480 2624 526 rectum
2660 480 2745 525 est
2791 472 3016 526 verbum
3061 469 3296 534 Domini,
3350 476 3404 522 et
3448 467 3638 522 omnia
3689 483 3858 538 opera

2241 561 2358 630 ejus
2400 563 2454 615 in
2488 562 2608 617 ﬁde.
2653 561 2838 633 Diligit
2867 561 3298 615 misericordiam
3333 568 3389 614 et
3412 559 3684 630 judicium
3713 577 3726 611 :
3765 557 3875 612 mi-

2242 653 2537 708 sericordia
2583 653 2797 708 Domini
2843 652 3005 722 plena
3054 662 3140 707 est
3183 660 3346 706 terra.
3407 649 3579 706 Verbo
3631 649 3871 703 Domini

2243 743 2366 799 cceli
2401 743 2600 798 ﬁrmati
2637 751 2800 798 sunt:
2836 752 2893 797 et
2932 743 3126 814 spiritu
3166 743 3279 798 oris
3313 743 3431 813 ejus
3466 743 3654 798 omnis
3682 740 3868 795 virtus

2244 847 2452 889 eorum.
2495 832 2844 905 Congregans
2879 835 3023 889 sicut
3059 835 3118 890 in
3152 842 3273 889 utre
3305 849 3476 904 aquas
3509 835 3686 889 maris
3718 850 3734 888 :
3773 847 3870 903 po-

2245 939 2383 980 nens
2421 925 2476 978 in
2505 924 2775 980 thesauris
2809 926 3055 997 abyssos.
3105 924 3318 981 Timeat
3351 925 3642 981 Dominum
3675 924 3871 980 omnis

2248 1025 2392 1072 terra
2423 1037 2433 1070 :
2466 1019 2537 1071 ab
2565 1033 2631 1073 eo
2653 1027 2834 1073 autem
2863 1027 3311 1074 commoveantur
3333 1032 3524 1072 omnes
3548 1017 3874 1073 inhabitan-

2250 1117 2331 1164 tes
2357 1109 2565 1164 orbem.
2607 1108 2878 1176 Quoniam
2908 1110 3026 1179 ipse
3053 1109 3218 1173 dixit,
3261 1117 3315 1163 et
3350 1107 3491 1164 facta
3526 1117 3658 1163 sunt
3689 1125 3702 1160 :
3750 1106 3874 1176 ipse

2250 1199 2548 1266 mandavit,
2575 1209 2631 1256 et
2663 1209 2848 1255 creata
2871 1209 3016 1255 sunt.
3047 1200 3313 1256 Dominus
3357 1200 3588 1271 dissipat
3621 1198 3874 1254 consilia

2249 1291 2533 1361 gentium:
2583 1292 2841 1362 reprobat
2889 1301 3070 1348 autem
3120 1292 3479 1365 cogitationes
3511 1291 3875 1362 populorum,

2250 1390 2307 1436 et
2349 1383 2607 1453 reprobat
2658 1383 2883 1438 consilia-
2933 1385 3262 1455 principum.
3320 1383 3622 1439 Consilium
3679 1389 3878 1437 autem

2253 1472 2468 1528 Domini
2505 1474 2561 1528 in
2590 1485 2858 1530 aeternum
2886 1485 3106 1530 manet:
3148 1476 3508 1548 cogitationes
3532 1475 3726 1530 cordis
3751 1472 3880 1542 ejus

2255 1565 2312 1618 in
2355 1564 2707 1636 generatione
2733 1574 2791 1621 et
2823 1569 3252 1638 generationem.
3298 1567 3464 1621 Beata
3495 1583 3661 1638 gens,
3709 1568 3882 1638 cujus

2251 1663 2337 1708 est
2371 1655 2633 1710 Dominus
2657 1655 2803 1710 Deus
2838 1655 2992 1724 ejus:
3031 1657 3262 1728 populus
3287 1673 3450 1728 quem
3479 1659 3642 1729 elegit
3680 1660 3741 1713 in
3768 1658 3882 1712 hm-

2255 1747 2542 1801 reditatem
2591 1747 2718 1802 sibi.
2773 1747 2849 1802 De
2899 1748 3040 1802 cmlo
3076 1750 3321 1818 respexit
3370 1748 3668 1814 Dominus,
3733 1750 3882 1805 vidit

550 1830 812 1908 saeculum
841 1853 1023 1910 seculi
1045 1860 1228 1907 manet
1255 1871 1266 1904 :
1310 1858 1527 1922 pnesta,
1558 1861 1619 1904 ut
1644 1851 1762 1913 tibi,
1795 1849 1912 1906 [lex
1938 1859 2147 1913 noster,

2256 1852 2443 1892 omnes
2475 1837 2614 1892 ﬁlios
2644 1837 2814 1892 homii
2838 1855 2946 1893 um.
2982 1839 3059 1894 De.
3092 1851 3394 1910 prmparato
3421 1841 3740 1898 habitacula
3776 1858 3880 1896 suo

550 1961 716 2014 opera
742 1953 930 2001 nostra
957 1945 1282 2017 pandamus,
1312 1942 1400 1998 cui
1427 1951 1725 2014 antequam
1749 1941 1882 1995 ﬁant
1913 1950 2060 2005 nota,
2094 1946 2149 1993 et

551 2052 648 2106 per
669 2036 724 2092 te
747 2045 1046 2106 pra-sentes
1067 2043 1362 2106 potestates
1390 2033 1616 2090 scimus.
1652 2031 1775 2087 Per.

907 2149 1227 2207 PSALMUS
1255 2148 1790 2206 APOSTOLORUM.

624 2267 806 2338 (Psu.
835 2266 1019 2337 xvnl.)
1045 2263 1182 2319 Caeli
1211 2272 1475 2319 enarrant
1493 2264 1722 2335 gloriam
1739 2263 1834 2318 Dei
1863 2282 1873 2317 :
1905 2273 1960 2318 et
1984 2279 2150 2334 opera

552 2372 814 2412 manuum
865 2357 988 2427 ejus
1044 2355 1332 2410 anmmtiat
1381 2353 1802 2410 ﬁrmamentum.
1873 2354 1998 2409 Dies
2042 2353 2153 2408 diei

551 2458 764 2506 eructat
782 2449 1007 2504 verbum
1032 2467 1046 2501 :
1075 2455 1133 2503 et
1156 2463 1262 2502 nox
1288 2448 1433 2502 nocti
1463 2447 1668 2502 indicat
1692 2448 2000 2502 scientiam.
2034 2445 2152 2502 Non

553 2552 681 2598 sunt
707 2539 933 2611 loquela:
959 2555 1137 2610 neque
1167 2554 1474 2604 sermones,
1522 2554 1756 2610 quorum
1795 2553 1905 2593 non
1934 2538 2158 2593 audian—

555 2647 642 2691 tur
667 2650 828 2691 voces
852 2648 1062 2689 eorum.
1107 2632 1166 2687 In
1192 2647 1411 2687 ornnem
1436 2640 1640 2687 terram
1667 2633 1837 2688 exivit
1859 2647 2028 2688 sonus
2069 2647 2157 2687 eo-

553 2743 712 2784 rum:
754 2708 818 2782 et
853 2727 910 2782 in
950 2727 1086 2782 ﬁnes
1112 2727 1264 2780 orbis
1305 2734 1466 2780 terra:
1495 2727 1660 2782 verba
1688 2740 1894 2781 eorum.
1944 2725 2001 2780 In
2043 2725 2156 2782 sole

552 2820 735 2891 posuit
761 2816 1172 2874 tabernaculum
1193 2832 1354 2872 suum
1380 2835 1394 2870 :
1421 2826 1477 2872 et
1504 2817 1621 2887 ipse
1643 2825 1901 2888 tanquam
1922 2831 2156 2887 sponsus

553 2911 854 2984 prowdens
878 2909 946 2965 de
972 2909 1211 2964 thalamo
1231 2923 1350 2964 suo.
1374 2907 1682 2964 Exsultavit
1705 2919 1765 2963 ut
1786 2909 1936 2980 gigas
1953 2907 2021 2962 ad
2038 2924 2159 2965 cur-

555 3005 782 3062 rcndam
823 3005 962 3058 viam
988 3022 1000 3056 :
1035 3018 1066 3056 a
1096 3017 1312 3057 summo
1343 3001 1487 3056 calo
1523 2999 1768 3073 egressio
1797 2999 1933 3069 ejus.
1974 2999 2044 3054 Et
2067 3012 2158 3055 oc—

554 3113 750 3155 cursus
775 3096 893 3168 ejus
917 3110 1093 3164 usque
1133 3095 1208 3149 ad
1228 3108 1501 3149 summum
1525 3092 1668 3161 ejus,
1693 3107 1796 3148 nec
1819 3103 1926 3158 est,
1969 3093 2064 3162 qui
2093 3107 2156 3148 se

556 3189 857 3247 abscondat
901 3204 934 3242 a
975 3185 1156 3241 calore
1195 3183 1334 3254 ejus.
1384 3184 1498 3238 Lex
1541 3183 1758 3238 Domini
1806 3181 2150 3238 immaculata
2180 3191 2224 3252 (ζ
2259 3219 2294 3274 h

557 3289 884 3339 convertens
921 3279 1132 3334 animas
1158 3296 1170 3330 :
1207 3277 1580 3333 testimonium
1607 3275 1819 3330 Domini
1850 3274 2010 3332 ﬁdele
2030 3317 2044 3340 ,
2072 3288 2156 3330 sa-

556 3378 820 3449 pientiam
853 3380 1122 3446 praestans
1148 3370 1409 3442 parvulis.
1465 3368 1698 3425 Justitizc
1724 3367 1940 3422 Domini
1968 3377 2152 3430 rectae,

559 3468 899 3525 ltetillcantes
925 3465 1087 3521 corda
1113 3483 1127 3518 :
1153 3471 1482 3534 praeceptum
1511 3461 1728 3516 Domini
1753 3459 2012 3526 lucidum,
2043 3459 2158 3515 illu-

559 3563 776 3617 minans
803 3557 1009 3614 oculos.
1050 3554 1238 3610 Timor
1276 3553 1490 3608 Domini
1530 3560 1752 3607 sanctus
1787 3559 2072 3621 permanet
2099 3550 2154 3604 in

556 3652 814 3710 saeculum
844 3647 1065 3705 saaculi:
1093 3645 1297 3717 judicia
1325 3643 1540 3698 Domini
1571 3658 1719 3708 vera,
1758 3641 2054 3710 justiﬁcata
2099 3641 2154 3695 in

560 3742 872 3812 semetipsa.
928 3735 1318 3794 Desiderabilia
1368 3748 1534 3804 super
1578 3747 1772 3788 aurum
1825 3740 1880 3788 et
1923 3731 2157 3802 lapidem

563 3837 858 3908 pretiosum
894 3830 1124 3886 multum
1149 3849 1162 3884 :
1189 3837 1246 3884 et
1272 3826 1514 3882 dulciora
1541 3841 1707 3895 super
1734 3824 1843 3879 mel
1877 3832 1935 3878 et
1955 3821 2154 3878 favum.

562 3927 776 3984 Etenim
805 3937 996 3979 servus
1024 3931 1148 3976 tuus
1173 3919 1412 3974 custodit
1437 3933 1505 3973 ea
1529 3935 1542 3970 :
1579 3917 1633 3970 in
1655 3915 2028 3972 custodiendis
2053 3915 2161 3970 illis

562 4017 852 4074 retributio
883 4013 1072 4070 multa.
1115 4010 1319 4065 Delicta
1351 4010 1473 4079 quis
1506 4007 1798 4080 intelligit?
1827 4008 1900 4062 ab
1934 4007 2160 4062 occultis

564 4111 702 4165 meis
729 4107 928 4162 munda
958 4119 1075 4170 me,
1123 4111 1180 4158 et
1219 4102 1288 4156 ab
1324 4100 1515 4155 alienis
1557 4115 1721 4169 parce
1752 4113 1915 4154 servo
1947 4109 2058 4153 tuo.
2100 4097 2160 4153 Si

563 4205 671 4258 mei
702 4217 812 4258 non
839 4197 1043 4255 fuerint
1066 4195 1354 4259 dominati,
1383 4201 1512 4247 tunc
1538 4192 1919 4247 immaculatus
1941 4207 2038 4248 ero
2063 4210 2076 4245 :
2107 4199 2165 4246 et

565 4292 902 4350 emundabor
926 4305 960 4344 a
984 4287 1185 4343 delicto
1217 4286 1472 4339 maximo.
1515 4282 1584 4336 Et
1619 4292 1802 4348 erunt,
1845 4292 1907 4336 ut
1933 4282 2163 4353 compla-

528 4431 530 4435 .
566 4392 729 4440 eeant
763 4382 980 4453 eloquia
1005 4381 1120 4436 oris
1146 4379 1278 4443 mei,
1323 4386 1380 4432 et
1421 4376 1704 4432 meditatio
1748 4375 1930 4431 cordis
1968 4377 2076 4432 mei
2104 4377 2162 4432 in

563 4482 865 4546 conspectu
905 4482 998 4527 tuo
1026 4484 1257 4540 semper.
1307 4467 1558 4533 Domine,
1586 4467 1802 4539 adjutor
1828 4482 1983 4523 meus
2006 4474 2064 4525 et
2086 4482 2164 4523 re-

559 4571 814 4642 demptor
842 4584 1014 4624 meus.

639 4660 711 4715 Ut
735 4677 915 4732 supra.
963 4659 1202 4725 Sanctis,
1251 4655 1344 4728 qui
1393 4663 1556 4722 sunt;
1598 4655 1653 4710 in
1699 4669 1919 4711 omnem
1959 4664 2161 4712 terram

563 4755 740 4809 exivit
762 4769 930 4809 sonus
958 4767 1165 4808 eorum.
1195 4749 1513 4805 Constitues
1540 4762 1654 4804 eos.
1701 4745 1876 4804 Nimis
1910 4747 2163 4804 honorati

569 4855 699 4902 sunt
721 4843 886 4899 amici
912 4844 993 4897 tui
1020 4842 1182 4898 Deus.

647 4935 804 5007 109
831 4934 1036 4990 Oratio.
1066 4933 1316 4999 Domine,
1345 4939 1471 4988 ante
1491 4949 1654 5004 quem
1681 4932 1862 4990 nullus
1884 4934 2170 4991 abscondi-

572 5041 661 5085 tur
686 5071 701 5095 ,
730 5045 760 5083 a
789 5027 943 5096 cujus
975 5026 1326 5097 inquisitione
1359 5025 1504 5096 quod
1537 5025 1735 5093 latitat,
1779 5028 2162 5098 non'celatur;

571 5122 643 5177 ab
668 5119 897 5177 occultis
937 5118 1141 5173 nostris
1183 5117 1384 5173 munda
1413 5133 1514 5173 nos
1541 5159 1556 5184 ,
1592 5125 1650 5173 et
1675 5118 1746 5172 ab
1772 5118 1967 5176 alienis
2002 5135 2167 5192 parce

573 5212 746 5268 servis
770 5213 918 5276 tuis,
958 5217 1016 5266 et
1050 5217 1250 5280 prata
1293 5216 1358 5262 ut
1399 5209 1828 5265 examinationis
1851 5218 1960 5266 tum
1983 5211 2165 5268 calore

572 5303 783 5375 paritas
808 5317 840 5356 a
868 5307 922 5358 te
943 5314 1206 5356 concessa
1227 5313 1338 5354 non
1365 5306 1579 5355 abstuet.

987 5410 1304 5468 PSALMUS
1341 5411 1534 5466 MART
1545 5412 1755 5471 YRL‘M.

645 5533 825 5604 (Psu..
861 5530 1058 5601 xxxii.)
1089 5530 1369 5586 Exsultatc
1387 5525 1521 5599 justi
1565 5531 1624 5586 in
1667 5531 1936 5588 Domino:
1989 5542 2168 5590 rectos

575 5626 732 5681 decet
771 5623 1114 5679 collaudatio.
1161 5621 1508 5678 Conﬁtemini
1547 5622 1775 5679 Domino
1821 5626 1876 5678 in
1915 5626 2163 5682 cithara:

575 5723 632 5774 in
660 5719 917 5789 psalterio
939 5717 1126 5774 decem
1151 5715 1476 5772 chordarum
1504 5717 1714 5787 psallite
1744 5718 1838 5774 illi.
1866 5719 2095 5776 Cantate
2117 5723 2168 5777 ei

578 5812 851 5865 canticum
878 5823 1116 5866 novum:
1157 5808 1296 5864 bene
1330 5807 1543 5878 psallite
1569 5811 1617 5864 ei
1664 5810 1715 5864 in
1756 5809 2163 5868 vociferatione.

2253 1930 2496 1999 respexit
2545 1945 2712 2000 super
2775 1946 2968 1985 omnes
3028 1933 3121 2000 qui
3184 1932 3436 1988 habitant
3477 1944 3711 1989 terram.
3766 1934 3880 2001 Qui

2252 2021 2411 2075 ﬁnxit
2439 2020 2754 2092 singillatim
2780 2006 3164 2078 corda‘eornm
3198 2043 3210 2077 :
3249 2024 3341 2094 qui
3382 2024 3634 2096 intelligit
3673 2025 3875 2080 omnia

2252 2131 2415 2186 opera
2453 2131 2662 2170 eorum.
2712 2114 2828 2170 Non
2866 2116 3109 2172 salvator
3154 2116 3270 2172 Rex
3300 2133 3400 2189 per
3433 2117 3659 2173 multam
3700 2119 3880 2173 virtu-

2255 2217 2363 2262 tem
2391 2228 2401 2262 :
2439 2219 2496 2262 et
2530 2210 2680 2280 gigas
2715 2224 2823 2265 non
2857 2210 3158 2266 salvabitur
3189 2211 3244 2266 in
3273 2211 3621 2269 multitudine
3643 2215 3880 2268 virtutis

2253 2315 2385 2356 sum.
2415 2299 2600 2356 Fallax
2629 2316 2803 2372 equus
2827 2301 2896 2356 ad
2926 2301 3178 2370 salutem,
3213 2304 3269 2360 in
3306 2305 3641 2361 abundantia
3678 2317 3875 2363 autem

2253 2393 2474 2448 virtutis
2510 2410 2620 2448 sua:
2655 2408 2765 2449 non
2810 2395 3128 2474 salvabitur.
3175 2396 3317 2453 Ecce
3353 2398 3494 2454 oculi
3524 2399 3752 2455 Domini
3783 2416 3880 2456 su-

2253 2498 2354 2553 per
2373 2491 2683 2541 metuentes
2705 2500 2854 2551 eum,
2889 2494 2947 2541 et
2968 2487 3026 2542 in
3067 2488 3152 2543 eis
3197 2490 3292 2559 qui
3313 2499 3541 2561 sperant
3568 2508 3739 2564 super
3771 2493 3876 2547 mi-

2255 2576 2556 2632 sericordia
2590 2577 2728 2646 ejus.
2765 2578 2837 2634 Ut
2861 2588 3020 2634 emat
3055 2596 3087 2634 a
3114 2589 3290 2637 morte
3319 2582 3531 2638 animas
3555 2599 3775 2650 eorum,
3817 2594 3878 2640 et

2255 2667 2365 2722 alat
2389 2682 2486 2724 eos
2525 2670 2582 2723 in
2609 2669 2771 2725 fame.
2814 2669 3008 2725 Anima
3041 2679 3230 2727 nostra
3257 2674 3492 2729 sustinet
3528 2673 3868 2731 Dominum:

2254 2762 2512 2832 quoniam
2548 2760 2765 2830 adjutor
2788 2771 2844 2818 et
2875 2772 3156 2834 protector
3179 2775 3366 2821 noster
3388 2775 3493 2822 est.
3532 2765 3670 2834 Quia
3707 2770 3768 2822 in
3806 2783 3877 2821 eo

2255 2853 2527 2909 L'etabitur
2573 2869 2667 2910 cor
2709 2863 2958 2910 nostrum
2995 2875 3008 2910 :
3053 2864 3109 2912 et
3152 2857 3206 2910 in
3251 2859 3474 2914 nomine
3512 2869 3703 2915 sancto
3750 2859 3874 2930 ejus

2256 2946 2613 3016 speravimus.
2655 2945 2778 3001 Fiat
2814 2948 3192 3005 misericordia
3239 2958 3352 3016 tua,
3405 2951 3654 3018 Domine,
3700 2968 3874 3023 super

2259 3053 2380 3101 nos,
2408 3038 2861 3108 quemadmodum
2897 3040 3238 3108 speravimus
3271 3042 3326 3095 in
3357 3051 3428 3096 te.

2330 3129 2400 3184 Ut
2421 3144 2604 3200 supra.
2635 3128 2870 3194 Sanctis,
2905 3131 2998 3200 qui
3029 3142 3158 3186 sunt
3179 3133 3234 3186 in
3260 3141 3407 3187 terra
3434 3135 3573 3206 ejus.
3599 3135 3786 3191 Gloria
3817 3147 3872 3192 et

2297 3235 2464 3275 onore
2487 3222 2764 3276 coronasti
2784 3237 2897 3277 eos.
2933 3220 3190 3288 Posuisti,
3219 3223 3469 3281 Domine.

2330 3312 2536 3368 Oratio.
2566 3311 2688 3368 Fiat
2710 3314 3087 3370 misericordia
3121 3325 3233 3382 tua,
3270 3312 3522 3384 Domine,
3557 3335 3722 3390 super
3743 3336 3867 3386 nos,

2255 3414 2312 3461 et
2334 3407 2620 3462 animabus
2657 3409 2860 3464 nostris
2899 3408 3221 3478 patientiam
3252 3412 3320 3465 ad
3355 3414 3539 3467 omnia
3584 3414 3867 3471 toleranda

2257 3495 2525 3566 adjutorio
2551 3506 2653 3552 tua:
2672 3500 3032 3569 protectionis
3057 3503 3275 3558 insinua
3300 3522 3314 3570 ;
3347 3515 3402 3560 et
3426 3507 3518 3576 qui
3549 3507 3868 3579 singillatim

2259 3587 2423 3643 corda
2459 3588 2740 3644 hominum
2775 3592 2957 3663 ﬁngis,
3003 3609 3099 3665 spe
3135 3604 3227 3650 tua
3271 3598 3605 3664 sanctiﬁces,
3652 3609 3706 3654 et
3739 3601 3870 3671 quia

2258 3679 2400 3734 oculi
2429 3681 2507 3734 tui
2540 3696 2706 3752 super
2737 3698 2831 3738 eos
2854 3693 3004 3748 sunt,
3033 3687 3125 3756 qui
3349 3687 3536 3770 {Forte
3558 3691 3730 3763 suppl.
3761 3711 3874 3748 meo

2260 3771 2462 3844 tuunt],
2505 3773 2714 3829 timoris
2751 3775 2828 3829 tui
2861 3778 2928 3832 da
2962 3779 3120 3833 nobis
3150 3782 3569 3850 plenitudinem,
3609 3794 3670 3840 ut
3701 3789 3869 3842 etiam

2262 3865 2507 3932 aspectui
2537 3866 2792 3922 conferas
2817 3867 3159 3938 dignitatem.

2568 4021 2889 4080 PSALMUS
2926 4026 3091 4081 ITEM
3130 4028 3545 4088 MARTYRUM.

2335 4153 2516 4227 (PSAL.
2561 4158 2818 4239 Lxxvtn.)
2867 4158 3028 4223 Deus,
3063 4172 3329 4218 venerunt
3350 4175 3542 4236 gentes
3567 4165 3622 4220 in
3645 4166 3876 4223 hzeredi—

2233 4251 2432 4299 ‘tatem
2459 4253 2629 4311 tuam,
2657 4245 2963 4315 polluerunt
2991 4251 3253 4320 templum
3279 4263 3530 4310 sanetum
3556 4265 3707 4311 tuum
3733 4277 3744 4310 :
3783 4274 3876 4327 po—

2265 4346 2492 4392 suerunt
2522 4336 2862 4394 Hierusalem
2903 4341 2959 4393 in
2991 4356 3275 4411 pomorum
3311 4347 3636 4402 custodiam.
3677 4349 3876 4406 Postre-

2264 4439 2397 4485 runt
2447 4430 2736 4485 morticina
2778 4448 3061 4488 servorum
3109 4446 3528 4495 tuorum~escas
3564 4441 3878 4499 volatilibus

2187 4560 2243 4624 υ
2266 4519 2430 4624 coeli:
2465 4536 2662 4577 carnes
2684 4533 3001 4580 sanctorum
3035 4537 3253 4582 tuorum
3289 4529 3485 4586 bestiis
3516 4540 3693 4588 teme.
3735 4533 3878 4590 Eﬁ'u-

2265 4611 2466 4666 derunt
2485 4614 2806 4684 sanguinem
2833 4631 3025 4671 eorum
3060 4625 3319 4687 tanquam
3336 4636 3534 4690 aquam
3560 4622 3614 4676 in
3637 4623 3873 4680 circuitu

2267 4701 2608 4759 Hierusalem
2635 4724 2648 4759 :
2677 4713 2731 4759 et
2763 4723 2869 4761 non
2902 4719 3042 4773 erat,
3071 4710 3164 4778 qui
3197 4711 3472 4781 sepeliret.
3509 4713 3661 4771 Facti
3685 4732 3878 4774 sumus

2266 4797 2617 4866 opprobrium
2658 4799 2854 4856 vicinis
2897 4803 3134 4868 nostris,
3187 4804 3543 4860 subsannatio
3586 4816 3643 4862 et
3693 4808 3879 4866 illusio

2267 4887 2355 4942 his
2387 4889 2480 4958 qui
2514 4889 2571 4943 in
2594 4891 2826 4958 circuitu
2857 4900 3047 4948 nostro
3076 4904 3222 4950 sunt.
3259 4895 3572 4967 Usquequo,
3622 4898 3872 4966 Domine,

2269 4980 2527 5036 irasceris
2577 4981 2632 5036 in
2680 4981 2845 5037 ﬁnem
2887 5004 2901 5038 :
2941 4987 3273 5043 accendetur
3327 4989 3475 5045 velut
3526 4990 3666 5062 ignis
3723 4993 3877 5051 zelus

2273 5083 2399 5130 tuus
2420 5074 2444 5128 ?
2469 5073 2697 5130 Eﬁ‘unde
2723 5075 2860 5130 iram
2893 5088 3042 5131 tuam
3068 5079 3122 5132 in
3160 5089 3372 5149 gentes,
3408 5097 3529 5152 qua:
3565 5091 3618 5137 te
3645 5099 3750 5139 non
3777 5102 3878 5139 no-

2270 5177 2504 5220 verunt:
2537 5175 2594 5219 et
2635 5165 2690 5220 in
2728 5175 2896 5239 regna
2941 5185 3060 5239 quze
3097 5186 3298 5227 nomen
3333 5181 3486 5228 tuum
3515 5189 3623 5230 non
3659 5175 3878 5231 invoca-

2272 5267 2488 5315 verunt.
2527 5257 2663 5327 Quia
2701 5260 3060 5318 comederunt
3081 5263 3286 5330 Jacob,
3319 5277 3376 5321 et
3417 5267 3597 5324 locum
3630 5268 3747 5336 ejus
3785 5270 3882 5326 de-'

2272 5351 2602 5408 solaverunt.
2663 5352 2739 5407 Ne
2792 5357 3109 5412 memineris
3161 5359 3510 5429 iniquitatum
3561 5373 3874 5418 nostrarum

2275 5447 2657 5516 antiquarum:
2699 5447 2809 5503 cito
2839 5450 3142 5519 anticipent
3184 5467 3284 5507 nos
3321 5454 3711 5512 misericordia:
3743 5466 3876 5520 tum,

2275 5539 2402 5608 quia
2435 5554 2704 5612 pauperes
2745 5539 2872 5596 facti
2907 5557 3096 5598 sumus
3123 5545 3307 5601 nimis.
3350 5547 3556 5618 Adjuva
3587 5565 3708 5616 nos,
3730 5549 3877 5605 Deus

2273 5629 2530 5685 salutaris
2556 5640 2742 5686 noster
2770 5649 2781 5684 :
2817 5641 2872 5686 et
2903 5643 3125 5704 propter
3149 5635 3375 5704 gloriam
3391 5639 3630 5694 nominis
3653 5640 3749 5705 tui,
3775 5639 3878 5693 Dr»

2274 5721 2443 5786 mine,
2487 5720 2656 5775 libera
2682 5738 2806 5787 nos,
2852 5733 2910 5778 et
2949 5725 3216 5794 propitius
3242 5737 3362 5784 esto
3394 5731 3636 5800 peccatis
3670 5732 3875 5786 nostris

2273 5819 2496 5882 propter
2538 5827 2733 5867 nomen
2779 5822 2949 5869 tuum.
3003 5814 3077 5870 Ne
3110 5817 3247 5873 forte
3276 5820 3461 5876 dicant
3497 5822 3548 5876 in
3578 5824 3868 5893 gentibus:
