4112 6660
293 545 401 610 389

1291 548 1690 607 LITITRGICA.
1735 582 1804 591 —
1843 548 2112 605 OFFICIA
2152 548 2287 603 PER
2325 547 2594 603 FERIAS.

3474 542 3579 597 590

294 665 383 720 ubi
421 671 508 719 cst
539 663 683 718 Deus
714 663 947 719 eorum?
998 669 1052 715 et
1096 663 1440 718 iunotescant
1484 664 1539 717 in
1579 663 1883 717 nationibus
1917 662 2129 724 A'cula.
2164 660 2496 716 Commendo
2527 662 2765 716 animam
2795 676 2968 712 meam
3005 676 3057 713 Ill
3094 676 3285 715 manus
3326 661 3583 731 potentire

292 770 476 810 coram
505 755 677 811 oculis
711 755 934 810 nostris.
976 753 1122 810 Ultio
1143 755 1426 825 sanguinis
1459 769 1741 810 servorum
1774 763 1887 809 tuo-

291 862 437 913 rum,
485 846 580 919 qui
622 844 825 903 eﬁ‘usus
848 854 957 912 est,
998 844 1235 902 introeat
1262 846 1317 901 in
1351 855 1647 918 conspectu
1683 854 1777 901 tuo
1802 861 1889 918 ge-

293 939 460 996 mitus
484 938 936 1009 compeditorum.
976 939 1288 996 Secundum
1311 939 1740 1009 magnitudinem
1760 938 1888 994 bra-‘

292 1030 397 1085 chii
431 1029 507 1085 tui
540 1028 760 1099 posside
791 1027 930 1085 ﬁlios
959 1030 1428 1086 mortiﬁcatorum.
1459 1029 1529 1084 Et
1556 1029 1721 1086 redde
1752 1030 1888 1084 vici—

293 1120 380 1176 nis
404 1122 611 1177 nostris
636 1121 941 1193 septuplum
974 1120 1029 1177 in
1066 1121 1188 1177 sinu
1225 1137 1411 1176 eorum
1441 1139 1454 1174 :
1501 1121 1887 1192 improperium

292 1211 533 1282 ipsorum
558 1254 574 1277 ,
620 1212 765 1282 quod
794 1213 1261 1283 exprobraverunt
1303 1213 1423 1279 libi,
1468 1212 1717 1269 Domine.
1780 1213 1887 1269 Nos

218 1296 221 1299 ’
289 1314 473 1360 autem
496 1306 728 1377 populus
761 1310 883 1361 tuus
907 1314 964 1360 et
989 1319 1119 1363 oves
1144 1321 1357 1377 pascua:
1381 1314 1487 1362 tua:
1508 1306 1891 1363 confitebimur

293 1396 389 1451 tibi
423 1396 478 1452 in
502 1396 782 1453 saeculum.
814 1396 875 1453 in
903 1399 1253 1469 generatione
1284 1406 1341 1454 et
1362 1397 1766 1470 generationem
1793 1413 1891 1452 an-

291 1490 663 1546 nuntiabimus
698 1490 911 1546 laudem
949 1499 1116 1546 tuam.

370 1581 530 1652 ιιο
564 1579 634 1636 Ut
661 1598 843 1653 supra.
881 1580 1035 1638 Oculi
1074 1582 1287 1637 Domini
1330 1598 1496 1653 super
1518 1583 1716 1654 justos.
1765 1582 1893 1640 Pre-

286 1671 432 1727 tiosa
471 1674 523 1727 in
559 1681 859 1745 conSpcctu
889 1672 1126 1729 Domini.
1157 1672 1437 1730 Justorum
1471 1675 1686 1730 animm.

365 1763 569 1820 Oratio.
602 1763 680 1822 Ne
702 1766 1017 1823 memineris
1051 1767 1402 1838 iniquitatium
1447 1775 1757 1823 nostrarum
1799 1783 1894 1822 an-

293 1857 567 1927 tiquarum
586 1900 602 1923 ,
628 1858 879 1923 Domine,
908 1873 1085 1929 neque
1128 1873 1227 1914 nos
1255 1857 1539 1929 originalis
1564 1858 1721 1930 culpa
1759 1874 1893 1913 con-

295 1950 495 2015 tristct,
530 1965 667 2021 quos
689 1950 926 2006 secunda
957 1949 1216 2005 nativitas
1251 1950 1305 2004 in
1330 1949 1547 2005 Christo
1582 1956 1887 2021 regenerat.

1990 762 2117 817 tuac,
2155 761 2216 807 ut
2238 754 2516 809 custodias
2546 768 2666 808 eam
2694 752 2881 806 diebus
2907 768 2969 805 ac
3014 753 3284 818 noctibus,
3325 752 3474 807 horis
3506 757 3583 805 at-

1987 860 2091 914 que
2108 845 2414 901 momentis.
2442 843 2697 899 Miserere
2724 844 2850 907 mei,
2884 843 3025 897 Deus
3041 843 3375 914 angelorum.
3400 842 3584 912 Dirige

1988 952 2076 993 me
2104 936 2222 992 Rex
2256 936 2724 1009 arehangelorum.
2773 935 2993 992 Custodi
3040 953 3126 993 me
3172 953 3269 1008 per
3307 938 3585 993 orationes

1986 1028 2439 1096 patriarcharum,
2465 1043 2565 1099 per
2596 1028 2789 1083 merita
2821 1029 3226 1100 prophetarum,
3266 1041 3366 1101 per
3397 1028 3587 1086 suifra-

1989 1118 2073 1189 gia
2103 1116 2493 1188 apostolorum,
2515 1130 2616 1189 per
2637 1118 2891 1174 victorias
2922 1127 3245 1190 martyrum,
3279 1134 3379 1191 per
3420 1120 3584 1177 ﬁdem

1989 1207 2360 1273 confessorum
2388 1252 2403 1275 ,
2453 1225 2551 1280 per
2596 1211 3042 1267 intercessionem
3092 1213 3334 1268 omnium
3376 1221 3588 1270 sancto-

1990 1319 2135 1368 rum,
2168 1303 2260 1372 qui
2295 1303 2391 1359 tibi
2432 1303 2756 1374 placuerunt
2779 1306 2848 1360 ab
2870 1305 3079 1377 origine
3105 1306 3293 1361 mundi
3322 1323 3496 1378 usque
3518 1307 3588 1366 ad

1989 1397 2514 1452 consummationem
2539 1396 2743 1453 steculi.
2785 1397 2916 1453 Oret
2942 1415 3040 1469 pro
3070 1408 3157 1453 me
3179 1406 3402 1455 sanctus
3428 1399 3585 1467 Abel,

1989 1488 2081 1558 qui
2104 1488 2312 1559 primus
2338 1496 2632 1545 coronatus
2660 1498 2744 1546 est
2768 1492 3046 1563 martyrio.
3073 1492 3204 1548 Oret
3227 1508 3327 1564 pro
3358 1508 3444 1549 me
3468 1509 3588 1550 san-

1991 1587 2115 1633 ctus
2152 1577 2318 1643 Seth,
2362 1579 2455 1650 qui
2497 1581 2706 1651 primus
2755 1584 2920 1652 coepit
2952 1584 3207 1638 invocare
3247 1599 3445 1640 nomen
3488 1584 3589 1641 Do-

1992 1671 2146 1725 mini.
2194 1670 2327 1727 Oret
2354 1687 2454 1741 pro
2502 1688 2589 1727 me
2636 1684 2860 1730 sanctus
2891 1676 3102 1741 Enoch,
3157 1677 3249 1747 qui
3296 1678 3593 1734 ambulavit

1992 1777 2117 1819 cum
2143 1764 2278 1831 Deo,
2316 1773 2372 1822 et
2406 1765 2703 1823 translatus
2731 1775 2816 1823 est
2845 1768 2913 1822 de
2950 1769 3170 1824 mundo.
3222 1770 3350 1825 Oret
3382 1786 3481 1840 pro
3504 1787 3592 1827 me

1992 1863 2217 1914 sanctus
2249 1855 2383 1925 Noe,
2414 1875 2577 1930 quem
2614 1860 2758 1916 Deus
2785 1863 3022 1916 servavit
3044 1861 3098 1915 in
3140 1863 3339 1920 diluvio
3374 1874 3594 1937 propter

1989 1948 2278 2020 justitiam.
2330 1951 2462 2007 Oret
2494 1968 2593 2023 pro
2618 1969 2706 2007 me
2738 1952 3127 2010 Melchisedech
3160 1973 3254 2011 rex
3275 1958 3473 2028 justus,
3499 1960 3592 2031 qui

289 2019 677 2113 Apprehendat
706 2056 806 2104 nos
851 2041 1036 2111 itaque
1063 2041 1433 2097 misericordia
1476 2049 1590 2105 tua,
1634 2019 1886 2106 Domine,
1925 2019 1967 2078 Β
1992 2019 2234 2097 obviavit
2268 2019 2539 2109 Abralue,
2594 2052 2651 2099 et
2693 2045 2971 2101 benedixit
3018 2048 3089 2102 ei.
3148 2019 3321 2120 Roget
3362 2019 3471 2120 pro
3508 2019 3595 2107 me

288 2135 419 2204 quia
440 2132 670 2191 Creator
694 2134 937 2191 hominis
980 2134 1037 2189 in
1086 2134 1307 2189 homine
1342 2132 1607 2197 nascitur,
1640 2143 1698 2188 et
1728 2132 1891 2187 homo

288 2228 347 2281 in
395 2225 507 2281 Deo
547 2226 900 2297 gloriﬁcando
958 2224 1169 2299 [Fom,
1213 2224 1622 2298 gloriﬁcandus]
1670 2226 1897 2279 assumi—

292 2327 408 2373 tur.

650 2409 976 2467 PSALMUS
1010 2409 1541 2468 CONFESSORUM.

359 2526 544 2600 (Psu.
599 2526 818 2596 cum.)
872 2524 986 2581 Nisi
1021 2524 1149 2598 quia
1186 2526 1448 2582 Dominus
1476 2526 1681 2580 eratin
1713 2527 1887 2581 nobis.

291 2617 438 2675 dicat
464 2626 597 2675 tunc
625 2617 792 2674 Israel
823 2637 835 2671 :
871 2618 977 2674 nisi
1008 2617 1137 2689 quia
1178 2617 1438 2674 Dominus
1468 2623 1589 2672 erat
1624 2617 1679 2671 in
1714 2617 1890 2673 nobis.

290 2708 427 2766 Cum
450 2716 810 2781 exsurgerent
829 2710 1080 2766 homines
1107 2711 1163 2765 in
1203 2724 1327 2776 nos,
1372 2709 1512 2767 forte
1531 2710 1685 2766 vivos
1710 2710 1896 2782 deglu-

288 2801 490 2857 tissent
526 2815 643 2857 nos.
691 2800 827 2855 Cum
873 2802 1204 2858 irasceretur
1246 2802 1398 2858 furor
1427 2816 1614 2857 eorum
1657 2802 1713 2856 iu
1752 2817 1890 2856 nos:

288 2890 519 2949 forsitan
552 2908 691 2964 aqua
728 2892 1099 2949 absorbuisset
1124 2909 1243 2949 nos.
1276 2892 1598 2951 Torrentem
1621 2902 1898 2964 pertrans-

293 2984 394 3039 ivit
446 2984 630 3041 anima
680 2993 869 3040 nostra
924 3002 935 3036 :
989 2984 1217 3040 forsitan
1263 2986 1653 3055 pertransisset
1711 2984 1893 3039 anima

287 3086 483 3135 nostra
530 3091 728 3149 aquam
767 3077 1192 3134 intolerabilem.
1238 3078 1564 3133 Benedictus
1608 3076 1894 3141 Dominus,

292 3168 386 3238 qui
427 3183 533 3224 non
586 3167 734 3225 dedit
778 3183 880 3224 nos
929 3167 983 3224 in
1027 3168 1338 3240 captionem
1384 3168 1643 3223 dentibus
1681 3184 1890 3224 eorum.

296 3257 492 3313 Anima
534 3270 725 3314 nostra
755 3259 901 3314 sicut
934 3273 1128 3329 passer
1151 3267 1339 3329 erepta
1362 3266 1449 3313 est
1481 3258 1548 3313 de
1572 3257 1767 3328 laqueo
1797 3273 1892 3313 ve-

292 3351 565 3404 nantium.
615 3349 867 3419 Laqueus
896 3350 1164 3405 conttitus
1192 3356 1318 3405 est:
1357 3357 1413 3404 et
1444 3365 1544 3405 nos
1568 3349 1782 3404 liberati
1810 3366 1895 3404 su-
1922 3390 1970 3453 Ο

296 3457 437 3497 mus.
483 3441 823 3512 Adjutoritmt
856 3450 1101 3498 nostrum
1139 3441 1195 3496 in
1241 3443 1463 3498 nomine
1502 3442 1752 3497 Domini:
1800 3444 1893 3514 qui

300 3531 432 3588 fecit
462 3532 661 3588 coelum
683 3538 741 3588 et
776 3541 997 3589 terram.

370 3622 440 3676 Ut
495 3640 676 3693 supra.
728 3623 939 3680 Inimici
991 3624 1309 3680 defecerunt
1362 3623 1567 3680 framea
1613 3623 1894 3697 [Vulgata,

298 3713 543 3788 frameae]
580 3714 635 3770 in
686 3714 871 3770 ﬁnem.
930 3715 1257 3771 Destruxisti
1306 3732 1498 3773 omnes
1552 3731 1712 3787 sepes
1754 3715 1892 3785 ejus.

300 3808 541 3865 Laudem
573 3807 787 3864 Domini
814 3808 1066 3880 loquetur
1088 3825 1151 3864 os
1173 3825 1373 3864 meum.

374 3900 580 3957 Oratio.
614 3901 908 3967 Converte,
959 3902 1221 3965 Domine,
1264 3901 1523 3974 laqueos,
1562 3918 1699 3974 quos
1741 3904 1899 3959 nobis

299 3995 382 4062 hi,
411 3996 505 4066 qui
530 3996 742 4050 animas
767 4001 986 4051 nostras
1022 3996 1213 4050 venari
1249 4004 1542 4062 conantur,
1577 4005 1894 4067 opponunt;

295 4094 360 4142 et
382 4086 783 4142 adversantium
812 4095 975 4156 atque
1004 4085 1397 4157 captivantium
1425 4100 1525 4141 nos
1557 4086 1783 4142 insidias
1809 4087 1903 4140 ad-

301 4176 485 4248 jutorii
520 4177 600 4230 tui
625 4174 979 4246 opitulatione
1013 4176 1310 4240 eonturba,
1342 4175 1469 4246 quia
1496 4176 1603 4231 nisi
1630 4184 1685 4231 tu
1719 4176 1774 4230 in
1807 4191 1903 4231 no-

303 4268 389 4324 bis
420 4266 613 4333 l'ueris,
639 4274 749 4321 tam
772 4282 873 4321 nos
904 4273 1084 4335 potest
1114 4266 1390 4322 contraria
1415 4266 1589 4321 virtus
1612 4265 1899 4337 deglutire,

300 4375 466 4431 quam
488 4360 797 4416 absorbere.
834 4358 967 4415 Esto
997 4374 1279 4415 servorum
1303 4366 1520 4415 tuorum
1544 4367 1602 4415 et
1631 4367 1818 4415 custos
1848 4370 1905 4415 et

300 4455 563 4525 praevius,
596 4460 657 4508 ut
677 4451 1005 4525 spiritalium
1037 4454 1404 4524 nequitiamm
1425 4453 1759 4524 muscipulas
1790 4470 1901 4509 non

304 4546 591 4613 incurrat;
622 4553 685 4602 ut
710 4546 957 4609 volatus,
989 4546 1188 4615 quibus
1217 4546 1287 4600 ad
1324 4554 1377 4601 te
1411 4546 1596 4601 venire
1631 4548 1901 4611 nituntur,

308 4647 422 4695 tota
453 4637 731 4694 alacritate
752 4644 1071 4693 exerceant.

1994 2131 2167 2189 ﬁdelis
2204 2133 2504 2199 Abraham,
2553 2136 2646 2207 qui
2689 2136 2899 2204 primus
2925 2139 3176 2205 creiidit,
3228 2141 3316 2194 cui
3345 2151 3593 2214 reputala

1993 2234 2077 2279 est
2098 2224 2234 2283 ﬁdes
2256 2226 2323 2282 ad
2346 2226 2636 2299 justitiam.
2661 2228 2967 2284 intercedat
2985 2245 3083 2301 pro
3109 2247 3197 2287 me
3211 2232 3395 2302 justus
3418 2234 3591 2297 lsaac,

1995 2315 2087 2384 qni
2117 2314 2218 2370 fuit
2251 2317 2512 2372 obediens
2541 2319 2682 2387 patri
2725 2333 2895 2389 usque
2939 2321 3008 2374 ad
3040 2332 3296 2387 mortem,
3335 2324 3388 2379 in
3418 2342 3599 2380 exem-

1994 2405 2142 2473 plum
2168 2404 2383 2461 Domini
2409 2408 2581 2462 nostri
2609 2406 2736 2464 Jesu
2773 2409 2997 2477 Christi,
3023 2414 3115 2482 qui
3138 2414 3351 2471 oblatus
3371 2424 3456 2472 est
3486 2417 3597 2471 Deo

1996 2495 2143 2551 Patri
2169 2513 2269 2567 pro
2290 2498 2462 2552 salute
2494 2499 2700 2553 mundi.
2750 2498 2993 2556 Postulet
3015 2517 3114 2572 pro
3146 2519 3232 2558 me
3256 2503 3384 2560 felix
3403 2506 3595 2571 Iacob,

1994 2589 2089 2660 qui
2120 2589 2253 2644 vidit
2287 2591 2508 2664 angelos
2556 2591 2652 2647 Dei
2683 2600 2739 2647 et
2784 2593 2996 2651 Domini
3039 2598 3324 2653 venientes
3359 2600 3414 2655 in
3447 2603 3601 2658 auxi-

1995 2684 2127 2741 lium
2171 2685 2291 2741 sibi.
2343 2684 2474 2741 Oret
2513 2703 2611 2757 pro
2643 2702 2731 2742 me
2782 2688 2972 2744 beatus
3014 2689 3251 2763 Ioseph,
3298 2694 3389 2764 qui
3441 2695 3603 2753 solvit

1997 2779 2207 2833 somnia
2232 2778 2398 2851 regis,
2424 2787 2479 2833 et
2502 2780 2889 2849 interpretatus
2914 2790 3023 2845 est,
3060 2792 3117 2837 et
3138 2782 3401 2841 liberatus
3424 2795 3509 2843 est
3532 2787 3602 2841 de

1997 2884 2240 2924 carcere.
2287 2871 2421 2927 Oret
2467 2886 2566 2941 pro
2602 2886 2688 2925 me
2724 2883 2945 2928 sanctus
2984 2874 3113 2941 Job,
3160 2893 3390 2946 magnus
3425 2887 3479 2935 et
3512 2896 3605 2950 pa-

1999 2962 2176 3026 tiens,
2219 2963 2311 3032 qui
2346 2961 2481 3017 nihil
2507 2965 2754 3032 peccavit
2796 2965 2849 3018 In
2894 2964 3053 3020 labiis
3083 2968 3220 3033 suis,
3263 2970 3317 3023 in
3347 2972 3601 3029 omnibus

1996 3067 2119 3121 qua:
2153 3053 2473 3110 acciderunt
2519 3054 2613 3109 illi.
2673 3053 2799 3109 Oret
2850 3071 2949 3126 pro
2999 3073 3085 3113 me
3136 3060 3329 3117 beatus
3368 3062 3599 3134 Moyses,

1998 3160 2123 3201 eum
2145 3160 2254 3215 quo
2288 3146 2501 3204 locutus
2535 3158 2619 3204 est
2655 3150 2797 3205 Deus
2834 3151 2973 3207 facie
2996 3154 3065 3207 ad
3100 3151 3318 3210 facient.
3356 3154 3486 3213 Oret
3504 3174 3604 3228 pro

2000 3253 2085 3292 me
2122 3239 2319 3295 lliesus
2341 3240 2485 3297 ﬁlius
2509 3241 2651 3308 Non,
2696 3258 2860 3313 quem
2899 3245 3134 3316 elegisti,
3182 3246 3434 3315 Domine,
3478 3258 3606 3320 post

2002 3332 2220 3402 Moysen
2281 3332 2543 3389 famulum
2577 3345 2747 3392 tuum.
2787 3336 2920 3393 Oret
2958 3352 3059 3408 pro
3094 3356 3179 3395 me
3235 3350 3461 3400 sanctus
3510 3346 3606 3401 Sa-

2002 3428 2146 3484 muel
2168 3430 2454 3501 propheta,
2484 3430 2576 3499 qui
2600 3430 2879 3485 benedixit
2904 3441 2959 3486 et
2990 3434 3147 3488 unxit
3169 3435 3309 3490 duas
3330 3451 3488 3507 reges
3520 3454 3609 3494 su»

2000 3535 2101 3589 per
2156 3520 2345 3576 ISrael.
2393 3520 2695 3577 Subveniat
2740 3523 2873 3577 mihi
2922 3532 3146 3581 sanctus
3192 3525 3392 3593 David,
3440 3543 3605 3599 quem

2000 3614 2211 3684 elegisti
2240 3614 2539 3669 secundum
2553 3628 2648 3669 cor
2676 3623 2850 3680 tuum,
2877 3616 3125 3672 Domine.
3155 3616 3490 3689 Deprecetur
3509 3639 3608 3692 pro

2002 3721 2087 3760 me
2129 3716 2353 3763 sanctus
2379 3708 2523 3763 Elias
2564 3709 2717 3781 ιιι
2759 3712 3046 3781 propheta,
3093 3729 3259 3783 quem
3283 3715 3512 3771 elevasti
3549 3718 3604 3774 in

2003 3815 2167 3853 ωιτη
2211 3801 2373 3871 igneo
2408 3817 2581 3871 usque
2623 3803 2691 3857 ad
2737 3803 2956 3859 coelum.
3008 3803 3143 3860 Oret
3170 3821 3268 3876 pro
3296 3821 3382 3862 me
3417 3810 3609 3866 beatus

2002 3890 2193 3957 Isaias,
2236 3893 2407 3961 cujus.
2425 3894 2685 3950 mundata
2718 3902 2847 3950 sunt
2872 3895 3014 3950 labia
3039 3898 3162 3967 igne
3184 3899 3416 3953 cmlesti.
3451 3900 3612 3957 Adsit

2005 3985 2138 4039 mihi
2185 3985 2379 4041 beatus
2413 3984 2715 4052 Jeremias,
2752 4002 2915 4059 quem
2959 3988 3316 4045 sanctiﬁcasti
3357 3992 3409 4047 in
3448 4002 3609 4048 utero

2004 4080 2195 4134 matris
2229 4093 2359 4134 sum.
2396 4080 2527 4136 Oret
2547 4096 2646 4151 pro
2667 4096 2755 4136 me
2781 4090 3004 4137 sanctus
3031 4082 3284 4139 Ezechiel
3320 4087 3607 4156 propheta,

2004 4174 2098 4241 qui
2130 4172 2265 4227 vidit
2298 4172 2535 4226 visiones
2576 4172 2854 4228 mirabiles
2885 4173 2979 4228 Dei
3000 4215 3015 4239 ,
3061 4183 3118 4227 et
3144 4178 3492 4246 prophetavit
3527 4196 3610 4235 re-

2005 4265 2404 4320 surrectionem
2430 4273 2784 4319 mortuorum.
2816 4265 3150 4336 Deprecetur
3175 4284 3273 4337 pro
3295 4285 3381 4323 me
3403 4271 3608 4326 electus

2006 4356 2221 4420 Daniel,
2273 4355 2651 4411 desiderabilis
2696 4355 2817 4420 Dei,
2854 4357 2946 4426 qui
2984 4356 3145 4413 solvit
3180 4360 3390 4414 somnia
3434 4362 3606 4431 regis,

2006 4458 2061 4502 ct
2096 4450 2485 4519 interpretatus
2510 4456 2617 4511 est,
2646 4457 2702 4502 et
2721 4446 2983 4502 liberatus
3007 4457 3089 4503 est
3121 4449 3187 4504 de
3215 4449 3330 4505 lacu
3355 4450 3570 4508 leonum
3594 4472 3607 4507 :

2006 4552 2064 4596 et
2093 4551 2206 4596 tres
2236 4542 2387 4611 pueri
2424 4538 2689 4604 Ananias,
2723 4539 2974 4604 Azarias,
3008 4540 3254 4607 Misahel,
3293 4542 3505 4597 liberati
3541 4545 3613 4599 ab

2010 4636 2153 4705 igne.
2211 4633 2507 4688 Duodecim
2562 4632 2860 4703 prophetae,
2904 4631 3066 4698 Osee,
3115 4632 3303 4699 Amos,
3333 4634 3607 4702 Michteas,

378 4732 617 4788 Laudate
647 4730 935 4786 Dominum
960 4730 1026 4785 de
1047 4730 1224 4786 caelis.
1256 4729 1485 4804 nequire
1502 4741 1642 4787 retro
1664 4732 1718 4785 in
1744 4728 1903 4785 Feria
1935 4760 1988 4819 υ
2010 4724 2187 4791 Johel,
2206 4723 2725 4819 A_bdias,-Habaeuc,
2740 4724 2931 4819 .lonas,
2950 4724 3144 4819 Naum,
3165 4726 3491 4819 §ophonias,
3512 4730 3612 4802 Ag-

307 4826 497 4897 prima.

816 4933 1053 4974 lJTAM'B
1089 4933 1163 4973 υτ
1195 4932 1360 4973 SUPIL
1370 4961 1384 4971 .

381 5032 519 5090 Justi
551 5031 607 5086 in
650 5038 915 5101 perpetuo
957 5030 1160 5085 vivent.
1202 5030 1590 5087 Gloriabuutur
1623 5033 1679 5087 in
1712 5042 1763 5088 te
1797 5049 1911 5089 om-

311 5144 431 5194 nes,
453 5127 546 5199 qui
579 5125 806 5195 diligunt
834 5134 1031 5179 nomen
1057 5130 1229 5178 tuum.
1264 5124 1626 5180 Exsultabunt
1647 5128 1822 5182 sancti
1852 5130 1908 5184 in

313 5217 501 5290 gloria.
549 5213 833 5271 Exsultent
855 5213 912 5268 in
934 5223 1231 5283 conspectu
1256 5213 1385 5281 Dei;
1419 5217 1561 5285 apud
1592 5224 1645 5272 te
1674 5228 1781 5284 est,
1811 5219 1910 5275 Do-

314 5310 480 5373 mine,
527 5304 650 5362 l'ons
687 5307 829 5359 vitae.
878 5302 1141 5360 Mirabilis
1177 5305 1320 5360 Deus
1345 5308 1399 5360 in
1432 5309 1641 5363 sanctis
1666 5312 1798 5365 suis.
1849 5313 1907 5365 ln

314 5405 610 5469 conspectu
641 5397 955 5468 angelorum
991 5397 1220 5467 psallam
1246 5397 1365 5452 tibi.
1398 5398 1629 5462 Exaudi,
1658 5400 1907 5466 Domine,

314 5506 507 5547 vocem
532 5504 734 5553 meam,
767 5504 874 5561 qua
904 5490 1156 5545 clamavi.

668 5622 923 5678 ORATIO
949 5622 1195 5679 SANCTI
1220 5622 1569 5682 GREGORII.

387 5739 704 5796 Dominator
739 5734 965 5791 Domine
994 5733 1138 5791 Deus
1178 5739 1544 5807 omnipotens,
1574 5742 1665 5809 qui
1706 5758 1767 5797 es
1792 5741 1913 5797 Tri-

320 5830 465 5888 nitas
496 5844 627 5894 una,
661 5827 821 5885 Pater
853 5828 909 5881 in
942 5827 1101 5893 Filio,
1127 5828 1300 5883 Filius
1323 5830 1379 5883 in
1406 5828 1590 5896 Patre,
1636 5845 1761 5886 eum
1793 5831 1914 5903 Spi-

321 5922 427 5977 ritu
453 5929 677 5976 sancto:
715 5919 807 5991 qui
842 5934 903 5973 es
923 5934 1138 5989 semper
1159 5919 1212 5974 in
1249 5921 1520 5988 omnibus,
1557 5930 1615 5976 et
1638 5937 1759 5979 eras
1785 5932 1911 5979 ante

321 6013 529 6081 omnia,
580 6019 635 6067 et
666 6011 776 6066 eris
806 6026 969 6083 super
994 6011 1174 6066 omnia
1213 6011 1356 6067 Deus
1380 6013 1699 6072 benedictus
1734 6015 1788 6070 in
1814 6031 1913 6071 ste-

2011 4831 2179 4887 gzeus,
2216 4816 2532 4879 Zacharias,
2571 4815 2904 4873 Malachias:
2951 4818 3136 4881 Esras,
3166 4816 3385 4885 Tobias,
3417 4829 3474 4876 et
3506 4822 3615 4878 Ma-

2013 4908 2237 4962 rhalxei.
2292 4905 2426 4970 llos,
2466 4913 2523 4960 et
2542 4920 2733 4960 omnes
2776 4914 2994 4961 sanctos
3035 4906 3246 4963 Veteris
3275 4908 3612 4967 Testamenti

2015 5002 2209 5054 invoco
2238 5001 2288 5053 in
2319 4999 2577 5052 auxilium
2607 5014 2808 5053 meum.
2855 4998 2986 5055 Oret
3012 5014 3113 5067 pro
3137 5016 3225 5055 me
3251 5011 3437 5057 sancta
3461 5003 3614 5075 virgo

2015 5093 2186 5148 Maria
2217 5102 2391 5145 mater
2423 5089 2744 5155 Salvatoris,
2773 5099 2830 5145 et
2852 5100 3077 5147 sanctus
3110 5092 3347 5149 Joannes
3369 5094 3609 5164 Baptista

2015 5198 2321 5256 praeursor
2354 5182 2592 5246 Domini,
2624 5190 2682 5237 et
2702 5198 2893 5237 omnes
2936 5187 3109 5241 sancti
3141 5186 3369 5253 apostoli
3396 5188 3613 5243 Domini

2012 5275 2187 5331 nostri
2223 5274 2353 5327 Jesn
2400 5274 2625 5335 Christi,
2670 5273 2864 5328 Petrus
2895 5282 2951 5330 et
2998 5273 3229 5339 Paulus,
3269 5277 3515 5333 Andreas
3559 5291 3610 5334 et

2012 5371 2250 5426 Joannes
2271 5411 2284 5434 ,
2344 5379 2456 5423 tres
2490 5368 2700 5435 Jacobi,
2754 5369 3034 5442 Philippus
3073 5380 3129 5427 et
3160 5372 3609 5445 Bartholomazus,

2014 5463 2251 5519 Thomas
2279 5472 2331 5518 et
2359 5461 2660 5527 Mattbazus,
2705 5461 2958 5519 Tathazus
2994 5464 3181 5519 Simon
3202 5507 3216 5532 ,
3251 5465 3529 5525 Barnabas
3560 5478 3616 5525 et

2015 5555 2268 5618 Mathias,
2298 5554 2533 5618 Marcus,
2557 5554 2757 5621 Lucas,
2789 5556 3117 5628 Stephanus.
3144 5561 3250 5617 Per
3272 5562 3463 5616 horum
3485 5580 3615 5634 ergo

2017 5655 2073 5700 et
2101 5656 2418 5702 ceterorum
2464 5647 2707 5701 omnium
2750 5658 3062 5705 sanctorum
3104 5650 3238 5706 Novi
3279 5652 3613 5710 Testamenti

2020 5740 2213 5795 merita
2271 5740 2479 5809 depelle
2538 5758 2568 5795 a
2624 5756 2751 5807 me,
2807 5743 3058 5801 Domine.
3115 5748 3614 5818 concupiscentiam

2019 5834 2177 5905 gulze,
2223 5841 2279 5889 et
2310 5833 2378 5887 da
2423 5835 2554 5889 mihi
2584 5837 2837 5892 virtutem
2882 5840 3225 5897 abstinentia:
3255 5861 3267 5895 :
3320 5842 3441 5913 fuga
3467 5861 3495 5898 a
3527 5859 3615 5898 me

2019 5926 2268 5996 spiritum
2310 5917 2720 5995 fornicationis,
2750 5938 2807 5985 et
2835 5932 2899 5988 da
2945 5932 3075 5987 mihi
3119 5935 3365 5989 ardorem
3397 5937 3617 5990 castita-

2022 6016 2091 6072 tis
2117 6034 2131 6070 :
2170 6016 2458 6088 exstingue
2484 6018 2539 6072 in
2573 6035 2657 6072 me
2684 6022 2804 6090 rvpi
2829 6023 3055 6088 Yitatem,
3087 6034 3142 6079 et
3167 6026 3227 6078 da
3259 6026 3388 6078 mihi
3434 6026 3614 6083 volun-
