4112 6644
272 486 383 543 597

1277 484 1672 541 LITURGICA.
1716 513 1785 521 —
1822 480 2088 536 OFFICIA
2132 483 2268 537 PER
2307 484 2575 539 FERlAS.

3457 468 3562 526 598

272 615 485 670 semper
508 598 760 655 adorent:
787 609 839 655 et
863 617 1023 655 aures
1043 601 1297 664 intentas,
1324 615 1443 670 qua:
1464 616 1659 654 nomen
1685 606 1857 656 tuum.
1886 602 1940 654 Λ
1972 604 2131 651 teme
2166 599 2333 667 petita
2382 598 2620 651 laudatio
2651 614 2662 648 :
2697 594 2765 651 ob
2803 595 2907 648 hoc
2957 592 3210 662 pietatem
3258 597 3430 647 tuam.
3459 586 3569 640 Do-

271 699 327 745 et
355 689 529 761 legem
558 698 726 753 tuam,
753 700 809 746 et
835 692 997 746 verba
1029 701 1124 746 tua
1157 693 1415 746 audiant:
1448 700 1506 745 et
1536 690 1724 745 oculos
1766 690 1865 742 liu-

272 783 449 847 miles,
474 783 566 853 qui
613 791 668 836 te
694 783 932 846 videant,
964 797 1206 845 sensum,
1248 783 1340 851 qui
1370 791 1423 837 te
1454 782 1672 847 sentiat,
1707 781 1866 836 intel-

267 876 492 939 lectum,
521 876 611 945 qui
642 884 693 928 te
730 874 1016 944 intelligat,
1047 881 1101 928 et
1147 875 1412 937 animum,
1446 873 1536 943 qui
1569 882 1623 927 te
1649 887 1868 941 semper

270 970 475 1041 cogitet
504 979 558 1024 et
587 968 774 1041 diligat
802 988 812 1021 :
841 978 893 1025 et
925 984 1034 1023 non
1070 968 1249 1023 veniat
1284 968 1418 1022 mihi
1446 981 1541 1037 pes
1577 967 1866 1036 superbiae,

268 1075 326 1121 et
370 1078 567 1120 munus
604 1064 905 1135 peccatoris
950 1078 1057 1117 non
1088 1071 1301 1118 moveat
1350 1078 1456 1117 me.
1487 1060 1605 1116 Non
1651 1060 1872 1116 hebetes

274 1170 358 1210 me
400 1153 801 1227 gastrimargia,
829 1162 885 1209 et
916 1170 1022 1209 non
1054 1156 1367 1225 coinquinet
1414 1170 1504 1210 me
1551 1154 1863 1209 fornicatio.

274 1246 390 1300 Non
416 1246 681 1318 gubernet
704 1260 791 1299 me
822 1261 957 1300 vana
988 1245 1178 1315 gloria,
1208 1262 1314 1300 non
1341 1246 1580 1302 obducat
1606 1260 1694 1301 me
1720 1245 1869 1300 ﬁlar—

271 1339 427 1410 giria,
454 1352 561 1391 non
587 1337 807 1392 dilaniet
830 1354 915 1393 me
939 1338 1041 1402 ira,
1064 1353 1170 1392 non
1204 1338 1495 1393 mortificet
1516 1354 1601 1393 mc
1626 1337 1868 1393 tristitia.

272 1431 392 1488 Non
420 1441 615 1487 vacuet
640 1446 726 1486 me
776 1431 981 1493 aeedia,
1021 1447 1129 1486 non
1160 1430 1409 1485 bumiliet
1436 1445 1523 1485 me
1544 1429 1865 1494 cenodoxia,

272 1532 331 1580 et
358 1540 467 1579 non
502 1523 750 1579 destruat
778 1538 866 1578 me
890 1522 1162 1594 superbia.
1206 1522 1315 1578 Sed
1342 1521 1544 1594 largire
1570 1521 1730 1587 mihi,
1758 1520 1869 1575 ele-

274 1631 430 1671 mens
458 1615 723 1680 Trinitas,
747 1615 1136 1671 abstinentiam
1176 1624 1233 1669 et
1261 1615 1593 1681 castitatem,
1621 1613 1870 1668 volunta-

274 1710 414 1765 riam
460 1716 834 1779 paupertatem
876 1714 932 1762 et
968 1706 1481 1763 mansuetudinem:
1526 1706 1867 1776 largitatem,

273 1800 568 1870 pietatem,
607 1807 663 1854 et
709 1798 948 1868 quietem
989 1815 1001 1851 :
1049 1796 1511 1863 misericordiam,
1559 1797 1864 1861 lenitatem,

277 1890 685 1960 indulgentiam,
733 1890 1123 1957 humilitatem,
1169 1889 1581 1959 benignitatem,
1611 1888 1866 1944 hilarita-

276 1992 409 2047 tem,
447 1984 787 2055 patientiam,
815 1982 1166 2049 modestiam,
1212 1982 1606 2047 sinceritatem,
1654 1980 1872 2050 sapien-

278 2075 443 2140 tiam,
478 2072 857 2137 concordiam,
904 2087 1095 2144 pacem
1136 2080 1191 2127 ct
1232 2072 1575 2127 charitatem.
1617 2069 1874 2126 Miserere

278 2168 407 2223 mihi
427 2213 442 2235 ,
474 2166 720 2231 Domine,
752 2166 1014 2221 miserere
1037 2166 1188 2220 mihi.
1219 2165 1295 2221 De
1315 2165 1607 2235 praeteritis
1632 2164 1869 2228 veniam,

278 2260 345 2315 de
389 2260 746 2330 praesentibus
791 2259 1259 2322 emendationem,
1308 2258 1374 2313 de
1425 2257 1624 2313 futuris
1672 2256 1872 2328 largire

276 2352 599 2407 custodiam.
653 2350 758 2407 Per
816 2350 1108 2407 Dominum
1160 2360 1407 2407 nostrum
1462 2349 1647 2407 Jesum
1698 2349 1863 2406 Chri-

280 2452 446 2497 stum.

685 2510 986 2567 llYMNUM
1024 2510 1465 2567 DOMINICALE.

351 2624 427 2680 Te
457 2625 628 2679 Deum
665 2624 972 2690 laudamus,
1002 2631 1054 2680 te
1080 2623 1371 2679 Dominum
1417 2623 1761 2679 conﬁtemur.
1796 2622 1875 2678 Te

277 2726 539 2775 aeternum
568 2714 785 2772 Patrem
821 2715 1001 2771 omnis
1050 2724 1198 2772 terra
1237 2724 1548 2772 veneratur.
1603 2715 1727 2770 Tibi
1758 2730 1877 2768 ont—

278 2826 378 2869 nes
425 2811 632 2884 angeli,
676 2812 773 2867 tibi
811 2811 936 2867 coeli
983 2820 1039 2866 et
1073 2811 1342 2867 universa)
1385 2819 1705 2881 potestates.
1752 2810 1873 2865 Tibi

279 2906 564 2962 cherubim
591 2914 647 2961 et
678 2905 954 2975 seraphim
982 2906 1291 2961 incessabili
1322 2920 1455 2961 voce
1493 2905 1831 2975 proclamant
1857 2922 1867 2955 :

281 2999 538 3065 Sanctus,
577 3005 817 3063 sanctus.
846 3005 1089 3064 sanctus,
1131 2997 1393 3055 Dominus
1421 2998 1565 3053 Deus
1610 2995 1874 3052 Sabaoth.

279 3088 430 3147 Pleni
473 3098 601 3145 sunt
646 3089 770 3147 caeli
812 3098 868 3145 et
897 3098 1044 3146 terra
1078 3089 1382 3159 maiestatis
1409 3089 1594 3160 gloria:
1625 3098 1749 3145 tuae.
1798 3090 1876 3147 Te

282 3182 549 3252 gloriosus
576 3182 945 3251 apostolorum
975 3183 1197 3239 chorus.
1226 3183 1303 3236 Te
1338 3182 1726 3251 prophetarum
1758 3181 1875 3235 lau-

284 3274 481 3330 dabilis
522 3288 800 3330 numerus.
853 3274 929 3331 Te
973 3281 1278 3346 martyrum
1327 3274 1648 3330 candidatus
1691 3273 1875 3327 laudat

280 3368 576 3425 exercitus.
613 3368 688 3424 Te
713 3384 813 3438 per
850 3370 1039 3425 orbem
1068 3377 1336 3425 terrarum
1371 3376 1559 3424 sancta
1582 3366 1874 3423 conﬁtetur

283 3461 543 3518 Ecclesia.
570 3460 791 3517 Patrem
820 3463 1099 3518 immensae
1131 3462 1455 3532 maiestatis.
1490 3461 1873 3518 Venerandum

283 3563 435 3609 tuum
461 3569 653 3610 verum
679 3556 898 3610 unicum
931 3555 1146 3609 Filium.
1174 3554 1438 3610 Sanctum
1466 3569 1683 3625 quoque
1714 3569 1877 3623 para-

282 3646 481 3701 cletum
513 3646 793 3715 Spiritum.
825 3646 905 3703 Tu
932 3647 1045 3702 Rex
1074 3648 1259 3719 gloriae
1286 3648 1556 3703 Christus.
1590 3646 1670 3701 Tu
1697 3645 1876 3702 Patris

283 3737 648 3807 sempiternus
667 3753 727 3792 es
752 3737 940 3794 Filius.
967 3738 1048 3794 Tu
1070 3740 1138 3795 ad
1163 3739 1504 3795 liberandum
1528 3746 1879 3807 suscepturus

284 3829 559 3886 hominem
588 3845 695 3884 non
720 3831 981 3886 horruisti
1011 3831 1251 3903 Virginis
1290 3838 1528 3885 uterum.
1559 3830 1640 3885 Tu
1665 3829 1878 3887 devicto

288 3921 480 3976 mortis
509 3921 699 3978 aculeo
723 3922 981 3991 aperuisti
1010 3921 1359 3977 credentibus
1389 3936 1555 3992 regna
1584 3921 1872 3977 caelorum.

289 4013 370 4069 Tu
400 4013 467 4069 ad
495 4014 777 4070 dexteram
808 4014 904 4070 Dei
942 4014 1100 4071 sedes
1145 4014 1203 4070 in
1252 4013 1423 4086 gloria
1470 4012 1672 4069 Patris.
1702 4011 1875 4069 ludes

286 4105 528 4160 crederis
575 4107 733 4178 117
773 4121 896 4163 esse
931 4115 1212 4163 venturus.
1244 4107 1322 4162 Te
1368 4120 1501 4177 ergo
1541 4121 1878 4177 qumsumus,

286 4199 399 4254 tuis
420 4196 636 4253 famulis
664 4199 913 4264 subveni,
931 4214 1068 4269 quos
1094 4200 1338 4271 pretioso
1360 4199 1625 4270 sanguine
1648 4199 1879 4255 redemi-

287 4290 377 4344 sti.
406 4287 635 4345 Eterna
659 4289 743 4347 l‘ac
772 4307 897 4347 cum
932 4292 1139 4349 sanctis
1162 4292 1272 4347 tuis
1292 4291 1349 4347 in
1375 4290 1546 4363 gloria
1577 4294 1874 4347 numerari.

289 4378 509 4437 Salvum
535 4380 620 4439 fac
645 4382 898 4453 populum
933 4392 1105 4453 tuum,
1143 4383 1394 4450 Domine,
1417 4393 1476 4441 et
1511 4384 1739 4441 benedic
1769 4386 1879 4439 lue-

288 4475 504 4530 reditati
550 4485 676 4532 tuac.
706 4477 773 4531 Et
818 4491 948 4549 rege
988 4493 1083 4533 eos
1121 4486 1178 4534 et
1219 4477 1420 4534 extolle
1448 4477 1572 4533 illos
1603 4492 1775 4547 usque
1822 4479 1874 4532 in

287 4572 572 4623 aeternum.
604 4567 707 4623 Per
740 4568 981 4638 singulos
1009 4569 1128 4625 dies
1149 4567 1523 4625 benedicimus
1556 4576 1629 4624 te.
1666 4569 1735 4623 Et
1762 4568 1876 4623 lau—

290 4657 482 4712 damus
509 4674 706 4713 nomen
735 4668 886 4714 tuum
914 4659 969 4714 in
995 4660 1277 4727 saeculum,
1310 4669 1365 4716 et
1390 4661 1448 4715 in
1479 4660 1738 4716 sarculum
1780 4672 1877 4715 sae-
1904 4682 1959 4745 υ

289 4749 416 4804 culi.
444 4749 696 4820 Dignare,
721 4750 968 4817 Domine,
996 4751 1083 4807 die
1109 4751 1217 4807 isto
1249 4752 1368 4808 sine
1394 4758 1620 4822 peccato
1645 4766 1744 4806 nos
1786 4764 1879 4806 cu—

289 4842 514 4899 stodire.
554 4842 808 4898 Miserere
846 4845 1041 4911 nostri,
1088 4843 1344 4909 Domine,
1387 4844 1649 4900 miserere
1682 4842 1875 4898 nostri.

290 4934 409 4990 Fiat
436 4934 811 4990 misericordia
839 4943 954 5002 tua,
982 4932 1230 5001 Domine,
1260 4950 1426 5005 super
1456 4948 1557 4990 nos
1581 4952 1593 4989 :
1620 4934 1881 5004 quemad-

290 5023 510 5080 modum
532 5024 868 5094 speravimus
888 5024 944 5080 in
966 5033 1041 5081 te.
1062 5025 1118 5079 in
1142 5035 1215 5092 te,
1240 5024 1485 5092 Domine,
1509 5024 1722 5095 speravi
1742 5042 1753 5075 :
1773 5038 1881 5077 non

289 5117 596 5177 confundar
620 5119 677 5175 in
698 5126 991 5177 aeternum.

968 5228 1197 5271 ORATIO.

363 5305 511 5363 Deus
536 5319 720 5361 rerum
758 5305 1002 5361 omnium
1035 5303 1298 5363 Conditor
1326 5312 1492 5376 atque
1516 5304 1763 5371 Creator,
1790 5306 1884 5377 qui

295 5413 436 5456 unus
472 5400 528 5453 in
559 5397 853 5463 Trinitate,
881 5406 936 5453 et
964 5398 1146 5454 trinus
1181 5397 1239 5453 in
1265 5397 1473 5452 unitate
1515 5398 1882 5469 cognosceris,

296 5490 453 5562 cuius
496 5489 928 5561 magnitudinem
976 5488 1234 5547 deﬁciens
1282 5495 1366 5544 est
1410 5486 1595 5561 lingua
1648 5488 1883 5544 humana

296 5596 550 5647 narrare;
581 5594 742 5652 quem
781 5580 902 5637 sine
941 5580 1247 5636 cessatione
1274 5579 1618 5650 proclamant
1658 5580 1832 5652 angeli
1868 5599 1882 5635 :

296 5689 535 5734 sanctus.
567 5675 693 5733 ideo
720 5691 820 5731 nos
851 5675 1063 5731 minimi
1090 5674 1278 5730 famuli
1307 5675 1385 5731 tui
1414 5689 1511 5732 ore
1550 5674 1772 5745 quidem
1810 5674 1890 5729 in-

1970 690 2114 743 mine
2141 690 2564 744 clementissime
2583 688 2762 754 Pater,
2787 700 3100 749 exoramus,
3123 690 3307 753 Optata
3329 681 3563 744 tribuas,

1971 782 2264 837 commissa
2308 779 2612 853 indulgeas,
2646 788 2705 834 ut
2733 780 2948 835 detersa
2978 792 3009 832 a
3040 774 3197 831 nobis
3224 772 3565 845 peccamina,

1973 888 2103 940 pura
2132 882 2187 926 et
2220 871 2389 926 libera
2420 872 2753 927 conscientia
2775 911 2789 935 ,
2820 878 2913 925 tua
2948 882 3256 925 mereamur
3288 863 3568 936 opulentia

1976 965 2262 1034 gratulari.
2290 964 2414 1019 Per.

2372 1077 2413 1131 F
2420 1077 2573 1132 IDES
2624 1076 2811 1133 APUD
2861 1074 3148 1133 NICEAM

2170 1171 2211 1223 Α
2242 1171 2481 1225 trecentis
2510 1171 2685 1223 decem
2712 1178 2763 1224 et
2788 1178 2905 1223 octo
2927 1168 3179 1239 episcopis
3209 1167 3371 1222 edita.

2044 1270 2332 1341 Credimus
2368 1285 2421 1339 in
2452 1300 2620 1339 unum
2651 1283 2821 1338 Deum
2853 1281 3070 1338 Patrem
3114 1281 3567 1352 omnipotentem,

1973 1378 2215 1433 omnium
2251 1376 2544 1433 visibilium
2589 1385 2644 1431 et
2694 1374 3048 1431 invisibiiium
3081 1373 3379 1440 faetorem,
3408 1380 3464 1429 et
3509 1373 3565 1430 in

1974 1485 2140 1524 unum
2185 1469 2474 1525 Dominum
2522 1476 2769 1523 nostrum
2811 1463 2996 1522 Iesum
3039 1466 3319 1521 Christum
3367 1463 3567 1520 Filium

1974 1560 2069 1615 Dei
2098 1560 2164 1615 de
2199 1558 2365 1615 Patre
2405 1568 2594 1613 natum
2634 1558 2995 1630 unigenitum,
3036 1557 3144 1613 hoc
3170 1564 3282 1623 est,
3327 1557 3395 1612 de
3440 1557 3570 1612 sub-

1975 1654 2173 1709 stantia
2196 1650 2393 1707 Patris.
2420 1652 2589 1708 Dcum
2611 1668 2677 1706 ex
2704 1653 2836 1720 Deo,
2857 1652 3043 1708 lumen
3063 1666 3131 1708 ex
3151 1652 3374 1716 lumine,
3399 1650 3568 1706 Deum

1974 1760 2163 1801 verum
2191 1745 2257 1800 de
2288 1743 2398 1801 Deo
2428 1762 2576 1801 vero.
2626 1745 2848 1810 Natum,
2896 1760 3004 1799 non
3035 1743 3241 1800 factum
3271 1742 3569 1799 Omousion

1974 1835 2148 1904 Patri,
2178 1838 2281 1893 hoc
2318 1846 2422 1903 est,
2455 1837 2696 1908 ejusdem
2729 1852 2853 1893 cum
2896 1833 3059 1892 Patre
3102 1836 3440 1904 substantiae,
3472 1848 3569 1906 per

1903 1951 1950 2014 Β
1976 1942 2138 1997 quem
2154 1930 2333 1984 omnia
2360 1927 2502 1984 facta
2523 1938 2649 1985 sunt
2667 1929 2720 1982 in
2738 1928 2943 1984 cceloet
2962 1930 3015 1983 in
3040 1937 3205 1984 terra.
3222 1927 3324 1997 Qui
3346 1936 3570 2001 propter

1977 2037 2094 2085 nos,
2116 2029 2173 2076 et
2197 2029 2418 2092 pr0pter
2441 2030 2685 2077 nostram
2708 2020 2941 2077 salutem
2965 2021 3246 2079 descendit
3264 2029 3320 2079 et
3345 2036 3569 2079 carnem

1975 2115 2297 2183 assumpsit,
2344 2124 2398 2168 et
2437 2116 2602 2169 homo
2638 2112 2815 2171 iactus
2860 2122 2963 2169 est.
2994 2114 3197 2171 Passus
3239 2123 3354 2183 est,
3383 2123 3439 2173 et
3486 2133 3570 2172 re-

1973 2208 2212 2261 surrexit
2244 2207 2401 2262 tertia
2430 2206 2535 2261 die.
2568 2205 2828 2262 Ascendit
2856 2208 2922 2261 ad
2958 2207 3143 2271 caelos,
3171 2208 3323 2263 sedet
3359 2209 3414 2264 in
3444 2208 3571 2263 dex-

1974 2315 2147 2361 teram
2178 2304 2271 2359 Dei
2320 2301 2496 2360 Patris
2540 2304 2947 2376 omnipotentis.
2979 2305 3105 2361 iude
3136 2312 3399 2362 venturus
3423 2305 3569 2374 iudi-

1973 2414 2100 2454 care
2124 2398 2275 2452 vivos
2301 2405 2355 2451 et
2386 2406 2647 2452 mortuos.
2678 2395 2745 2452 Et
2776 2399 2829 2452 in
2863 2396 3126 2467 Spiritum
3156 2406 3427 2452 sanctum.
3461 2397 3569 2453 Eos

1972 2502 2176 2557 autem,
2202 2489 2295 2561 qui
2343 2490 2549 2553 dicunt,
2595 2489 2888 2559 aliquando
2917 2498 3036 2545 erat
3068 2497 3303 2559 tempus,
3346 2491 3566 2561 quando

1974 2600 2081 2638 non
2124 2590 2275 2645 erat,
2315 2590 2369 2635 et
2418 2583 2734 2652 priusquam
2780 2589 3130 2646 nasceretur,
3173 2597 3282 2636 non
3322 2590 3471 2647 erat;
3514 2590 3572 2636 et

1973 2676 2099 2747 quia
2143 2691 2209 2730 es
2243 2675 2403 2729 nullis
2432 2674 2852 2731 subsistentibus
2879 2672 3057 2728 factus
3097 2681 3213 2741 est;
3246 2680 3343 2729 aut
3363 2688 3430 2728 ex
3462 2673 3568 2727 alia

1973 2767 2275 2823 substantia
2306 2768 2388 2820 rei
2426 2767 2683 2831 essentia,
2709 2773 2803 2819 aut
2831 2765 3143 2819 mutabilem
3190 2764 3379 2819 dicunt
3420 2776 3568 2829 esse,

1974 2860 2056 2914 vel
2091 2858 2495 2916 convertibilem
2524 2857 2721 2912 Filium
2757 2857 2880 2922 Dei,
2913 2858 3338 2912 auathematizat
3377 2857 3565 2914 catho-

1977 2953 2079 3009 lica
2107 2963 2161 3008 et
2190 2951 2486 3023 apostolica
2512 2950 2777 3006 Ecclesia.

2336 3060 2594 3119 ORATIO
2632 3060 2809 3119 SANC
2828 3062 2879 3117 il
2920 3060 3176 3117 lllLARll
3195 3101 3212 3127 ,

1977 3156 2146 3222 Quam
2178 3172 2255 3210 xu
2284 3155 2455 3219 libris,
2482 3172 2611 3226 quos
2637 3155 2702 3209 de
2735 3165 2919 3210 sancta
2948 3155 3254 3226 conscripsit
3288 3153 3565 3223 Trinitatc,

2626 3226 2919 3297 subjuurit.

2053 3340 2252 3397 Sancta
2284 3341 2544 3407 Trinitas,
2594 3355 2878 3405 conserva,
2905 3355 3021 3403 oro,
3063 3339 3186 3396 ﬁdei
3217 3354 3351 3397 meae
3382 3342 3574 3396 incon-

1981 3434 2301 3490 taminatam
2333 3433 2670 3503 religionem,
2702 3448 2876 3503 usque
2925 3434 2991 3488 ad
3035 3448 3318 3489 excessum
3348 3432 3575 3503 spiritus

1979 3527 2106 3581 mei.
2152 3526 2301 3582 Dona
2348 3525 2482 3581 mihi
2530 3526 2673 3581 hanc
2711 3526 3061 3583 conscientia:
3099 3541 3235 3582 meae
3261 3540 3470 3591 vocem,
3512 3534 3573 3581 ut

1979 3616 2123 3686 quod
2160 3617 2212 3671 in
2251 3616 2679 3689 regenerationis
2708 3630 2843 3672 mea:
2886 3615 3149 3687 symbolo,
3178 3615 3488 3687 baptizatus
3517 3619 3573 3671 in

1977 3710 2141 3765 Patre
2165 3718 2221 3764 et
2247 3708 2386 3765 Filio
2409 3714 2464 3765 et
2487 3707 2696 3779 Spiritu
2725 3717 2936 3770 sancto,
2960 3706 3238 3777 professus
3263 3722 3405 3771 sum,
3434 3721 3572 3763 sem-

1978 3816 2076 3871 per
2118 3800 2395 3858 obtineam
2424 3820 2436 3854 :
2465 3798 2684 3855 Patrem
2715 3800 2926 3855 scilicet
2971 3807 3025 3852 te
3071 3805 3342 3863 nostrum,
3369 3796 3568 3853 Filium

1979 3899 2135 3946 tuum
2158 3906 2267 3947 una
2290 3899 2470 3947 tecum
2491 3889 2734 3955 adorem,
2758 3898 2813 3945 et
2834 3897 3082 3945 sanctum
3109 3889 3371 3960 Spiritum
3398 3895 3572 3954 tuum,

1979 3983 2071 4053 qui
2099 3997 2166 4039 ex
2195 3990 2249 4039 te
2280 3998 2378 4055 per
2403 3982 2741 4053 unigenitum
2768 3989 2921 4038 tuum
2947 3989 3048 4044 est,
3078 3995 3422 4053 promereor;
3446 3981 3572 4051 quia

1980 4075 2114 4132 mihi
2141 4074 2369 4131 idoneus
2392 4072 2461 4128 ad
2491 4072 2651 4128 ﬁdem
2678 4072 2835 4129 testis
2858 4083 2964 4137 est,
2992 4073 3180 4128 dicens
3206 4090 3217 4126 :
3247 4067 3434 4138 Pater,
3463 4088 3575 4126 om-

1981 4168 2067 4221 m‘a
2111 4183 2227 4222 mea
2261 4175 2354 4220 tua
2383 4175 2527 4232 sunt,
2557 4174 2607 4220 et
2644 4174 2735 4220 tua
2765 4182 2900 4219 mea.
2927 4162 2978 4237 [ι
3007 4165 3150 4221 Deus
3187 4180 3359 4233 meus,
3388 4166 3575 4221 omnia

1981 4276 2101 4316 mea
2142 4269 2233 4316 tua
2258 4267 2417 4325 sunt,
2443 4267 2500 4314 et
2524 4266 2615 4313 tua
2645 4256 2811 4330 mea.]
2850 4256 2994 4314 Deus
3036 4273 3191 4313 meus
3213 4252 3373 4315 Iesus
3409 4254 3571 4316 Chri-

1982 4360 2097 4406 stus
2137 4366 2364 4407 manens
2407 4350 2461 4405 in
2504 4358 2581 4417 te,
2623 4358 2680 4404 ct
2717 4365 2784 4404 ex
2830 4359 2913 4414 te,
2977 4358 3034 4405 et
3070 4349 3214 4420 apud
3252 4358 3308 4405 te
3357 4365 3574 4421 semper

1979 4439 2160 4508 Deus,
2211 4444 2304 4515 qui
2360 4451 2444 4496 est
2498 4441 2817 4497 benedictus
2871 4442 2925 4495 in
2982 4440 3180 4498 saecula
3224 4440 3568 4499 smculorum.

1980 4535 2172 4590 Amen.

2125 4646 2382 4705 ORATIO
2412 4646 2659 4703 SANCTI
2685 4646 3061 4705 AUGUSTINI
3099 4645 3426 4705 EPlSCOPl.

2054 4766 2193 4820 Deus
2211 4760 2461 4833 iustitiae,
2475 4768 2527 4815 te
2541 4761 2825 4831 deprecor,
2842 4760 2987 4816 Deus
3002 4760 3410 4828 misericordiae,
3430 4762 3574 4819 Deus

1982 4855 2284 4921 invisibilis,
2308 4852 2450 4909 Deus
2472 4852 3051 4924 incomprehensibilis,
3072 4852 3218 4909 Deus
3236 4855 3572 4913 inenarrabi-

1982 4952 2068 5017 lis,
2096 4957 2319 5013 teterne,
2348 4958 2627 5019 perpetire,
2648 4948 2932 5003 benediete
2956 4967 2966 4999 :
2998 4947 3161 5013 Deus,
3190 4947 3345 5019 cuius
3363 4951 3570 5017 omnia,

1982 5046 2037 5100 in
2057 5057 2167 5114 quo
2184 5042 2387 5107 omnia,
2411 5042 2512 5098 sub
2535 5052 2643 5111 quo
2660 5040 2865 5104 omnia,
2894 5055 2993 5111 per
3015 5051 3177 5109 quem
3206 5041 3386 5097 omnia
3411 5053 3568 5098 sunt:

1982 5150 2148 5207 parce
2177 5135 2371 5190 animte
2401 5143 2555 5199 mem,
2580 5142 2746 5203 parce
2770 5130 2928 5186 malls
2956 5133 3113 5197 meis,
3148 5145 3310 5202 parce
3332 5136 3575 5204 peccatis

1984 5229 2119 5284 meis
2139 5236 2301 5299 atque
2319 5224 2671 5283 criminibus:
2694 5222 2853 5278 Visita
2875 5224 3167 5290 inﬁrmum,
3190 5240 3319 5281 cura
3343 5240 3568 5297 aegrum,

1985 5337 2113 5377 sana
2139 5322 2500 5391 languentem.
2518 5316 2595 5372 Da
2611 5329 2727 5381 cor,
2744 5316 2887 5387 quod
2911 5323 2961 5371 te
2983 5316 3191 5381 timeat,
3212 5330 3452 5383 sensum,
3476 5321 3570 5389 qui

1986 5422 2037 5467 te
2068 5412 2350 5483 intelligat,
2379 5408 2572 5465 oculos
2612 5406 2813 5472 cordis,
2856 5406 2947 5476 qui
2977 5414 3030 5463 te
3056 5406 3296 5462 videant.
3327 5408 3404 5464 Da
3436 5408 3572 5464 mihi

1985 5502 2278 5560 scintillam
2325 5500 2606 5572 sapientia
2635 5507 2764 5563 tute,
2791 5513 2913 5568 qua:
2958 5498 3092 5553 mihi
3116 5496 3569 5568 iustiﬁcationqu

1988 5605 2204 5649 tuarum
2230 5593 2335 5648 iter
2360 5591 2635 5657 ostendat,
2662 5600 2717 5647 et
2746 5590 2929 5647 foveas
2959 5589 3159 5645 inimici
3186 5590 3459 5648 declinare
3485 5607 3575 5648 me

1985 5687 2195 5741 doceat.
2226 5682 2481 5739 Miserere
2505 5683 2632 5747 mei,
2662 5683 2787 5753 quia
2816 5681 3055 5751 peccavi,
3090 5689 3147 5736 et
3177 5691 3398 5753 propter
3424 5682 3576 5739 duri-

299 5768 464 5841 digno
495 5782 605 5823 non
644 5775 760 5823 tres
801 5776 1044 5831 8300108,
1086 5767 1184 5823 sed
1227 5776 1314 5824 εει·
1342 5765 1591 5832 8⁸³⁸6⁸⁸³»
1616 5766 1889 5838 Paconio
1989 5778 2119 5833 tiam
2147 5776 2328 5833 cordis
2354 5774 2491 5840 mei,
2522 5775 2576 5828 in
2603 5775 2720 5846 ipsa
2747 5782 3091 5843 peccatorum
3122 5787 3368 5829 meorum
3397 5784 3574 5832 morte

302 5862 452 5917 vocis
470 5859 787 5927 attollimus,
810 5868 872 5916 ut
898 5874 1138 5916 consona
1158 5859 1524 5917 modulamina
1554 5860 1891 5932 proclamant
1988 5868 2220 5939 perduro
2254 5885 2265 5920 ε
2309 5878 2407 5935 ego
2444 5881 2561 5929 ore,
2592 5881 2694 5935 ego
2741 5865 2923 5930 corde,
2965 5878 3064 5934 ego
3094 5878 3276 5936 ορει-ο,
3316 5880 3415 5938 ego
3454 5882 3572 5921 om-

380 5987 403 6016 ι
438 5973 602 6030 lineis
626 5974 832 6029 incluSa
861 5974 1055 6029 desunt
1081 5974 1136 6030 in
1166 5971 1391 6030 llilario.
