4112 6578
537 226 646 284 599

1371 226 1432 284 Β.
1473 228 1536 284 r.
1575 226 1800 284 suum
1841 222 1969 282 seu
2013 200 2294 281 ALCUINI
2331 223 2619 281 orsum!
2657 223 2841 280 rans
2872 222 2963 280 1v.

3729 221 3843 281 600

536 342 700 398 nibus
739 343 887 399 vitiis
913 343 1224 411 inquinatus
1252 362 1392 411 sunt,
1419 347 1670 400 munibus
1695 344 1994 400 sceleribus
2035 356 2125 394 co—
2158 344 2202 402 Ᾱ
2233 355 2410 406 mum,
2457 350 2518 396 ut
2560 350 2613 396 te
2655 343 2796 397 bene
2822 357 3038 412 rogem,
3074 347 3129 397 et
3158 347 3217 395 ut
3254 355 3340 396 me
3380 356 3539 413 agam
3577 338 3839 412 dignum,

537 445 761 508 opertus
788 453 928 492 sum.
976 438 1199 492 Veniam
1247 447 1390 509 pcto,
1439 440 1566 508 quia
1593 441 1799 495 crimen
1842 454 2122 510 agnosco:

539 520 744 584 scelera
771 543 896 582 mea
926 529 1020 583 tibi
1054 528 1248 594 fateor,
1274 545 1396 599 qua:
1427 531 1530 585 etsi
1571 545 1677 585 non
1704 527 2017 594 confiterer,
2047 538 2129 582 ta-

541 634 667 675 men
695 627 749 674 te
775 620 945 673 latere
967 633 1074 672 non
1103 629 1346 688 possunt.
1369 619 1451 674 Tu
1477 619 1623 674 enim
1654 627 1926 674 scrutator
1945 619 2130 674 cordis

541 721 598 767 et
623 711 836 767 renium
865 725 960 778 es,
1003 711 1100 766 tibi
1129 711 1338 767 occulta
1369 711 1807 777 manifestantur,
1836 721 1894 767 et
1919 720 2130 767 secreta

541 802 828 873 patefiunt.
853 800 1111 858 Miserere
1131 803 1262 868 mei,
1283 802 1529 864 Domine,
1556 817 1624 857 ne
1651 817 1738 858 me
1762 802 1940 874 perire
1967 802 2132 874 118

462 963 467 968 .
541 894 807 966 patiaris:
835 909 905 950 ne
930 909 1016 948 me
1043 895 1329 964 permittas
1364 893 1588 949 mternis
1626 893 1865 948 tenebris
1912 901 1969 948 et
2005 909 2133 964 per-

461 974 478 985 ’“
543 994 705 1059 petua
751 994 929 1042 morte
957 985 1224 1042 consumi.
1255 983 1424 1041 Aufer
1458 1000 1490 1040 a
1528 984 1692 1040 corde
1732 999 1853 1040 meo
1891 985 2131 1041 alienum

543 1095 786 1147 sensum,
817 1095 949 1136 cura
988 1079 1043 1134 in
1075 1094 1162 1135 me
1187 1088 1460 1149 stuporem
1487 1078 1686 1133 mentis
1711 1097 1722 1131 :
1755 1077 1964 1149 extirpa
1992 1093 2024 1133 a
2054 1079 2134 1133 vi-

541 1175 790 1231 sceribus
839 1173 977 1229 meis
1020 1171 1246 1228 consilia
1295 1170 1627 1242 iniquitatis,
1672 1169 1837 1226 erade
1871 1185 1904 1224 a
1949 1170 2133 1242 lingua

545 1283 666 1324 mea
704 1265 1024 1323 detrahendi
1067 1262 1536 1328 consuetudinem,
1577 1261 1872 1319 mentiendi
1903 1259 2136 1319 facilita-

543 1369 679 1425 tem,
708 1356 963 1428 loquendi
997 1354 1415 1420 scurrilitatem,
1458 1362 1513 1409 et
1556 1369 1748 1412 omnes
1793 1363 1948 1410 actus
1983 1370 2135 1411 meos

543 1459 664 1507 arte
693 1460 749 1506 et
783 1449 1052 1505 medicina
1086 1455 1176 1502 tua
1218 1463 1370 1503 sana.
1411 1445 1752 1502 Circumcide
1795 1446 1850 1501 in
1892 1460 1998 1511 me,
2031 1444 2136 1502 Do-

544 1545 715 1611 mine,
743 1543 875 1598 vitia
902 1541 1085 1598 cordis
1109 1548 1166 1596 et
1198 1539 1464 1610 corporis.
1504 1537 1762 1594 Miserere
1790 1538 1927 1605 mei,
1969 1537 2135 1604 Deus,

543 1639 674 1711 quia
706 1645 766 1693 tu
809 1637 951 1694 nosti
984 1635 1122 1692 facta
1157 1651 1298 1691 mea.
1327 1633 1386 1690 Si
1412 1643 1468 1689 tu
1497 1633 1961 1706 transgressiones
1986 1647 2137 1689 meas

539 1729 748 1802 judicio
790 1736 884 1783 tuo
927 1729 1178 1799 persequi
1220 1741 1285 1783 ac
1331 1724 1526 1796 punire
1564 1724 1848 1792 voluisses,
1879 1724 2008 1780 olim
2048 1740 2136 1780 me

545 1830 698 1876 terra
727 1819 910 1876 vivum
949 1817 1340 1874 absorbuisset.
1387 1815 1494 1872 Sed
1538 1818 1668 1889 quia
1699 1823 1850 1872 tanta
1891 1823 1976 1872 est
2020 1817 2134 1873 cle-

546 1918 751 1975 mentia
777 1916 1080 1988 maiestatis
1099 1923 1225 1981 tum,
1248 1923 1308 1970 ut
1330 1913 1535 1970 nullum
1560 1913 1738 1984 perire
1759 1913 2014 1984 patiaris;
2040 1911 2136 1968 sed

545 2027 739 2068 omnes
778 2019 1066 2081 exspectas
1104 2008 1170 2064 ad
1215 2009 1592 2082 pmnitcntiam
1630 2009 1864 2073 reverti,
1905 2010 1997 2079 qui
2039 2007 2138 2063 das

545 2103 783 2175 spatium
822 2101 1147 2173 paenitendi;
1193 2101 1259 2156 da
1296 2100 1712 2171 possibilitatem
1756 2101 2036 2172 operanti,
2078 2109 2138 2156 ut

545 2211 655 2251 non
690 2195 764 2252 sit
805 2187 910 2250 hoc
952 2207 1150 2248 vanum
1195 2192 1540 2264 indulgentia:
1579 2201 1686 2250 tua:
1728 2201 1961 2264 tempus,
1992 2194 2137 2263 quod

549 2290 682 2345 mihi
714 2287 901 2360 largiri
945 2301 1046 2358 pro
1074 2293 1165 2340 tua
1193 2287 1393 2356 pietate
1424 2284 1684 2356 dignaris.
1713 2283 1972 2341 Miserere
2007 2284 2135 2350 mei,

549 2380 714 2445 Deus,
743 2394 810 2434 ne
841 2393 926 2433 me
954 2376 1242 2447 despicias,
1271 2392 1444 2447 neque
1465 2385 1684 2433 avertas
1707 2374 1902 2432 faciem
1934 2387 2084 2432 tuam
2105 2395 2139 2434 a

548 2488 657 2540 me,
683 2472 811 2544 quia
856 2487 962 2526 non
1009 2487 1109 2541 pro
1141 2471 1357 2541 justitia
1402 2485 1524 2526 mea
1551 2477 1678 2542 peto
1706 2471 2136 2527 misericordiam

548 2572 696 2619 tuam
716 2604 731 2629 ,
769 2561 864 2617 sel
894 2570 1113 2631 propter
1137 2561 1479 2617 clementiam
1509 2569 1658 2616 tuam
1699 2561 1909 2633 respice
1942 2563 2010 2618 ad
2052 2579 2139 2618 me

546 2655 616 2708 de
642 2652 770 2708 sede
797 2651 1102 2722 maiestatis
1133 2659 1258 2716 ture,
1283 2660 1340 2706 et
1364 2653 1619 2708 tenebras
1644 2653 1827 2709 cordis
1850 2654 1957 2708 mei
1985 2654 2139 2709 radio

545 2743 850 2816 splendoris
875 2743 952 2797 tui
994 2742 1256 2797 illumina.
1295 2741 1524 2812 Protege
1564 2759 1672 2809 me,
1705 2743 1950 2808 Domine,
1982 2756 2139 2803 scuto

545 2834 791 2891 veritatis
812 2847 878 2889 ac
903 2826 1023 2889 fidei
1040 2875 1055 2898 ,
1089 2842 1147 2887 ut
1177 2848 1263 2888 me
1291 2832 1487 2888 diaboli
1509 2832 1689 2903 jacula
1718 2834 1884 2904 ignita
1911 2851 2018 2892 non
2046 2853 2140 2908 pe-

544 2934 857 2994 netrent,et
881 2925 1143 2996 quidquid
1169 2924 1298 2981 illud
1327 2935 1433 2992 est,
1461 2927 1606 2996 quod
1635 2925 1924 2984 infelicitas
1960 2945 2078 2984 mea
2107 2947 2135 2984 a

2227 434 2370 502 quod
2412 450 2500 488 me
2546 433 2822 489 exaudias.
2850 434 3002 505 Auge
3049 433 3104 488 in
3151 449 3262 500 me,
3305 430 3554 498 Domine,
3595 444 3837 488 munera

2229 531 2342 589 tua,
2371 532 2430 578 ut
2453 522 2634 578 anima
2660 538 2778 579 mea
2806 523 2996 596 diligat
3016 531 3071 579 te
3109 530 3167 581 et
3192 522 3290 579 ﬁat
3309 521 3561 595 expedita
3584 522 3660 579 ab
3679 521 3840 578 omni

2180 688 2182 691 ι
2228 616 2362 670 vitio
2399 616 2873 687 concupiscentia.
2923 615 3077 689 Rogo
3113 625 3189 683 te,
3216 615 3405 685 Pater,
3441 615 3724 688 deprecor
3761 624 3840 675 te.

2227 705 2352 772 Fili,
2377 707 2605 762 obsecro
2627 715 2700 773 te,
2725 707 2965 778 Spiritus
2982 715 3192 775 sancte,
3213 714 3276 762 ιιι
3293 707 3521 763 evadam
3543 705 3614 762 de
3641 702 3844 762 mundi
3896 752 3899 753 ν

2229 799 2476 866 miseria,
2505 808 2561 856 et
2590 799 2762 857 dones
2790 799 2925 856 mihi
2965 800 3161 856 aeterni
3197 799 3353 874 regni
3391 807 3658 872 perpetua
3705 813 3846 869 gan-

2231 891 2342 949 dia.
2367 891 2663 949 Revertere
2678 891 2795 961 jam
2817 891 2963 948 Deus
2989 907 3164 960 meus,
3186 897 3246 949 et
3266 905 3336 948 ne
3357 892 3709 950 obliviscaris
3731 889 3849 946 mei

2229 997 2404 1052 usque
2433 983 2488 1038 in
2521 981 2708 1049 ﬁnem,
2733 999 2842 1039 non
2885 982 2944 1038 in
2980 986 3300 1054 perpetuum
3341 981 3586 1048 deseras,
3614 997 3726 1038 nec
3756 997 3850 1036 me

2232 1073 2426 1126 cadere
2470 1072 2522 1127 in
2570 1080 2840 1144 potestate
2883 1071 3190 1129 daemonum
3231 1073 3538 1144 permittas.
3583 1071 3751 1128 Licet
3788 1071 3848 1126 in

2232 1160 2437 1217 offensa
2469 1163 2719 1234 iaceam,
2769 1170 2825 1218 tu
2872 1171 3055 1218 tamen
3092 1161 3354 1230 clemens,
3389 1171 3449 1220 tu
3478 1164 3619 1236 pina,
3653 1172 3722 1219 tu
3750 1178 3853 1236 pa-

2235 1253 2408 1320 tiens,
2455 1262 2512 1309 tu
2561 1254 2792 1310 multum
2844 1253 3178 1321 misericors,
3222 1253 3432 1310 nilum
3477 1252 3848 1326 derelinqnis,

2235 1345 2442 1401 nullum
2486 1347 2702 1418 spernis
2744 1346 2812 1402 ad
2841 1347 3132 1404 sanitatem
3163 1345 3509 1414 venientem,
3553 1347 3652 1404 sed
3692 1346 3853 1404 ultro

2235 1435 2471 1491 offerens
2508 1435 3008 1494 misericordiarum
3047 1433 3368 1493 clementias
3398 1445 3726 1508 peccatores
3750 1452 3855 1494 es-

2236 1537 2474 1598 spectas,
2500 1538 2562 1586 ut
2588 1528 2834 1584 redeant.
2860 1527 3060 1597 Quanti
3086 1528 3235 1585 enim
3263 1527 3536 1597 scelerati,
3564 1537 3623 1586 et
3647 1528 3856 1587 multis

2237 1617 2458 1692 flagitiis
2485 1619 2730 1686 involuti,
2759 1635 2859 1692 per
2883 1619 3145 1677 bonitatis
3169 1626 3277 1676 tua;
3303 1618 3537 1692 gratiam
3571 1620 3641 1679 ad
3666 1617 3856 1677 indul-

2172 1695 2217 1757 Β
2241 1713 2479 1784 gentiam
2505 1712 2907 1783 pervenerunt?
2947 1711 3104 1768 Sicut
3132 1710 3320 1769 multis
3361 1727 3472 1768 non
3499 1711 3855 1770 merentibus

2236 1805 2408 1876 gratis
2435 1805 2650 1861 veniam
2677 1805 2889 1861 donasti
2915 1824 2930 1862 :
2955 1805 3035 1862 sic
3060 1813 3115 1860 et
3146 1805 3278 1861 mihi
3305 1805 3528 1878 indigno
3554 1806 3853 1879 indulgen-

2237 1897 2369 1951 tiam
2401 1896 2586 1968 largiri
2611 1896 2854 1968 digneris
2879 1906 3105 1969 propter
3131 1906 3282 1954 tuam
3314 1897 3642 1954 ineffabilem
3670 1900 3851 1956 mise-

2237 1985 2550 2052 ricordiam,
2577 1986 2922 2058 omnipotens
2947 1985 3107 2052 Deus,
3143 1988 3237 2059 qui
3275 1987 3412 2044 vivis
3435 1996 3491 2044 et
3520 2003 3720 2062 regnas
3746 2002 3852 2062 per

2236 2079 2419 2134 omnia
2450 2077 2646 2135 saecula
2673 2078 3019 2135 szcculorum.
3043 2079 3237 2136 Amen.

2567 2232 2828 2290 ORATIO
2866 2231 3113 2290 SANCTI
3150 2233 3502 2293 GREGOBII.

2309 2391 2538 2447 Domine
2583 2399 2790 2457 sancte,
2819 2389 2984 2447 Pater
3023 2391 3390 2464 omnipotens,
3419 2401 3623 2451 aeterne
3672 2395 3848 2464 Deus,

2239 2482 2333 2553 qui
2358 2481 2514 2538 sedes
2540 2481 2596 2537 in
2622 2481 2852 2554 septimo
2879 2481 3077 2538 throno
3102 2499 3115 2536 :
3143 2482 3245 2540 sub
3271 2480 3430 2554 cujus
3455 2486 3686 2557 pedibus
3715 2502 3842 2543 om-

2238 2575 2330 2630 nia
2359 2573 2817 2641 contremiscunt;
2850 2575 3114 2632 miserere
3148 2575 3280 2643 mei,
3306 2577 3400 2648 qui
3427 2575 3604 2633 fecisti
3630 2579 3842 2636 omium

2239 2673 2296 2721 et
2324 2672 2552 2732 terram,
2588 2680 2741 2721 mare
2764 2675 2821 2721 et
2849 2666 3033 2722 omnia
3055 2682 3178 2738 qua
3206 2667 3260 2722 in
3281 2667 3364 2724 eis
3392 2677 3542 2724 sunt.
3577 2668 3845 2729 Iliscrere

2241 2762 2382 2826 mei,
2411 2762 2503 2832 qui
2537 2760 2882 2819 altitudinem
2927 2763 3082 2830 coeli,
3111 2773 3167 2819 et
3195 2762 3539 2821 latitudinem
3568 2775 3757 2836 terrm,
3781 2776 3846 2826 et

2239 2853 2566 2924 profundum
2586 2854 2768 2926 abyssi
2792 2854 3016 2912 metitus
3035 2871 3099 2912 es
3121 2872 3134 2910 :
3158 2856 3250 2927 qui
3278 2864 3540 2928 perpetua
3567 2859 3843 2930 sapientia

2241 2956 2333 3004 tua
2363 2946 2532 3004 cmlos
2560 2947 2850 3004 camerasti
2877 2956 2935 3004 et
2968 2949 3144 3006 stellis
3165 2950 3397 3016 ornasti,
3422 2959 3480 3008 et
3502 2960 3707 3009 terram
3742 2951 3842 3010 lo-

546 3028 602 3075 te
628 3026 814 3090 petere
841 3026 932 3072 aut
961 3033 1066 3072 non
1095 3017 1393 3088 przesumit,
1422 3026 1517 3072 aut
1544 3033 1653 3075 non
1692 3019 1966 3092 intelligit,
1996 3022 2050 3076 id
2079 3029 2135 3076 tu

2242 3037 2395 3094 ribus
2440 3037 2763 3110 depinxisti;
2809 3052 2975 3110 quem
3019 3040 3257 3096 mundus
3293 3056 3403 3098 non
3431 3041 3612 3115 capit,
3641 3053 3699 3100 et
3743 3059 3836 3102 re-

545 3128 646 3184 pro
672 3121 762 3168 tua
787 3113 989 3168 virtute
1030 3112 1227 3172 triaue.
1253 3120 1307 3166 et
1336 3113 1442 3168 hoc
1476 3112 1696 3184 largire,
1724 3115 1872 3184 quod
1899 3115 2138 3170 animam

547 3225 727 3265 meam
748 3207 921 3265 salvet
959 3224 989 3261 a
1020 3217 1223 3272 morte;
1251 3215 1306 3261 et
1343 3207 1564 3262 exeunti
1592 3207 1725 3263 mihi
1751 3209 1820 3262 de
1858 3210 1963 3266 hac
1989 3209 2139 3265 clau-

545 3317 675 3358 sura
705 3301 1051 3357 tenebrarum
1088 3313 1306 3354 manum
1333 3300 1568 3370 porrige,
1595 3308 1655 3355 et
1678 3299 1860 3356 lumen
1891 3303 2134 3358 ostende.

549 3396 808 3451 Miserere
851 3394 989 3457 mei,
1035 3393 1280 3460 Domine,
1331 3402 1388 3449 et
1433 3393 1738 3466 redintegra
1773 3394 2136 3463 confractum,

546 3504 680 3546 sana
709 3495 1044 3558 corruptum,
1072 3486 1299 3541 emenda
1327 3486 1596 3553 vitiatum,
1633 3496 1690 3544 et
1726 3487 1858 3544 illud
1900 3489 2135 3561 indulge,

545 3581 692 3654 quod
720 3579 847 3645 feci,
873 3587 929 3634 et
957 3579 1079 3645 hoc,
1112 3588 1328 3648 praesta,
1360 3593 1427 3635 ne
1455 3581 1652 3636 iterum
1681 3581 1897 3638 faciam.
1932 3582 2141 3640 Miseri-

545 3690 672 3730 cors
695 3681 752 3728 et
779 3673 1065 3728 miseratur
1095 3671 1251 3736 Deus,
1279 3671 1371 3742 qui
1400 3682 1458 3729 et
1488 3673 1749 3732 barbaros
1795 3677 2008 3733 salvarc
2032 3680 2138 3744 vis,

546 3777 605 3823 et
628 3767 695 3823 ad
732 3765 980 3821 veritatis
1022 3762 1353 3835 agnitionem
1382 3766 1591 3833 venire,
1619 3767 1691 3823 ad
1732 3776 1785 3824 te
1813 3767 2032 3840 confugi
2071 3769 2137 3842 ii-

545 3859 752 3918 delium
775 3857 1136 3914 Salvatorem.
1167 3855 1425 3914 Miserere
1449 3858 1580 3926 mei,
1606 3859 1736 3931 quia
1763 3867 1820 3915 te
1847 3859 2142 3932 plurimum

543 3948 892 4016 exacerbavi,
918 3955 972 4003 et
1003 3948 1279 4017 inimicum
1306 3949 1546 4019 gaudere
1580 3949 1718 4018 feci,
1752 3959 1808 4007 ct
1841 3966 1971 4007 ecce
1996 3967 2142 4008 mor-

548 4053 674 4098 tuus
702 4057 822 4098 sum
851 4041 1109 4096 obedicns
1132 4040 1204 4094 ei.
1233 4038 1337 4108 Tu,
1385 4039 1633 4110 Domine,
1660 4051 1720 4099 et
1745 4043 1948 4116 impiis,
1969 4053 2027 4100 et
2056 4045 2141 4102 bis

546 4137 641 4208 qui
668 4143 799 4191 sunt
837 4135 956 4191 sine
982 4132 1379 4200 misericordia,
1409 4134 1728 4193 misereris:
1753 4137 2015 4193 miserere
2038 4137 2142 4194 hu-

548 4223 765 4281 militati
785 4239 920 4279 mea:
939 4239 952 4278 :
972 4222 1114 4295 apud
1137 4232 1189 4279 te
1209 4223 1354 4279 enim
1379 4223 1710 4297 impossibile
1733 4225 1869 4283 nihil
1885 4235 1990 4296 est,
2011 4244 2141 4301 quo-

544 4321 693 4375 niam
721 4333 880 4373 secus
917 4315 1188 4371 infernum
1219 4317 1478 4388 dissipata
1503 4327 1588 4374 est
1617 4320 1800 4374 anima
1844 4335 1987 4376 mea.
2030 4320 2141 4378 Fac

2239 3127 2478 3199 quiescis
2501 3129 2557 3185 in
2611 3129 2777 3187 corde
2803 3130 3024 3187 mundo.
3056 3130 3188 3198 Fac,
3220 3131 3472 3201 Domine,
3505 3149 3604 3190 eor
3649 3151 3839 3194 meum

2243 3223 2407 3295 119
2433 3221 2874 3292 immaculatum,
2905 3224 3002 3296 qui
3046 3224 3191 3281 diem
3234 3239 3266 3282 a
3302 3234 3466 3285 nocte
3504 3243 3750 3302 separes,
3778 3239 3842 3288 et

2239 3323 2417 3370 mutas
2445 3315 2658 3388 linguas
2685 3315 2946 3383 ferarum,
2970 3324 3027 3372 et
3054 3317 3154 3373 das
3175 3318 3258 3375 eis
3285 3318 3612 3390 sapientiam
3633 3335 3650 3376 :
3671 3335 3838 3394 quem

2239 3410 2450 3466 diversa
2480 3410 2718 3466 volatilia
2755 3412 2974 3483 garrula
3017 3423 3319 3486 agnoscunt
3356 3430 3489 3471 voce
3527 3416 3833 3484 suavitatis,

2240 3502 2523 3560 laudantes
2548 3520 2706 3560 suum
2729 3503 3064 3562 Creatorem.
3089 3505 3371 3564 Gloriosus
3387 3524 3450 3564 es
3475 3519 3558 3578 tu,
3584 3510 3835 3578 Domine,

2237 3605 2294 3652 et
2336 3596 2570 3667 gloriosa
2596 3612 2761 3668 opera
2812 3606 2926 3663 tua,
2955 3599 3048 3670 qui
3096 3599 3309 3668 fecisti,
3347 3618 3470 3674 qua:
3499 3620 3609 3661 non
3645 3594 3829 3663 erant.

2236 3689 2425 3746 Justus
2448 3704 2530 3757 es,
2552 3689 2797 3756 Domine,
2823 3700 2882 3747 et
2897 3690 3106 3762 justum
3123 3691 3390 3764 judicium
3415 3705 3568 3754 tuum
3593 3718 3609 3755 :
3635 3715 3834 3772 magna

2239 3790 2295 3836 et
2323 3782 2460 3837 mira
2495 3791 2624 3839 sunt
2662 3797 2830 3854 opera
2860 3791 2972 3839 tua.
3003 3783 3332 3843 Benedictus
3356 3803 3419 3845 es
3451 3805 3618 3861 super
3640 3805 3838 3848 omnes

2239 3873 2665 3932 benedictiones.
2709 3875 2950 3933 Trinitas
2996 3877 3140 3935 Deus
3176 3879 3586 3953 inseparabilis,
3627 3884 3720 3957 qui
3769 3900 3836 3943 es

2239 3981 2381 4024 unus
2419 3975 2477 4024 et
2520 3984 2626 4024 non
2671 3968 2857 4026 solus:
2888 3986 2995 4026 una
3040 3971 3320 4043 divinitas,
3353 3975 3497 4032 trina
3543 3979 3830 4050 maiestas,

2239 4059 2532 4131 coasqualis
2562 4060 2757 4132 gloria,
2793 4060 2968 4134 Alpina
3005 4071 3062 4118 et
3089 4062 3313 4137 Omega,
3342 4066 3560 4124 initium
3597 4079 3657 4126 et
3682 4068 3829 4128 linis.

2243 4151 2386 4218 Deus
2412 4160 2599 4208 noster
2625 4151 2743 4208 Rex
2775 4163 2902 4210 ante
2925 4154 3145 4222 sarcula,
3175 4157 3268 4230 qui
3293 4169 3553 4229 operatus
3580 4177 3643 4217 es
3679 4161 3832 4219 salu-

2243 4252 2352 4299 tem
2389 4244 2446 4299 in
2489 4243 2670 4301 medio
2696 4253 2875 4302 terrae.
2918 4246 3063 4304 Deus
3105 4249 3199 4320 qui
3242 4249 3502 4306 szeculum
3546 4261 3834 4312 senectute

2240 4333 2538 4403 concludis,
2576 4343 2634 4392 et
2668 4343 2849 4392 tamen
2893 4337 3010 4408 ipse
3049 4354 3175 4394 cum
3203 4340 3404 4397 stucqu
3432 4358 3540 4398 non
3568 4344 3832 4401 senescis.

545 4407 976 4465 misericordiam
997 4449 1012 4474 ,
1048 4409 1175 4479 quia
1204 4407 1469 4480 benignus
1493 4423 1554 4466 es
1580 4418 1636 4466 et
1665 4411 1999 4479 misericors,
2043 4412 2141 4485 fig-

2241 4425 2324 4483 Ad
2356 4437 2408 4483 te
2430 4427 2678 4498 expando
2705 4443 2898 4484 manus
2917 4407 3066 4487 meas
3088 4433 3145 4488 in
3170 4433 3581 4492 similitudinem
3608 4438 3790 4495 crucis
3811 4458 3830 4496 :

545 4511 730 4558 tuente
769 4511 890 4568 tuo;
938 4502 1117 4572 quiet
1156 4516 1417 4573 corpora,
1447 4517 1569 4574 qum
1615 4519 1723 4560 non
1766 4513 1919 4570 sunt,
1953 4506 2008 4561 in
2050 4507 2140 4564 die

546 4591 963 4647 resurrectionis
991 4591 1354 4647 suscitaturus
1379 4607 1459 4648 es.
1505 4593 1712 4649 Exaudi
1744 4610 1849 4662 me,
1876 4596 2134 4664 Domine,

543 4683 671 4752 quia
695 4680 893 4738 defecit
919 4683 1142 4753 spiritus
1163 4698 1336 4749 meus,
1363 4691 1420 4740 et
1443 4683 1630 4740 infelix
1655 4685 1837 4742 anima
1861 4703 2002 4744 mea.
2031 4687 2133 4744 Ta-

541 4771 816 4828 bcfactum
834 4781 921 4828 est
943 4773 1109 4830 etiam
1132 4787 1329 4844 corpus
1355 4788 1558 4841 meum,
1581 4777 1728 4847 quod
1752 4779 2130 4851 coinquinavi:

540 4865 707 4919 etiam
750 4864 938 4920 vivere
978 4879 1087 4920 non
1119 4864 1270 4922 valeo
1309 4880 1409 4934 pro
1449 4882 1531 4932 eo,
1577 4868 1724 4941 quod
1752 4885 1859 4925 non
1901 4870 2131 4927 credidi.

540 4957 764 5028 Ignosce
789 4966 1071 5029 peccatum
1117 4973 1295 5014 meum
1339 4973 1439 5029 per
1481 4962 1888 5030 paenitentiam,
1919 4963 2133 5020 vivifica

541 5063 630 5103 me
653 5048 968 5114 contritum,
991 5057 1047 5104 et
1077 5050 1200 5122 igne
1227 5049 1533 5119 splendoris
1561 5053 1638 5107 tui
1668 5053 1931 5121 illumina,
1961 5064 2017 5110 et
2043 5071 2134 5112 ac-

541 5143 713 5197 cende
739 5157 838 5197 cor
863 5159 1045 5198 meum
1071 5159 1084 5194 :
1114 5152 1174 5198 ut
1199 5158 1302 5214 ego
1330 5144 1602 5215 accipiens
1632 5146 1883 5202 fiduciam
1921 5149 2133 5204 miseri-

540 5234 741 5290 cordia:
782 5242 840 5290 et
886 5235 1232 5305 indulgentiae
1268 5244 1393 5301 tum,
1426 5238 1699 5293 residuum
1727 5251 1940 5312 tempus
1984 5243 2128 5310 vit-.9,

538 5326 684 5396 quod
712 5325 848 5382 mihi
889 5325 1202 5391 donaveris,
1236 5329 1489 5382 mandata
1522 5339 1612 5384 tua
1655 5335 1990 5400 custodiam,
2017 5345 2073 5391 et
2098 5353 2128 5390 a

538 5421 735 5473 timore
775 5426 870 5472 tuo
895 5433 1002 5472 non
1051 5419 1335 5485 recedam;
1380 5421 1472 5475 sed
1512 5423 1704 5478 devote
1750 5427 1982 5480 serviam
2032 5428 2127 5483 tibi

538 5511 792 5584 amplius,
819 5527 981 5582 quam
1028 5513 1207 5567 modo.
1241 5513 1413 5570 Patee
1456 5530 1586 5586 ergo
1617 5518 1782 5583 mibi,
1816 5527 1872 5575 et
1916 5521 2128 5575 vivitica

539 5620 648 5671 me,
684 5604 1028 5675 omnipotens
1057 5604 1221 5672 Deus,
1265 5606 1488 5664 Domine
1517 5607 1645 5665 Jcsu
1672 5610 1888 5668 Christe
1915 5615 2129 5668 univer-

539 5695 715 5754 sitatis
741 5695 1006 5764 conditor,
1036 5712 1160 5767 spes
1191 5697 1348 5756 unica
1376 5701 1581 5757 mundi.
1611 5701 1812 5758 Prmsta
1842 5704 1974 5760 mihi
2013 5707 2125 5776 pri—

2239 4521 2309 4578 ad
2343 4531 2396 4576 te
2423 4522 2702 4590 humilior,
2732 4523 2801 4579 ad
2832 4532 2886 4580 te
2915 4541 3213 4598 resurgam.
3245 4527 3432 4598 Erigat
3472 4544 3561 4586 me
3597 4528 3828 4590 dextera

2240 4622 2351 4680 tua,
2376 4612 2503 4669 Jesu
2530 4613 2766 4679 Christe,
2791 4616 2881 4685 qui
2907 4633 3094 4674 manes
3119 4619 3174 4675 in
3202 4618 3387 4688 Patre,
3415 4630 3473 4678 et
3496 4620 3661 4678 Pater
3681 4623 3739 4680 in
3770 4633 3828 4682 te

2239 4705 2296 4759 iu
2315 4707 2725 4777 sempiternum.
2749 4707 3052 4774 Credimus,
3074 4709 3324 4779 Domine,
3347 4713 3642 4770 adventum
3670 4722 3829 4776 tuum

2236 4805 2294 4852 et
2329 4798 2788 4856 resurrectionem
2833 4809 3003 4854 tuam.
3047 4801 3127 4857 Tu
3169 4804 3341 4860 nostri
3370 4803 3692 4862 dominaris.
3720 4804 3831 4862 uo-

2238 4890 2406 4957 mine,
2437 4898 2732 4962 antequam
2771 4890 3036 4949 discutias
3065 4909 3172 4960 me,
3209 4895 3471 4952 miserere
3513 4898 3654 4964 mei;
3693 4913 3828 4955 sana

2234 4986 2584 5050 peccatorum
2612 4994 2860 5036 meorum
2886 4982 3131 5049 vulnera,
3157 4986 3284 5056 quia
3309 4987 3530 5056 peccavi
3559 4987 3614 5044 in
3649 4997 3720 5045 te.
3741 4989 3828 5046 Ab

2233 5069 2461 5126 occultis
2505 5071 2645 5127 meis
2683 5071 2883 5127 munda
2927 5087 3034 5140 me,
3073 5075 3320 5132 Domine.
3356 5075 3603 5134 lllumina
3647 5093 3745 5134 cor
3769 5087 3827 5137 et

2234 5177 2453 5218 sensum
2476 5178 2657 5220 meum
2684 5161 2887 5218 lumine
2906 5167 3216 5223 serenitatis
3239 5175 3364 5223 tuae.
3389 5168 3467 5225 Te
3487 5179 3614 5226 ante
3633 5172 3821 5230 omnia

2233 5270 2424 5311 sensus
2459 5270 2613 5310 meus
2638 5255 2832 5325 sapiat.
2870 5255 2947 5310 Da
2975 5257 3109 5313 mihi
3153 5258 3517 5326 intellectum,
3550 5269 3614 5318 ut
3651 5262 3822 5318 sciam

2235 5347 2542 5403 testimonia
2580 5355 2692 5412 tua,
2717 5355 2774 5402 et
2812 5347 3115 5405 custodiam
3158 5365 3224 5407 ea
3262 5351 3317 5405 in
3361 5353 3529 5410 corde
3557 5368 3699 5410 meo.
3741 5353 3822 5411 Da

2235 5441 2364 5496 mihi
2395 5440 2624 5509 gratiam
2674 5449 2841 5502 tuam,
2866 5441 2990 5512 quia
3018 5458 3125 5498 non
3153 5452 3261 5510 est,
3284 5444 3378 5516 qui
3406 5445 3817 5504 convalescat...

2232 5531 2396 5588 Pater
2439 5533 2838 5604 orphanorum,
2891 5543 3183 5590 venerator
3225 5534 3533 5604 viduarum,
3578 5537 3822 5594 indultur

2233 5622 2529 5694 egentium,
2570 5620 2850 5680 confessor
2877 5623 3290 5694 paenitentiam;
3335 5635 3534 5698 praesta
3559 5627 3694 5684 mihi
3718 5643 3816 5684 ve-

2233 5716 2398 5780 niam,
2427 5729 2587 5785 qucm
2613 5715 2892 5786 plasmasti
2915 5716 2982 5774 de
3006 5717 3168 5789 limo;
3203 5725 3254 5776 et
3285 5721 3664 5792 cogitationes,
3692 5736 3815 5793 qua
