4112 6646
270 454 365 510 601

1260 456 1653 516 LITURGICA.
1695 485 1765 496 —
1802 452 2071 514 OFFICIA
2108 459 2243 518 PER
2281 463 2551 522 FERl.\S.

3429 467 3541 525 ωε

267 573 424 629 ﬁdem
476 589 581 629 non
628 571 898 646 frangant.
949 573 1093 630 Doce
1138 589 1227 629 me
1283 574 1461 629 facere
1514 573 1847 629 voluntatem
1878 570 1926 632 Δ
1955 585 2194 644 sanctus,
2241 579 2505 637 Dominus
2544 596 2698 638 meus
2745 581 2887 651 pius,
2943 595 3035 636 rex
3085 594 3237 639 meus
3282 596 3532 652 magnus,

266 678 430 722 tuam.
464 666 811 738 Quaecunque
851 668 1124 740 przecipis,
1153 668 1267 739 ipse
1293 670 1507 739 adjuva,
1534 675 1596 722 ut
1626 665 1850 739 implere

262 756 502 828 possim,
537 765 600 813 ut
628 776 736 813 non
780 774 1003 829 peccem
1050 760 1147 815 tibi
1178 759 1444 830 amplius;
1476 760 1571 815 sed
1607 760 1674 813 da
1715 757 1850 812 mihi

260 849 589 905 desiderium
620 850 688 905 ad
728 867 889 907 omne
924 867 1061 923 opus
1102 853 1323 907 bonum.
1368 853 1615 916 Domine,
1659 850 1713 905 in
1757 861 1848 906 tua

254 940 469 1011 justitia
494 940 665 996 libera
688 958 773 997 me
791 944 859 998 de
881 944 1120 1015 peccatis
1141 944 1297 1010 meis,
1321 943 1389 999 ab
1413 942 1561 998 omni
1591 941 1756 1008 malo,
1780 943 1848 998 ab

259 1035 407 1089 omni
439 1035 702 1105 periculo,
739 1036 808 1091 ab
835 1036 984 1093 omni
1010 1036 1233 1100 hzeresi,
1272 1036 1342 1092 ab
1369 1035 1624 1091 omnibus
1648 1034 1850 1105 iniquis

259 1126 584 1184 desideriis:
612 1138 668 1184 et
707 1130 975 1186 constitue
999 1145 1086 1187 me
1134 1130 1188 1186 in
1217 1130 1362 1185 omni
1392 1143 1555 1200 opere
1596 1129 1761 1195 bono,
1794 1137 1848 1184 et

259 1219 421 1274 visita
448 1220 662 1276 dolores
683 1236 858 1288 meos,
880 1230 938 1278 et
960 1236 1114 1284 sana,
1138 1236 1258 1291 qua:
1281 1219 1377 1276 tibi
1399 1227 1520 1291 apta
1546 1234 1654 1275 non
1685 1226 1843 1287 sunt;

254 1320 312 1368 et
335 1315 482 1384 quod
504 1314 560 1369 in
581 1331 671 1371 me
688 1315 982 1371 obscurum
1000 1324 1106 1381 est,
1129 1330 1325 1370 nomen
1348 1313 1570 1368 luminis
1590 1314 1843 1382 accipiat.

252 1406 399 1463 Ante
428 1416 502 1473 te,
542 1408 791 1477 Domine,
815 1424 977 1466 omne
1004 1411 1332 1466 desiderium
1365 1425 1568 1475 meum,
1598 1419 1651 1465 et
1678 1410 1847 1481 gemi-

254 1505 343 1553 tus
366 1512 518 1555 meus
540 1507 648 1554 ate
671 1514 779 1556 non
808 1509 891 1556 est
913 1501 1282 1556 absconditus.
1313 1502 1390 1555 Da
1415 1500 1568 1565 mihi,
1594 1499 1843 1566 Domine,

252 1588 624 1649 fortitudinem
660 1593 920 1650 adversus
949 1593 1175 1650 insidias
1203 1593 1437 1660 diaboli,
1481 1602 1537 1650 et
1564 1594 1844 1666 instiganti

249 1683 521 1741 obsistere
563 1692 786 1740 satana.
817 1684 894 1740 Da
922 1684 1055 1740 mihi
1087 1700 1235 1740 arma
1265 1684 1502 1750 virtutis,
1532 1694 1589 1740 et
1618 1683 1844 1740 loricam

249 1771 586 1832 fortitudinis
614 1781 739 1832 tum.
774 1774 930 1831 Nulla
960 1774 1092 1830 mihi
1127 1775 1295 1830 nimia
1333 1774 1627 1832 oblectatio
1663 1776 1844 1831 subri-

246 1869 395 1940 piat,
431 1867 614 1926 nullus
652 1869 890 1940 antiquae
912 1867 1216 1940 putredinis
1260 1883 1373 1923 suae
1402 1883 1490 1922 me
1519 1865 1686 1923 fartor
1713 1883 1841 1923 cor-

1909 723 1913 727 .
1945 670 2112 741 judex
2158 688 2312 728 meus
2352 674 2560 745 justus,
2611 675 2871 745 magister
2909 689 3064 730 meus
3100 691 3274 741 unus,
3321 674 3538 746 adiutor

1950 778 2103 819 meus
2132 774 2462 835 opportunus
2479 806 2497 834 ,
2526 767 2771 823 medicus
2797 782 2951 822 meus
2977 768 3415 837 potentissimus,
3454 769 3539 826 di-

1952 854 2125 912 lectus
2155 874 2309 914 meus
2333 860 2754 929 pulcherrimus,
2782 863 2941 932 panis
2970 877 3122 918 meus
3149 864 3321 928 vivus,
3352 880 3537 920 sacer-

1949 947 2049 1004 dos
2084 964 2239 1007 meus
2273 952 2327 1008 in
2366 961 2649 1009 aeternum.
2705 953 2846 1009 Deus
2883 971 3038 1010 meus
3074 957 3144 1012 ad
3174 958 3407 1027 patriam
3441 957 3533 1013 lux

1950 1055 2068 1095 mea
2095 1056 2244 1097 vera.
2285 1041 2527 1099 Dulcedo
2556 1060 2674 1101 mea
2702 1054 2920 1109 sancta,
2952 1048 3039 1101 via
3066 1062 3186 1103 mea
3215 1057 3363 1103 recta
3381 1089 3398 1114 ,
3440 1064 3532 1104 sa-

1948 1131 2149 1201 pientia
2181 1149 2300 1188 mea
2328 1135 2587 1204 pracclara
2611 1176 2627 1201 ,
2678 1136 2996 1207 simplicitas
3026 1154 3145 1194 mea
3176 1154 3310 1209 pura
3333 1180 3350 1205 ,
3396 1155 3533 1195 eon-

1948 1221 2132 1277 cordia
2157 1239 2277 1278 mea
2304 1225 2561 1295 pacifica,
2595 1228 2839 1282 custodia
2873 1242 2993 1282 mea
3024 1234 3171 1294 tuta,
3209 1229 3387 1299 portio
3410 1245 3531 1285 mea

1949 1312 2121 1380 bona,
2151 1315 2295 1371 salus
2325 1332 2444 1372 mea
2473 1318 2829 1388 sempiterna,
2860 1318 3235 1377 misericordia
3262 1337 3381 1377 mea
3414 1337 3530 1377 ma-

1948 1417 2086 1473 gna,
2130 1406 2389 1474 patientia
2422 1423 2541 1462 mea
2571 1409 2978 1477 robustissima,
3015 1411 3239 1468 victima
3277 1428 3399 1468 mea
3426 1413 3527 1469 im-

1948 1494 2239 1560 maculata,
2279 1497 2580 1567 redemptio
2623 1515 2744 1554 mea
2788 1499 2963 1567 facta,
3003 1517 3129 1574 spes
3163 1519 3287 1561 mea
3317 1503 3527 1572 futura,

1947 1588 2187 1643 charitas
2222 1604 2341 1643 mea
2375 1589 2634 1660 perfecta,
2668 1595 2997 1650 resurrectio
3022 1611 3142 1653 mea
3171 1607 3381 1663 saneta,
3417 1598 3529 1655 vita

1946 1694 2067 1734 mea
2096 1687 2318 1735 aeterna.
2361 1681 2437 1737 Te
2467 1683 2747 1755 deprecor,
2779 1687 3025 1756 supplico
3056 1696 3112 1744 et
3157 1704 3309 1763 rogo,
3341 1698 3401 1746 ut
3430 1707 3530 1763 per

1946 1780 1999 1825 te
2034 1770 2342 1839 ambulem,
2382 1774 2449 1829 ad
2488 1781 2541 1829 te
2577 1776 2919 1845 perveniam,
2963 1776 3019 1832 in
3063 1784 3119 1836 te
3162 1780 3524 1852 requiescam.

1944 1859 2175 1926 Exaudi,
2195 1864 2412 1929 exaudi,
2433 1865 2630 1921 exaudi
2658 1882 2765 1932 me,
2778 1866 3013 1937 Christe,
3031 1870 3123 1942 qui
3146 1886 3269 1928 cum
3290 1871 3451 1928 Patre
3472 1881 3528 1931 ct

248 1937 483 2032 rumpat.
509 1958 678 2016 Aufer
712 1975 744 2016 a
779 1937 866 2016 me
909 1937 1153 2016 lubricos
1192 1968 1251 2016 et
1297 1959 1515 2015 inutiles
1546 1959 1835 2033 cogitatus,
1870 1937 1916 2000 Β
1944 1948 2150 2021 simul!
2175 1962 2365 2011 8³ηαο
2390 1956 2527 2012 "MS
2553 1965 2608 2012 ει
2634 1971 2848 2027 regnas-

244 2054 727 2127 suggestionesque
754 2051 1001 2111 furtivas.
1025 2052 1193 2119 Deus,
1222 2053 1315 2124 qui
1344 2053 1468 2123 plus
1493 2062 1651 2124 potes
1679 2055 1836 2123 dare,

242 2159 412 2215 quam
459 2160 560 2200 nos
604 2152 855 2217 petamus
892 2152 989 2199 aut
1032 2143 1428 2214 intelligamus,
1476 2151 1690 2199 moveat
1729 2158 1835 2201 vox

244 2254 366 2294 mea
396 2238 826 2296 misericordiam
864 2246 1034 2304 tuam,
1063 2236 1157 2307 qui
1185 2251 1247 2292 es
1275 2251 1415 2292 unus
1457 2236 1513 2291 in
1543 2235 1831 2303 Trinitate,

241 2338 299 2387 et
342 2331 519 2387 trinus
562 2330 617 2386 in
657 2332 888 2387 unitate.
936 2330 1016 2387 Ne
1047 2330 1244 2402 perdas
1291 2345 1377 2387 me
1422 2346 1546 2387 cum
1589 2331 1833 2401 peccatis

241 2422 410 2489 meis;
436 2424 567 2495 quia
594 2439 702 2480 non
728 2422 926 2479 venisti
945 2420 1123 2493 justos
1147 2422 1376 2489 salvare,
1399 2423 1493 2478 sed
1519 2431 1832 2493 peccatores

238 2521 309 2577 ad
333 2522 711 2593 panitentiam
736 2537 1022 2579 revocare:
1049 2522 1140 2594 qui
1163 2536 1224 2577 es
1245 2528 1457 2577 amator
1476 2520 1826 2592 paenitentia,

238 2614 501 2672 miserere
525 2616 654 2673 mei.

306 2707 537 2764 Domine
573 2716 778 2779 sancte,
819 2707 981 2766 Pater
1004 2707 1366 2779 omnipotens,
1409 2714 1615 2763 aeterne
1657 2704 1825 2772 Deus,

234 2797 496 2859 fortitudo
521 2818 660 2867 mea,
686 2801 1090 2859 ﬁrmamentum
1116 2817 1319 2868 meum,
1339 2800 1604 2857 liberator
1623 2808 1679 2856 et
1702 2816 1831 2872 pro-

234 2898 413 2949 tector
433 2908 666 2966 magnus
688 2902 744 2950 et
766 2895 1005 2965 patiens,
1026 2892 1297 2966 refugium
1320 2902 1377 2949 et
1396 2894 1590 2958 virtus,
1615 2891 1829 2963 adiutor

231 2991 290 3040 et
325 2982 608 3051 liberator,
655 2983 749 3041 lux
793 2983 953 3052 lucis,
1002 2982 1126 3040 fons
1167 2983 1405 3049 luminis,
1454 2982 1535 3038 sol
1576 2980 1823 3052 justitim,

230 3074 387 3133 stella
412 3074 557 3144 diei,
592 3075 686 3148 qui
721 3076 997 3134 inhabitas
1023 3060 1304 3143 saeculum,
1330 3074 1483 3145 cujus
1512 3074 1622 3129 alta
1651 3083 1710 3130 et
1736 3090 1825 3131 su-

228 3182 399 3240 perna
424 3154 604 3233 terra,
638 3165 795 3237 cujus
823 3167 1053 3224 thronus
1081 3167 1506 3231 inaestimabilis,
1553 3175 1611 3221 et
1652 3165 1821 3238 gloria

231 3258 818 3358 incomprehensibilis,
863 3259 954 3358 cui
1001 3259 1288 3358 assistunt.
1314 3257 1523 3358 militiae
1565 3274 1819 3358 cum)»:
1848 3290 1898 3358 ο

226 3366 392 3420 vore,
421 3351 582 3424 cujus
608 3350 789 3408 vultus
814 3352 1019 3408 excitat
1042 3352 1284 3423 abyssos,
1311 3358 1370 3409 et
1390 3350 1670 3407 tabescere
1691 3349 1824 3408 facit

227 3455 477 3503 montes:
504 3446 703 3502 exaudi
728 3444 1031 3502 orationem
1060 3446 1202 3499 servi
1232 3444 1335 3509 tui,
1353 3440 1499 3498 Deus
1524 3458 1696 3508 meus,
1725 3458 1825 3514 per

227 3534 517 3591 Dominum
563 3542 808 3592 nostrum
847 3534 1035 3592 Jesum
1080 3534 1359 3590 Christum
1402 3531 1600 3589 Filium
1644 3541 1819 3600 tuum,

228 3629 322 3701 qui
360 3636 449 3686 est
478 3629 734 3700 splendor
763 3643 905 3685 vera:
934 3627 1091 3694 lucis,
1116 3628 1282 3699 janua
1311 3628 1460 3694 vitae,
1485 3627 1575 3681 via
1604 3625 1820 3693 salutis,

226 3724 449 3780 lucerna
476 3724 706 3791 ardens,
746 3723 902 3780 cibus
938 3722 1211 3787 caelestis,
1252 3722 1409 3793 panis
1433 3721 1617 3786 vivus,
1658 3728 1820 3791 potus

224 3834 289 3875 ex
318 3818 469 3874 fonte
493 3818 752 3889 perenni,
782 3814 1021 3874 Verbum
1063 3817 1118 3871 in
1154 3816 1432 3893 principio
1467 3817 1611 3887 apud
1646 3816 1817 3871 Deum

223 3925 350 3966 cum
379 3908 588 3982 Spiritu
613 3919 829 3976 sancto,
858 3910 951 3981 qui
980 3924 1012 3963 a
1043 3908 1205 3963 Patre
1233 3908 1535 3979 procedens
1566 3909 1819 3965 circumit

224 4002 403 4074 girum
429 4001 575 4059 caeli.
620 4000 763 4070 Quid
789 4017 924 4074 ergo
950 4001 1095 4057 Deus
1123 4016 1298 4068 meus,
1332 4000 1466 4073 quid
1507 4016 1669 4073 rogo,
1712 4001 1817 4057 nisi

223 4093 492 4152 Dominus
530 4094 718 4151 Deus?
769 4093 1011 4161 Summe,
1044 4094 1269 4164 optime,
1305 4095 1719 4166 potentissime,
1761 4102 1819 4151 et

225 4186 771 4253 misericordissime,
814 4194 870 4242 et
906 4186 1210 4259 iustissime.
1252 4193 1309 4241 et
1353 4186 1722 4243 sacratissime
1760 4195 1819 4243 ct

222 4279 670 4352 pnesentissime,
697 4287 754 4335 et
781 4278 1169 4350 pulcherrime,
1201 4278 1414 4334 stabilis
1439 4287 1493 4334 et
1517 4280 1819 4353 incompre-

223 4368 511 4426 hensibilis
534 4409 550 4438 ,
599 4368 957 4434 immortalis;
1009 4376 1230 4424 mutans
1271 4370 1486 4436 omnia,
1535 4384 1815 4441 nunquam

223 4474 431 4525 novus,
470 4473 749 4531 nunquam
773 4467 961 4527 vetus;
1008 4459 1275 4516 innovans
1300 4461 1486 4516 omnia
1515 4461 1632 4517 sine
1655 4469 1813 4517 vetu-

222 4557 386 4617 state,
416 4550 652 4623 pcrdens
677 4551 940 4621 superbos
975 4558 1032 4606 et
1066 4550 1345 4618 nesciunt,
1382 4566 1599 4624 semper
1623 4568 1809 4625 agens,

223 4656 443 4745 semper
468 4642 708 4745 quietus,
736 4642 1001 4716 colligens
1035 4651 1092 4698 et
1129 4657 1237 4745 non
1263 4658 1446 4745 egens,
1490 4654 1717 4715 portans
1755 4655 1811 4745 et
1838 4658 1891 4722 ι)
1916 4642 2139 4745 ἐξιἶᾶ

224 4734 487 4807 implens,‘
508 4742 565 4791 et
589 4743 902 4808 protegens,
931 4750 1149 4802 creans,
1178 4742 1236 4791 et
1264 4737 1533 4803 nutriens,
1565 4745 1622 4793 et
1648 4737 1813 4807 perti-

222 4827 412 4895 ciens;
457 4841 728 4899 quaerens,
773 4842 900 4884 cum
948 4825 1083 4882 nihil
1133 4828 1232 4884 tibi
1277 4827 1436 4885 desit.
1493 4828 1662 4885 Amas
1708 4845 1813 4887 nec

222 4926 459 4984 πειιιειες
490 4917 637 4974 zelas
654 4925 712 4975 et
727 4931 952 4974 securus
969 4933 1057 4974 es:
1083 4918 1313 4989 poenitet
1334 4926 1409 4986 te,
1429 4927 1487 4975 et
1503 4936 1610 4977 non
1630 4919 1810 4978 doles:

225 5009 483 5066 irasceris
509 5015 567 5064 et
594 5008 915 5080 tranquillus
938 5024 997 5065 es
1022 5028 1035 5064 :
1072 5023 1238 5079 opera
1265 5018 1467 5076 mutas,
1504 5027 1609 5068 nec
1635 5020 1815 5068 mutas

224 5102 548 5160 consilium:
586 5098 784 5173 recipis
813 5101 958 5171 quod
986 5101 1197 5158 invenis
1219 5141 1236 5168 ,
1284 5108 1340 5157 et
1365 5117 1641 5173 nunquam
1668 5102 1811 5160 ami-

225 5196 383 5253 sisti:
415 5209 694 5265 nunquam
721 5192 916 5264 inops,
960 5200 1018 5249 et
1060 5193 1265 5263 gaudes
1290 5192 1492 5250 lucris:
1531 5210 1808 5266 nunquam

225 5308 447 5361 avarus,
467 5303 524 5350 et
542 5307 736 5350 usuras
755 5292 962 5364 exigis:
996 5306 1350 5363 superemgas
1380 5300 1440 5346 ut
1467 5292 1687 5358 debeas,
1709 5307 1811 5349 nec

224 5386 351 5457 quis
378 5384 544 5441 habet
568 5384 863 5456 quidquam
891 5398 998 5438 non
1028 5392 1200 5437 tuum.
1250 5381 1447 5437 Reddis
1474 5383 1682 5452 perdita
1711 5382 1807 5439 de-

226 5477 361 5543 bita,
387 5475 523 5532 nihil
544 5475 778 5547 perdens
803 5494 815 5529 τ
851 5474 967 5530 sine
994 5474 1253 5543 qualitate
1282 5474 1476 5540 bonus,
1501 5476 1615 5530 sine
1640 5490 1813 5546 quan-

229 5567 387 5623 titate
429 5582 686 5637 magnus,
735 5566 852 5621 sine
902 5564 1200 5636 indigentia
1246 5564 1494 5629 Creator,
1542 5564 1662 5620 sine
1707 5564 1813 5620 situ

233 5658 396 5730 120
418 5658 601 5713 omnia
644 5666 856 5724 tenens,
904 5657 1021 5711 sine
1065 5655 1185 5711 loco
1232 5654 1432 5725 ubique
1463 5666 1609 5710 totus
1636 5697 1650 5721 ,
1697 5657 1816 5712 sine

232 5763 477 5825 tempore
501 5753 885 5823 sempiternus,
916 5751 1035 5806 sine
1062 5750 1170 5804 ulla
1202 5750 1499 5805 mutatione
1533 5750 1815 5805 mutabilia

228 5845 452 5911 faciens,
469 5847 710 5918 nihilque
729 5846 960 5916 patiens.
986 5843 1213 5910 Exaudi,
1229 5844 1423 5899 exaudi
1446 5844 1817 5907 me,Domiuc.

230 5936 312 5995 Tu
351 5952 411 5994 es
448 5937 592 5994 enim
624 5937 762 5994 Deus
792 5950 944 5991 meus
969 5935 1121 5990 vivus
1160 5943 1212 5990 et
1241 5950 1430 6001 verus,
1476 5933 1636 5989 Pater
1662 5948 1817 5988 meus

2146 2087 2404 2147 ORATIO
2439 2091 2686 2150 SANCTI
2722 2094 3053 2154 GREGORII
3088 2097 3317 2159 ΡΔΡᾹΞ.

2005 2196 2255 2266 Peccavi,
2284 2201 2533 2271 Domine,
2559 2220 2744 2261 coram
2768 2214 2844 2274 te,
2872 2211 3092 2279 peccavi
3120 2219 3176 2267 et
3202 2227 3386 2269 coram
3426 2232 3523 2271 an-

1937 2290 2078 2362 gelis
2108 2293 2239 2350 tuis.
2284 2294 2394 2353 Fac
2425 2313 2638 2354 mecum
2668 2300 2886 2358 servulo
2911 2309 3005 2358 tuo
3036 2306 3333 2362 secundum
3359 2310 3525 2365 mise-

1930 2381 2226 2439 ricordiam
2252 2393 2422 2442 tuam.
2473 2387 2631 2455 Tibi,
2678 2388 2926 2458 Domine,
2970 2393 3360 2459 misericordia,
3389 2400 3511 2465 tibi,

1932 2472 2180 2542 Domine,
2218 2475 2452 2546 justitia.
2508 2478 2655 2536 Sana
2699 2496 2811 2547 me,
2837 2480 3095 2550 Domine,
3137 2494 3195 2541 et
3239 2487 3514 2545 sanabor:

1928 2567 2081 2624 salva
2103 2585 2213 2636 me,
2236 2580 2292 2627 et
2314 2572 2587 2641 salvabor,
2610 2574 2739 2646 quia
2763 2592 2871 2632 non
2901 2575 3146 2634 infernus
3170 2578 3519 2637 confitebitur

1929 2659 2060 2725 tibi,
2099 2676 2274 2731 neque
2305 2678 2453 2719 mors
2495 2663 2739 2722 laudabit
2774 2673 2850 2722 te.
2900 2665 3130 2733 Vivens,
3171 2670 3360 2726 vivens
3401 2672 3518 2742 ipse

1925 2753 2274 2811 conﬁtebitur
2306 2757 2439 2824 tibi,
2479 2757 2621 2814 sicut
2655 2767 2712 2814 et
2743 2775 2846 2833 ego
2882 2760 3062 2819 hodie.
3107 2762 3385 2820 lntercede
3415 2781 3516 2836 pro

1927 2862 2040 2913 me,
2065 2856 2254 2904 sancta
2281 2848 2453 2905 Maria
2481 2858 2661 2907 mater
2684 2850 2898 2909 Domini
2934 2853 3107 2910 nostri
3132 2852 3260 2912 Jesu
3289 2856 3516 2913 Christi.

1925 2939 2242 2998 Beatissima
2270 2951 2327 2999 et
2349 2944 2587 3017 gloriosa
2607 2945 2863 3016 genitrix,
2885 2946 3081 3017 adjuva
3102 2962 3210 3004 me.
3239 2948 3519 3005 lntercede

1924 3049 2025 3105 pro
2050 3050 2157 3101 me,
2183 3046 2371 3092 sancte
2396 3036 2577 3104 Petre,
2601 3039 2973 3110 apostolorum
2994 3039 3268 3112 princeps,
3289 3048 3349 3097 et
3370 3041 3520 3098 solve

1923 3143 2012 3184 me
2054 3145 2087 3183 a
2122 3129 2354 3187 vinculis
2395 3142 2746 3202 peccatorum
2785 3142 3056 3189 meorum.
3110 3132 3389 3191 lntercede
3416 3151 3517 3207 pro

1925 3233 2013 3274 me
2055 3229 2366 3291 peccatore,
2397 3234 2585 3281 sancte
2622 3223 2810 3291 Paule,
2841 3225 3084 3295 apostole
3125 3224 3369 3293 Christi,
3418 3242 3520 3286 vas

1924 3309 2223 3370 electionis.
2272 3312 2553 3371 lntercede
2580 3331 2682 3387 pro
2719 3330 2809 3371 me
2847 3316 3069 3388 indigno
3112 3324 3171 3373 et
3211 3332 3307 3373 reo
3350 3326 3515 3388 atque

1924 3411 2196 3475 torpente,
2224 3412 2414 3463 sancte
2438 3406 2700 3464 Andreas.
2735 3406 3017 3463 lntercede
3043 3423 3145 3479 pro
3173 3407 3330 3463 malis
3354 3409 3513 3474 meis,

1924 3505 2112 3554 sancte
2134 3495 2355 3554 Jacobe.
2385 3497 2665 3555 lntercede
2692 3514 2794 3571 pro
2819 3496 3122 3555 malefactis
3147 3499 3304 3566 meis,
3328 3508 3516 3557 sancte

1921 3585 2161 3645 Joannes
2193 3588 2390 3646 dilecte
2430 3590 2545 3645 Dei.
2600 3589 2880 3647 lntercede
2923 3604 3027 3661 pro
3067 3590 3307 3661 peccatis
3351 3591 3512 3655 meis,

1922 3688 2112 3733 sancte
2139 3678 2402 3751 Philippe.
2442 3680 2719 3737 lntercede
2744 3696 2843 3753 pro
2868 3666 3110 3753 peccatis
3132 3682 3292 3747 meis,
3324 3690 3514 3738 sancte

1920 3769 2335 3829 Bartholomaae.
2393 3772 2673 3831 lntercede
2721 3788 2823 3845 pro
2867 3773 3279 3832 inﬁrmitatibus
3329 3774 3465 3830 meis
3492 3814 3511 3840 ,

1919 3871 2109 3919 sancte
2139 3864 2370 3919 Thoma.
2414 3864 2695 3921 lntercede
2726 3880 2827 3937 pro
2854 3865 3068 3921 delictis
3104 3865 3241 3920 meis
3262 3904 3278 3931 ,
3323 3872 3512 3922 sancte

1918 3953 2189 4013 Mattbtee.
2236 3954 2515 4013 lntercede
2552 3973 2653 4029 pro
2689 3958 3066 4030 iniquitatibus
3109 3958 3277 4023 meis,
3322 3967 3511 4013 sancte

1914 4046 2135 4105 Jacobe.
2158 4048 2436 4105 lntercede
2454 4064 2554 4120 pro
2573 4049 2867 4106 sceleribus
2887 4050 3043 4117 meis,
3061 4058 3248 4107 sancte
3263 4049 3507 4107 Tathme.

1915 4140 2194 4197 lntercede
2213 4156 2313 4211 pro
2343 4141 2865 4213 transgressionibus
2892 4141 3048 4208 meis,
3074 4147 3262 4197 sancte
3290 4139 3503 4197 Simon.

1915 4230 2195 4287 lntercede
2212 4248 2311 4303 pro
2327 4232 2659 4287 vanitatibus
2675 4232 2831 4300 meis,
2843 4243 3033 4289 sancte
3058 4232 3310 4288 Mathias.
3333 4231 3510 4288 Obse-

1914 4337 2013 4379 cro
2057 4338 2186 4390 vos,
2234 4323 2463 4395 apostoli
2505 4322 2746 4391 Christi,
2791 4339 2891 4396 per
2932 4323 3507 4379 commemorationem

1914 4421 2152 4468 vestram
2169 4454 2185 4478 ,
2223 4422 2284 4468 ut
2310 4414 2442 4469 mihi
2473 4412 2688 4470 servulo
2711 4421 2891 4470 vestro
2913 4414 3279 4469 misereamini
3297 4454 3314 4480 ,
3340 4421 3396 4469 et
3417 4428 3507 4469 me

1916 4506 1971 4561 in
1991 4507 2142 4562 omni
2167 4506 2435 4578 adiutorio
2460 4506 2746 4578 adjuvetis.
2779 4505 3019 4563 Obsecro
3045 4522 3163 4573 vos,
3191 4520 3385 4563 novem
3415 4521 3507 4561 or-

1913 4595 2070 4652 dines
2093 4595 2431 4669 angelorum,
2459 4596 2703 4667 angelos,
2730 4596 3107 4668 archangelos,
3130 4596 3379 4661 virtutes,
3405 4610 3503 4666 po-

2147 4729 2161 4754 ,
2190 4688 2545 4760 principatus,
2574 4689 2990 4752 dominationes,
3029 4690 3271 4750 thronos,
3302 4686 3503 4742 ehem-

1915 4785 2027 4842 bim
2053 4795 2109 4841 et
2134 4786 2429 4857 seraphim,
2458 4794 2519 4841 ut
2548 4785 2897 4841 intercedatis
2927 4799 3025 4855 pro
3050 4797 3158 4851 me,
3187 4792 3250 4837 ut
3274 4782 3345 4838 sit
3369 4782 3505 4838 mibi

1916 4877 2180 4949 propitius
2216 4876 2466 4933 Christus
2501 4876 2670 4931 Filius
2709 4875 2805 4931 Dei
2839 4875 2967 4930 vivi.
3018 4872 3260 4930 Obsecro
3288 4872 3506 4929 divitias

1914 4972 2173 5029 bonitatis
2218 4978 2274 5027 et
2316 4969 2740 5041 longanimitatis
2786 4976 2843 5023 et
2889 4969 3160 5039 patientiae
3199 4974 3332 5031 tum,
3375 4963 3504 5020 Jesu

1918 5061 2134 5119 Christe
2160 5061 2263 5116 Fili
2298 5060 2396 5116 Dei
2433 5059 2688 5116 Salvator
2714 5067 2934 5115 noster:
2974 5060 3235 5115 miserere
3264 5058 3407 5123 mei,
3450 5064 3509 5112 et

1919 5154 2185 5226 propitius
2212 5160 2333 5208 esto
2360 5152 2491 5207 mihi
2519 5151 2826 5223 peccatori;
2874 5150 3003 5221 quia
3031 5163 3137 5203 non
3168 5148 3249 5203 vis
3274 5154 3505 5202 mortem

1920 5247 2242 5319 peccatoris,
2268 5245 2365 5301 sed
2393 5253 2453 5300 ut
2490 5251 2841 5300 convertatur
2866 5252 2921 5299 et
2945 5242 3125 5308 vivat;
3169 5255 3272 5298 nec
3295 5242 3504 5298 exstin-

1922 5338 2040 5409 guis
2069 5337 2237 5393 linum
2265 5336 2566 5407 fumigans,
2610 5344 2665 5391 et
2704 5336 3023 5391 arundinem
3051 5345 3365 5406 quassatam
3398 5349 3506 5391 non

1919 5426 2236 5499 confringis.
2284 5426 2394 5481 Fac
2421 5440 2508 5482 me
2533 5425 2671 5481 sicut
2701 5441 2866 5481 unum
2891 5426 2960 5481 de
2993 5424 3346 5481 mercenariis
3374 5426 3502 5491 tuis,

1918 5528 1974 5575 et
1998 5518 2208 5575 efﬁciar
2234 5534 2264 5572 a
2290 5526 2344 5573 te
2369 5519 2434 5575 de
2461 5534 2619 5574 servo
2644 5518 2890 5575 amicus:
2918 5525 2975 5574 et
2999 5517 3093 5573 fiat
3114 5517 3364 5575 voluntas
3389 5525 3508 5585 tua,

1916 5610 2059 5664 sicut
2084 5610 2139 5664 in
2163 5608 2303 5665 ctelo
2327 5617 2383 5664 et
2407 5609 2461 5664 in
2488 5618 2655 5664 terra.

1990 5747 2248 5805 ORATIO
2285 5746 2527 5803 SANCTI
2564 5745 2946 5803 HIERONYMI
2979 5744 3433 5802 PRESBYTER].

1991 5841 2216 5898 Domine
2237 5841 2363 5898 Jesu
2386 5842 2620 5906 Christe,
2643 5841 2735 5912 qui
2762 5858 2850 5898 me
2873 5842 3122 5914 dignatus
3145 5840 3294 5897 fuisti
3319 5854 3509 5897 creare

1921 5931 1988 5986 ad
2016 5932 2308 6005 imaginem
2339 5940 2506 5999 tuam,
2535 5940 2589 5987 ct
2615 5931 2884 5989 redimere
2912 5932 2977 5989 de
3004 5945 3096 5989 tuo
3120 5938 3356 6006 pretioso
3385 5946 3506 5987 sau-
