4112 6588
525 327 635 382 005

1352 318 1411 374 Β.
1453 317 1513 371 F.
1557 309 1782 368 ALBINI
1822 304 1949 364 SEU
1994 300 2276 359 ALCUI‘NI
2315 300 2604 357 OPERL'M
2641 299 2822 355 PARS
2861 297 2950 354 IV.

3725 289 3834 347 ὅθί

527 446 691 518 guine
716 461 728 496 :
764 441 857 514 qui
889 441 1030 494 intra
1061 438 1257 493 matris
1283 438 1521 498 viscera,
1552 448 1672 488 mea
1696 429 1942 484 membra
1974 439 2120 479 com-
2152 421 2204 480 Α
2231 426 2285 474 et
2312 418 2546 482 reducis,
2582 424 2633 472 in
2665 417 2932 472 Trinitate
2958 429 3176 485 semper
3199 426 3529 484 permanens
3554 409 3607 466 in
3634 410 3838 466 smcula

527 515 822 608 paginasti,
849 541 904 586 et
928 531 997 585 ad
1026 530 1183 584 istius
1207 528 1332 582 vita:
1357 527 1533 583 lucem
1564 518 1886 595 perduxisti.
1930 515 2131 570 Precor

523 606 901 680 dulcissimam
923 621 1182 692 pietatem
1206 628 1376 681 tuam,
1399 625 1456 670 ut
1477 630 1564 670 me
1583 623 1676 668 tuo
1698 609 1904 666 caelesti
1929 606 2132 660 lumine

531 716 840 772 illuminare
869 712 1132 785 digneris,
1179 719 1236 765 et
1281 710 1402 764 vias
1429 704 1668 778 paradisi
1695 701 1828 758 mihi
1852 698 2129 760 ostendas,

531 818 588 865 et
610 807 679 863 ad
700 814 919 878 portum
941 804 1132 861 salutis
1153 813 1375 858 :etcrua:
1396 798 1680 870 perducas.
1718 793 1944 848 Domine
1972 790 2135 844 mise-

535 899 931 964 ricordissime,
957 897 1182 969 dignare
1210 895 1264 949 in
1291 909 1378 948 me
1407 889 1703 947 accendere
1726 886 1906 957 ignem
1933 880 2138 936 amoris

533 993 647 1058 tui,
674 992 768 1064 qui
799 997 1023 1063 peccata
1052 1004 1172 1044 mea
1200 992 1521 1048 consumat,
1567 989 1624 1037 et
1649 979 1717 1034 ad
1742 985 1894 1032 tuum
1922 973 2139 1030 deside-

536 1086 681 1142 rium
708 1099 928 1154 semper
953 1080 1249 1145 accendat;
1297 1085 1358 1134 et
1399 1074 1612 1133 habitet
1647 1070 1886 1142 Spiritus
1911 1073 2140 1123 sanctus

535 1181 593 1236 in
624 1179 791 1236 corde
820 1193 959 1240 meo,
991 1177 1082 1248 qui
1112 1190 1201 1230 me
1227 1174 1426 1230 doceat
1451 1171 1634 1226 facere
1659 1167 1965 1223 voluntates
1991 1171 2134 1219 tuas.

537 1273 768 1330 Domine
795 1272 1043 1342 piissime
1073 1268 1257 1331 Pater,
1302 1264 1560 1322 mollifica
1603 1277 1701 1318 cor
1728 1274 1911 1316 meum
1940 1259 2138 1314 durum

535 1375 595 1423 et
618 1365 911 1438 lapideum.
948 1361 1172 1432 Largire
1199 1359 1332 1415 mihi
1356 1353 1830 1427 compunctionem
1853 1349 2058 1416 cordis,
2081 1354 2142 1402 ut

539 1459 609 1515 de
661 1464 816 1513 reatu
868 1463 1218 1527 peccatorum
1273 1461 1522 1505 meorum
1568 1442 1821 1516 profusas
1868 1442 2140 1511 lacrymas

536 1559 663 1607 ante
690 1549 1042 1605 clementiam
1072 1554 1222 1600 tuam
1251 1541 1496 1598 fundam.
1549 1537 1800 1596 Concede
1844 1535 1999 1601 mihi,
2037 1534 2142 1590 Do-

537 1643 705 1707 mine,
749 1641 1021 1710 lacrymas
1065 1637 1274 1703 Mariae,
1325 1648 1447 1707 quae
1494 1631 1660 1703 pedes
1704 1638 1824 1685 tuos
1866 1632 2143 1698 unguento

539 1735 714 1798 unxit,
740 1733 995 1805 lacrymis
1018 1730 1237 1800 rigavit,
1265 1738 1323 1785 et
1347 1727 1500 1783 crine
1527 1725 1701 1780 tersit.
1735 1721 1985 1779 Concede
2012 1717 2142 1774 mihi

2234 510 2576 566 stcculorum.

2585 601 2844 658 ORATIO
2884 599 2964 657 SA
2973 599 3131 655 NCT!
3173 596 3478 653 MARTINI.

2308 693 2451 748 Deus
2475 692 2680 764 gloriae,
2707 693 2801 764 qui
2827 706 2969 747 unus
2993 697 3048 746 et
3072 703 3256 753 verus,
3287 689 3376 758 qui
3405 687 3554 743 solus
3580 697 3634 743 et
3654 686 3843 758 justus

2236 798 2316 846 es,
2351 786 2404 836 in
2431 797 2542 852 quo
2567 782 2748 836 omnia
2765 821 2782 848 ,
2814 779 2916 836 sub
2943 795 3054 852 quo
3081 780 3262 834 omnia
3282 822 3297 845 ,
3337 793 3434 850 per
3461 793 3620 848 quem
3650 778 3840 834 omnia

2238 879 2382 933 facta
2413 884 2558 933 sunt.
2598 876 2808 932 Exaudi
2835 892 2923 932 me
2948 883 3196 932 orantem
3215 917 3230 939 ,
3262 876 3403 930 sicut
3427 872 3697 930 exaudisti
3723 879 3844 929 tres

2237 987 2439 1044 pueros
2468 973 2534 1027 de
2568 970 2788 1025 camino
2829 968 2970 1040 ignis
2999 966 3262 1023 ardentis.
3315 965 3524 1022 Exaudi
3554 979 3640 1021 me
3667 979 3839 1020 oran-

2241 1075 2350 1120 tem
2370 1107 2382 1128 ,
2417 1064 2561 1122 sieut
2584 1063 2854 1119 exaudisti
2880 1059 3074 1117 Jonam
3107 1061 3174 1116 de
3208 1069 3400 1115 ventre
3429 1060 3578 1116 coeti.
3629 1058 3849 1114 Exaudi

2240 1171 2328 1213 me
2353 1165 2602 1213 orantem
2619 1198 2634 1222 ,
2671 1157 2816 1212 sicut
2842 1153 3112 1210 exaudistl
3139 1151 3445 1208 Susannam
3463 1194 3476 1217 ,
3507 1159 3564 1206 et
3589 1151 3844 1206 liberasti

2241 1267 2364 1308 eam
2388 1252 2455 1308 de
2483 1266 2649 1306 manu
2677 1250 2988 1317 iniquorum
3018 1247 3260 1303 testium.
3312 1246 3521 1301 Exaudi
3554 1260 3640 1300 me
3674 1259 3844 1300 oran—

2243 1352 2351 1398 tem
2372 1385 2387 1409 ,
2416 1342 2559 1398 sicut
2586 1339 2860 1397 exaudisti
2885 1339 3108 1395 Petrum
3139 1339 3194 1393 in
3224 1338 3364 1392 mari
3384 1379 3398 1402 ,
3439 1344 3496 1393 et
3519 1334 3750 1392 Paulum
3786 1337 3846 1391 in

2242 1435 2488 1492 vinculis.
2513 1435 2683 1492 Parce
2703 1434 2900 1490 anima:
2919 1448 3084 1488 meae:
3111 1447 3279 1502 parce
3299 1430 3459 1488 factis
3477 1429 3648 1486 meis:
3675 1445 3848 1500 parce

2245 1528 2457 1583 cunctis
2485 1525 2809 1583 criminibus
2835 1525 3056 1592 nostris,
3087 1525 3183 1594 qui
3221 1537 3420 1595 regnas
3443 1535 3567 1578 cum
3597 1521 3761 1579 Patre
3792 1530 3851 1578 et

2245 1620 2384 1676 Filio
2409 1621 2463 1676 in
2492 1619 2709 1676 secula.

2545 1733 2806 1792 ORATIO
2843 1733 3092 1790 S‘ANCTI
3129 1729 3548 1788 COLUMBANI.

539 1794 709 1882 fidem
732 1794 980 1888 latronis,
1006 1794 1100 1894 qui
1139 1825 1192 1877 in
1222 1794 1387 1877 cruce
1411 1819 1621 1890 positus
1649 1825 1703 1874 te
1730 1813 2012 1871 confessus
2035 1823 2140 1879 est,
2173 1794 2219 1858 Β
2323 1828 2550 1884 nomine
2579 1828 2745 1893 Deus,
2777 1826 3018 1891 destmc,
3057 1832 3114 1879 ρι
3143 1823 3406 1896 quidquid
3438 1823 3491 1877 ίη
3526 1835 3612 1879 ,ηε
3637 1821 3854 1892 manu;

541 1914 754 1972 dice‘ns:
780 1913 1044 1970 lamenta
1067 1913 1191 1977 mei,
1213 1910 1458 1973 Domine,
1481 1924 1604 1963 cum
1625 1908 1825 1963 veneris
1845 1907 1902 1960 in
1925 1920 2143 1975 regnum

540 2020 690 2062 tuum
718 2007 870 2080 (Luc.
899 2023 1057 2071 χχιιι,
1085 2002 1176 2075 42)
1203 2020 1217 2070 ;
1257 2010 1313 2058 et
1348 2001 1537 2058 audire
1562 1998 1764 2056 meruit
1788 2017 1801 2052 :
1833 1996 2000 2052 Amen
2022 1996 2143 2050 dico

539 2098 674 2164 tibi,
723 2097 880 2153 hodie
925 2113 1129 2153 mecum
1179 2095 1283 2149 eris
1332 2095 1390 2148 in
1433 2091 1687 2164 paradiso
1719 2087 1911 2162 (Ibid.,
1953 2106 2001 2143 υ.
2028 2087 2142 2160 45).

540 2189 746 2246 Ρτωδαι
785 2191 953 2256 mihi,
991 2188 1337 2262 omnipotens
1375 2185 1551 2249 Deus,
1589 2193 1653 2239 ut
1689 2184 1744 2238 in
1782 2181 1877 2238 illa
1913 2182 2002 2238 die
2037 2197 2147 2252 qua

540 2283 770 2354 iusseris
817 2283 1057 2337 animam
1109 2295 1287 2336 meam
1323 2294 1357 2335 a
1387 2292 1618 2348 corpore
1661 2275 1935 2347 separari,
1987 2275 2144 2345 121

545 2375 694 2448 piam
737 2373 1065 2431 sententiam
1115 2357 1330 2428 merear
1375 2371 1597 2436 audire,
1650 2377 1706 2424 et
1751 2367 1931 2439 angeli
1976 2367 2150 2423 sancti

542 2467 848 2538 perducant
885 2466 1126 2521 animam
1167 2480 1343 2520 meam
1375 2460 1443 2519 ad
1472 2461 1670 2535 gaudia
1693 2459 1987 2531 justorum.
2041 2459 2138 2513 An-

545 2560 648 2634 geli
677 2576 808 2615 vero
837 2559 1006 2630 iniqui
1038 2560 1226 2614 tristes
1249 2557 1550 2613 abscedant
1572 2570 1606 2610 a
1635 2569 1742 2610 me.
1777 2551 2058 2623 Dirigatur
2084 2551 2154 2607 ad

547 2664 619 2720 te,
648 2653 895 2718 Domine,
918 2652 1096 2708 oratio
1119 2666 1266 2716 mea,
1288 2651 1428 2707 sicut
1453 2643 1737 2705 incensum
1766 2646 1822 2700 in
1851 2652 2151 2714 conspectu

547 2753 657 2800 tuo.
696 2743 933 2811 Exaudi,
960 2743 1210 2809 Domine,
1235 2757 1425 2799 vocem
1456 2755 1656 2806 meam,
1689 2755 1797 2810 qua
1825 2737 2057 2793 clamavi
2086 2737 2154 2792 ad

548 2846 624 2903 te,
650 2839 910 2894 miserere
953 2837 1060 2893 mei
1082 2842 1138 2893 et
1157 2835 1358 2894 exaudi
1381 2850 1491 2892 me.
1528 2833 1780 2897 Domine,
1803 2830 2002 2886 exaudi
2031 2845 2157 2886 ora-

547 2928 755 2985 tionem
779 2942 978 2994 meam,
1005 2935 1062 2983 et
1084 2926 1295 2983 clamor
1322 2939 1478 2981 meus
1505 2923 1577 2981 ad
1601 2931 1654 2978 te
1685 2921 1888 2979 veniat.

1081 3038 1250 3096 ITEM
1289 3037 1623 3096 EJUSDEM.

2247 1921 2616 1985 adversarius,
2643 1917 2897 1982 eradica;
2939 1924 3002 1971 ut
3030 1915 3322 1971 destructis
3351 1913 3754 1986 iniquitatibus,
3793 1913 3851 1969 in

2247 2031 2310 2072 os
2337 2022 2392 2071 et
2415 2029 2514 2070 cor
2539 2027 2720 2069 meum
2748 2010 3082 2067 intellectum
3117 2019 3174 2066 et
3195 2023 3334 2080 opus
3361 2009 3561 2064 bonum
3594 2007 3847 2063 inseras:

2249 2112 2310 2160 ut
2337 2120 2504 2176 opere
2531 2110 2587 2159 et
2614 2102 2894 2159 voluntate
2923 2101 3022 2157 tibi
3059 2100 3163 2157 soli
3193 2101 3526 2165 deserviam,
3564 2107 3620 2154 et
3648 2096 3850 2155 intelli-

2249 2210 2374 2266 gam
2404 2195 2661 2251 mandata
2692 2201 2785 2249 tua
2805 2233 2822 2259 ,
2856 2201 2913 2248 et
2940 2192 3174 2263 teipsum
3206 2190 3505 2262 requiram.
3540 2190 3618 2245 Da
3642 2205 3854 2246 memo-

2252 2287 2411 2342 riam.
2453 2285 2534 2342 Da
2557 2285 2907 2342 charitatem.
2950 2283 3030 2340 Da
3063 2283 3404 2339 castitatem.
3437 2282 3518 2338 Da
3548 2282 3728 2339 ﬁdem.
3773 2282 3854 2339 Da

2251 2393 2431 2443 omne,
2461 2377 2606 2450 quod
2633 2379 2742 2436 scis
2765 2377 2835 2433 ad
2854 2377 3146 2434 utilitatem
3173 2375 3368 2433 animae
3392 2391 3530 2433 meae.
3553 2376 3849 2448 pertinere.

2253 2471 2502 2538 Domine,
2531 2472 2618 2529 fac
2642 2473 2699 2529 in
2726 2488 2814 2529 me
2836 2473 3060 2539 bonum,
3087 2479 3142 2529 et
3166 2479 3366 2543 praesta
3392 2469 3546 2536 mihi,
3577 2471 3720 2543 quod
3742 2470 3855 2528 scis

2253 2572 2530 2636 oportere,
2559 2565 2651 2636 qui
2678 2581 2897 2638 regnas.

2619 2681 2878 2740 ORATIO
2917 2681 3168 2740 SANCTI
3204 2680 3476 2738 ISIDORI.

2329 2780 2432 2848 Tu,
2460 2779 2709 2846 Domine,
2738 2792 2902 2834 verus
2932 2778 3122 2834 doctor
3150 2783 3205 2832 et
3233 2777 3528 2848 priestitor,
3558 2776 3860 2850 advocatus

2255 2883 2312 2931 et
2333 2873 2526 2946 judex,
2567 2873 2794 2945 largitor
2822 2883 2878 2928 et
2909 2873 3186 2928 monitor:
3225 2871 3484 2927 terribilis
3511 2879 3567 2926 et
3591 2870 3858 2939 clemens,

2257 2968 2474 3039 adjutor
2523 2977 2577 3023 et
2625 2966 2966 3031 consolator,
3021 2966 3112 3036 qui
3158 2965 3319 3021 caecis
3365 2964 3640 3019 mentibus
3687 2965 3863 3021 donas

2256 3071 2554 3134 aspectum,
2586 3062 2678 3133 qui
2705 3061 2843 3117 facis
2875 3057 3110 3114 inﬁrmis
3128 3056 3388 3130 possibile
3425 3058 3569 3129 quod
3587 3057 3862 3129 praecipis,

626 3156 702 3212 Da
733 3156 863 3211 mihi
883 3195 899 3221 ,
928 3153 1193 3218 Domine,
1222 3151 1695 3222 compunctionem
1725 3150 1926 3214 cordis,
1976 3158 2033 3205 et
2077 3150 2154 3204 la-

2260 3156 2354 3226 qui
2384 3155 2461 3211 sic
2485 3155 2609 3226 pius
2637 3168 2729 3216 es,
2771 3161 2833 3208 ut
2871 3151 3090 3208 assidue
3118 3149 3301 3221 rogari
3331 3147 3498 3215 velis;
3532 3150 3613 3206 sic
3640 3149 3864 3205 munifi-

552 3262 774 3322 crymas
797 3245 971 3302 oculis
999 3244 1170 3308 meis;
1215 3250 1276 3297 ut
1314 3239 1545 3297 deﬂeam
1577 3239 1770 3295 diebus
1805 3254 1872 3296 ac
1907 3240 2157 3295 noctibus

553 3355 746 3397 omnes
767 3339 882 3394 dies
903 3335 1244 3410 negligentia:
1271 3347 1409 3390 mea:
1438 3347 1561 3388 cum
1591 3331 1896 3387 humilitate
1925 3341 1982 3387 et
2010 3332 2159 3403 puri-

556 3444 668 3489 tate
688 3431 868 3488 cordis
887 3439 944 3487 et
959 3429 1250 3485 charitate.
1279 3426 1578 3498 Appropiat
1599 3424 1779 3480 oratio
1801 3439 1922 3480 mea
1950 3424 2005 3479 in
2031 3438 2160 3480 con-

556 3541 747 3601 Spectu
770 3532 890 3582 'tuo.
929 3523 986 3580 Si
1020 3525 1193 3579 iratus
1221 3521 1410 3586 fueris,
1438 3519 1684 3586 Domine,
1717 3518 2009 3573 adversum
2036 3532 2155 3583 me;

558 3636 721 3692 quem
749 3619 1052 3691 adiutorem
1070 3629 1339 3688 quaeram,
1368 3622 1464 3667 aut
1485 3612 1610 3682 quis
1637 3610 1985 3666 miserebitur
2012 3607 2162 3664 inﬁr-

557 3715 839 3770 mitatibus
860 3707 1032 3765 meis?
1056 3707 1347 3770 Memento,
1367 3703 1616 3768 Domine,
1633 3701 1779 3774 quod
1794 3700 2160 3756 Chananazam

561 3819 617 3866 et
644 3807 998 3864 Publicauum
1027 3801 1233 3858 vocasti
1282 3801 1349 3856 ad
1395 3797 1806 3870 paenitentiam,
1846 3802 1904 3851 et
1938 3792 2163 3848 Petrum

561 3901 955 3971 lacrymantem
1007 3893 1326 3964 suscepisti;
1368 3892 1448 3947 sic
1483 3899 1538 3945 et
1574 3903 1724 3944 meas
1766 3886 2047 3956 suscipere
2081 3882 2164 3940 di-

564 3994 750 4067 gneris
775 4005 987 4064 preces,
1025 3989 1337 4045 misericors
1377 3986 1541 4050 Deus,
1589 3983 1736 4040 salva
1771 3996 1880 4048 me,
1913 3979 2166 4036 Salvator

563 4087 775 4150 mundi,
805 4085 896 4156 qui
926 4096 1144 4155 regnas.

870 4195 1128 4253 ORATIO
1167 4192 1414 4250 SANCTI
1453 4189 1861 4246 HIERONYMI.

637 4291 750 4364 Ego
782 4302 860 4355 te,
903 4289 1129 4345 Domine
1157 4285 1287 4343 Iesu
1317 4283 1567 4348 Christe,
1600 4299 1728 4337 vere
1760 4281 1944 4344 credo,
1977 4296 2166 4336 verum

569 4388 777 4452 fateor;
821 4386 949 4456 quia
979 4399 1107 4439 vere
1147 4380 1426 4437 redemisti
1472 4393 1571 4433 nos
1600 4397 1611 4431 :
1659 4391 1809 4441 vere,
1840 4375 1966 4446 quia
1996 4373 2169 4428 viviﬁ-

567 4481 708 4538 casti
732 4495 859 4544 nos;
893 4491 1106 4539 verum,
1130 4475 1256 4544 quia
1281 4471 1502 4527 salvasti
1531 4485 1649 4524 nos.
1683 4467 1764 4523 Tu
1790 4466 1980 4523 fortior
2003 4465 2163 4531 forte,

2262 3265 2377 3315 cus,
2412 3256 2472 3305 ut
2498 3247 2773 3304 neminem
2800 3245 3095 3315 desperare
3121 3242 3427 3315 permittas.
3461 3242 3612 3297 Dona
3638 3243 3784 3313 quod
3811 3251 3866 3298 te

2260 3351 2552 3417 praestante
2584 3343 2724 3398 bene
2750 3339 3068 3411 quzerimus,
3109 3353 3274 3408 parce
3314 3345 3370 3392 et
3410 3337 3616 3408 perduc
3654 3351 3753 3391 nos
3794 3336 3862 3390 ad

2262 3439 2411 3494 illam
2444 3433 2987 3505 contemplationem,
3038 3431 3132 3486 ubi
3174 3429 3290 3500 jam
3321 3444 3428 3484 non
3466 3429 3739 3501 possimus
3779 3443 3871 3482 er-

2264 3546 2407 3587 rare.
2459 3530 2612 3584 Dona
2640 3528 2868 3591 facere,
2918 3541 3038 3596 qua:
3069 3531 3122 3581 te
3168 3525 3474 3596 inspirante
3521 3523 3670 3595 loqui
3717 3538 3864 3594 pra:-

2264 3623 2490 3693 sumpsi.
2543 3621 2696 3674 Dona
2730 3618 3040 3689 complere,
3088 3631 3210 3688 quae
3239 3615 3385 3671 alios
3415 3615 3760 3682 commoniti,
3807 3623 3872 3670 ut

2264 3714 2360 3786 qui
2390 3711 2694 3783 praestitisti
2725 3711 2876 3782 pium
2903 3723 3246 3775 sermonem,
3282 3705 3618 3778 probabilem
3647 3723 3868 3778 quoque

2266 3802 2517 3861 conferas
2546 3803 2657 3858 tuis
2681 3800 2904 3856 famulis
2931 3800 3242 3856 actionem-
3273 3797 3470 3853 Libera
3501 3812 3624 3863 nos,
3651 3805 3869 3852 amator

2268 3898 2548 3955 hominum
2582 3894 2993 3967 benignissime,
3031 3891 3101 3948 ab
3143 3891 3236 3947 illo
3280 3891 3556 3962 periculo;
3610 3906 3678 3946 ne
3722 3890 3870 3946 sicut

2268 3992 2401 4049 dicit
2422 3989 2735 4062 Apostolus,
2761 3989 2887 4044 dum
2918 3988 3041 4044 aliis
3065 3986 3325 4057 praedico,
3357 3984 3475 4055 ipse
3497 3985 3760 4054 reprobus
3789 3983 3873 4037 in-

2269 4085 2478 4140 veniar.
2531 4083 2708 4151 Quam
2754 4081 2958 4137 infirmi
3009 4081 3220 4146 simus,
3270 4087 3330 4135 tu
3372 4078 3644 4134 veraciter
3685 4078 3872 4142 nosti;

2269 4179 2416 4251 quali
2462 4179 2620 4234 hoste
2664 4175 3058 4247 deprimamur,
3089 4173 3381 4246 agnoscis:
3418 4171 3496 4228 Te
3523 4171 3720 4241 quaerit
3745 4184 3872 4225 cer-

2270 4280 2454 4326 tamen
2484 4270 2680 4338 impar.
2733 4266 2811 4322 Te
2851 4267 3059 4338 expetit
3089 4264 3338 4321 mortalis
3367 4263 3695 4329 infirmitas;
3743 4263 3874 4333 quia

2271 4363 2575 4434 majestatis
2607 4370 2712 4418 tua:
2737 4360 2911 4433 gloria
2939 4367 3056 4428 est,
3107 4360 3152 4416 si
3197 4359 3282 4415 leo
3313 4359 3534 4430 rugiens
3561 4358 3630 4412 ab
3658 4356 3876 4411 inﬁrma

2272 4473 2373 4514 ove
2401 4464 2720 4528 superetur;
2754 4457 2800 4511 si
2825 4455 3050 4526 spiritus
3080 4455 3239 4526 122
3265 4453 3692 4510 violentissimus
3715 4469 3748 4506 a
3773 4453 3874 4508 de-

569 4577 745 4630 victor
784 4575 837 4628 in
882 4571 1086 4643 proelio,
1135 4534 1472 4640 pmparator
1511 4564 1652 4619 vitae.
1710 4560 1790 4618 Tu
1840 4560 2169 4616 resurrectio
2194 4534 2246 4593 ἶ)
2273 4551 2540 4607 bilissima
2571 4565 2738 4605 carne
2761 4550 3030 4604 vincatur.
3066 4547 3158 4604 Ille
3185 4549 3280 4618 qui
3309 4547 3378 4604 de
3407 4545 3548 4603 cmlo
3577 4546 3794 4611 cecidit,
3820 4556 3880 4601 et

570 4677 931 4725 mortuorum.
973 4663 1088 4718 Tua
1115 4676 1303 4716 sumus
1327 4673 1476 4724 vasa,
1509 4666 1566 4710 tu
1595 4663 1780 4711 noster
1810 4651 2024 4724 ﬁgulus.
2061 4651 2171 4706 Ro-

571 4776 761 4836 gamus
807 4768 880 4824 te,
925 4756 1176 4822 Domine,
1224 4762 1284 4807 ut
1330 4767 1503 4807 vacua
1551 4748 1745 4822 spiritu
1787 4752 1880 4801 tuo
1921 4743 2166 4814 impleas,

571 4855 728 4928 plena
757 4865 1070 4909 conserves.
1112 4847 1189 4903 Te
1217 4846 1270 4900 in
1299 4845 1462 4901 Patre
1494 4841 1806 4899 credimus:
1840 4839 2058 4895 Patrem
2095 4837 2169 4892 si-

575 4946 775 5003 militer
803 4945 858 4999 in
890 4952 943 4998 te
972 4941 1316 5005 conﬁtemur,
1358 4935 1622 5008 Spiritum
1660 4947 1878 5004 quoque
1916 4937 2166 4985 sanctum

577 5039 631 5094 in
681 5045 913 5104 utroque
956 5045 1301 5088 veneramur.
1354 5025 1580 5083 Trinum
1628 5023 1798 5080 Deum
1845 5021 2074 5078 colimus
2117 5021 2171 5075 in

575 5127 856 5202 personis,
905 5139 1074 5180 unum
1123 5123 1178 5177 in
1225 5119 1528 5176 substantia
1559 5117 1797 5172 deitatis.
1837 5112 2035 5170 Munda
2065 5127 2171 5178 me,

577 5222 828 5286 Domine,
860 5234 954 5273 vas
997 5226 1180 5282 tuum,
1225 5222 1282 5269 et
1309 5209 1621 5276 sanctifica,
1664 5209 1808 5280 quod
1848 5207 2066 5264 fecisti:
2107 5205 2176 5260 de

579 5315 784 5372 malitia
812 5326 1039 5376 evacua,
1068 5317 1125 5365 et
1154 5305 1316 5380 imple
1345 5307 1410 5361 de
1442 5302 1637 5375 gratia.
1677 5299 1884 5356 Praesta
1913 5298 2078 5361 mihi,
2117 5305 2178 5352 ut

579 5407 878 5464 fraternam
904 5418 1119 5474 semper
1145 5411 1358 5455 teneam
1388 5398 1710 5454 charitatcm
1736 5414 1748 5449 :
1791 5392 1930 5448 mala
1954 5390 2176 5449 oblivis-

578 5519 697 5568 car,
730 5502 906 5557 aliena
951 5515 1059 5553 non
1103 5496 1400 5567 requiram.
1455 5491 1530 5546 Te
1575 5491 1750 5546 solum
1798 5490 2196 5545 creaturarum

583 5596 848 5658 omnium,
877 5593 970 5664 qui
996 5605 1138 5646 unus
1163 5598 1218 5645 et
1245 5603 1404 5643 verus
1428 5601 1505 5648 es,
1536 5598 1751 5655 semper
1770 5582 1991 5654 diligam
2013 5579 2179 5636 Crea-

587 5697 781 5749 torem,
815 5685 907 5755 qui
939 5679 1232 5737 Inortiﬁcas
1259 5687 1308 5732 ct
1339 5676 1599 5737 vhiftcas,
1634 5673 1853 5730 deducis
1885 5672 1947 5727 ad
1979 5669 2181 5726 inferos

660 5828 684 5862 ³
711 5819 784 5873 Et
817 5815 968 5874 libris
995 5814 1451 5884 Synonymorum.

2276 4643 2366 4699 hic
2393 4656 2446 4697 te
2471 4650 2743 4713 pugnante
2767 4641 3062 4705 subdatur;
3093 4648 3155 4694 ut
3181 4639 3231 4695 si
3259 4647 3587 4710 potestatem
3611 4638 3784 4709 ipsius
3807 4639 3877 4693 ad

2276 4743 2492 4804 tempus
2534 4739 2626 4786 tua
2669 4731 3030 4801 permissione
3067 4731 3326 4802 patimur,
3373 4745 3716 4802 nequaquam
3757 4732 3879 4802 ejus

2277 4825 2674 4884 insatiabilibus
2695 4823 2945 4880 faucibus
2967 4823 3310 4880 sorbeamnr.
3343 4822 3457 4879 Fac
3482 4821 3632 4878 illum
3661 4823 3876 4879 tristem

2275 4919 2344 4975 de
2369 4918 2609 4974 humana
2639 4916 2848 4981 laetitia,
2876 4915 2971 4987 qui
2996 4915 3065 4972 de
3084 4914 3384 4971 offensione
3405 4921 3593 4970 nostra
3613 4913 3874 4980 exsultat,

2275 5013 2492 5068 Christe
2514 5008 2642 5066 Iesu
2669 5007 2924 5063 Salvator
2949 5007 3158 5062 mundi.

2774 5121 2938 5177 ITEM
2980 5118 3292 5176 EJUSDEM
3314 5131 3364 5168 δ.

2349 5218 2468 5286 Quo
2499 5217 2626 5274 ﬂetu
2656 5215 2799 5272 mala
2830 5229 2948 5270 mea
2979 5212 3110 5268 ﬂere
3140 5211 3431 5282 incipiam,
3470 5209 3669 5280 quibus
3704 5208 3880 5280 lacry-

2280 5313 2382 5368 mis
2407 5310 2651 5367 facinora
2681 5323 2801 5364 mea
2831 5307 3044 5380 lugeam
3062 5347 3077 5372 ,
3121 5305 3322 5375 quibus
3349 5301 3566 5358 ﬂetibus
3602 5301 3881 5370 angustias

2283 5419 2434 5461 meas
2462 5399 2758 5474 plangam?
2794 5399 3028 5455 Peccata
3068 5412 3189 5452 mea
3231 5393 3367 5451 mihi
3413 5407 3638 5450 sensum
3677 5391 3886 5448 doloris

2283 5498 2544 5553 tulerunt.
2576 5492 2621 5549 O
2648 5492 2942 5564 lacrymae!
2977 5491 3069 5546 ubi
3100 5503 3197 5542 vos
3225 5483 3604 5542 subduxistis?
3631 5483 3724 5539 ubi
3747 5482 3895 5538 estis

2283 5589 2462 5646 fontes
2489 5584 2895 5658 lacrymarum?
2928 5583 3018 5638 ubi
3047 5597 3106 5637 es
3134 5578 3390 5635 tumroris
3419 5577 3605 5633 unda?
3632 5574 3722 5631 ubi
3747 5575 3884 5631 estis

2285 5681 2562 5738 lamenta?
2603 5695 2709 5749 quo
2736 5676 2953 5749 fugistis
2983 5673 3182 5730 fletus?
3221 5687 3327 5742 quo
3360 5670 3568 5726 abiistis
3597 5665 3885 5740 ploratus?
