  <div class='ocr_page' id='page_1' title='image "/cluster/home/n/w/nwhite01/storage/ocr_20150623/101/umn.31951002477394h/316.png"; bbox 0 0 4112 6644; ppageno 0'>
   <div class='ocr_carea' id='block_1_1' title="bbox 325 501 428 556">
    <p class='ocr_par' dir='ltr' id='par_1_1' title="bbox 325 501 428 556">
     <span class='ocr_line' id='line_1_1' title="bbox 325 501 428 556; baseline 0.01 -1"><span class='ocrx_word' id='word_1_1' title='bbox 325 501 428 556; x_wconf 74' lang='lat'><strong>€03</strong></span> 
     </span>
    </p>
   </div>
   <div class='ocr_carea' id='block_1_2' title="bbox 1323 500 2620 562">
    <p class='ocr_par' dir='ltr' id='par_1_2' title="bbox 1323 500 2620 562">
     <span class='ocr_line' id='line_1_2' title="bbox 1323 500 2620 562; baseline -0.005 -2"><span class='ocrx_word' id='word_1_2' title='bbox 1323 505 1718 562; x_wconf 54' lang='lat' dir='ltr'><strong>Ll&#39;l‘L&#39;llGlCA.</strong></span> <span class='ocrx_word' id='word_1_3' title='bbox 1762 536 1830 543; x_wconf 95' lang='lat'><strong>—</strong></span> <span class='ocrx_word' id='word_1_4' title='bbox 1869 502 2137 559; x_wconf 65' lang='lat' dir='ltr'><strong>OFl’lCH</strong></span> <span class='ocrx_word' id='word_1_5' title='bbox 2178 501 2310 555; x_wconf 70' lang='lat' dir='ltr'><strong>PI-ll‘t</strong></span> <span class='ocrx_word' id='word_1_6' title='bbox 2351 500 2620 555; x_wconf 58' lang='lat' dir='ltr'><strong>FEIIIAS.</strong></span> 
     </span>
    </p>
   </div>
   <div class='ocr_carea' id='block_1_3' title="bbox 3515 501 3622 556">
    <p class='ocr_par' dir='ltr' id='par_1_3' title="bbox 3515 501 3622 556">
     <span class='ocr_line' id='line_1_3' title="bbox 3515 501 3622 556; baseline 0 0"><span class='ocrx_word' id='word_1_7' title='bbox 3515 501 3622 556; x_wconf 76' lang='lat'><strong>606</strong></span> 
     </span>
    </p>
   </div>
   <div class='ocr_carea' id='block_1_4' title="bbox 325 613 3625 688">
    <p class='ocr_par' dir='ltr' id='par_1_4' title="bbox 325 613 3625 688">
     <span class='ocr_line' id='line_1_4' title="bbox 325 613 3625 688; baseline 0 -18"><span class='ocrx_word' id='word_1_8' title='bbox 325 618 534 683; x_wconf 74' lang='lat' dir='ltr'><strong>Redite,</strong></span> <span class='ocrx_word' id='word_1_9' title='bbox 566 618 793 672; x_wconf 82' lang='lat' dir='ltr'><strong>obsecro</strong></span> <span class='ocrx_word' id='word_1_10' title='bbox 825 633 938 682; x_wconf 85' lang='lat' dir='ltr'><strong>vos,</strong></span> <span class='ocrx_word' id='word_1_11' title='bbox 985 618 1036 670; x_wconf 89' lang='lat' dir='ltr'><strong>in</strong></span> <span class='ocrx_word' id='word_1_12' title='bbox 1078 617 1296 672; x_wconf 87' lang='lat' dir='ltr'><strong>nomine</strong></span> <span class='ocrx_word' id='word_1_13' title='bbox 1327 619 1538 673; x_wconf 85' lang='lat' dir='ltr'><strong>Domini</strong></span> <span class='ocrx_word' id='word_1_14' title='bbox 1579 619 1747 672; x_wconf 82' lang='lat' dir='ltr'><strong>nostri</strong></span> <span class='ocrx_word' id='word_1_15' title='bbox 1785 615 1912 671; x_wconf 74' lang='lat' dir='ltr'><strong>Jesu</strong></span> <span class='ocrx_word' id='word_1_16' title='bbox 1951 622 1989 677; x_wconf 73' lang='grc' dir='ltr'><strong>Λ</strong></span> <span class='ocrx_word' id='word_1_17' title='bbox 2021 615 2261 688; x_wconf 82' lang='lat' dir='ltr'><strong>irrigate.</strong></span> <span class='ocrx_word' id='word_1_18' title='bbox 2317 613 2516 669; x_wconf 81' lang='lat' dir='ltr'><strong>Plenus</strong></span> <span class='ocrx_word' id='word_1_19' title='bbox 2564 631 2683 667; x_wconf 89' lang='lat' dir='ltr'><strong>sum</strong></span> <span class='ocrx_word' id='word_1_20' title='bbox 2733 614 3062 681; x_wconf 72' lang='lat' dir='ltr'><strong>sceleribus,</strong></span> <span class='ocrx_word' id='word_1_21' title='bbox 3106 617 3299 686; x_wconf 84' lang='lat' dir='ltr'><strong>plenus</strong></span> <span class='ocrx_word' id='word_1_22' title='bbox 3325 631 3445 672; x_wconf 89' lang='lat' dir='ltr'><strong>sum</strong></span> <span class='ocrx_word' id='word_1_23' title='bbox 3473 617 3625 672; x_wconf 88' lang='lat' dir='ltr'><strong>vitiis</strong></span> 
     </span>
    </p>
   </div>
   <div class='ocr_carea' id='block_1_5' title="bbox 321 710 1917 782">
    <p class='ocr_par' dir='ltr' id='par_1_5' title="bbox 321 710 1917 782">
     <span class='ocr_line' id='line_1_5' title="bbox 321 710 1917 782; baseline -0.002 -16"><span class='ocrx_word' id='word_1_24' title='bbox 321 710 560 777; x_wconf 79' lang='lat' dir='ltr'><strong>Christi;</strong></span> <span class='ocrx_word' id='word_1_25' title='bbox 592 711 786 776; x_wconf 91' lang='lat' dir='ltr'><strong>redite,</strong></span> <span class='ocrx_word' id='word_1_26' title='bbox 811 712 1222 782; x_wconf 83' lang='lat' dir='ltr'><strong>progredimini,</strong></span> <span class='ocrx_word' id='word_1_27' title='bbox 1251 720 1305 766; x_wconf 75' lang='lat' dir='ltr'><strong>et</strong></span> <span class='ocrx_word' id='word_1_28' title='bbox 1331 713 1518 768; x_wconf 85' lang='lat' dir='ltr'><strong>oculos</strong></span> <span class='ocrx_word' id='word_1_29' title='bbox 1543 728 1693 768; x_wconf 89' lang='lat' dir='ltr'><strong>meos</strong></span> <span class='ocrx_word' id='word_1_30' title='bbox 1715 712 1917 780; x_wconf 77' lang='lat' dir='ltr'><strong>replete</strong></span> 
     </span>
    </p>
   </div>
   <div class='ocr_carea' id='block_1_6' title="bbox 323 803 1918 876">
    <p class='ocr_par' dir='ltr' id='par_1_6' title="bbox 323 803 1918 876">
     <span class='ocr_line' id='line_1_6' title="bbox 323 803 1918 876; baseline -0.003 -16"><span class='ocrx_word' id='word_1_31' title='bbox 323 803 597 875; x_wconf 78' lang='lat' dir='ltr'><strong>lacrymis.</strong></span> <span class='ocrx_word' id='word_1_32' title='bbox 649 803 930 860; x_wconf 80' lang='lat' dir='ltr'><strong>Noveniini</strong></span> <span class='ocrx_word' id='word_1_33' title='bbox 979 803 1158 860; x_wconf 88' lang='lat' dir='ltr'><strong>fontes</strong></span> <span class='ocrx_word' id='word_1_34' title='bbox 1203 805 1599 876; x_wconf 71' lang='lat' dir='ltr'><strong>lacrymarum.</strong></span> <span class='ocrx_word' id='word_1_35' title='bbox 1645 804 1918 874; x_wconf 74' lang='lat' dir='ltr'><strong>aspergite</strong></span> 
     </span>
    </p>
   </div>
   <div class='ocr_carea' id='block_1_7' title="bbox 323 895 1918 969">
    <p class='ocr_par' dir='ltr' id='par_1_7' title="bbox 323 895 1918 969">
     <span class='ocr_line' id='line_1_7' title="bbox 323 895 1918 969; baseline -0.001 -20"><span class='ocrx_word' id='word_1_36' title='bbox 323 911 409 950; x_wconf 87' lang='lat' dir='ltr'><strong>me</strong></span> <span class='ocrx_word' id='word_1_37' title='bbox 450 895 690 962; x_wconf 76' lang='lat' dir='ltr'><strong>fletibus,</strong></span> <span class='ocrx_word' id='word_1_38' title='bbox 734 895 885 952; x_wconf 80' lang='lat' dir='ltr'><strong>ﬂuite</strong></span> <span class='ocrx_word' id='word_1_39' title='bbox 929 913 1094 969; x_wconf 79' lang='lat' dir='ltr'><strong>super</strong></span> <span class='ocrx_word' id='word_1_40' title='bbox 1123 897 1316 952; x_wconf 90' lang='lat' dir='ltr'><strong>faciem</strong></span> <span class='ocrx_word' id='word_1_41' title='bbox 1359 913 1559 962; x_wconf 84' lang='lat' dir='ltr'><strong>meam,</strong></span> <span class='ocrx_word' id='word_1_42' title='bbox 1605 898 1918 952; x_wconf 84' lang='lat' dir='ltr'><strong>humectato</strong></span> 
     </span>
    </p>
   </div>
   <div class='ocr_carea' id='block_1_8' title="bbox 324 986 1916 1060">
    <p class='ocr_par' dir='ltr' id='par_1_8' title="bbox 324 986 1916 1060">
     <span class='ocr_line' id='line_1_8' title="bbox 324 986 1916 1060; baseline -0.002 -17"><span class='ocrx_word' id='word_1_43' title='bbox 324 987 575 1044; x_wconf 79' lang='lat' dir='ltr'><strong>maxillas</strong></span> <span class='ocrx_word' id='word_1_44' title='bbox 602 1003 772 1055; x_wconf 89' lang='lat' dir='ltr'><strong>meas,</strong></span> <span class='ocrx_word' id='word_1_45' title='bbox 799 1003 966 1060; x_wconf 81' lang='lat' dir='ltr'><strong>genas</strong></span> <span class='ocrx_word' id='word_1_46' title='bbox 991 1004 1140 1042; x_wconf 83' lang='lat' dir='ltr'><strong>meas</strong></span> <span class='ocrx_word' id='word_1_47' title='bbox 1167 989 1406 1059; x_wconf 83' lang='lat' dir='ltr'><strong>irrigate.</strong></span> <span class='ocrx_word' id='word_1_48' title='bbox 1442 988 1575 1042; x_wconf 85' lang='lat' dir='ltr'><strong>Date</strong></span> <span class='ocrx_word' id='word_1_49' title='bbox 1599 987 1730 1040; x_wconf 76' lang='lat' dir='ltr'><strong>mihi</strong></span> <span class='ocrx_word' id='word_1_50' title='bbox 1762 986 1916 1057; x_wconf 88' lang='lat' dir='ltr'><strong>plan-</strong></span> 
     </span>
    </p>
   </div>
   <div class='ocr_carea' id='block_1_9' title="bbox 319 1078 1917 1149">
    <p class='ocr_par' dir='ltr' id='par_1_9' title="bbox 319 1078 1917 1149">
     <span class='ocr_line' id='line_1_9' title="bbox 319 1078 1917 1149; baseline -0.004 -11"><span class='ocrx_word' id='word_1_51' title='bbox 319 1089 467 1138; x_wconf 81' lang='lat' dir='ltr'><strong>etum</strong></span> <span class='ocrx_word' id='word_1_52' title='bbox 495 1081 721 1137; x_wconf 79' lang='lat' dir='ltr'><strong>anxium</strong></span> <span class='ocrx_word' id='word_1_53' title='bbox 749 1089 806 1137; x_wconf 89' lang='lat' dir='ltr'><strong>et</strong></span> <span class='ocrx_word' id='word_1_54' title='bbox 833 1096 1103 1136; x_wconf 86' lang='lat' dir='ltr'><strong>amarum.</strong></span> <span class='ocrx_word' id='word_1_55' title='bbox 1137 1079 1250 1149; x_wconf 82' lang='lat' dir='ltr'><strong>Ego</strong></span> <span class='ocrx_word' id='word_1_56' title='bbox 1277 1080 1424 1135; x_wconf 85' lang='lat' dir='ltr'><strong>enim</strong></span> <span class='ocrx_word' id='word_1_57' title='bbox 1453 1078 1639 1134; x_wconf 78' lang='lat' dir='ltr'><strong>infelix</strong></span> <span class='ocrx_word' id='word_1_58' title='bbox 1668 1089 1723 1133; x_wconf 91' lang='lat' dir='ltr'><strong>et</strong></span> <span class='ocrx_word' id='word_1_59' title='bbox 1752 1079 1917 1132; x_wconf 80' lang='lat' dir='ltr'><strong>miser</strong></span> 
     </span>
    </p>
   </div>
   <div class='ocr_carea' id='block_1_10' title="bbox 319 1173 1914 1242">
    <p class='ocr_par' dir='ltr' id='par_1_10' title="bbox 319 1173 1914 1242">
     <span class='ocr_line' id='line_1_10' title="bbox 319 1173 1914 1242; baseline -0.003 -10"><span class='ocrx_word' id='word_1_60' title='bbox 319 1173 530 1232; x_wconf 76' lang='lat' dir='ltr'><strong>ﬂendus</strong></span> <span class='ocrx_word' id='word_1_61' title='bbox 555 1191 622 1232; x_wconf 83' lang='lat' dir='ltr'><strong>ac</strong></span> <span class='ocrx_word' id='word_1_62' title='bbox 648 1175 1010 1240; x_wconf 82' lang='lat' dir='ltr'><strong>miserandus,</strong></span> <span class='ocrx_word' id='word_1_63' title='bbox 1043 1175 1451 1230; x_wconf 79' lang='lat' dir='ltr'><strong>infelicissimus</strong></span> <span class='ocrx_word' id='word_1_64' title='bbox 1475 1174 1720 1229; x_wconf 89' lang='lat' dir='ltr'><strong>omnium</strong></span> <span class='ocrx_word' id='word_1_65' title='bbox 1751 1181 1914 1242; x_wconf 87' lang='lat' dir='ltr'><strong>atque</strong></span> 
     </span>
    </p>
   </div>
   <div class='ocr_carea' id='block_1_11' title="bbox 319 1267 1914 1338">
    <p class='ocr_par' dir='ltr' id='par_1_11' title="bbox 319 1267 1914 1338">
     <span class='ocr_line' id='line_1_11' title="bbox 319 1267 1914 1338; baseline -0.001 -17"><span class='ocrx_word' id='word_1_66' title='bbox 319 1268 662 1324; x_wconf 79' lang='lat' dir='ltr'><strong>miserrimus</strong></span> <span class='ocrx_word' id='word_1_67' title='bbox 706 1267 1007 1324; x_wconf 76' lang='lat' dir='ltr'><strong>fmditatcm</strong></span> <span class='ocrx_word' id='word_1_68' title='bbox 1052 1283 1230 1323; x_wconf 83' lang='lat' dir='ltr'><strong>meam</strong></span> <span class='ocrx_word' id='word_1_69' title='bbox 1273 1268 1575 1338; x_wconf 84' lang='lat' dir='ltr'><strong>conspicio,</strong></span> <span class='ocrx_word' id='word_1_70' title='bbox 1621 1281 1914 1334; x_wconf 89' lang='lat' dir='ltr'><strong>meumque</strong></span> 
     </span>
    </p>
   </div>
   <div class='ocr_carea' id='block_1_12' title="bbox 319 1361 1912 1432">
    <p class='ocr_par' dir='ltr' id='par_1_12' title="bbox 319 1361 1912 1432">
     <span class='ocr_line' id='line_1_12' title="bbox 319 1361 1912 1432; baseline 0 -18"><span class='ocrx_word' id='word_1_71' title='bbox 319 1365 531 1416; x_wconf 82' lang='lat' dir='ltr'><strong>reatum</strong></span> <span class='ocrx_word' id='word_1_72' title='bbox 555 1375 812 1432; x_wconf 83' lang='lat' dir='ltr'><strong>agnosco.</strong></span> <span class='ocrx_word' id='word_1_73' title='bbox 845 1361 974 1417; x_wconf 88' lang='lat' dir='ltr'><strong>Scio</strong></span> <span class='ocrx_word' id='word_1_74' title='bbox 1003 1376 1089 1415; x_wconf 89' lang='lat' dir='ltr'><strong>me</strong></span> <span class='ocrx_word' id='word_1_75' title='bbox 1121 1377 1242 1416; x_wconf 86' lang='lat' dir='ltr'><strong>esse</strong></span> <span class='ocrx_word' id='word_1_76' title='bbox 1269 1369 1638 1432; x_wconf 83' lang='lat' dir='ltr'><strong>peccatorem,</strong></span> <span class='ocrx_word' id='word_1_77' title='bbox 1666 1368 1721 1415; x_wconf 93' lang='lat' dir='ltr'><strong>et</strong></span> <span class='ocrx_word' id='word_1_78' title='bbox 1745 1376 1912 1432; x_wconf 87' lang='lat' dir='ltr'><strong>quam</strong></span> 
     </span>
    </p>
   </div>
   <div class='ocr_carea' id='block_1_13' title="bbox 319 1454 1912 1527">
    <p class='ocr_par' dir='ltr' id='par_1_13' title="bbox 319 1454 1912 1527">
     <span class='ocr_line' id='line_1_13' title="bbox 319 1454 1912 1527; baseline -0.003 -15"><span class='ocrx_word' id='word_1_79' title='bbox 319 1458 495 1526; x_wconf 79' lang='lat' dir='ltr'><strong>turpis</strong></span> <span class='ocrx_word' id='word_1_80' title='bbox 518 1473 642 1513; x_wconf 89' lang='lat' dir='ltr'><strong>sum</strong></span> <span class='ocrx_word' id='word_1_81' title='bbox 667 1456 846 1514; x_wconf 88' lang='lat' dir='ltr'><strong>video.</strong></span> <span class='ocrx_word' id='word_1_82' title='bbox 876 1457 1130 1527; x_wconf 83' lang='lat' dir='ltr'><strong>Iniquum</strong></span> <span class='ocrx_word' id='word_1_83' title='bbox 1158 1470 1245 1511; x_wconf 90' lang='lat' dir='ltr'><strong>me</strong></span> <span class='ocrx_word' id='word_1_84' title='bbox 1272 1471 1392 1512; x_wconf 88' lang='lat' dir='ltr'><strong>esse</strong></span> <span class='ocrx_word' id='word_1_85' title='bbox 1422 1455 1780 1525; x_wconf 82' lang='lat' dir='ltr'><strong>reprehendo,</strong></span> <span class='ocrx_word' id='word_1_86' title='bbox 1807 1454 1912 1509; x_wconf 89' lang='lat' dir='ltr'><strong>im-</strong></span> 
     </span>
    </p>
   </div>
   <div class='ocr_carea' id='block_1_14' title="bbox 318 1549 1910 1623">
    <p class='ocr_par' dir='ltr' id='par_1_14' title="bbox 318 1549 1910 1623">
     <span class='ocr_line' id='line_1_14' title="bbox 318 1549 1910 1623; baseline -0.003 -17"><span class='ocrx_word' id='word_1_87' title='bbox 318 1553 468 1623; x_wconf 89' lang='lat' dir='ltr'><strong>pium</strong></span> <span class='ocrx_word' id='word_1_88' title='bbox 498 1567 584 1606; x_wconf 89' lang='lat' dir='ltr'><strong>me</strong></span> <span class='ocrx_word' id='word_1_89' title='bbox 611 1565 732 1608; x_wconf 88' lang='lat' dir='ltr'><strong>esse</strong></span> <span class='ocrx_word' id='word_1_90' title='bbox 757 1566 976 1606; x_wconf 86' lang='lat' dir='ltr'><strong>accuso.</strong></span> <span class='ocrx_word' id='word_1_91' title='bbox 1015 1551 1167 1621; x_wconf 81' lang='lat' dir='ltr'><strong>Rogo</strong></span> <span class='ocrx_word' id='word_1_92' title='bbox 1194 1557 1267 1616; x_wconf 86' lang='lat' dir='ltr'><strong>te,</strong></span> <span class='ocrx_word' id='word_1_93' title='bbox 1297 1549 1545 1614; x_wconf 87' lang='lat' dir='ltr'><strong>Domine,</strong></span> <span class='ocrx_word' id='word_1_94' title='bbox 1574 1557 1636 1603; x_wconf 92' lang='lat' dir='ltr'><strong>ut</strong></span> <span class='ocrx_word' id='word_1_95' title='bbox 1660 1550 1910 1617; x_wconf 89' lang='lat' dir='ltr'><strong>ignoscas</strong></span> 
     </span>
    </p>
   </div>
   <div class='ocr_carea' id='block_1_15' title="bbox 317 1641 1910 1715">
    <p class='ocr_par' dir='ltr' id='par_1_15' title="bbox 317 1641 1910 1715">
     <span class='ocr_line' id='line_1_15' title="bbox 317 1641 1910 1715; baseline -0.003 -16"><span class='ocrx_word' id='word_1_96' title='bbox 317 1644 486 1710; x_wconf 87' lang='lat' dir='ltr'><strong>mihi;</strong></span> <span class='ocrx_word' id='word_1_97' title='bbox 525 1659 626 1715; x_wconf 83' lang='lat' dir='ltr'><strong>ego</strong></span> <span class='ocrx_word' id='word_1_98' title='bbox 653 1657 893 1713; x_wconf 84' lang='lat' dir='ltr'><strong>agnoseo</strong></span> <span class='ocrx_word' id='word_1_99' title='bbox 922 1642 1265 1712; x_wconf 78' lang='lat' dir='ltr'><strong>iniquitatem</strong></span> <span class='ocrx_word' id='word_1_100' title='bbox 1296 1657 1494 1696; x_wconf 90' lang='lat' dir='ltr'><strong>meam.</strong></span> <span class='ocrx_word' id='word_1_101' title='bbox 1547 1641 1692 1694; x_wconf 90' lang='lat' dir='ltr'><strong>Inter</strong></span> <span class='ocrx_word' id='word_1_102' title='bbox 1718 1653 1910 1695; x_wconf 88' lang='lat' dir='ltr'><strong>omnes</strong></span> 
     </span>
    </p>
   </div>
   <div class='ocr_carea' id='block_1_16' title="bbox 314 1732 1906 1810">
    <p class='ocr_par' dir='ltr' id='par_1_16' title="bbox 314 1732 1906 1810">
     <span class='ocr_line' id='line_1_16' title="bbox 314 1732 1906 1810; baseline -0.004 -17"><span class='ocrx_word' id='word_1_103' title='bbox 314 1740 462 1793; x_wconf 88' lang='lat' dir='ltr'><strong>enim</strong></span> <span class='ocrx_word' id='word_1_104' title='bbox 491 1736 712 1810; x_wconf 84' lang='lat' dir='ltr'><strong>gravius</strong></span> <span class='ocrx_word' id='word_1_105' title='bbox 737 1735 925 1793; x_wconf 85' lang='lat' dir='ltr'><strong>corrui</strong></span> <span class='ocrx_word' id='word_1_106' title='bbox 946 1777 962 1803; x_wconf 93' lang='lat'><strong>,</strong></span> <span class='ocrx_word' id='word_1_107' title='bbox 1003 1736 1150 1790; x_wconf 90' lang='lat' dir='ltr'><strong>inter</strong></span> <span class='ocrx_word' id='word_1_108' title='bbox 1177 1750 1371 1790; x_wconf 90' lang='lat' dir='ltr'><strong>omnes</strong></span> <span class='ocrx_word' id='word_1_109' title='bbox 1409 1733 1653 1790; x_wconf 84' lang='lat' dir='ltr'><strong>deterius</strong></span> <span class='ocrx_word' id='word_1_110' title='bbox 1692 1732 1906 1798; x_wconf 91' lang='lat' dir='ltr'><strong>cecidi,</strong></span> 
     </span>
    </p>
   </div>
   <div class='ocr_carea' id='block_1_17' title="bbox 313 1825 1909 1900">
    <p class='ocr_par' dir='ltr' id='par_1_17' title="bbox 313 1825 1909 1900">
     <span class='ocr_line' id='line_1_17' title="bbox 313 1825 1909 1900; baseline -0.003 -16"><span class='ocrx_word' id='word_1_111' title='bbox 313 1829 458 1885; x_wconf 88' lang='lat' dir='ltr'><strong>inter</strong></span> <span class='ocrx_word' id='word_1_112' title='bbox 483 1844 674 1885; x_wconf 85' lang='lat' dir='ltr'><strong>omnes</strong></span> <span class='ocrx_word' id='word_1_113' title='bbox 699 1827 822 1900; x_wconf 84' lang='lat' dir='ltr'><strong>plus</strong></span> <span class='ocrx_word' id='word_1_114' title='bbox 844 1835 1072 1898; x_wconf 84' lang='lat' dir='ltr'><strong>peccato</strong></span> <span class='ocrx_word' id='word_1_115' title='bbox 1101 1826 1366 1896; x_wconf 83' lang='lat' dir='ltr'><strong>subjacni,</strong></span> <span class='ocrx_word' id='word_1_116' title='bbox 1387 1826 1511 1897; x_wconf 59' lang='lat' dir='ltr'><strong>[llus</strong></span> <span class='ocrx_word' id='word_1_117' title='bbox 1539 1825 1756 1882; x_wconf 65' lang='lat' dir='ltr'><strong>caeteris</strong></span> <span class='ocrx_word' id='word_1_118' title='bbox 1784 1841 1909 1880; x_wconf 91' lang='lat' dir='ltr'><strong>car-</strong></span> 
     </span>
    </p>
   </div>
   <div class='ocr_carea' id='block_1_18' title="bbox 312 1918 1908 1990">
    <p class='ocr_par' dir='ltr' id='par_1_18' title="bbox 312 1918 1908 1990">
     <span class='ocr_line' id='line_1_18' title="bbox 312 1918 1908 1990; baseline -0.004 -12"><span class='ocrx_word' id='word_1_119' title='bbox 312 1921 421 1978; x_wconf 86' lang='lat' dir='ltr'><strong>nali</strong></span> <span class='ocrx_word' id='word_1_120' title='bbox 441 1922 789 1978; x_wconf 82' lang='lat' dir='ltr'><strong>delectationi</strong></span> <span class='ocrx_word' id='word_1_121' title='bbox 811 1921 1092 1978; x_wconf 84' lang='lat' dir='ltr'><strong>succubui.</strong></span> <span class='ocrx_word' id='word_1_122' title='bbox 1121 1919 1360 1976; x_wconf 91' lang='lat' dir='ltr'><strong>Cunctos</strong></span> <span class='ocrx_word' id='word_1_123' title='bbox 1381 1919 1630 1974; x_wconf 89' lang='lat' dir='ltr'><strong>carnales</strong></span> <span class='ocrx_word' id='word_1_124' title='bbox 1651 1918 1908 1990; x_wconf 73' lang='lat' dir='ltr'><strong>squalore</strong></span> 
     </span>
    </p>
   </div>
   <div class='ocr_carea' id='block_1_19' title="bbox 2018 705 3617 778">
    <p class='ocr_par' dir='ltr' id='par_1_19' title="bbox 2018 705 3617 778">
     <span class='ocr_line' id='line_1_19' title="bbox 2018 705 3617 778; baseline 0.003 -18"><span class='ocrx_word' id='word_1_125' title='bbox 2018 706 2304 760; x_wconf 88' lang='lat' dir='ltr'><strong>omnibus:</strong></span> <span class='ocrx_word' id='word_1_126' title='bbox 2345 721 2440 759; x_wconf 89' lang='lat' dir='ltr'><strong>vas</strong></span> <span class='ocrx_word' id='word_1_127' title='bbox 2471 705 2776 775; x_wconf 82' lang='lat' dir='ltr'><strong>iniquitatis</strong></span> <span class='ocrx_word' id='word_1_128' title='bbox 2801 722 2902 778; x_wconf 85' lang='lat' dir='ltr'><strong>ego</strong></span> <span class='ocrx_word' id='word_1_129' title='bbox 2933 723 3073 761; x_wconf 88' lang='lat' dir='ltr'><strong>sum.</strong></span> <span class='ocrx_word' id='word_1_130' title='bbox 3107 707 3212 762; x_wconf 89' lang='lat' dir='ltr'><strong>Per</strong></span> <span class='ocrx_word' id='word_1_131' title='bbox 3237 710 3418 764; x_wconf 85' lang='lat' dir='ltr'><strong>omnia</strong></span> <span class='ocrx_word' id='word_1_132' title='bbox 3449 724 3617 764; x_wconf 88' lang='lat' dir='ltr'><strong>mem-</strong></span> 
     </span>
    </p>
   </div>
   <div class='ocr_carea' id='block_1_20' title="bbox 2017 797 3614 872">
    <p class='ocr_par' dir='ltr' id='par_1_20' title="bbox 2017 797 3614 872">
     <span class='ocr_line' id='line_1_20' title="bbox 2017 797 3614 872; baseline 0.003 -19"><span class='ocrx_word' id='word_1_133' title='bbox 2017 797 2115 853; x_wconf 86' lang='lat' dir='ltr'><strong>bra</strong></span> <span class='ocrx_word' id='word_1_134' title='bbox 2154 813 2274 853; x_wconf 88' lang='lat' dir='ltr'><strong>mea</strong></span> <span class='ocrx_word' id='word_1_135' title='bbox 2313 798 2579 854; x_wconf 87' lang='lat' dir='ltr'><strong>scelerum</strong></span> <span class='ocrx_word' id='word_1_136' title='bbox 2623 799 2852 871; x_wconf 88' lang='lat' dir='ltr'><strong>insignia</strong></span> <span class='ocrx_word' id='word_1_137' title='bbox 2883 811 3270 872; x_wconf 81' lang='lat' dir='ltr'><strong>agnoscuntur.</strong></span> <span class='ocrx_word' id='word_1_138' title='bbox 3322 803 3468 857; x_wconf 82' lang='lat' dir='ltr'><strong>Nihil</strong></span> <span class='ocrx_word' id='word_1_139' title='bbox 3497 816 3614 872; x_wconf 89' lang='lat' dir='ltr'><strong>est,</strong></span> 
     </span>
    </p>
   </div>
   <div class='ocr_carea' id='block_1_21' title="bbox 2017 889 3613 966">
    <p class='ocr_par' dir='ltr' id='par_1_21' title="bbox 2017 889 3613 966">
     <span class='ocr_line' id='line_1_21' title="bbox 2017 889 3613 966; baseline 0.005 -22"><span class='ocrx_word' id='word_1_140' title='bbox 2017 891 2160 960; x_wconf 85' lang='lat' dir='ltr'><strong>quod</strong></span> <span class='ocrx_word' id='word_1_141' title='bbox 2184 889 2410 959; x_wconf 74' lang='lat' dir='ltr'><strong>justitim</strong></span> <span class='ocrx_word' id='word_1_142' title='bbox 2440 895 2855 960; x_wconf 85' lang='lat' dir='ltr'><strong>reservaverim,</strong></span> <span class='ocrx_word' id='word_1_143' title='bbox 2888 903 3062 949; x_wconf 86' lang='lat' dir='ltr'><strong>totum</strong></span> <span class='ocrx_word' id='word_1_144' title='bbox 3096 897 3361 966; x_wconf 86' lang='lat' dir='ltr'><strong>impietati</strong></span> <span class='ocrx_word' id='word_1_145' title='bbox 3394 912 3480 952; x_wconf 88' lang='lat' dir='ltr'><strong>me</strong></span> <span class='ocrx_word' id='word_1_146' title='bbox 3509 908 3613 952; x_wconf 88' lang='lat' dir='ltr'><strong>tra-</strong></span> 
     </span>
    </p>
   </div>
   <div class='ocr_carea' id='block_1_22' title="bbox 2016 985 3615 1059">
    <p class='ocr_par' dir='ltr' id='par_1_22' title="bbox 2016 985 3615 1059">
     <span class='ocr_line' id='line_1_22' title="bbox 2016 985 3615 1059; baseline 0.002 -19"><span class='ocrx_word' id='word_1_147' title='bbox 2016 985 2150 1040; x_wconf 89' lang='lat' dir='ltr'><strong>didi.</strong></span> <span class='ocrx_word' id='word_1_148' title='bbox 2187 985 2362 1041; x_wconf 86' lang='lat' dir='ltr'><strong>Omne</strong></span> <span class='ocrx_word' id='word_1_149' title='bbox 2391 985 2606 1050; x_wconf 82' lang='lat' dir='ltr'><strong>vitium,</strong></span> <span class='ocrx_word' id='word_1_150' title='bbox 2636 987 2779 1055; x_wconf 91' lang='lat' dir='ltr'><strong>quod</strong></span> <span class='ocrx_word' id='word_1_151' title='bbox 2811 986 3080 1041; x_wconf 76' lang='lat' dir='ltr'><strong>destinavi</strong></span> <span class='ocrx_word' id='word_1_152' title='bbox 3113 988 3166 1041; x_wconf 93' lang='lat' dir='ltr'><strong>in</strong></span> <span class='ocrx_word' id='word_1_153' title='bbox 3197 1005 3381 1054; x_wconf 85' lang='lat' dir='ltr'><strong>carne,</strong></span> <span class='ocrx_word' id='word_1_154' title='bbox 3411 988 3615 1059; x_wconf 79' lang='lat' dir='ltr'><strong>perferi</strong></span> 
     </span>
    </p>
   </div>
   <div class='ocr_carea' id='block_1_23' title="bbox 2016 1077 3612 1154">
    <p class='ocr_par' dir='ltr' id='par_1_23' title="bbox 2016 1077 3612 1154">
     <span class='ocr_line' id='line_1_23' title="bbox 2016 1077 3612 1154; baseline 0.003 -21"><span class='ocrx_word' id='word_1_155' title='bbox 2016 1079 2072 1133; x_wconf 89' lang='lat' dir='ltr'><strong>in</strong></span> <span class='ocrx_word' id='word_1_156' title='bbox 2102 1093 2289 1149; x_wconf 90' lang='lat' dir='ltr'><strong>opere.</strong></span> <span class='ocrx_word' id='word_1_157' title='bbox 2337 1077 2512 1134; x_wconf 88' lang='lat' dir='ltr'><strong>Omne</strong></span> <span class='ocrx_word' id='word_1_158' title='bbox 2545 1079 2786 1145; x_wconf 88' lang='lat' dir='ltr'><strong>crimen,</strong></span> <span class='ocrx_word' id='word_1_159' title='bbox 2829 1080 2974 1151; x_wconf 88' lang='lat' dir='ltr'><strong>quod</strong></span> <span class='ocrx_word' id='word_1_160' title='bbox 3011 1083 3275 1154; x_wconf 79' lang='lat' dir='ltr'><strong>cogitavi.</strong></span> <span class='ocrx_word' id='word_1_161' title='bbox 3325 1083 3612 1153; x_wconf 78' lang='lat' dir='ltr'><strong>complevi.</strong></span> 
     </span>
    </p>
   </div>
   <div class='ocr_carea' id='block_1_24' title="bbox 2014 1171 3613 1245">
    <p class='ocr_par' dir='ltr' id='par_1_24' title="bbox 2014 1171 3613 1245">
     <span class='ocr_line' id='line_1_24' title="bbox 2014 1171 3613 1245; baseline 0.003 -19"><span class='ocrx_word' id='word_1_162' title='bbox 2014 1171 2244 1227; x_wconf 87' lang='lat' dir='ltr'><strong>Omnem</strong></span> <span class='ocrx_word' id='word_1_163' title='bbox 2271 1186 2498 1240; x_wconf 73' lang='lat' dir='ltr'><strong>pravam</strong></span> <span class='ocrx_word' id='word_1_164' title='bbox 2525 1173 2910 1241; x_wconf 81' lang='lat' dir='ltr'><strong>cogitationem</strong></span> <span class='ocrx_word' id='word_1_165' title='bbox 2936 1174 3003 1228; x_wconf 91' lang='lat' dir='ltr'><strong>ad</strong></span> <span class='ocrx_word' id='word_1_166' title='bbox 3032 1176 3271 1230; x_wconf 87' lang='lat' dir='ltr'><strong>studium</strong></span> <span class='ocrx_word' id='word_1_167' title='bbox 3297 1174 3613 1245; x_wconf 65' lang='lat' dir='ltr'><strong>perficienti</strong></span> 
     </span>
    </p>
   </div>
   <div class='ocr_carea' id='block_1_25' title="bbox 2013 1263 3613 1335">
    <p class='ocr_par' dir='ltr' id='par_1_25' title="bbox 2013 1263 3613 1335">
     <span class='ocr_line' id='line_1_25' title="bbox 2013 1263 3613 1335; baseline 0.003 -17"><span class='ocrx_word' id='word_1_168' title='bbox 2013 1263 2233 1318; x_wconf 77' lang='lat' dir='ltr'><strong>deduxi.</strong></span> <span class='ocrx_word' id='word_1_169' title='bbox 2286 1263 2425 1318; x_wconf 90' lang='lat' dir='ltr'><strong>Iline</strong></span> <span class='ocrx_word' id='word_1_170' title='bbox 2465 1273 2548 1318; x_wconf 87' lang='lat' dir='ltr'><strong>est</strong></span> <span class='ocrx_word' id='word_1_171' title='bbox 2590 1266 2733 1335; x_wconf 88' lang='lat' dir='ltr'><strong>quod</strong></span> <span class='ocrx_word' id='word_1_172' title='bbox 2773 1264 2915 1319; x_wconf 87' lang='lat' dir='ltr'><strong>inter</strong></span> <span class='ocrx_word' id='word_1_173' title='bbox 2946 1266 3192 1322; x_wconf 77' lang='lat' dir='ltr'><strong>homines</strong></span> <span class='ocrx_word' id='word_1_174' title='bbox 3219 1267 3510 1332; x_wconf 83' lang='lat' dir='ltr'><strong>Confusus,</strong></span> <span class='ocrx_word' id='word_1_175' title='bbox 3558 1269 3613 1322; x_wconf 90' lang='lat' dir='ltr'><strong>in</strong></span> 
     </span>
    </p>
   </div>
   <div class='ocr_carea' id='block_1_26' title="bbox 2013 1356 3611 1426">
    <p class='ocr_par' dir='ltr' id='par_1_26' title="bbox 2013 1356 3611 1426">
     <span class='ocr_line' id='line_1_26' title="bbox 2013 1356 3611 1426; baseline 0.001 -14"><span class='ocrx_word' id='word_1_176' title='bbox 2013 1356 2209 1412; x_wconf 75' lang='lat' dir='ltr'><strong>emlum</strong></span> <span class='ocrx_word' id='word_1_177' title='bbox 2232 1357 2422 1412; x_wconf 81' lang='lat' dir='ltr'><strong>oculos</strong></span> <span class='ocrx_word' id='word_1_178' title='bbox 2449 1357 2661 1426; x_wconf 82' lang='lat' dir='ltr'><strong>erigere</strong></span> <span class='ocrx_word' id='word_1_179' title='bbox 2690 1373 2797 1411; x_wconf 90' lang='lat' dir='ltr'><strong>non</strong></span> <span class='ocrx_word' id='word_1_180' title='bbox 2827 1358 3002 1413; x_wconf 85' lang='lat' dir='ltr'><strong>valeo.</strong></span> <span class='ocrx_word' id='word_1_181' title='bbox 3051 1357 3108 1413; x_wconf 93' lang='lat' dir='ltr'><strong>In</strong></span> <span class='ocrx_word' id='word_1_182' title='bbox 3139 1358 3290 1413; x_wconf 88' lang='lat' dir='ltr'><strong>vultu</strong></span> <span class='ocrx_word' id='word_1_183' title='bbox 3316 1360 3459 1414; x_wconf 92' lang='lat' dir='ltr'><strong>cnim</strong></span> <span class='ocrx_word' id='word_1_184' title='bbox 3489 1375 3611 1415; x_wconf 89' lang='lat' dir='ltr'><strong>meo</strong></span> 
     </span>
    </p>
   </div>
   <div class='ocr_carea' id='block_1_27' title="bbox 2014 1449 3608 1519">
    <p class='ocr_par' dir='ltr' id='par_1_27' title="bbox 2014 1449 3608 1519">
     <span class='ocr_line' id='line_1_27' title="bbox 2014 1449 3608 1519; baseline 0.003 -17"><span class='ocrx_word' id='word_1_185' title='bbox 2014 1449 2363 1518; x_wconf 82' lang='lat' dir='ltr'><strong>ignominiam</strong></span> <span class='ocrx_word' id='word_1_186' title='bbox 2387 1464 2473 1519; x_wconf 72' lang='lat' dir='ltr'><strong>po:</strong></span> <span class='ocrx_word' id='word_1_187' title='bbox 2490 1455 2562 1502; x_wconf 89' lang='lat' dir='ltr'><strong>to.</strong></span> <span class='ocrx_word' id='word_1_188' title='bbox 2590 1449 2646 1502; x_wconf 90' lang='lat' dir='ltr'><strong>In</strong></span> <span class='ocrx_word' id='word_1_189' title='bbox 2667 1449 2918 1505; x_wconf 88' lang='lat' dir='ltr'><strong>omnibus</strong></span> <span class='ocrx_word' id='word_1_190' title='bbox 2936 1452 3148 1504; x_wconf 80' lang='lat' dir='ltr'><strong>actibus</strong></span> <span class='ocrx_word' id='word_1_191' title='bbox 3168 1451 3306 1506; x_wconf 89' lang='lat' dir='ltr'><strong>meis</strong></span> <span class='ocrx_word' id='word_1_192' title='bbox 3325 1452 3608 1508; x_wconf 87' lang='lat' dir='ltr'><strong>erubesco.</strong></span> 
     </span>
    </p>
   </div>
   <div class='ocr_carea' id='block_1_28' title="bbox 2011 1541 3607 1612">
    <p class='ocr_par' dir='ltr' id='par_1_28' title="bbox 2011 1541 3607 1612">
     <span class='ocr_line' id='line_1_28' title="bbox 2011 1541 3607 1612; baseline 0.001 -16"><span class='ocrx_word' id='word_1_193' title='bbox 2011 1541 2227 1596; x_wconf 81' lang='lat' dir='ltr'><strong>Faciem</strong></span> <span class='ocrx_word' id='word_1_194' title='bbox 2279 1557 2456 1596; x_wconf 87' lang='lat' dir='ltr'><strong>meam</strong></span> <span class='ocrx_word' id='word_1_195' title='bbox 2507 1542 2856 1597; x_wconf 70' lang='lat' dir='ltr'><strong>conscientia:</strong></span> <span class='ocrx_word' id='word_1_196' title='bbox 2915 1542 3072 1612; x_wconf 76' lang='lat'><strong>123</strong></span> <span class='ocrx_word' id='word_1_197' title='bbox 3128 1550 3313 1597; x_wconf 88' lang='lat' dir='ltr'><strong>reatus</strong></span> <span class='ocrx_word' id='word_1_198' title='bbox 3366 1542 3607 1598; x_wconf 89' lang='lat' dir='ltr'><strong>inclinat.</strong></span> 
     </span>
    </p>
   </div>
   <div class='ocr_carea' id='block_1_29' title="bbox 2010 1635 3610 1706">
    <p class='ocr_par' dir='ltr' id='par_1_29' title="bbox 2010 1635 3610 1706">
     <span class='ocr_line' id='line_1_29' title="bbox 2010 1635 3610 1706; baseline 0.001 -16"><span class='ocrx_word' id='word_1_199' title='bbox 2010 1635 2269 1691; x_wconf 84' lang='lat' dir='ltr'><strong>Confusio</strong></span> <span class='ocrx_word' id='word_1_200' title='bbox 2287 1636 2470 1706; x_wconf 88' lang='lat' dir='ltr'><strong>operis</strong></span> <span class='ocrx_word' id='word_1_201' title='bbox 2495 1637 2601 1692; x_wconf 90' lang='lat' dir='ltr'><strong>mei</strong></span> <span class='ocrx_word' id='word_1_202' title='bbox 2629 1648 2758 1691; x_wconf 88' lang='lat' dir='ltr'><strong>ante</strong></span> <span class='ocrx_word' id='word_1_203' title='bbox 2777 1637 2964 1692; x_wconf 89' lang='lat' dir='ltr'><strong>oculos</strong></span> <span class='ocrx_word' id='word_1_204' title='bbox 2987 1648 3254 1692; x_wconf 85' lang='lat' dir='ltr'><strong>versatur.</strong></span> <span class='ocrx_word' id='word_1_205' title='bbox 3289 1638 3464 1693; x_wconf 82' lang='lat' dir='ltr'><strong>Corde</strong></span> <span class='ocrx_word' id='word_1_206' title='bbox 3489 1653 3610 1691; x_wconf 89' lang='lat' dir='ltr'><strong>meo</strong></span> 
     </span>
    </p>
   </div>
   <div class='ocr_carea' id='block_1_30' title="bbox 2010 1727 3610 1800">
    <p class='ocr_par' dir='ltr' id='par_1_30' title="bbox 2010 1727 3610 1800">
     <span class='ocr_line' id='line_1_30' title="bbox 2010 1727 3610 1800; baseline 0.001 -17"><span class='ocrx_word' id='word_1_207' title='bbox 2010 1727 2378 1798; x_wconf 90' lang='lat' dir='ltr'><strong>deprehensus</strong></span> <span class='ocrx_word' id='word_1_208' title='bbox 2421 1728 2624 1798; x_wconf 83' lang='lat' dir='ltr'><strong>ubique</strong></span> <span class='ocrx_word' id='word_1_209' title='bbox 2666 1727 3010 1784; x_wconf 86' lang='lat' dir='ltr'><strong>confundor:</strong></span> <span class='ocrx_word' id='word_1_210' title='bbox 3054 1743 3164 1784; x_wconf 89' lang='lat' dir='ltr'><strong>non</strong></span> <span class='ocrx_word' id='word_1_211' title='bbox 3209 1729 3383 1784; x_wconf 88' lang='lat' dir='ltr'><strong>audeo</strong></span> <span class='ocrx_word' id='word_1_212' title='bbox 3422 1744 3610 1800; x_wconf 83' lang='lat' dir='ltr'><strong>quem—</strong></span> 
     </span>
    </p>
   </div>
   <div class='ocr_carea' id='block_1_31' title="bbox 2008 1822 3610 1896">
    <p class='ocr_par' dir='ltr' id='par_1_31' title="bbox 2008 1822 3610 1896">
     <span class='ocr_line' id='line_1_31' title="bbox 2008 1822 3610 1896; baseline 0.002 -20"><span class='ocrx_word' id='word_1_213' title='bbox 2008 1823 2153 1892; x_wconf 87' lang='lat' dir='ltr'><strong>piam</strong></span> <span class='ocrx_word' id='word_1_214' title='bbox 2183 1822 2508 1879; x_wconf 85' lang='lat' dir='ltr'><strong>fulucialiter</strong></span> <span class='ocrx_word' id='word_1_215' title='bbox 2529 1823 2750 1879; x_wconf 87' lang='lat' dir='ltr'><strong>intueri.</strong></span> <span class='ocrx_word' id='word_1_216' title='bbox 2782 1824 2824 1879; x_wconf 87' lang='lat' dir='ltr'><strong>F</strong></span> <span class='ocrx_word' id='word_1_217' title='bbox 2830 1825 2972 1881; x_wconf 87' lang='lat' dir='ltr'><strong>idem</strong></span> <span class='ocrx_word' id='word_1_218' title='bbox 3000 1825 3146 1880; x_wconf 89' lang='lat' dir='ltr'><strong>enim</strong></span> <span class='ocrx_word' id='word_1_219' title='bbox 3171 1825 3405 1896; x_wconf 86' lang='lat' dir='ltr'><strong>perdidi,</strong></span> <span class='ocrx_word' id='word_1_220' title='bbox 3437 1826 3610 1896; x_wconf 84' lang='lat' dir='ltr'><strong>pieta-</strong></span> 
     </span>
    </p>
   </div>
   <div class='ocr_carea' id='block_1_32' title="bbox 2009 1917 3610 1991">
    <p class='ocr_par' dir='ltr' id='par_1_32' title="bbox 2009 1917 3610 1991">
     <span class='ocr_line' id='line_1_32' title="bbox 2009 1917 3610 1991; baseline 0.004 -22"><span class='ocrx_word' id='word_1_221' title='bbox 2009 1923 2117 1969; x_wconf 77' lang='lat' dir='ltr'><strong>tem</strong></span> <span class='ocrx_word' id='word_1_222' title='bbox 2147 1917 2509 1972; x_wconf 86' lang='lat' dir='ltr'><strong>eontaminavi</strong></span> <span class='ocrx_word' id='word_1_223' title='bbox 2529 1958 2544 1984; x_wconf 93' lang='lat'><strong>,</strong></span> <span class='ocrx_word' id='word_1_224' title='bbox 2575 1919 2924 1974; x_wconf 88' lang='lat' dir='ltr'><strong>sanctitatem</strong></span> <span class='ocrx_word' id='word_1_225' title='bbox 2952 1919 3148 1990; x_wconf 90' lang='lat' dir='ltr'><strong>pollui,</strong></span> <span class='ocrx_word' id='word_1_226' title='bbox 3183 1918 3498 1991; x_wconf 81' lang='lat' dir='ltr'><strong>religionem</strong></span> <span class='ocrx_word' id='word_1_227' title='bbox 3529 1921 3610 1975; x_wconf 89' lang='lat' dir='ltr'><strong>vi—</strong></span> 
     </span>
    </p>
   </div>
   <div class='ocr_carea' id='block_1_33' title="bbox 308 1989 3605 2085">
    <p class='ocr_par' dir='ltr' id='par_1_33' title="bbox 308 1989 3605 2085">
     <span class='ocr_line' id='line_1_33' title="bbox 308 1989 3605 2085; baseline 0 -14"><span class='ocrx_word' id='word_1_228' title='bbox 308 2015 538 2071; x_wconf 76' lang='lat' dir='ltr'><strong>luxurire</strong></span> <span class='ocrx_word' id='word_1_229' title='bbox 570 2013 854 2084; x_wconf 87' lang='lat' dir='ltr'><strong>superavi,</strong></span> <span class='ocrx_word' id='word_1_230' title='bbox 899 2014 1251 2082; x_wconf 89' lang='lat' dir='ltr'><strong>omniumque</strong></span> <span class='ocrx_word' id='word_1_231' title='bbox 1285 2013 1575 2082; x_wconf 87' lang='lat' dir='ltr'><strong>impiorum</strong></span> <span class='ocrx_word' id='word_1_232' title='bbox 1605 2009 1748 2066; x_wconf 90' lang='lat' dir='ltr'><strong>mala</strong></span> <span class='ocrx_word' id='word_1_233' title='bbox 1781 2024 1902 2065; x_wconf 88' lang='lat' dir='ltr'><strong>sce-</strong></span> <span class='ocrx_word' id='word_1_234' title='bbox 1938 1989 1980 2048; x_wconf 69' lang='grc' dir='ltr'><strong>Β</strong></span> <span class='ocrx_word' id='word_1_235' title='bbox 2009 2009 2100 2064; x_wconf 88' lang='lat' dir='ltr'><strong>tiis</strong></span> <span class='ocrx_word' id='word_1_236' title='bbox 2123 2009 2359 2080; x_wconf 86' lang='lat' dir='ltr'><strong>impiavi.</strong></span> <span class='ocrx_word' id='word_1_237' title='bbox 2382 2011 2574 2067; x_wconf 82' lang='lat' dir='ltr'><strong>Divina</strong></span> <span class='ocrx_word' id='word_1_238' title='bbox 2597 2013 2779 2068; x_wconf 89' lang='lat' dir='ltr'><strong>omnia</strong></span> <span class='ocrx_word' id='word_1_239' title='bbox 2803 2023 2968 2084; x_wconf 87' lang='lat' dir='ltr'><strong>atque</strong></span> <span class='ocrx_word' id='word_1_240' title='bbox 2991 2015 3225 2069; x_wconf 88' lang='lat' dir='ltr'><strong>humana</strong></span> <span class='ocrx_word' id='word_1_241' title='bbox 3242 2013 3368 2085; x_wconf 82' lang='lat' dir='ltr'><strong>jura</strong></span> <span class='ocrx_word' id='word_1_242' title='bbox 3385 2015 3605 2071; x_wconf 77' lang='lat' dir='ltr'><strong>violavi.</strong></span> 
     </span>
    </p>
   </div>
   <div class='ocr_carea' id='block_1_34' title="bbox 308 2103 1904 2164">
    <p class='ocr_par' dir='ltr' id='par_1_34' title="bbox 308 2103 1904 2164">
     <span class='ocr_line' id='line_1_34' title="bbox 308 2103 1904 2164; baseline -0.001 -2"><span class='ocrx_word' id='word_1_243' title='bbox 308 2107 425 2164; x_wconf 84' lang='lat' dir='ltr'><strong>lere</strong></span> <span class='ocrx_word' id='word_1_244' title='bbox 461 2123 586 2163; x_wconf 86' lang='lat' dir='ltr'><strong>meo</strong></span> <span class='ocrx_word' id='word_1_245' title='bbox 623 2108 766 2163; x_wconf 88' lang='lat' dir='ltr'><strong>vici:</strong></span> <span class='ocrx_word' id='word_1_246' title='bbox 809 2108 882 2162; x_wconf 83' lang='lat' dir='ltr'><strong>ita</strong></span> <span class='ocrx_word' id='word_1_247' title='bbox 923 2116 983 2162; x_wconf 92' lang='lat' dir='ltr'><strong>ut</strong></span> <span class='ocrx_word' id='word_1_248' title='bbox 1021 2115 1291 2163; x_wconf 88' lang='lat' dir='ltr'><strong>tormenta</strong></span> <span class='ocrx_word' id='word_1_249' title='bbox 1337 2113 1574 2160; x_wconf 85' lang='lat' dir='ltr'><strong>tartarca</strong></span> <span class='ocrx_word' id='word_1_250' title='bbox 1613 2107 1702 2160; x_wconf 78' lang='lat' dir='ltr'><strong>vix</strong></span> <span class='ocrx_word' id='word_1_251' title='bbox 1746 2103 1904 2161; x_wconf 90' lang='lat' dir='ltr'><strong>malis</strong></span> 
     </span>
    </p>
   </div>
   <div class='ocr_carea' id='block_1_35' title="bbox 307 2200 1906 2272">
    <p class='ocr_par' dir='ltr' id='par_1_35' title="bbox 307 2200 1906 2272">
     <span class='ocr_line' id='line_1_35' title="bbox 307 2200 1906 2272; baseline -0.003 -14"><span class='ocrx_word' id='word_1_252' title='bbox 307 2201 449 2258; x_wconf 87' lang='lat' dir='ltr'><strong>meis</strong></span> <span class='ocrx_word' id='word_1_253' title='bbox 479 2200 780 2258; x_wconf 83' lang='lat' dir='ltr'><strong>sufficiant.</strong></span> <span class='ocrx_word' id='word_1_254' title='bbox 831 2200 949 2257; x_wconf 84' lang='lat' dir='ltr'><strong>Non</strong></span> <span class='ocrx_word' id='word_1_255' title='bbox 981 2209 1066 2257; x_wconf 89' lang='lat' dir='ltr'><strong>est</strong></span> <span class='ocrx_word' id='word_1_256' title='bbox 1096 2201 1243 2256; x_wconf 89' lang='lat' dir='ltr'><strong>enim</strong></span> <span class='ocrx_word' id='word_1_257' title='bbox 1272 2208 1559 2272; x_wconf 84' lang='lat' dir='ltr'><strong>peccatum</strong></span> <span class='ocrx_word' id='word_1_258' title='bbox 1587 2214 1753 2270; x_wconf 86' lang='lat' dir='ltr'><strong>super</strong></span> <span class='ocrx_word' id='word_1_259' title='bbox 1779 2213 1906 2268; x_wconf 85' lang='lat' dir='ltr'><strong>pec-</strong></span> 
     </span>
    </p>
   </div>
   <div class='ocr_carea' id='block_1_36' title="bbox 307 2295 1905 2369">
    <p class='ocr_par' dir='ltr' id='par_1_36' title="bbox 307 2295 1905 2369">
     <span class='ocr_line' id='line_1_36' title="bbox 307 2295 1905 2369; baseline -0.001 -15"><span class='ocrx_word' id='word_1_260' title='bbox 307 2306 491 2355; x_wconf 85' lang='lat' dir='ltr'><strong>catum</strong></span> <span class='ocrx_word' id='word_1_261' title='bbox 520 2315 736 2367; x_wconf 90' lang='lat' dir='ltr'><strong>meum,</strong></span> <span class='ocrx_word' id='word_1_262' title='bbox 783 2315 894 2355; x_wconf 91' lang='lat' dir='ltr'><strong>non</strong></span> <span class='ocrx_word' id='word_1_263' title='bbox 935 2306 1024 2354; x_wconf 89' lang='lat' dir='ltr'><strong>est</strong></span> <span class='ocrx_word' id='word_1_264' title='bbox 1065 2297 1326 2368; x_wconf 88' lang='lat' dir='ltr'><strong>iniquitas</strong></span> <span class='ocrx_word' id='word_1_265' title='bbox 1365 2312 1530 2369; x_wconf 85' lang='lat' dir='ltr'><strong>super</strong></span> <span class='ocrx_word' id='word_1_266' title='bbox 1561 2295 1905 2367; x_wconf 74' lang='lat' dir='ltr'><strong>iniquitatem</strong></span> 
     </span>
    </p>
   </div>
   <div class='ocr_carea' id='block_1_37' title="bbox 305 2388 1904 2458">
    <p class='ocr_par' dir='ltr' id='par_1_37' title="bbox 305 2388 1904 2458">
     <span class='ocr_line' id='line_1_37' title="bbox 305 2388 1904 2458; baseline -0.003 -10"><span class='ocrx_word' id='word_1_267' title='bbox 305 2405 509 2448; x_wconf 86' lang='lat' dir='ltr'><strong>meam.</strong></span> <span class='ocrx_word' id='word_1_268' title='bbox 559 2389 628 2446; x_wconf 81' lang='lat' dir='ltr'><strong>Et</strong></span> <span class='ocrx_word' id='word_1_269' title='bbox 655 2406 802 2446; x_wconf 89' lang='lat' dir='ltr'><strong>nunc</strong></span> <span class='ocrx_word' id='word_1_270' title='bbox 831 2406 1058 2446; x_wconf 65' lang='lat' dir='ltr'><strong>summa:</strong></span> <span class='ocrx_word' id='word_1_271' title='bbox 1095 2389 1399 2445; x_wconf 68' lang='lat' dir='ltr'><strong>clementia:</strong></span> <span class='ocrx_word' id='word_1_272' title='bbox 1440 2388 1604 2455; x_wconf 89' lang='lat' dir='ltr'><strong>Deus,</strong></span> <span class='ocrx_word' id='word_1_273' title='bbox 1647 2389 1904 2458; x_wconf 85' lang='lat' dir='ltr'><strong>quoniam</strong></span> 
     </span>
    </p>
   </div>
   <div class='ocr_carea' id='block_1_38' title="bbox 303 2479 1902 2552">
    <p class='ocr_par' dir='ltr' id='par_1_38' title="bbox 303 2479 1902 2552">
     <span class='ocr_line' id='line_1_38' title="bbox 303 2479 1902 2552; baseline -0.002 -13"><span class='ocrx_word' id='word_1_274' title='bbox 303 2482 504 2540; x_wconf 88' lang='lat' dir='ltr'><strong>delicta</strong></span> <span class='ocrx_word' id='word_1_275' title='bbox 528 2497 652 2538; x_wconf 85' lang='lat' dir='ltr'><strong>mea</strong></span> <span class='ocrx_word' id='word_1_276' title='bbox 675 2483 895 2552; x_wconf 81' lang='lat' dir='ltr'><strong>cognita</strong></span> <span class='ocrx_word' id='word_1_277' title='bbox 925 2481 1022 2537; x_wconf 85' lang='lat' dir='ltr'><strong>tibi</strong></span> <span class='ocrx_word' id='word_1_278' title='bbox 1049 2480 1214 2547; x_wconf 86' lang='lat' dir='ltr'><strong>facio,</strong></span> <span class='ocrx_word' id='word_1_279' title='bbox 1243 2490 1301 2536; x_wconf 87' lang='lat' dir='ltr'><strong>et</strong></span> <span class='ocrx_word' id='word_1_280' title='bbox 1331 2481 1386 2536; x_wconf 89' lang='lat' dir='ltr'><strong>in</strong></span> <span class='ocrx_word' id='word_1_281' title='bbox 1421 2479 1695 2551; x_wconf 82' lang='lat' dir='ltr'><strong>justitiam</strong></span> <span class='ocrx_word' id='word_1_282' title='bbox 1722 2495 1902 2536; x_wconf 85' lang='lat' dir='ltr'><strong>meam</strong></span> 
     </span>
    </p>
   </div>
   <div class='ocr_carea' id='block_1_39' title="bbox 307 2573 1904 2644">
    <p class='ocr_par' dir='ltr' id='par_1_39' title="bbox 307 2573 1904 2644">
     <span class='ocr_line' id='line_1_39' title="bbox 307 2573 1904 2644; baseline 0 -15"><span class='ocrx_word' id='word_1_283' title='bbox 307 2588 413 2629; x_wconf 86' lang='lat' dir='ltr'><strong>non</strong></span> <span class='ocrx_word' id='word_1_284' title='bbox 443 2574 751 2640; x_wconf 75' lang='lat' dir='ltr'><strong>abscondo;</strong></span> <span class='ocrx_word' id='word_1_285' title='bbox 786 2573 1221 2629; x_wconf 82' lang='lat' dir='ltr'><strong>misericordiam</strong></span> <span class='ocrx_word' id='word_1_286' title='bbox 1248 2580 1395 2629; x_wconf 86' lang='lat' dir='ltr'><strong>tuam</strong></span> <span class='ocrx_word' id='word_1_287' title='bbox 1425 2573 1706 2644; x_wconf 84' lang='lat' dir='ltr'><strong>deprecor,</strong></span> <span class='ocrx_word' id='word_1_288' title='bbox 1737 2573 1904 2629; x_wconf 86' lang='lat' dir='ltr'><strong>mise-</strong></span> 
     </span>
    </p>
   </div>
   <div class='ocr_carea' id='block_1_40' title="bbox 309 2663 1901 2736">
    <p class='ocr_par' dir='ltr' id='par_1_40' title="bbox 309 2663 1901 2736">
     <span class='ocr_line' id='line_1_40' title="bbox 309 2663 1901 2736; baseline 0.002 -17"><span class='ocrx_word' id='word_1_289' title='bbox 309 2663 607 2720; x_wconf 87' lang='lat' dir='ltr'><strong>ricordiam</strong></span> <span class='ocrx_word' id='word_1_290' title='bbox 639 2672 788 2720; x_wconf 85' lang='lat' dir='ltr'><strong>tuam</strong></span> <span class='ocrx_word' id='word_1_291' title='bbox 815 2664 1069 2736; x_wconf 89' lang='lat' dir='ltr'><strong>imploro.</strong></span> <span class='ocrx_word' id='word_1_292' title='bbox 1119 2664 1292 2720; x_wconf 89' lang='lat' dir='ltr'><strong>Tuam</strong></span> <span class='ocrx_word' id='word_1_293' title='bbox 1332 2664 1565 2735; x_wconf 88' lang='lat' dir='ltr'><strong>imploro</strong></span> <span class='ocrx_word' id='word_1_294' title='bbox 1591 2665 1901 2722; x_wconf 86' lang='lat' dir='ltr'><strong>miseratio—</strong></span> 
     </span>
    </p>
   </div>
   <div class='ocr_carea' id='block_1_41' title="bbox 307 2755 1896 2827">
    <p class='ocr_par' dir='ltr' id='par_1_41' title="bbox 307 2755 1896 2827">
     <span class='ocr_line' id='line_1_41' title="bbox 307 2755 1896 2827; baseline -0.001 -15"><span class='ocrx_word' id='word_1_295' title='bbox 307 2771 464 2822; x_wconf 86' lang='lat' dir='ltr'><strong>nem,</strong></span> <span class='ocrx_word' id='word_1_296' title='bbox 501 2765 653 2811; x_wconf 89' lang='lat' dir='ltr'><strong>tuam</strong></span> <span class='ocrx_word' id='word_1_297' title='bbox 681 2772 868 2827; x_wconf 70' lang='lat' dir='ltr'><strong>quaeso</strong></span> <span class='ocrx_word' id='word_1_298' title='bbox 896 2755 1280 2824; x_wconf 88' lang='lat' dir='ltr'><strong>clementiam;</strong></span> <span class='ocrx_word' id='word_1_299' title='bbox 1327 2756 1446 2812; x_wconf 92' lang='lat' dir='ltr'><strong>dele</strong></span> <span class='ocrx_word' id='word_1_300' title='bbox 1487 2771 1607 2812; x_wconf 89' lang='lat' dir='ltr'><strong>mea</strong></span> <span class='ocrx_word' id='word_1_301' title='bbox 1649 2764 1896 2827; x_wconf 83' lang='lat' dir='ltr'><strong>peccata,</strong></span> 
     </span>
    </p>
   </div>
   <div class='ocr_carea' id='block_1_42' title="bbox 307 2846 1901 2904">
    <p class='ocr_par' dir='ltr' id='par_1_42' title="bbox 307 2846 1901 2904">
     <span class='ocr_line' id='line_1_42' title="bbox 307 2846 1901 2904; baseline 0 0"><span class='ocrx_word' id='word_1_302' title='bbox 307 2847 468 2904; x_wconf 84' lang='lat' dir='ltr'><strong>ablue</strong></span> <span class='ocrx_word' id='word_1_303' title='bbox 507 2846 754 2904; x_wconf 85' lang='lat' dir='ltr'><strong>facinora</strong></span> <span class='ocrx_word' id='word_1_304' title='bbox 783 2864 926 2904; x_wconf 89' lang='lat' dir='ltr'><strong>mea.</strong></span> <span class='ocrx_word' id='word_1_305' title='bbox 974 2846 1331 2904; x_wconf 88' lang='lat' dir='ltr'><strong>Peccatorum</strong></span> <span class='ocrx_word' id='word_1_306' title='bbox 1370 2862 1618 2904; x_wconf 87' lang='lat' dir='ltr'><strong>meorum</strong></span> <span class='ocrx_word' id='word_1_307' title='bbox 1658 2847 1901 2904; x_wconf 87' lang='lat' dir='ltr'><strong>maculas</strong></span> 
     </span>
    </p>
   </div>
   <div class='ocr_carea' id='block_1_43' title="bbox 308 2939 1901 3011">
    <p class='ocr_par' dir='ltr' id='par_1_43' title="bbox 308 2939 1901 3011">
     <span class='ocr_line' id='line_1_43' title="bbox 308 2939 1901 3011; baseline 0.001 -17"><span class='ocrx_word' id='word_1_308' title='bbox 308 2941 529 3008; x_wconf 85' lang='lat' dir='ltr'><strong>munda,</strong></span> <span class='ocrx_word' id='word_1_309' title='bbox 557 2939 737 2995; x_wconf 86' lang='lat' dir='ltr'><strong>labem</strong></span> <span class='ocrx_word' id='word_1_310' title='bbox 767 2939 1059 2996; x_wconf 88' lang='lat' dir='ltr'><strong>criminum</strong></span> <span class='ocrx_word' id='word_1_311' title='bbox 1088 2954 1334 2995; x_wconf 88' lang='lat' dir='ltr'><strong>meorum</strong></span> <span class='ocrx_word' id='word_1_312' title='bbox 1363 2955 1556 3011; x_wconf 87' lang='lat' dir='ltr'><strong>purga,</strong></span> <span class='ocrx_word' id='word_1_313' title='bbox 1587 2939 1778 2995; x_wconf 86' lang='lat' dir='ltr'><strong>sordes</strong></span> <span class='ocrx_word' id='word_1_314' title='bbox 1806 2940 1901 2995; x_wconf 84' lang='lat' dir='ltr'><strong>de—</strong></span> 
     </span>
    </p>
   </div>
   <div class='ocr_carea' id='block_1_44' title="bbox 307 3032 1900 3104">
    <p class='ocr_par' dir='ltr' id='par_1_44' title="bbox 307 3032 1900 3104">
     <span class='ocr_line' id='line_1_44' title="bbox 307 3032 1900 3104; baseline -0.001 -16"><span class='ocrx_word' id='word_1_315' title='bbox 307 3033 560 3090; x_wconf 85' lang='lat' dir='ltr'><strong>lictorum</strong></span> <span class='ocrx_word' id='word_1_316' title='bbox 589 3048 832 3089; x_wconf 88' lang='lat' dir='ltr'><strong>meorum</strong></span> <span class='ocrx_word' id='word_1_317' title='bbox 860 3033 1132 3104; x_wconf 79' lang='lat' dir='ltr'><strong>absterge,</strong></span> <span class='ocrx_word' id='word_1_318' title='bbox 1162 3033 1350 3089; x_wconf 85' lang='lat' dir='ltr'><strong>sordes</strong></span> <span class='ocrx_word' id='word_1_319' title='bbox 1374 3032 1721 3102; x_wconf 88' lang='lat' dir='ltr'><strong>iniquitatum</strong></span> <span class='ocrx_word' id='word_1_320' title='bbox 1751 3047 1900 3088; x_wconf 87' lang='lat' dir='ltr'><strong>mea-</strong></span> 
     </span>
    </p>
   </div>
   <div class='ocr_carea' id='block_1_45' title="bbox 308 3123 1894 3182">
    <p class='ocr_par' dir='ltr' id='par_1_45' title="bbox 308 3123 1894 3182">
     <span class='ocr_line' id='line_1_45' title="bbox 308 3123 1894 3182; baseline -0.002 -1"><span class='ocrx_word' id='word_1_321' title='bbox 308 3142 429 3181; x_wconf 90' lang='lat' dir='ltr'><strong>rum</strong></span> <span class='ocrx_word' id='word_1_322' title='bbox 459 3125 633 3181; x_wconf 86' lang='lat' dir='ltr'><strong>ablue.</strong></span> <span class='ocrx_word' id='word_1_323' title='bbox 682 3123 800 3182; x_wconf 86' lang='lat' dir='ltr'><strong>Non</strong></span> <span class='ocrx_word' id='word_1_324' title='bbox 834 3123 1055 3180; x_wconf 74' lang='lat' dir='ltr'><strong>differas</strong></span> <span class='ocrx_word' id='word_1_325' title='bbox 1085 3124 1492 3181; x_wconf 73' lang='lat' dir='ltr'><strong>inundationem</strong></span> <span class='ocrx_word' id='word_1_326' title='bbox 1523 3138 1701 3180; x_wconf 90' lang='lat' dir='ltr'><strong>meam</strong></span> <span class='ocrx_word' id='word_1_327' title='bbox 1730 3123 1894 3180; x_wconf 88' lang='lat' dir='ltr'><strong>Deus.</strong></span> 
     </span>
    </p>
   </div>
   <div class='ocr_carea' id='block_1_46' title="bbox 307 3216 1896 3287">
    <p class='ocr_par' dir='ltr' id='par_1_46' title="bbox 307 3216 1896 3287">
     <span class='ocr_line' id='line_1_46' title="bbox 307 3216 1896 3287; baseline -0.003 -11"><span class='ocrx_word' id='word_1_328' title='bbox 307 3219 502 3276; x_wconf 83' lang='lat' dir='ltr'><strong>Totum</strong></span> <span class='ocrx_word' id='word_1_329' title='bbox 548 3233 636 3274; x_wconf 91' lang='lat' dir='ltr'><strong>me</strong></span> <span class='ocrx_word' id='word_1_330' title='bbox 679 3219 778 3275; x_wconf 88' lang='lat' dir='ltr'><strong>tibi</strong></span> <span class='ocrx_word' id='word_1_331' title='bbox 824 3219 1128 3274; x_wconf 89' lang='lat' dir='ltr'><strong>sanandum</strong></span> <span class='ocrx_word' id='word_1_332' title='bbox 1165 3216 1357 3284; x_wconf 83' lang='lat' dir='ltr'><strong>oll&#39;ero,</strong></span> <span class='ocrx_word' id='word_1_333' title='bbox 1399 3217 1626 3287; x_wconf 87' lang='lat' dir='ltr'><strong>recipiat</strong></span> <span class='ocrx_word' id='word_1_334' title='bbox 1663 3217 1896 3274; x_wconf 90' lang='lat' dir='ltr'><strong>salutem</strong></span> 
     </span>
    </p>
   </div>
   <div class='ocr_carea' id='block_1_47' title="bbox 307 3307 1894 3382">
    <p class='ocr_par' dir='ltr' id='par_1_47' title="bbox 307 3307 1894 3382">
     <span class='ocr_line' id='line_1_47' title="bbox 307 3307 1894 3382; baseline -0.003 -12"><span class='ocrx_word' id='word_1_335' title='bbox 307 3315 486 3371; x_wconf 86' lang='lat' dir='ltr'><strong>anima</strong></span> <span class='ocrx_word' id='word_1_336' title='bbox 513 3312 656 3368; x_wconf 88' lang='lat' dir='ltr'><strong>mea.</strong></span> <span class='ocrx_word' id='word_1_337' title='bbox 688 3311 767 3366; x_wconf 87' lang='lat' dir='ltr'><strong>Da</strong></span> <span class='ocrx_word' id='word_1_338' title='bbox 789 3310 1004 3368; x_wconf 78' lang='lat' dir='ltr'><strong>vulneri</strong></span> <span class='ocrx_word' id='word_1_339' title='bbox 1036 3325 1160 3366; x_wconf 90' lang='lat' dir='ltr'><strong>meo</strong></span> <span class='ocrx_word' id='word_1_340' title='bbox 1188 3310 1440 3366; x_wconf 89' lang='lat' dir='ltr'><strong>salutem.</strong></span> <span class='ocrx_word' id='word_1_341' title='bbox 1476 3309 1634 3375; x_wconf 89' lang='lat' dir='ltr'><strong>Deus,</strong></span> <span class='ocrx_word' id='word_1_342' title='bbox 1664 3307 1894 3382; x_wconf 89' lang='lat' dir='ltr'><strong>languo-</strong></span> 
     </span>
    </p>
   </div>
   <div class='ocr_carea' id='block_1_48' title="bbox 304 3404 1896 3478">
    <p class='ocr_par' dir='ltr' id='par_1_48' title="bbox 304 3404 1896 3478">
     <span class='ocr_line' id='line_1_48' title="bbox 304 3404 1896 3478; baseline -0.001 -17"><span class='ocrx_word' id='word_1_343' title='bbox 304 3407 453 3462; x_wconf 87' lang='lat' dir='ltr'><strong>ribus</strong></span> <span class='ocrx_word' id='word_1_344' title='bbox 480 3405 618 3461; x_wconf 88' lang='lat' dir='ltr'><strong>meis</strong></span> <span class='ocrx_word' id='word_1_345' title='bbox 646 3405 914 3463; x_wconf 82' lang='lat' dir='ltr'><strong>medelam</strong></span> <span class='ocrx_word' id='word_1_346' title='bbox 955 3406 1172 3472; x_wconf 89' lang='lat' dir='ltr'><strong>tribue,</strong></span> <span class='ocrx_word' id='word_1_347' title='bbox 1220 3412 1345 3478; x_wconf 90' lang='lat' dir='ltr'><strong>post</strong></span> <span class='ocrx_word' id='word_1_348' title='bbox 1383 3404 1573 3475; x_wconf 87' lang='lat' dir='ltr'><strong>plagas</strong></span> <span class='ocrx_word' id='word_1_349' title='bbox 1613 3406 1896 3460; x_wconf 86' lang='lat' dir='ltr'><strong>vulnerum</strong></span> 
     </span>
    </p>
   </div>
   <div class='ocr_carea' id='block_1_49' title="bbox 302 3497 1894 3570">
    <p class='ocr_par' dir='ltr' id='par_1_49' title="bbox 302 3497 1894 3570">
     <span class='ocr_line' id='line_1_49' title="bbox 302 3497 1894 3570; baseline 0 -16"><span class='ocrx_word' id='word_1_350' title='bbox 302 3497 471 3554; x_wconf 85' lang='lat' dir='ltr'><strong>redde</strong></span> <span class='ocrx_word' id='word_1_351' title='bbox 490 3498 838 3554; x_wconf 82' lang='lat' dir='ltr'><strong>incolumem.</strong></span> <span class='ocrx_word' id='word_1_352' title='bbox 872 3498 1197 3556; x_wconf 81' lang='lat' dir='ltr'><strong>Vulneratus</strong></span> <span class='ocrx_word' id='word_1_353' title='bbox 1219 3514 1362 3564; x_wconf 91' lang='lat' dir='ltr'><strong>sum,</strong></span> <span class='ocrx_word' id='word_1_354' title='bbox 1391 3499 1660 3554; x_wconf 89' lang='lat' dir='ltr'><strong>medicum</strong></span> <span class='ocrx_word' id='word_1_355' title='bbox 1686 3514 1894 3570; x_wconf 57' lang='grc' dir='ltr'><strong>(παίει-ο,</strong></span> 
     </span>
    </p>
   </div>
   <div class='ocr_carea' id='block_1_50' title="bbox 301 3591 1898 3665">
    <p class='ocr_par' dir='ltr' id='par_1_50' title="bbox 301 3591 1898 3665">
     <span class='ocr_line' id='line_1_50' title="bbox 301 3591 1898 3665; baseline 0.001 -17"><span class='ocrx_word' id='word_1_356' title='bbox 301 3591 615 3664; x_wconf 78' lang='lat' dir='ltr'><strong>Languidus</strong></span> <span class='ocrx_word' id='word_1_357' title='bbox 635 3608 776 3659; x_wconf 87' lang='lat' dir='ltr'><strong>sum,</strong></span> <span class='ocrx_word' id='word_1_358' title='bbox 799 3593 1065 3650; x_wconf 83' lang='lat' dir='ltr'><strong>medelam</strong></span> <span class='ocrx_word' id='word_1_359' title='bbox 1088 3609 1272 3665; x_wconf 86' lang='lat' dir='ltr'><strong>posco.</strong></span> <span class='ocrx_word' id='word_1_360' title='bbox 1305 3592 1636 3662; x_wconf 84' lang='lat' dir='ltr'><strong>Consumpta</strong></span> <span class='ocrx_word' id='word_1_361' title='bbox 1661 3601 1748 3649; x_wconf 88' lang='lat' dir='ltr'><strong>est</strong></span> <span class='ocrx_word' id='word_1_362' title='bbox 1768 3609 1898 3649; x_wconf 90' lang='lat' dir='ltr'><strong>caro</strong></span> 
     </span>
    </p>
   </div>
   <div class='ocr_carea' id='block_1_51' title="bbox 300 3684 1894 3757">
    <p class='ocr_par' dir='ltr' id='par_1_51' title="bbox 300 3684 1894 3757">
     <span class='ocr_line' id='line_1_51' title="bbox 300 3684 1894 3757; baseline -0.001 -17"><span class='ocrx_word' id='word_1_363' title='bbox 300 3700 452 3751; x_wconf 89' lang='lat' dir='ltr'><strong>mea,</strong></span> <span class='ocrx_word' id='word_1_364' title='bbox 484 3686 765 3741; x_wconf 88' lang='lat' dir='ltr'><strong>contabuit</strong></span> <span class='ocrx_word' id='word_1_365' title='bbox 789 3687 1003 3757; x_wconf 87' lang='lat' dir='ltr'><strong>species</strong></span> <span class='ocrx_word' id='word_1_366' title='bbox 1029 3701 1169 3742; x_wconf 90' lang='lat' dir='ltr'><strong>mea.</strong></span> <span class='ocrx_word' id='word_1_367' title='bbox 1219 3684 1356 3741; x_wconf 86' lang='lat' dir='ltr'><strong>Ossa</strong></span> <span class='ocrx_word' id='word_1_368' title='bbox 1382 3699 1503 3740; x_wconf 90' lang='lat' dir='ltr'><strong>mea</strong></span> <span class='ocrx_word' id='word_1_369' title='bbox 1529 3692 1894 3752; x_wconf 77' lang='lat' dir='ltr'><strong>exaruerunt,</strong></span> 
     </span>
    </p>
   </div>
   <div class='ocr_carea' id='block_1_52' title="bbox 300 3779 1894 3851">
    <p class='ocr_par' dir='ltr' id='par_1_52' title="bbox 300 3779 1894 3851">
     <span class='ocr_line' id='line_1_52' title="bbox 300 3779 1894 3851; baseline 0 -16"><span class='ocrx_word' id='word_1_370' title='bbox 300 3779 544 3835; x_wconf 88' lang='lat' dir='ltr'><strong>membra</strong></span> <span class='ocrx_word' id='word_1_371' title='bbox 591 3794 710 3835; x_wconf 86' lang='lat' dir='ltr'><strong>mea</strong></span> <span class='ocrx_word' id='word_1_372' title='bbox 755 3783 1175 3836; x_wconf 87' lang='lat' dir='ltr'><strong>eontabuerunt.</strong></span> <span class='ocrx_word' id='word_1_373' title='bbox 1229 3779 1671 3851; x_wconf 78' lang='lat' dir='ltr'><strong>Appropinquavi</strong></span> <span class='ocrx_word' id='word_1_374' title='bbox 1701 3794 1894 3836; x_wconf 88' lang='lat' dir='ltr'><strong>eorru-</strong></span> 
     </span>
    </p>
   </div>
   <div class='ocr_carea' id='block_1_53' title="bbox 297 3873 1896 3946">
    <p class='ocr_par' dir='ltr' id='par_1_53' title="bbox 297 3873 1896 3946">
     <span class='ocr_line' id='line_1_53' title="bbox 297 3873 1896 3946; baseline 0.002 -18"><span class='ocrx_word' id='word_1_375' title='bbox 297 3873 505 3945; x_wconf 90' lang='lat' dir='ltr'><strong>ptioni,</strong></span> <span class='ocrx_word' id='word_1_376' title='bbox 551 3875 744 3930; x_wconf 88' lang='lat' dir='ltr'><strong>umbra</strong></span> <span class='ocrx_word' id='word_1_377' title='bbox 791 3876 986 3930; x_wconf 90' lang='lat' dir='ltr'><strong>mortis</strong></span> <span class='ocrx_word' id='word_1_378' title='bbox 1034 3876 1448 3946; x_wconf 89' lang='lat' dir='ltr'><strong>comprehendit</strong></span> <span class='ocrx_word' id='word_1_379' title='bbox 1475 3891 1582 3930; x_wconf 91' lang='lat' dir='ltr'><strong>me.</strong></span> <span class='ocrx_word' id='word_1_380' title='bbox 1634 3875 1896 3931; x_wconf 67' lang='lat' dir='ltr'><strong>Tenebrae</strong></span> 
     </span>
    </p>
   </div>
   <div class='ocr_carea' id='block_1_54' title="bbox 296 3967 1894 4040">
    <p class='ocr_par' dir='ltr' id='par_1_54' title="bbox 296 3967 1894 4040">
     <span class='ocr_line' id='line_1_54' title="bbox 296 3967 1894 4040; baseline 0.001 -20"><span class='ocrx_word' id='word_1_381' title='bbox 296 3975 630 4037; x_wconf 83' lang='lat' dir='ltr'><strong>opemerunt</strong></span> <span class='ocrx_word' id='word_1_382' title='bbox 656 3983 764 4032; x_wconf 91' lang='lat' dir='ltr'><strong>me,</strong></span> <span class='ocrx_word' id='word_1_383' title='bbox 787 3968 965 4040; x_wconf 88' lang='lat' dir='ltr'><strong>caligo</strong></span> <span class='ocrx_word' id='word_1_384' title='bbox 989 3967 1186 4023; x_wconf 87' lang='lat' dir='ltr'><strong>inferni</strong></span> <span class='ocrx_word' id='word_1_385' title='bbox 1214 3967 1442 4023; x_wconf 90' lang='lat' dir='ltr'><strong>involvit</strong></span> <span class='ocrx_word' id='word_1_386' title='bbox 1465 3983 1573 4023; x_wconf 90' lang='lat' dir='ltr'><strong>me.</strong></span> <span class='ocrx_word' id='word_1_387' title='bbox 1611 3967 1894 4039; x_wconf 89' lang='lat' dir='ltr'><strong>Oppressit</strong></span> 
     </span>
    </p>
   </div>
   <div class='ocr_carea' id='block_1_55' title="bbox 298 4058 1892 4116">
    <p class='ocr_par' dir='ltr' id='par_1_55' title="bbox 298 4058 1892 4116">
     <span class='ocr_line' id='line_1_55' title="bbox 298 4058 1892 4116; baseline 0.001 -2"><span class='ocrx_word' id='word_1_388' title='bbox 298 4073 388 4114; x_wconf 89' lang='lat' dir='ltr'><strong>me</strong></span> <span class='ocrx_word' id='word_1_389' title='bbox 416 4059 766 4115; x_wconf 87' lang='lat' dir='ltr'><strong>tenebrarum</strong></span> <span class='ocrx_word' id='word_1_390' title='bbox 791 4059 1006 4115; x_wconf 84' lang='lat' dir='ltr'><strong>horror.</strong></span> <span class='ocrx_word' id='word_1_391' title='bbox 1058 4060 1203 4114; x_wconf 84' lang='lat' dir='ltr'><strong>Doce</strong></span> <span class='ocrx_word' id='word_1_392' title='bbox 1231 4074 1320 4113; x_wconf 88' lang='lat' dir='ltr'><strong>me</strong></span> <span class='ocrx_word' id='word_1_393' title='bbox 1349 4058 1532 4116; x_wconf 85' lang='lat' dir='ltr'><strong>facere</strong></span> <span class='ocrx_word' id='word_1_394' title='bbox 1557 4059 1892 4116; x_wconf 88' lang='lat' dir='ltr'><strong>voluntatem</strong></span> 
     </span>
    </p>
   </div>
   <div class='ocr_carea' id='block_1_56' title="bbox 299 4151 1889 4223">
    <p class='ocr_par' dir='ltr' id='par_1_56' title="bbox 299 4151 1889 4223">
     <span class='ocr_line' id='line_1_56' title="bbox 299 4151 1889 4223; baseline 0 -16"><span class='ocrx_word' id='word_1_395' title='bbox 299 4161 482 4218; x_wconf 89' lang='lat' dir='ltr'><strong>tuam,</strong></span> <span class='ocrx_word' id='word_1_396' title='bbox 510 4152 638 4223; x_wconf 87' lang='lat' dir='ltr'><strong>quia</strong></span> <span class='ocrx_word' id='word_1_397' title='bbox 668 4151 812 4207; x_wconf 85' lang='lat' dir='ltr'><strong>Deus</strong></span> <span class='ocrx_word' id='word_1_398' title='bbox 835 4167 988 4207; x_wconf 86' lang='lat' dir='ltr'><strong>mens</strong></span> <span class='ocrx_word' id='word_1_399' title='bbox 1024 4165 1084 4206; x_wconf 89' lang='lat' dir='ltr'><strong>es</strong></span> <span class='ocrx_word' id='word_1_400' title='bbox 1123 4160 1200 4206; x_wconf 91' lang='lat' dir='ltr'><strong>tu.</strong></span> <span class='ocrx_word' id='word_1_401' title='bbox 1244 4152 1365 4206; x_wconf 88' lang='lat' dir='ltr'><strong>Tibi</strong></span> <span class='ocrx_word' id='word_1_402' title='bbox 1393 4153 1588 4218; x_wconf 88' lang='lat' dir='ltr'><strong>honor,</strong></span> <span class='ocrx_word' id='word_1_403' title='bbox 1618 4160 1675 4208; x_wconf 93' lang='lat' dir='ltr'><strong>et</strong></span> <span class='ocrx_word' id='word_1_404' title='bbox 1699 4153 1889 4223; x_wconf 77' lang='lat' dir='ltr'><strong>gloria,</strong></span> 
     </span>
    </p>
   </div>
   <div class='ocr_carea' id='block_1_57' title="bbox 299 4245 1828 4317">
    <p class='ocr_par' dir='ltr' id='par_1_57' title="bbox 299 4245 1828 4317">
     <span class='ocr_line' id='line_1_57' title="bbox 299 4245 1828 4317; baseline 0.001 -16"><span class='ocrx_word' id='word_1_405' title='bbox 299 4254 355 4302; x_wconf 89' lang='lat' dir='ltr'><strong>et</strong></span> <span class='ocrx_word' id='word_1_406' title='bbox 380 4246 575 4314; x_wconf 88' lang='lat' dir='ltr'><strong>virtus,</strong></span> <span class='ocrx_word' id='word_1_407' title='bbox 603 4255 659 4302; x_wconf 87' lang='lat' dir='ltr'><strong>et</strong></span> <span class='ocrx_word' id='word_1_408' title='bbox 683 4255 925 4317; x_wconf 81' lang='lat' dir='ltr'><strong>potestas</strong></span> <span class='ocrx_word' id='word_1_409' title='bbox 952 4246 1005 4301; x_wconf 88' lang='lat' dir='ltr'><strong>in</strong></span> <span class='ocrx_word' id='word_1_410' title='bbox 1033 4246 1232 4301; x_wconf 68' lang='lat' dir='ltr'><strong>sreeula</strong></span> <span class='ocrx_word' id='word_1_411' title='bbox 1259 4245 1604 4302; x_wconf 73' lang='lat' dir='ltr'><strong>smculorum.</strong></span> <span class='ocrx_word' id='word_1_412' title='bbox 1635 4247 1828 4302; x_wconf 84' lang='lat' dir='ltr'><strong>Amen.</strong></span> 
     </span>
    </p>
   </div>
   <div class='ocr_carea' id='block_1_58' title="bbox 663 4357 1515 4416">
    <p class='ocr_par' dir='ltr' id='par_1_58' title="bbox 663 4357 1515 4416">
     <span class='ocr_line' id='line_1_58' title="bbox 663 4357 1515 4416; baseline -0.002 -1"><span class='ocrx_word' id='word_1_413' title='bbox 663 4358 920 4416; x_wconf 77' lang='lat' dir='ltr'><strong>ORATIO</strong></span> <span class='ocrx_word' id='word_1_414' title='bbox 959 4357 1206 4413; x_wconf 77' lang='lat' dir='ltr'><strong>SANCTI</strong></span> <span class='ocrx_word' id='word_1_415' title='bbox 1244 4357 1515 4414; x_wconf 69' lang='lat' dir='ltr'><strong>ISlDOIlI.</strong></span> 
     </span>
    </p>
   </div>
   <div class='ocr_carea' id='block_1_59' title="bbox 369 4438 1889 4511">
    <p class='ocr_par' dir='ltr' id='par_1_59' title="bbox 369 4438 1889 4511">
     <span class='ocr_line' id='line_1_59' title="bbox 369 4438 1889 4511; baseline -0.002 -14"><span class='ocrx_word' id='word_1_416' title='bbox 369 4438 640 4497; x_wconf 73' lang='lat' dir='ltr'><strong>Succurre</strong></span> <span class='ocrx_word' id='word_1_417' title='bbox 658 4440 813 4506; x_wconf 81' lang='lat' dir='ltr'><strong>mihi,</strong></span> <span class='ocrx_word' id='word_1_418' title='bbox 840 4439 982 4494; x_wconf 89' lang='lat' dir='ltr'><strong>Deus</strong></span> <span class='ocrx_word' id='word_1_419' title='bbox 1001 4454 1176 4506; x_wconf 89' lang='lat' dir='ltr'><strong>meus,</strong></span> <span class='ocrx_word' id='word_1_420' title='bbox 1200 4447 1494 4511; x_wconf 87' lang='lat' dir='ltr'><strong>antequam</strong></span> <span class='ocrx_word' id='word_1_421' title='bbox 1516 4455 1666 4496; x_wconf 90' lang='lat' dir='ltr'><strong>mors</strong></span> <span class='ocrx_word' id='word_1_422' title='bbox 1684 4439 1889 4506; x_wconf 89' lang='lat' dir='ltr'><strong>veniat,</strong></span> 
     </span>
    </p>
   </div>
   <div class='ocr_carea' id='block_1_60' title="bbox 298 4533 1888 4604">
    <p class='ocr_par' dir='ltr' id='par_1_60' title="bbox 298 4533 1888 4604">
     <span class='ocr_line' id='line_1_60' title="bbox 298 4533 1888 4604; baseline -0.001 -14"><span class='ocrx_word' id='word_1_423' title='bbox 298 4543 588 4604; x_wconf 86' lang='lat' dir='ltr'><strong>antequam</strong></span> <span class='ocrx_word' id='word_1_424' title='bbox 615 4547 762 4588; x_wconf 86' lang='lat' dir='ltr'><strong>mors</strong></span> <span class='ocrx_word' id='word_1_425' title='bbox 788 4549 875 4589; x_wconf 88' lang='lat' dir='ltr'><strong>me</strong></span> <span class='ocrx_word' id='word_1_426' title='bbox 898 4533 1158 4604; x_wconf 87' lang='lat' dir='ltr'><strong>perimat,</strong></span> <span class='ocrx_word' id='word_1_427' title='bbox 1202 4542 1494 4604; x_wconf 85' lang='lat' dir='ltr'><strong>antequam</strong></span> <span class='ocrx_word' id='word_1_428' title='bbox 1523 4541 1768 4590; x_wconf 89' lang='lat' dir='ltr'><strong>tartarus</strong></span> <span class='ocrx_word' id='word_1_429' title='bbox 1797 4548 1888 4588; x_wconf 88' lang='lat' dir='ltr'><strong>ra-</strong></span> 
     </span>
    </p>
   </div>
   <div class='ocr_carea' id='block_1_61' title="bbox 296 4627 1890 4700">
    <p class='ocr_par' dir='ltr' id='par_1_61' title="bbox 296 4627 1890 4700">
     <span class='ocr_line' id='line_1_61' title="bbox 296 4627 1890 4700; baseline 0.001 -16"><span class='ocrx_word' id='word_1_430' title='bbox 296 4629 428 4700; x_wconf 88' lang='lat' dir='ltr'><strong>piat,</strong></span> <span class='ocrx_word' id='word_1_431' title='bbox 455 4637 744 4699; x_wconf 85' lang='lat' dir='ltr'><strong>antequam</strong></span> <span class='ocrx_word' id='word_1_432' title='bbox 765 4627 983 4684; x_wconf 82' lang='lat' dir='ltr'><strong>llamma</strong></span> <span class='ocrx_word' id='word_1_433' title='bbox 1007 4629 1310 4694; x_wconf 86' lang='lat' dir='ltr'><strong>comburat,</strong></span> <span class='ocrx_word' id='word_1_434' title='bbox 1337 4637 1630 4700; x_wconf 88' lang='lat' dir='ltr'><strong>antequam</strong></span> <span class='ocrx_word' id='word_1_435' title='bbox 1650 4630 1890 4685; x_wconf 55' lang='lat' dir='ltr'><strong>tenebrae</strong></span> 
     </span>
    </p>
   </div>
   <div class='ocr_carea' id='block_1_62' title="bbox 2005 2100 3609 2177">
    <p class='ocr_par' dir='ltr' id='par_1_62' title="bbox 2005 2100 3609 2177">
     <span class='ocr_line' id='line_1_62' title="bbox 2005 2100 3609 2177; baseline 0.005 -21"><span class='ocrx_word' id='word_1_436' title='bbox 2005 2101 2061 2156; x_wconf 90' lang='lat' dir='ltr'><strong>In</strong></span> <span class='ocrx_word' id='word_1_437' title='bbox 2088 2116 2251 2156; x_wconf 88' lang='lat' dir='ltr'><strong>omne</strong></span> <span class='ocrx_word' id='word_1_438' title='bbox 2279 2100 2361 2159; x_wconf 88' lang='lat' dir='ltr'><strong>fas</strong></span> <span class='ocrx_word' id='word_1_439' title='bbox 2389 2103 2652 2176; x_wconf 85' lang='lat' dir='ltr'><strong>nefasque</strong></span> <span class='ocrx_word' id='word_1_440' title='bbox 2689 2107 2996 2177; x_wconf 85' lang='lat' dir='ltr'><strong>properavi.</strong></span> <span class='ocrx_word' id='word_1_441' title='bbox 3034 2107 3290 2164; x_wconf 80' lang='lat' dir='ltr'><strong>Miserere</strong></span> <span class='ocrx_word' id='word_1_442' title='bbox 3328 2110 3456 2177; x_wconf 90' lang='lat' dir='ltr'><strong>mei,</strong></span> <span class='ocrx_word' id='word_1_443' title='bbox 3498 2109 3609 2164; x_wconf 83' lang='lat' dir='ltr'><strong>Do-</strong></span> 
     </span>
    </p>
   </div>
   <div class='ocr_carea' id='block_1_63' title="bbox 2005 2194 2994 2272">
    <p class='ocr_par' dir='ltr' id='par_1_63' title="bbox 2005 2194 2994 2272">
     <span class='ocr_line' id='line_1_63' title="bbox 2005 2194 2994 2272; baseline 0.007 -22"><span class='ocrx_word' id='word_1_444' title='bbox 2005 2194 2174 2262; x_wconf 89' lang='lat' dir='ltr'><strong>mine,</strong></span> <span class='ocrx_word' id='word_1_445' title='bbox 2204 2197 2468 2254; x_wconf 88' lang='lat' dir='ltr'><strong>miserere</strong></span> <span class='ocrx_word' id='word_1_446' title='bbox 2492 2200 2620 2266; x_wconf 91' lang='lat' dir='ltr'><strong>mei,</strong></span> <span class='ocrx_word' id='word_1_447' title='bbox 2653 2202 2743 2270; x_wconf 92' lang='lat' dir='ltr'><strong>qui</strong></span> <span class='ocrx_word' id='word_1_448' title='bbox 2777 2215 2994 2272; x_wconf 83' lang='lat' dir='ltr'><strong>regnas.</strong></span> 
     </span>
    </p>
   </div>
   <div class='ocr_carea' id='block_1_64' title="bbox 2196 2333 3402 2398">
    <p class='ocr_par' dir='ltr' id='par_1_64' title="bbox 2196 2333 3402 2398">
     <span class='ocr_line' id='line_1_64' title="bbox 2196 2333 3402 2398; baseline 0.005 -8"><span class='ocrx_word' id='word_1_449' title='bbox 2196 2333 2454 2392; x_wconf 80' lang='lat' dir='ltr'><strong>ORATIO</strong></span> <span class='ocrx_word' id='word_1_450' title='bbox 2497 2334 2744 2394; x_wconf 81' lang='lat' dir='ltr'><strong>SANCTI</strong></span> <span class='ocrx_word' id='word_1_451' title='bbox 2782 2338 3063 2394; x_wconf 74' lang='lat' dir='ltr'><strong>EFFRElI</strong></span> <span class='ocrx_word' id='word_1_452' title='bbox 3105 2339 3402 2398; x_wconf 72' lang='lat' dir='ltr'><strong>DIACONI.</strong></span> 
     </span>
    </p>
   </div>
   <div class='ocr_carea' id='block_1_65' title="bbox 2075 2449 3610 2528">
    <p class='ocr_par' dir='ltr' id='par_1_65' title="bbox 2075 2449 3610 2528">
     <span class='ocr_line' id='line_1_65' title="bbox 2075 2449 3610 2528; baseline 0.007 -22"><span class='ocrx_word' id='word_1_453' title='bbox 2075 2449 2304 2507; x_wconf 89' lang='lat' dir='ltr'><strong>Domine</strong></span> <span class='ocrx_word' id='word_1_454' title='bbox 2356 2451 2500 2507; x_wconf 88' lang='lat' dir='ltr'><strong>Deus</strong></span> <span class='ocrx_word' id='word_1_455' title='bbox 2547 2460 2604 2508; x_wconf 89' lang='lat' dir='ltr'><strong>et</strong></span> <span class='ocrx_word' id='word_1_456' title='bbox 2651 2453 2907 2510; x_wconf 88' lang='lat' dir='ltr'><strong>Salvator</strong></span> <span class='ocrx_word' id='word_1_457' title='bbox 2957 2471 3133 2523; x_wconf 86' lang='lat' dir='ltr'><strong>meus,</strong></span> <span class='ocrx_word' id='word_1_458' title='bbox 3186 2473 3356 2528; x_wconf 87' lang='lat' dir='ltr'><strong>quare</strong></span> <span class='ocrx_word' id='word_1_459' title='bbox 3383 2474 3469 2514; x_wconf 92' lang='lat' dir='ltr'><strong>me</strong></span> <span class='ocrx_word' id='word_1_460' title='bbox 3516 2459 3610 2516; x_wconf 84' lang='lat' dir='ltr'><strong>de-</strong></span> 
     </span>
    </p>
   </div>
   <div class='ocr_carea' id='block_1_66' title="bbox 2004 2541 3603 2615">
    <p class='ocr_par' dir='ltr' id='par_1_66' title="bbox 2004 2541 3603 2615">
     <span class='ocr_line' id='line_1_66' title="bbox 2004 2541 3603 2615; baseline 0.006 -19"><span class='ocrx_word' id='word_1_461' title='bbox 2004 2541 2308 2613; x_wconf 87' lang='lat' dir='ltr'><strong>reliquisti?</strong></span> <span class='ocrx_word' id='word_1_462' title='bbox 2338 2541 2597 2599; x_wconf 85' lang='lat' dir='ltr'><strong>Miserere</strong></span> <span class='ocrx_word' id='word_1_463' title='bbox 2626 2544 2756 2611; x_wconf 90' lang='lat' dir='ltr'><strong>mei,</strong></span> <span class='ocrx_word' id='word_1_464' title='bbox 2780 2547 3038 2615; x_wconf 90' lang='lat' dir='ltr'><strong>quoniam</strong></span> <span class='ocrx_word' id='word_1_465' title='bbox 3072 2555 3129 2602; x_wconf 91' lang='lat' dir='ltr'><strong>tu</strong></span> <span class='ocrx_word' id='word_1_466' title='bbox 3156 2562 3216 2604; x_wconf 83' lang='lat' dir='ltr'><strong>es</strong></span> <span class='ocrx_word' id='word_1_467' title='bbox 3247 2557 3464 2604; x_wconf 89' lang='lat' dir='ltr'><strong>amator</strong></span> <span class='ocrx_word' id='word_1_468' title='bbox 3489 2567 3603 2605; x_wconf 91' lang='lat' dir='ltr'><strong>om-</strong></span> 
     </span>
    </p>
   </div>
   <div class='ocr_carea' id='block_1_67' title="bbox 2003 2632 3606 2710">
    <p class='ocr_par' dir='ltr' id='par_1_67' title="bbox 2003 2632 3606 2710">
     <span class='ocr_line' id='line_1_67' title="bbox 2003 2632 3606 2710; baseline 0.007 -24"><span class='ocrx_word' id='word_1_469' title='bbox 2003 2632 2157 2686; x_wconf 91' lang='lat' dir='ltr'><strong>nium</strong></span> <span class='ocrx_word' id='word_1_470' title='bbox 2202 2633 2369 2688; x_wconf 90' lang='lat' dir='ltr'><strong>solus.</strong></span> <span class='ocrx_word' id='word_1_471' title='bbox 2409 2633 2573 2689; x_wconf 89' lang='lat' dir='ltr'><strong>Salva</strong></span> <span class='ocrx_word' id='word_1_472' title='bbox 2605 2651 2692 2690; x_wconf 90' lang='lat' dir='ltr'><strong>me</strong></span> <span class='ocrx_word' id='word_1_473' title='bbox 2732 2645 3097 2706; x_wconf 79' lang='lat' dir='ltr'><strong>precatorem,</strong></span> <span class='ocrx_word' id='word_1_474' title='bbox 3143 2640 3400 2710; x_wconf 92' lang='lat' dir='ltr'><strong>quoniam</strong></span> <span class='ocrx_word' id='word_1_475' title='bbox 3447 2649 3499 2694; x_wconf 90' lang='lat' dir='ltr'><strong>tu</strong></span> <span class='ocrx_word' id='word_1_476' title='bbox 3546 2657 3606 2697; x_wconf 91' lang='lat' dir='ltr'><strong>es</strong></span> 
     </span>
    </p>
   </div>
   <div class='ocr_carea' id='block_1_68' title="bbox 2003 2715 3605 2802">
    <p class='ocr_par' dir='ltr' id='par_1_68' title="bbox 2003 2715 3605 2802">
     <span class='ocr_line' id='line_1_68' title="bbox 2003 2715 3605 2802; baseline 0.007 -24"><span class='ocrx_word' id='word_1_477' title='bbox 2003 2726 2126 2780; x_wconf 90' lang='lat' dir='ltr'><strong>sine</strong></span> <span class='ocrx_word' id='word_1_478' title='bbox 2165 2737 2392 2797; x_wconf 90' lang='lat' dir='ltr'><strong>peccato</strong></span> <span class='ocrx_word' id='word_1_479' title='bbox 2421 2727 2590 2782; x_wconf 92' lang='lat' dir='ltr'><strong>solus.</strong></span> <span class='ocrx_word' id='word_1_480' title='bbox 2624 2728 2767 2784; x_wconf 84' lang='lat' dir='ltr'><strong>Erue</strong></span> <span class='ocrx_word' id='word_1_481' title='bbox 2812 2745 2899 2784; x_wconf 75' lang='lat' dir='ltr'><strong>nte</strong></span> <span class='ocrx_word' id='word_1_482' title='bbox 2949 2730 3016 2785; x_wconf 89' lang='lat' dir='ltr'><strong>de</strong></span> <span class='ocrx_word' id='word_1_483' title='bbox 3041 2745 3198 2786; x_wconf 79' lang='lat' dir='ltr'><strong>coeno</strong></span> <span class='ocrx_word' id='word_1_484' title='bbox 3255 2715 3605 2802; x_wconf 80' lang='lat' dir='ltr'><strong>iniquitatum</strong></span> 
     </span>
    </p>
   </div>
   <div class='ocr_carea' id='block_1_69' title="bbox 2003 2819 3607 2892">
    <p class='ocr_par' dir='ltr' id='par_1_69' title="bbox 2003 2819 3607 2892">
     <span class='ocr_line' id='line_1_69' title="bbox 2003 2819 3607 2892; baseline 0.004 -20"><span class='ocrx_word' id='word_1_485' title='bbox 2003 2832 2270 2885; x_wconf 90' lang='lat' dir='ltr'><strong>mearum,</strong></span> <span class='ocrx_word' id='word_1_486' title='bbox 2321 2827 2382 2874; x_wconf 91' lang='lat' dir='ltr'><strong>ut</strong></span> <span class='ocrx_word' id='word_1_487' title='bbox 2409 2835 2518 2875; x_wconf 91' lang='lat' dir='ltr'><strong>non</strong></span> <span class='ocrx_word' id='word_1_488' title='bbox 2545 2819 2743 2892; x_wconf 86' lang='lat' dir='ltr'><strong>infigar</strong></span> <span class='ocrx_word' id='word_1_489' title='bbox 2785 2822 2838 2876; x_wconf 91' lang='lat' dir='ltr'><strong>in</strong></span> <span class='ocrx_word' id='word_1_490' title='bbox 2880 2831 3166 2878; x_wconf 70' lang='lat' dir='ltr'><strong>mter-num.</strong></span> <span class='ocrx_word' id='word_1_491' title='bbox 3201 2822 3393 2879; x_wconf 88' lang='lat' dir='ltr'><strong>Libera</strong></span> <span class='ocrx_word' id='word_1_492' title='bbox 3425 2841 3512 2881; x_wconf 90' lang='lat' dir='ltr'><strong>me</strong></span> <span class='ocrx_word' id='word_1_493' title='bbox 3540 2826 3607 2880; x_wconf 87' lang='lat' dir='ltr'><strong>de</strong></span> 
     </span>
    </p>
   </div>
   <div class='ocr_carea' id='block_1_70' title="bbox 2001 2912 3604 2989">
    <p class='ocr_par' dir='ltr' id='par_1_70' title="bbox 2001 2912 3604 2989">
     <span class='ocr_line' id='line_1_70' title="bbox 2001 2912 3604 2989; baseline 0.005 -24"><span class='ocrx_word' id='word_1_494' title='bbox 2001 2926 2098 2966; x_wconf 89' lang='lat' dir='ltr'><strong>ore</strong></span> <span class='ocrx_word' id='word_1_495' title='bbox 2131 2912 2339 2968; x_wconf 90' lang='lat' dir='ltr'><strong>inimici</strong></span> <span class='ocrx_word' id='word_1_496' title='bbox 2370 2914 2477 2971; x_wconf 91' lang='lat' dir='ltr'><strong>mei</strong></span> <span class='ocrx_word' id='word_1_497' title='bbox 2505 2935 2518 2970; x_wconf 87' lang='lat'><strong>:</strong></span> <span class='ocrx_word' id='word_1_498' title='bbox 2544 2930 2673 2971; x_wconf 89' lang='lat' dir='ltr'><strong>ecce</strong></span> <span class='ocrx_word' id='word_1_499' title='bbox 2701 2917 2850 2971; x_wconf 88' lang='lat' dir='ltr'><strong>enim</strong></span> <span class='ocrx_word' id='word_1_500' title='bbox 2873 2925 2935 2970; x_wconf 90' lang='lat' dir='ltr'><strong>ut</strong></span> <span class='ocrx_word' id='word_1_501' title='bbox 2962 2917 3046 2973; x_wconf 91' lang='lat' dir='ltr'><strong>leo</strong></span> <span class='ocrx_word' id='word_1_502' title='bbox 3086 2917 3309 2989; x_wconf 83' lang='lat' dir='ltr'><strong>rugiens</strong></span> <span class='ocrx_word' id='word_1_503' title='bbox 3336 2918 3604 2973; x_wconf 92' lang='lat' dir='ltr'><strong>devorare</strong></span> 
     </span>
    </p>
   </div>
   <div class='ocr_carea' id='block_1_71' title="bbox 2003 3005 3606 3078">
    <p class='ocr_par' dir='ltr' id='par_1_71' title="bbox 2003 3005 3606 3078">
     <span class='ocr_line' id='line_1_71' title="bbox 2003 3005 3606 3078; baseline 0.005 -20"><span class='ocrx_word' id='word_1_504' title='bbox 2003 3020 2090 3058; x_wconf 89' lang='lat' dir='ltr'><strong>me</strong></span> <span class='ocrx_word' id='word_1_505' title='bbox 2127 3005 2296 3076; x_wconf 87' lang='lat' dir='ltr'><strong>cupit.</strong></span> <span class='ocrx_word' id='word_1_506' title='bbox 2331 3005 2523 3062; x_wconf 79' lang='lat' dir='ltr'><strong>Exeita</strong></span> <span class='ocrx_word' id='word_1_507' title='bbox 2559 3009 2866 3078; x_wconf 89' lang='lat' dir='ltr'><strong>potentiam</strong></span> <span class='ocrx_word' id='word_1_508' title='bbox 2911 3017 3077 3075; x_wconf 92' lang='lat' dir='ltr'><strong>tuam,</strong></span> <span class='ocrx_word' id='word_1_509' title='bbox 3116 3019 3173 3064; x_wconf 89' lang='lat' dir='ltr'><strong>et</strong></span> <span class='ocrx_word' id='word_1_510' title='bbox 3218 3010 3362 3075; x_wconf 89' lang='lat' dir='ltr'><strong>veni,</strong></span> <span class='ocrx_word' id='word_1_511' title='bbox 3395 3018 3455 3065; x_wconf 91' lang='lat' dir='ltr'><strong>ut</strong></span> <span class='ocrx_word' id='word_1_512' title='bbox 3501 3011 3606 3070; x_wconf 80' lang='lat' dir='ltr'><strong>sal—</strong></span> 
     </span>
    </p>
   </div>
   <div class='ocr_carea' id='block_1_72' title="bbox 1998 3097 3607 3166">
    <p class='ocr_par' dir='ltr' id='par_1_72' title="bbox 1998 3097 3607 3166">
     <span class='ocr_line' id='line_1_72' title="bbox 1998 3097 3607 3166; baseline 0.004 -15"><span class='ocrx_word' id='word_1_513' title='bbox 1998 3111 2128 3152; x_wconf 90' lang='lat' dir='ltr'><strong>vum</strong></span> <span class='ocrx_word' id='word_1_514' title='bbox 2180 3113 2268 3152; x_wconf 90' lang='lat' dir='ltr'><strong>me</strong></span> <span class='ocrx_word' id='word_1_515' title='bbox 2325 3097 2790 3166; x_wconf 86' lang='lat' dir='ltr'><strong>facias;eornsca</strong></span> <span class='ocrx_word' id='word_1_516' title='bbox 2855 3103 3267 3158; x_wconf 85' lang='lat' dir='ltr'><strong>eoruscationes</strong></span> <span class='ocrx_word' id='word_1_517' title='bbox 3325 3111 3466 3158; x_wconf 87' lang='lat' dir='ltr'><strong>tuas.</strong></span> <span class='ocrx_word' id='word_1_518' title='bbox 3516 3101 3607 3158; x_wconf 90' lang='lat' dir='ltr'><strong>Di-</strong></span> 
     </span>
    </p>
   </div>
   <div class='ocr_carea' id='block_1_73' title="bbox 2001 3191 3602 3269">
    <p class='ocr_par' dir='ltr' id='par_1_73' title="bbox 2001 3191 3602 3269">
     <span class='ocr_line' id='line_1_73' title="bbox 2001 3191 3602 3269; baseline 0.004 -24"><span class='ocrx_word' id='word_1_519' title='bbox 2001 3204 2193 3262; x_wconf 87' lang='lat' dir='ltr'><strong>sperge</strong></span> <span class='ocrx_word' id='word_1_520' title='bbox 2223 3191 2484 3245; x_wconf 87' lang='lat' dir='ltr'><strong>virtutem</strong></span> <span class='ocrx_word' id='word_1_521' title='bbox 2512 3191 2738 3258; x_wconf 90' lang='lat' dir='ltr'><strong>inimici,</strong></span> <span class='ocrx_word' id='word_1_522' title='bbox 2772 3201 2985 3248; x_wconf 88' lang='lat' dir='ltr'><strong>amator</strong></span> <span class='ocrx_word' id='word_1_523' title='bbox 3012 3193 3295 3250; x_wconf 90' lang='lat' dir='ltr'><strong>hominum</strong></span> <span class='ocrx_word' id='word_1_524' title='bbox 3323 3196 3602 3269; x_wconf 79' lang='lat' dir='ltr'><strong>benignis-</strong></span> 
     </span>
    </p>
   </div>
   <div class='ocr_carea' id='block_1_74' title="bbox 2000 3281 3600 3357">
    <p class='ocr_par' dir='ltr' id='par_1_74' title="bbox 2000 3281 3600 3357">
     <span class='ocr_line' id='line_1_74' title="bbox 2000 3281 3600 3357; baseline 0.007 -21"><span class='ocrx_word' id='word_1_525' title='bbox 2000 3283 2154 3337; x_wconf 88' lang='lat' dir='ltr'><strong>sime.</strong></span> <span class='ocrx_word' id='word_1_526' title='bbox 2205 3281 2369 3349; x_wconf 89' lang='lat' dir='ltr'><strong>Deus,</strong></span> <span class='ocrx_word' id='word_1_527' title='bbox 2421 3283 2614 3355; x_wconf 82' lang='lat' dir='ltr'><strong>adjuro</strong></span> <span class='ocrx_word' id='word_1_528' title='bbox 2642 3293 2694 3340; x_wconf 90' lang='lat' dir='ltr'><strong>te</strong></span> <span class='ocrx_word' id='word_1_529' title='bbox 2742 3302 2842 3356; x_wconf 86' lang='lat' dir='ltr'><strong>per</strong></span> <span class='ocrx_word' id='word_1_530' title='bbox 2891 3288 3275 3345; x_wconf 87' lang='lat' dir='ltr'><strong>miserationes</strong></span> <span class='ocrx_word' id='word_1_531' title='bbox 3334 3297 3475 3357; x_wconf 89' lang='lat' dir='ltr'><strong>tuas,</strong></span> <span class='ocrx_word' id='word_1_532' title='bbox 3530 3308 3600 3347; x_wconf 91' lang='lat' dir='ltr'><strong>ne</strong></span> 
     </span>
    </p>
   </div>
   <div class='ocr_carea' id='block_1_75' title="bbox 1922 3351 3597 3460">
    <p class='ocr_par' dir='ltr' id='par_1_75' title="bbox 1922 3351 3597 3460">
     <span class='ocr_line' id='line_1_75' title="bbox 1922 3351 3597 3460; baseline 0.009 -31"><span class='ocrx_word' id='word_1_533' title='bbox 1922 3351 1970 3414; x_wconf 71' lang='grc' dir='ltr'>ο</span> <span class='ocrx_word' id='word_1_534' title='bbox 2004 3390 2090 3430; x_wconf 91' lang='lat' dir='ltr'><strong>me</strong></span> <span class='ocrx_word' id='word_1_535' title='bbox 2119 3391 2242 3433; x_wconf 86' lang='lat' dir='ltr'><strong>cum</strong></span> <span class='ocrx_word' id='word_1_536' title='bbox 2269 3378 2438 3434; x_wconf 67' lang='lat' dir='ltr'><strong>haedis</strong></span> <span class='ocrx_word' id='word_1_537' title='bbox 2483 3395 2514 3433; x_wconf 89' lang='lat' dir='ltr'><strong>a</strong></span> <span class='ocrx_word' id='word_1_538' title='bbox 2547 3379 2789 3436; x_wconf 88' lang='lat' dir='ltr'><strong>sinistris</strong></span> <span class='ocrx_word' id='word_1_539' title='bbox 2818 3383 2924 3437; x_wconf 89' lang='lat' dir='ltr'><strong>tuis</strong></span> <span class='ocrx_word' id='word_1_540' title='bbox 2951 3391 3184 3449; x_wconf 86' lang='lat' dir='ltr'><strong>statuas,</strong></span> <span class='ocrx_word' id='word_1_541' title='bbox 3227 3400 3350 3441; x_wconf 92' lang='lat' dir='ltr'><strong>cum</strong></span> <span class='ocrx_word' id='word_1_542' title='bbox 3391 3385 3476 3442; x_wconf 90' lang='lat' dir='ltr'><strong>bis</strong></span> <span class='ocrx_word' id='word_1_543' title='bbox 3502 3389 3597 3460; x_wconf 89' lang='lat' dir='ltr'><strong>qui</strong></span> 
     </span>
    </p>
   </div>
   <div class='ocr_carea' id='block_1_76' title="bbox 2000 3469 3603 3541">
    <p class='ocr_par' dir='ltr' id='par_1_76' title="bbox 2000 3469 3603 3541">
     <span class='ocr_line' id='line_1_76' title="bbox 2000 3469 3603 3541; baseline 0.007 -17"><span class='ocrx_word' id='word_1_544' title='bbox 2000 3477 2054 3524; x_wconf 90' lang='lat' dir='ltr'><strong>te</strong></span> <span class='ocrx_word' id='word_1_545' title='bbox 2098 3469 2584 3526; x_wconf 81' lang='lat' dir='ltr'><strong>exaeerbaverunt.</strong></span> <span class='ocrx_word' id='word_1_546' title='bbox 2634 3471 2712 3529; x_wconf 84' lang='lat' dir='ltr'><strong>Ne</strong></span> <span class='ocrx_word' id='word_1_547' title='bbox 2755 3474 2906 3530; x_wconf 91' lang='lat' dir='ltr'><strong>dicas</strong></span> <span class='ocrx_word' id='word_1_548' title='bbox 2950 3475 3104 3541; x_wconf 88' lang='lat' dir='ltr'><strong>mihi,</strong></span> <span class='ocrx_word' id='word_1_549' title='bbox 3153 3473 3347 3533; x_wconf 80' lang='lat' dir='ltr'><strong>Nescio</strong></span> <span class='ocrx_word' id='word_1_550' title='bbox 3384 3488 3475 3534; x_wconf 78' lang='lat' dir='ltr'><strong>te:</strong></span> <span class='ocrx_word' id='word_1_551' title='bbox 3504 3479 3603 3536; x_wconf 86' lang='lat' dir='ltr'><strong>sed</strong></span> 
     </span>
    </p>
   </div>
   <div class='ocr_carea' id='block_1_77' title="bbox 2000 3561 3599 3636">
    <p class='ocr_par' dir='ltr' id='par_1_77' title="bbox 2000 3561 3599 3636">
     <span class='ocr_line' id='line_1_77' title="bbox 2000 3561 3599 3636; baseline 0.007 -21"><span class='ocrx_word' id='word_1_552' title='bbox 2000 3561 2174 3617; x_wconf 86' lang='lat' dir='ltr'><strong>tribue</strong></span> <span class='ocrx_word' id='word_1_553' title='bbox 2222 3563 2355 3618; x_wconf 91' lang='lat' dir='ltr'><strong>mihi</strong></span> <span class='ocrx_word' id='word_1_554' title='bbox 2405 3574 2628 3636; x_wconf 87' lang='lat' dir='ltr'><strong>prepter</strong></span> <span class='ocrx_word' id='word_1_555' title='bbox 2677 3567 2903 3622; x_wconf 89' lang='lat' dir='ltr'><strong>multam</strong></span> <span class='ocrx_word' id='word_1_556' title='bbox 2961 3569 3392 3625; x_wconf 88' lang='lat' dir='ltr'><strong>misericordiam</strong></span> <span class='ocrx_word' id='word_1_557' title='bbox 3450 3577 3599 3626; x_wconf 85' lang='lat' dir='ltr'><strong>tuam</strong></span> 
     </span>
    </p>
   </div>
   <div class='ocr_carea' id='block_1_78' title="bbox 1999 3652 3602 3729">
    <p class='ocr_par' dir='ltr' id='par_1_78' title="bbox 1999 3652 3602 3729">
     <span class='ocr_line' id='line_1_78' title="bbox 1999 3652 3602 3729; baseline 0.008 -23"><span class='ocrx_word' id='word_1_558' title='bbox 1999 3652 2376 3710; x_wconf 88' lang='lat' dir='ltr'><strong>indesinenter</strong></span> <span class='ocrx_word' id='word_1_559' title='bbox 2422 3655 2606 3712; x_wconf 90' lang='lat' dir='ltr'><strong>cordis</strong></span> <span class='ocrx_word' id='word_1_560' title='bbox 2644 3658 3125 3729; x_wconf 91' lang='lat' dir='ltr'><strong>compunctionem</strong></span> <span class='ocrx_word' id='word_1_561' title='bbox 3166 3668 3224 3716; x_wconf 91' lang='lat' dir='ltr'><strong>et</strong></span> <span class='ocrx_word' id='word_1_562' title='bbox 3273 3659 3496 3719; x_wconf 82' lang='lat' dir='ltr'><strong>fletum:</strong></span> <span class='ocrx_word' id='word_1_563' title='bbox 3543 3671 3602 3719; x_wconf 88' lang='lat' dir='ltr'><strong>et</strong></span> 
     </span>
    </p>
   </div>
   <div class='ocr_carea' id='block_1_79' title="bbox 1995 3748 3598 3831">
    <p class='ocr_par' dir='ltr' id='par_1_79' title="bbox 1995 3748 3598 3831">
     <span class='ocr_line' id='line_1_79' title="bbox 1995 3748 3598 3831; baseline 0.007 -29"><span class='ocrx_word' id='word_1_564' title='bbox 1995 3748 2272 3805; x_wconf 85' lang='lat' dir='ltr'><strong>sanctifica</strong></span> <span class='ocrx_word' id='word_1_565' title='bbox 2321 3767 2432 3819; x_wconf 90' lang='lat' dir='ltr'><strong>me,</strong></span> <span class='ocrx_word' id='word_1_566' title='bbox 2483 3761 2544 3808; x_wconf 91' lang='lat' dir='ltr'><strong>ut</strong></span> <span class='ocrx_word' id='word_1_567' title='bbox 2588 3752 2716 3809; x_wconf 83' lang='lat' dir='ltr'><strong>[iam</strong></span> <span class='ocrx_word' id='word_1_568' title='bbox 2769 3753 3032 3828; x_wconf 89' lang='lat' dir='ltr'><strong>templum</strong></span> <span class='ocrx_word' id='word_1_569' title='bbox 3084 3757 3275 3831; x_wconf 64' lang='lat' dir='ltr'><strong>gratiae</strong></span> <span class='ocrx_word' id='word_1_570' title='bbox 3319 3766 3445 3824; x_wconf 73' lang='lat' dir='ltr'><strong>ture,</strong></span> <span class='ocrx_word' id='word_1_571' title='bbox 3499 3774 3598 3829; x_wconf 83' lang='lat' dir='ltr'><strong>per</strong></span> 
     </span>
    </p>
   </div>
   <div class='ocr_carea' id='block_1_80' title="bbox 1999 3841 2498 3908">
    <p class='ocr_par' dir='ltr' id='par_1_80' title="bbox 1999 3841 2498 3908">
     <span class='ocr_line' id='line_1_80' title="bbox 1999 3841 2498 3908; baseline 0.016 -14"><span class='ocrx_word' id='word_1_572' title='bbox 1999 3848 2072 3908; x_wconf 88' lang='lat' dir='ltr'><strong>te,</strong></span> <span class='ocrx_word' id='word_1_573' title='bbox 2103 3841 2322 3900; x_wconf 86' lang='lat' dir='ltr'><strong>Christe</strong></span> <span class='ocrx_word' id='word_1_574' title='bbox 2347 3843 2498 3903; x_wconf 86' lang='lat' dir='ltr'><strong>Jesu.</strong></span> 
     </span>
    </p>
   </div>
   <div class='ocr_carea' id='block_1_81' title="bbox 2337 3977 3270 4052">
    <p class='ocr_par' dir='ltr' id='par_1_81' title="bbox 2337 3977 3270 4052">
     <span class='ocr_line' id='line_1_81' title="bbox 2337 3977 3270 4052; baseline 0.011 -19"><span class='ocrx_word' id='word_1_575' title='bbox 2337 3977 2596 4039; x_wconf 75' lang='lat' dir='ltr'><strong>ORATIO</strong></span> <span class='ocrx_word' id='word_1_576' title='bbox 2621 3980 2759 4038; x_wconf 80' lang='lat' dir='ltr'><strong>PRO</strong></span> <span class='ocrx_word' id='word_1_577' title='bbox 2778 3982 2948 4040; x_wconf 80' lang='lat' dir='ltr'><strong>OMNI</strong></span> <span class='ocrx_word' id='word_1_578' title='bbox 2975 3982 3270 4052; x_wconf 86' lang='lat' dir='ltr'><strong>POPULO.</strong></span> 
     </span>
    </p>
   </div>
   <div class='ocr_carea' id='block_1_82' title="bbox 2278 4070 3302 4146">
    <p class='ocr_par' dir='ltr' id='par_1_82' title="bbox 2278 4070 3302 4146">
     <span class='ocr_line' id='line_1_82' title="bbox 2278 4070 3302 4146; baseline 0.007 -20"><span class='ocrx_word' id='word_1_579' title='bbox 2278 4070 2348 4126; x_wconf 79' lang='lat' dir='ltr'><strong>Ut</strong></span> <span class='ocrx_word' id='word_1_580' title='bbox 2396 4074 2451 4129; x_wconf 83' lang='lat' dir='ltr'><strong>in</strong></span> <span class='ocrx_word' id='word_1_581' title='bbox 2490 4090 2672 4146; x_wconf 66' lang='lat' dir='ltr'><strong>regem</strong></span> <span class='ocrx_word' id='word_1_582' title='bbox 2711 4077 3014 4132; x_wconf 70' lang='lat' dir='ltr'><strong>continetur</strong></span> <span class='ocrx_word' id='word_1_583' title='bbox 3060 4078 3302 4133; x_wconf 70' lang='lat' dir='ltr'><strong>historia.</strong></span> 
     </span>
    </p>
   </div>
   <div class='ocr_carea' id='block_1_83' title="bbox 2065 4187 3596 4264">
    <p class='ocr_par' dir='ltr' id='par_1_83' title="bbox 2065 4187 3596 4264">
     <span class='ocr_line' id='line_1_83' title="bbox 2065 4187 3596 4264; baseline 0.005 -21"><span class='ocrx_word' id='word_1_584' title='bbox 2065 4189 2255 4253; x_wconf 90' lang='lat' dir='ltr'><strong>Parce,</strong></span> <span class='ocrx_word' id='word_1_585' title='bbox 2309 4187 2556 4256; x_wconf 89' lang='lat' dir='ltr'><strong>Domine,</strong></span> <span class='ocrx_word' id='word_1_586' title='bbox 2605 4205 2772 4261; x_wconf 88' lang='lat' dir='ltr'><strong>parce</strong></span> <span class='ocrx_word' id='word_1_587' title='bbox 2820 4191 3018 4262; x_wconf 90' lang='lat' dir='ltr'><strong>populo</strong></span> <span class='ocrx_word' id='word_1_588' title='bbox 3063 4200 3175 4260; x_wconf 89' lang='lat' dir='ltr'><strong>tuo,</strong></span> <span class='ocrx_word' id='word_1_589' title='bbox 3225 4207 3389 4264; x_wconf 87' lang='lat' dir='ltr'><strong>quem</strong></span> <span class='ocrx_word' id='word_1_590' title='bbox 3440 4194 3596 4252; x_wconf 88' lang='lat' dir='ltr'><strong>rede-</strong></span> 
     </span>
    </p>
   </div>
   <div class='ocr_carea' id='block_1_84' title="bbox 1992 4280 3592 4354">
    <p class='ocr_par' dir='ltr' id='par_1_84' title="bbox 1992 4280 3592 4354">
     <span class='ocr_line' id='line_1_84' title="bbox 1992 4280 3592 4354; baseline 0.004 -19"><span class='ocrx_word' id='word_1_591' title='bbox 1992 4280 2159 4348; x_wconf 87' lang='lat' dir='ltr'><strong>misti,</strong></span> <span class='ocrx_word' id='word_1_592' title='bbox 2203 4280 2442 4348; x_wconf 82' lang='lat' dir='ltr'><strong>Christe,</strong></span> <span class='ocrx_word' id='word_1_593' title='bbox 2495 4282 2763 4354; x_wconf 84' lang='lat' dir='ltr'><strong>sanguine</strong></span> <span class='ocrx_word' id='word_1_594' title='bbox 2803 4289 2899 4339; x_wconf 90' lang='lat' dir='ltr'><strong>tuo</strong></span> <span class='ocrx_word' id='word_1_595' title='bbox 2924 4301 2938 4348; x_wconf 89' lang='lat'><strong>;</strong></span> <span class='ocrx_word' id='word_1_596' title='bbox 2965 4293 3026 4339; x_wconf 91' lang='lat' dir='ltr'><strong>ut</strong></span> <span class='ocrx_word' id='word_1_597' title='bbox 3076 4299 3188 4340; x_wconf 89' lang='lat' dir='ltr'><strong>non</strong></span> <span class='ocrx_word' id='word_1_598' title='bbox 3228 4285 3283 4340; x_wconf 93' lang='lat' dir='ltr'><strong>in</strong></span> <span class='ocrx_word' id='word_1_599' title='bbox 3325 4293 3592 4342; x_wconf 81' lang='lat' dir='ltr'><strong>aeternum</strong></span> 
     </span>
    </p>
   </div>
   <div class='ocr_carea' id='block_1_85' title="bbox 1993 4371 3597 4446">
    <p class='ocr_par' dir='ltr' id='par_1_85' title="bbox 1993 4371 3597 4446">
     <span class='ocr_line' id='line_1_85' title="bbox 1993 4371 3597 4446; baseline 0.004 -20"><span class='ocrx_word' id='word_1_600' title='bbox 1993 4371 2246 4428; x_wconf 86' lang='lat' dir='ltr'><strong>irascaris</strong></span> <span class='ocrx_word' id='word_1_601' title='bbox 2276 4373 2449 4430; x_wconf 87' lang='lat' dir='ltr'><strong>nobis.</strong></span> <span class='ocrx_word' id='word_1_602' title='bbox 2482 4372 2871 4446; x_wconf 86' lang='lat' dir='ltr'><strong>Deprecamur,</strong></span> <span class='ocrx_word' id='word_1_603' title='bbox 2901 4375 3150 4440; x_wconf 90' lang='lat' dir='ltr'><strong>Domine,</strong></span> <span class='ocrx_word' id='word_1_604' title='bbox 3179 4376 3232 4433; x_wconf 91' lang='lat' dir='ltr'><strong>in</strong></span> <span class='ocrx_word' id='word_1_605' title='bbox 3255 4377 3403 4432; x_wconf 92' lang='lat' dir='ltr'><strong>omni</strong></span> <span class='ocrx_word' id='word_1_606' title='bbox 3430 4376 3597 4432; x_wconf 90' lang='lat' dir='ltr'><strong>mise-</strong></span> 
     </span>
    </p>
   </div>
   <div class='ocr_carea' id='block_1_86' title="bbox 1990 4462 3595 4531">
    <p class='ocr_par' dir='ltr' id='par_1_86' title="bbox 1990 4462 3595 4531">
     <span class='ocr_line' id='line_1_86' title="bbox 1990 4462 3595 4531; baseline 0.002 -13"><span class='ocrx_word' id='word_1_607' title='bbox 1990 4462 2227 4518; x_wconf 88' lang='lat' dir='ltr'><strong>ricordia</strong></span> <span class='ocrx_word' id='word_1_608' title='bbox 2270 4473 2382 4531; x_wconf 88' lang='lat' dir='ltr'><strong>tua,</strong></span> <span class='ocrx_word' id='word_1_609' title='bbox 2425 4472 2484 4519; x_wconf 88' lang='lat' dir='ltr'><strong>ut</strong></span> <span class='ocrx_word' id='word_1_610' title='bbox 2532 4464 2814 4522; x_wconf 88' lang='lat' dir='ltr'><strong>auferatur</strong></span> <span class='ocrx_word' id='word_1_611' title='bbox 2863 4465 3016 4522; x_wconf 87' lang='lat' dir='ltr'><strong>furor</strong></span> <span class='ocrx_word' id='word_1_612' title='bbox 3067 4476 3189 4524; x_wconf 91' lang='lat' dir='ltr'><strong>tuus</strong></span> <span class='ocrx_word' id='word_1_613' title='bbox 3220 4477 3277 4522; x_wconf 90' lang='lat' dir='ltr'><strong>et</strong></span> <span class='ocrx_word' id='word_1_614' title='bbox 3306 4467 3387 4522; x_wconf 91' lang='lat' dir='ltr'><strong>ira</strong></span> <span class='ocrx_word' id='word_1_615' title='bbox 3420 4475 3510 4523; x_wconf 86' lang='lat' dir='ltr'><strong>tua</strong></span> <span class='ocrx_word' id='word_1_616' title='bbox 3562 4481 3595 4522; x_wconf 86' lang='lat' dir='ltr'><strong>a</strong></span> 
     </span>
    </p>
   </div>
   <div class='ocr_carea' id='block_1_87' title="bbox 1991 4552 3597 4630">
    <p class='ocr_par' dir='ltr' id='par_1_87' title="bbox 1991 4552 3597 4630">
     <span class='ocr_line' id='line_1_87' title="bbox 1991 4552 3597 4630; baseline 0.006 -24"><span class='ocrx_word' id='word_1_617' title='bbox 1991 4552 2110 4609; x_wconf 90' lang='lat' dir='ltr'><strong>loco</strong></span> <span class='ocrx_word' id='word_1_618' title='bbox 2140 4554 2264 4618; x_wconf 88' lang='lat' dir='ltr'><strong>isto,</strong></span> <span class='ocrx_word' id='word_1_619' title='bbox 2296 4563 2350 4610; x_wconf 88' lang='lat' dir='ltr'><strong>et</strong></span> <span class='ocrx_word' id='word_1_620' title='bbox 2378 4571 2408 4611; x_wconf 90' lang='lat' dir='ltr'><strong>a</strong></span> <span class='ocrx_word' id='word_1_621' title='bbox 2451 4555 2613 4611; x_wconf 88' lang='lat' dir='ltr'><strong>domo</strong></span> <span class='ocrx_word' id='word_1_622' title='bbox 2641 4564 2832 4612; x_wconf 85' lang='lat' dir='ltr'><strong>sancta</strong></span> <span class='ocrx_word' id='word_1_623' title='bbox 2884 4565 2994 4625; x_wconf 90' lang='lat' dir='ltr'><strong>tua,</strong></span> <span class='ocrx_word' id='word_1_624' title='bbox 3037 4559 3296 4629; x_wconf 88' lang='lat' dir='ltr'><strong>quoniam</strong></span> <span class='ocrx_word' id='word_1_625' title='bbox 3343 4558 3597 4630; x_wconf 85' lang='lat' dir='ltr'><strong>peccavi-</strong></span> 
     </span>
    </p>
   </div>
   <div class='ocr_carea' id='block_1_88' title="bbox 1992 4643 3589 4717">
    <p class='ocr_par' dir='ltr' id='par_1_88' title="bbox 1992 4643 3589 4717">
     <span class='ocr_line' id='line_1_88' title="bbox 1992 4643 3589 4717; baseline 0.005 -17"><span class='ocrx_word' id='word_1_626' title='bbox 1992 4661 2133 4702; x_wconf 88' lang='lat' dir='ltr'><strong>mus.</strong></span> <span class='ocrx_word' id='word_1_627' title='bbox 2185 4643 2536 4704; x_wconf 86' lang='lat' dir='ltr'><strong>Peccavimns</strong></span> <span class='ocrx_word' id='word_1_628' title='bbox 2585 4649 2705 4714; x_wconf 89' lang='lat' dir='ltr'><strong>tibi,</strong></span> <span class='ocrx_word' id='word_1_629' title='bbox 2728 4648 2978 4717; x_wconf 87' lang='lat' dir='ltr'><strong>Domine,</strong></span> <span class='ocrx_word' id='word_1_630' title='bbox 3007 4660 3068 4707; x_wconf 88' lang='lat' dir='ltr'><strong>et</strong></span> <span class='ocrx_word' id='word_1_631' title='bbox 3095 4659 3154 4707; x_wconf 87' lang='lat' dir='ltr'><strong>tu</strong></span> <span class='ocrx_word' id='word_1_632' title='bbox 3177 4653 3352 4708; x_wconf 88' lang='lat' dir='ltr'><strong>iratus</strong></span> <span class='ocrx_word' id='word_1_633' title='bbox 3381 4667 3442 4708; x_wconf 90' lang='lat' dir='ltr'><strong>es</strong></span> <span class='ocrx_word' id='word_1_634' title='bbox 3495 4668 3589 4708; x_wconf 88' lang='lat' dir='ltr'><strong>no-</strong></span> 
     </span>
    </p>
   </div>
   <div class='ocr_carea' id='block_1_89' title="bbox 298 4719 3592 4817">
    <p class='ocr_par' dir='ltr' id='par_1_89' title="bbox 298 4719 3592 4817">
     <span class='ocr_line' id='line_1_89' title="bbox 298 4719 3592 4817; baseline 0.004 -31"><span class='ocrx_word' id='word_1_635' title='bbox 298 4736 388 4817; x_wconf 61' lang='grc' dir='ltr'><strong>ηθς</strong></span> <span class='ocrx_word' id='word_1_636' title='bbox 413 4719 709 4817; x_wconf 48' lang='lat' dir='ltr'><strong>infdum.</strong></span> <span class='ocrx_word' id='word_1_637' title='bbox 735 4729 1030 4817; x_wconf 60' lang='grc' dir='ltr'><strong>ἃπιεψξεὶῐη</strong></span> <span class='ocrx_word' id='word_1_638' title='bbox 1059 4720 1178 4775; x_wconf 82' lang='lat' dir='ltr'><strong>Sine</strong></span> <span class='ocrx_word' id='word_1_639' title='bbox 1207 4720 1313 4817; x_wconf 73' lang='lat' dir='ltr'><strong>ﬁne</strong></span> <span class='ocrx_word' id='word_1_640' title='bbox 1342 4721 1612 4817; x_wconf 71' lang='lat' dir='ltr'><strong>deficiam.</strong></span> <span class='ocrx_word' id='word_1_641' title='bbox 1647 4721 1883 4817; x_wconf 50' lang='lat' dir='ltr'><strong>subveni</strong></span> <span class='ocrx_word' id='word_1_642' title='bbox 1913 4734 1966 4799; x_wconf 79' lang='grc' dir='ltr'><strong>Ι)</strong></span> <span class='ocrx_word' id='word_1_643' title='bbox 1989 4736 2095 4803; x_wconf 87' lang='lat' dir='ltr'><strong>bis,</strong></span> <span class='ocrx_word' id='word_1_644' title='bbox 2123 4744 2180 4792; x_wconf 88' lang='lat' dir='ltr'><strong>et</strong></span> <span class='ocrx_word' id='word_1_645' title='bbox 2220 4753 2330 4793; x_wconf 89' lang='lat' dir='ltr'><strong>non</strong></span> <span class='ocrx_word' id='word_1_646' title='bbox 2363 4748 2469 4806; x_wconf 91' lang='lat' dir='ltr'><strong>est,</strong></span> <span class='ocrx_word' id='word_1_647' title='bbox 2500 4741 2594 4810; x_wconf 91' lang='lat' dir='ltr'><strong>qui</strong></span> <span class='ocrx_word' id='word_1_648' title='bbox 2621 4740 2845 4814; x_wconf 79' lang='lat' dir='ltr'><strong>etl‘ugiat</strong></span> <span class='ocrx_word' id='word_1_649' title='bbox 2895 4759 3092 4800; x_wconf 89' lang='lat' dir='ltr'><strong>manus</strong></span> <span class='ocrx_word' id='word_1_650' title='bbox 3123 4753 3246 4800; x_wconf 89' lang='lat' dir='ltr'><strong>tuas</strong></span> <span class='ocrx_word' id='word_1_651' title='bbox 3271 4765 3282 4798; x_wconf 92' lang='lat'>:</span> <span class='ocrx_word' id='word_1_652' title='bbox 3314 4745 3411 4801; x_wconf 92' lang='lat' dir='ltr'><strong>sed</strong></span> <span class='ocrx_word' id='word_1_653' title='bbox 3464 4760 3592 4817; x_wconf 88' lang='lat' dir='ltr'><strong>sup-</strong></span> 
     </span>
    </p>
   </div>
   <div class='ocr_carea' id='block_1_90' title="bbox 297 4811 1884 4886">
    <p class='ocr_par' dir='ltr' id='par_1_90' title="bbox 297 4811 1884 4886">
     <span class='ocr_line' id='line_1_90' title="bbox 297 4811 1884 4886; baseline 0.001 -19"><span class='ocrx_word' id='word_1_654' title='bbox 297 4813 431 4868; x_wconf 88' lang='lat' dir='ltr'><strong>mihi</strong></span> <span class='ocrx_word' id='word_1_655' title='bbox 460 4811 604 4867; x_wconf 89' lang='lat' dir='ltr'><strong>Deus</strong></span> <span class='ocrx_word' id='word_1_656' title='bbox 630 4828 804 4879; x_wconf 86' lang='lat' dir='ltr'><strong>mens,</strong></span> <span class='ocrx_word' id='word_1_657' title='bbox 851 4813 1168 4884; x_wconf 84' lang='lat' dir='ltr'><strong>priusquam</strong></span> <span class='ocrx_word' id='word_1_658' title='bbox 1196 4814 1441 4884; x_wconf 81' lang='lat' dir='ltr'><strong>gehenna</strong></span> <span class='ocrx_word' id='word_1_659' title='bbox 1471 4814 1610 4886; x_wconf 90' lang='lat' dir='ltr'><strong>ignis</strong></span> <span class='ocrx_word' id='word_1_660' title='bbox 1635 4814 1884 4882; x_wconf 89' lang='lat' dir='ltr'><strong>devorer,</strong></span> 
     </span>
    </p>
   </div>
   <div class='ocr_carea' id='block_1_91' title="bbox 295 4907 1889 4980">
    <p class='ocr_par' dir='ltr' id='par_1_91' title="bbox 295 4907 1889 4980">
     <span class='ocr_line' id='line_1_91' title="bbox 295 4907 1889 4980; baseline 0.001 -18"><span class='ocrx_word' id='word_1_661' title='bbox 295 4908 610 4980; x_wconf 89' lang='lat' dir='ltr'><strong>priusquam</strong></span> <span class='ocrx_word' id='word_1_662' title='bbox 658 4909 775 4964; x_wconf 87' lang='lat' dir='ltr'><strong>sine</strong></span> <span class='ocrx_word' id='word_1_663' title='bbox 821 4907 1053 4963; x_wconf 75' lang='lat' dir='ltr'><strong>termino</strong></span> <span class='ocrx_word' id='word_1_664' title='bbox 1083 4908 1316 4962; x_wconf 79' lang='lat' dir='ltr'><strong>crucior.</strong></span> <span class='ocrx_word' id='word_1_665' title='bbox 1369 4907 1459 4962; x_wconf 77' lang='lat' dir='ltr'><strong>Va:</strong></span> <span class='ocrx_word' id='word_1_666' title='bbox 1504 4907 1639 4962; x_wconf 90' lang='lat' dir='ltr'><strong>mihi</strong></span> <span class='ocrx_word' id='word_1_667' title='bbox 1689 4909 1889 4964; x_wconf 89' lang='lat' dir='ltr'><strong>misero</strong></span> 
     </span>
    </p>
   </div>
   <div class='ocr_carea' id='block_1_92' title="bbox 295 4998 1888 5070">
    <p class='ocr_par' dir='ltr' id='par_1_92' title="bbox 295 4998 1888 5070">
     <span class='ocr_line' id='line_1_92' title="bbox 295 4998 1888 5070; baseline -0.001 -15"><span class='ocrx_word' id='word_1_668' title='bbox 295 5000 526 5066; x_wconf 89' lang='lat' dir='ltr'><strong>homini,</strong></span> <span class='ocrx_word' id='word_1_669' title='bbox 557 5000 703 5054; x_wconf 90' lang='lat' dir='ltr'><strong>omni</strong></span> <span class='ocrx_word' id='word_1_670' title='bbox 730 4998 939 5070; x_wconf 86' lang='lat' dir='ltr'><strong>polluto</strong></span> <span class='ocrx_word' id='word_1_671' title='bbox 969 5000 1260 5070; x_wconf 83' lang='lat' dir='ltr'><strong>contagio!</strong></span> <span class='ocrx_word' id='word_1_672' title='bbox 1295 5000 1386 5055; x_wconf 82' lang='lat' dir='ltr'><strong>Vae</strong></span> <span class='ocrx_word' id='word_1_673' title='bbox 1434 4999 1566 5054; x_wconf 89' lang='lat' dir='ltr'><strong>mihi</strong></span> <span class='ocrx_word' id='word_1_674' title='bbox 1614 4999 1888 5069; x_wconf 84' lang='lat' dir='ltr'><strong>peecatori</strong></span> 
     </span>
    </p>
   </div>
   <div class='ocr_carea' id='block_1_93' title="bbox 294 5091 1886 5164">
    <p class='ocr_par' dir='ltr' id='par_1_93' title="bbox 294 5091 1886 5164">
     <span class='ocr_line' id='line_1_93' title="bbox 294 5091 1886 5164; baseline -0.001 -16"><span class='ocrx_word' id='word_1_675' title='bbox 294 5091 536 5148; x_wconf 89' lang='lat' dir='ltr'><strong>omnium</strong></span> <span class='ocrx_word' id='word_1_676' title='bbox 565 5091 801 5164; x_wconf 88' lang='lat' dir='ltr'><strong>pessimo</strong></span> <span class='ocrx_word' id='word_1_677' title='bbox 825 5093 838 5146; x_wconf 73' lang='grc' dir='ltr'>Ξ</span> <span class='ocrx_word' id='word_1_678' title='bbox 881 5093 974 5148; x_wconf 72' lang='lat' dir='ltr'><strong>Vae</strong></span> <span class='ocrx_word' id='word_1_679' title='bbox 1003 5091 1136 5146; x_wconf 84' lang='lat' dir='ltr'><strong>mihi</strong></span> <span class='ocrx_word' id='word_1_680' title='bbox 1157 5133 1170 5157; x_wconf 90' lang='lat'><strong>,</strong></span> <span class='ocrx_word' id='word_1_681' title='bbox 1205 5093 1296 5162; x_wconf 91' lang='lat' dir='ltr'><strong>qui</strong></span> <span class='ocrx_word' id='word_1_682' title='bbox 1326 5091 1501 5148; x_wconf 82' lang='lat' dir='ltr'><strong>factus</strong></span> <span class='ocrx_word' id='word_1_683' title='bbox 1529 5107 1649 5147; x_wconf 87' lang='lat' dir='ltr'><strong>sum</strong></span> <span class='ocrx_word' id='word_1_684' title='bbox 1676 5093 1886 5147; x_wconf 88' lang='lat' dir='ltr'><strong>sentina</strong></span> 
     </span>
    </p>
   </div>
   <div class='ocr_carea' id='block_1_94' title="bbox 294 5181 1886 5254">
    <p class='ocr_par' dir='ltr' id='par_1_94' title="bbox 294 5181 1886 5254">
     <span class='ocr_line' id='line_1_94' title="bbox 294 5181 1886 5254; baseline -0.003 -12"><span class='ocrx_word' id='word_1_685' title='bbox 294 5181 536 5242; x_wconf 86' lang='lat' dir='ltr'><strong>omnium</strong></span> <span class='ocrx_word' id='word_1_686' title='bbox 567 5184 854 5240; x_wconf 87' lang='lat' dir='ltr'><strong>criminum</strong></span> <span class='ocrx_word' id='word_1_687' title='bbox 881 5186 893 5238; x_wconf 74' lang='grc' dir='ltr'>ε</span> <span class='ocrx_word' id='word_1_688' title='bbox 933 5182 1048 5237; x_wconf 81' lang='lat' dir='ltr'><strong>Heu</strong></span> <span class='ocrx_word' id='word_1_689' title='bbox 1081 5183 1234 5247; x_wconf 86' lang='lat' dir='ltr'><strong>mihi,</strong></span> <span class='ocrx_word' id='word_1_690' title='bbox 1265 5183 1356 5254; x_wconf 89' lang='lat' dir='ltr'><strong>qui</strong></span> <span class='ocrx_word' id='word_1_691' title='bbox 1384 5183 1636 5254; x_wconf 88' lang='lat' dir='ltr'><strong>superavi</strong></span> <span class='ocrx_word' id='word_1_692' title='bbox 1663 5199 1886 5239; x_wconf 88' lang='lat' dir='ltr'><strong>omnem</strong></span> 
     </span>
    </p>
   </div>
   <div class='ocr_carea' id='block_1_95' title="bbox 297 5275 1888 5350">
    <p class='ocr_par' dir='ltr' id='par_1_95' title="bbox 297 5275 1888 5350">
     <span class='ocr_line' id='line_1_95' title="bbox 297 5275 1888 5350; baseline 0 -17"><span class='ocrx_word' id='word_1_693' title='bbox 297 5277 724 5348; x_wconf 84' lang='lat' dir='ltr'><strong>magnitudinem</strong></span> <span class='ocrx_word' id='word_1_694' title='bbox 756 5286 1099 5348; x_wconf 87' lang='lat' dir='ltr'><strong>peccatorum</strong></span> <span class='ocrx_word' id='word_1_695' title='bbox 1125 5279 1137 5330; x_wconf 90' lang='lat'>!</span> <span class='ocrx_word' id='word_1_696' title='bbox 1173 5275 1290 5332; x_wconf 82' lang='lat' dir='ltr'><strong>Heu</strong></span> <span class='ocrx_word' id='word_1_697' title='bbox 1321 5277 1472 5344; x_wconf 88' lang='lat' dir='ltr'><strong>mihi,</strong></span> <span class='ocrx_word' id='word_1_698' title='bbox 1504 5278 1660 5348; x_wconf 84' lang='lat' dir='ltr'><strong>cujus</strong></span> <span class='ocrx_word' id='word_1_699' title='bbox 1689 5279 1888 5350; x_wconf 76' lang='lat' dir='ltr'><strong>iniqui-</strong></span> 
     </span>
    </p>
   </div>
   <div class='ocr_carea' id='block_1_96' title="bbox 295 5369 1887 5442">
    <p class='ocr_par' dir='ltr' id='par_1_96' title="bbox 295 5369 1887 5442">
     <span class='ocr_line' id='line_1_96' title="bbox 295 5369 1887 5442; baseline 0.001 -16"><span class='ocrx_word' id='word_1_700' title='bbox 295 5379 380 5426; x_wconf 86' lang='lat' dir='ltr'><strong>tas</strong></span> <span class='ocrx_word' id='word_1_701' title='bbox 404 5370 652 5425; x_wconf 81' lang='lat' dir='ltr'><strong>excrevit</strong></span> <span class='ocrx_word' id='word_1_702' title='bbox 676 5384 894 5425; x_wconf 85' lang='lat' dir='ltr'><strong>omnem</strong></span> <span class='ocrx_word' id='word_1_703' title='bbox 923 5369 1348 5442; x_wconf 84' lang='lat' dir='ltr'><strong>magnitudinem</strong></span> <span class='ocrx_word' id='word_1_704' title='bbox 1380 5370 1702 5427; x_wconf 87' lang='lat' dir='ltr'><strong>delictorum</strong></span> <span class='ocrx_word' id='word_1_705' title='bbox 1729 5374 1740 5424; x_wconf 95' lang='lat'><strong>!</strong></span> <span class='ocrx_word' id='word_1_706' title='bbox 1779 5371 1887 5427; x_wconf 88' lang='lat' dir='ltr'><strong>0b-</strong></span> 
     </span>
    </p>
   </div>
   <div class='ocr_carea' id='block_1_97' title="bbox 295 5461 1882 5532">
    <p class='ocr_par' dir='ltr' id='par_1_97' title="bbox 295 5461 1882 5532">
     <span class='ocr_line' id='line_1_97' title="bbox 295 5461 1882 5532; baseline 0.001 -15"><span class='ocrx_word' id='word_1_707' title='bbox 295 5475 453 5519; x_wconf 88' lang='lat' dir='ltr'><strong>seero</strong></span> <span class='ocrx_word' id='word_1_708' title='bbox 487 5476 608 5527; x_wconf 88' lang='lat' dir='ltr'><strong>vos,</strong></span> <span class='ocrx_word' id='word_1_709' title='bbox 650 5477 841 5519; x_wconf 89' lang='lat' dir='ltr'><strong>omnes</strong></span> <span class='ocrx_word' id='word_1_710' title='bbox 884 5461 1079 5528; x_wconf 87' lang='lat' dir='ltr'><strong>sancti,</strong></span> <span class='ocrx_word' id='word_1_711' title='bbox 1132 5463 1370 5518; x_wconf 89' lang='lat' dir='ltr'><strong>miseriis</strong></span> <span class='ocrx_word' id='word_1_712' title='bbox 1400 5463 1535 5520; x_wconf 87' lang='lat' dir='ltr'><strong>meis</strong></span> <span class='ocrx_word' id='word_1_713' title='bbox 1575 5465 1882 5532; x_wconf 80' lang='lat' dir='ltr'><strong>subvenite,</strong></span> 
     </span>
    </p>
   </div>
   <div class='ocr_carea' id='block_1_98' title="bbox 293 5553 1888 5628">
    <p class='ocr_par' dir='ltr' id='par_1_98' title="bbox 293 5553 1888 5628">
     <span class='ocr_line' id='line_1_98' title="bbox 293 5553 1888 5628; baseline 0.003 -18"><span class='ocrx_word' id='word_1_714' title='bbox 293 5554 650 5625; x_wconf 80' lang='lat' dir='ltr'><strong>perditionem</strong></span> <span class='ocrx_word' id='word_1_715' title='bbox 686 5571 863 5612; x_wconf 86' lang='lat' dir='ltr'><strong>meam</strong></span> <span class='ocrx_word' id='word_1_716' title='bbox 892 5555 1150 5628; x_wconf 85' lang='lat' dir='ltr'><strong>plangite.</strong></span> <span class='ocrx_word' id='word_1_717' title='bbox 1203 5553 1356 5612; x_wconf 80' lang='lat' dir='ltr'><strong>Flete</strong></span> <span class='ocrx_word' id='word_1_718' title='bbox 1398 5572 1487 5613; x_wconf 90' lang='lat' dir='ltr'><strong>me</strong></span> <span class='ocrx_word' id='word_1_719' title='bbox 1526 5559 1789 5615; x_wconf 89' lang='lat' dir='ltr'><strong>miserum</strong></span> <span class='ocrx_word' id='word_1_720' title='bbox 1831 5568 1888 5616; x_wconf 83' lang='lat' dir='ltr'><strong>et</strong></span> 
     </span>
    </p>
   </div>
   <div class='ocr_carea' id='block_1_99' title="bbox 293 5647 1886 5719">
    <p class='ocr_par' dir='ltr' id='par_1_99' title="bbox 293 5647 1886 5719">
     <span class='ocr_line' id='line_1_99' title="bbox 293 5647 1886 5719; baseline 0.004 -15"><span class='ocrx_word' id='word_1_721' title='bbox 293 5647 618 5719; x_wconf 82' lang='lat' dir='ltr'><strong>projectum.</strong></span> <span class='ocrx_word' id='word_1_722' title='bbox 653 5647 802 5706; x_wconf 86' lang='lat' dir='ltr'><strong>Flete</strong></span> <span class='ocrx_word' id='word_1_723' title='bbox 826 5665 912 5706; x_wconf 85' lang='lat' dir='ltr'><strong>me</strong></span> <span class='ocrx_word' id='word_1_724' title='bbox 939 5657 1211 5706; x_wconf 85' lang='lat' dir='ltr'><strong>mortuum</strong></span> <span class='ocrx_word' id='word_1_725' title='bbox 1233 5659 1290 5706; x_wconf 87' lang='lat' dir='ltr'><strong>et</strong></span> <span class='ocrx_word' id='word_1_726' title='bbox 1309 5651 1700 5708; x_wconf 86' lang='lat' dir='ltr'><strong>abominatum.</strong></span> <span class='ocrx_word' id='word_1_727' title='bbox 1734 5651 1886 5711; x_wconf 85' lang='lat' dir='ltr'><strong>Flete</strong></span> 
     </span>
    </p>
   </div>
   <div class='ocr_carea' id='block_1_100' title="bbox 295 5741 1882 5811">
    <p class='ocr_par' dir='ltr' id='par_1_100' title="bbox 295 5741 1882 5811">
     <span class='ocr_line' id='line_1_100' title="bbox 295 5741 1882 5811; baseline 0 -11"><span class='ocrx_word' id='word_1_728' title='bbox 295 5758 404 5808; x_wconf 89' lang='lat' dir='ltr'><strong>me,</strong></span> <span class='ocrx_word' id='word_1_729' title='bbox 448 5741 645 5799; x_wconf 76' lang='lat' dir='ltr'><strong>omium</strong></span> <span class='ocrx_word' id='word_1_730' title='bbox 675 5752 731 5799; x_wconf 88' lang='lat' dir='ltr'><strong>et</strong></span> <span class='ocrx_word' id='word_1_731' title='bbox 775 5751 940 5798; x_wconf 88' lang='lat' dir='ltr'><strong>terra.</strong></span> <span class='ocrx_word' id='word_1_732' title='bbox 991 5743 1207 5799; x_wconf 81' lang='lat' dir='ltr'><strong>Plorate</strong></span> <span class='ocrx_word' id='word_1_733' title='bbox 1233 5760 1340 5811; x_wconf 90' lang='lat' dir='ltr'><strong>mc,</strong></span> <span class='ocrx_word' id='word_1_734' title='bbox 1384 5745 1564 5801; x_wconf 86' lang='lat' dir='ltr'><strong>omnia</strong></span> <span class='ocrx_word' id='word_1_735' title='bbox 1594 5745 1882 5802; x_wconf 88' lang='lat' dir='ltr'><strong>elementa.</strong></span> 
     </span>
    </p>
   </div>
   <div class='ocr_carea' id='block_1_101' title="bbox 293 5837 1888 5909">
    <p class='ocr_par' dir='ltr' id='par_1_101' title="bbox 293 5837 1888 5909">
     <span class='ocr_line' id='line_1_101' title="bbox 293 5837 1888 5909; baseline 0.001 -17"><span class='ocrx_word' id='word_1_736' title='bbox 293 5837 594 5908; x_wconf 81' lang='lat' dir='ltr'><strong>Ingemisee</strong></span> <span class='ocrx_word' id='word_1_737' title='bbox 622 5851 729 5903; x_wconf 87' lang='lat' dir='ltr'><strong>me,</strong></span> <span class='ocrx_word' id='word_1_738' title='bbox 757 5851 917 5893; x_wconf 89' lang='lat' dir='ltr'><strong>omne</strong></span> <span class='ocrx_word' id='word_1_739' title='bbox 945 5852 1118 5909; x_wconf 77' lang='lat' dir='ltr'><strong>genus</strong></span> <span class='ocrx_word' id='word_1_740' title='bbox 1143 5839 1460 5894; x_wconf 87' lang='lat' dir='ltr'><strong>humanum.</strong></span> <span class='ocrx_word' id='word_1_741' title='bbox 1487 5837 1696 5896; x_wconf 86' lang='lat' dir='ltr'><strong>Sumite</strong></span> <span class='ocrx_word' id='word_1_742' title='bbox 1725 5853 1888 5909; x_wconf 89' lang='lat' dir='ltr'><strong>super</strong></span> 
     </span>
    </p>
   </div>
   <div class='ocr_carea' id='block_1_102' title="bbox 297 5927 1881 6002">
    <p class='ocr_par' dir='ltr' id='par_1_102' title="bbox 297 5927 1881 6002">
     <span class='ocr_line' id='line_1_102' title="bbox 297 5927 1881 6002; baseline 0.004 -20"><span class='ocrx_word' id='word_1_743' title='bbox 297 5942 384 5983; x_wconf 86' lang='lat' dir='ltr'><strong>me</strong></span> <span class='ocrx_word' id='word_1_744' title='bbox 413 5927 738 5992; x_wconf 89' lang='lat' dir='ltr'><strong>lamentum,</strong></span> <span class='ocrx_word' id='word_1_745' title='bbox 772 5929 986 5985; x_wconf 84' lang='lat' dir='ltr'><strong>veniam</strong></span> <span class='ocrx_word' id='word_1_746' title='bbox 1029 5945 1128 5999; x_wconf 91' lang='lat' dir='ltr'><strong>pro</strong></span> <span class='ocrx_word' id='word_1_747' title='bbox 1171 5945 1259 5984; x_wconf 90' lang='lat' dir='ltr'><strong>me</strong></span> <span class='ocrx_word' id='word_1_748' title='bbox 1289 5929 1548 6002; x_wconf 79' lang='lat' dir='ltr'><strong>lacrymis</strong></span> <span class='ocrx_word' id='word_1_749' title='bbox 1575 5932 1881 6002; x_wconf 84' lang='lat' dir='ltr'><strong>impetrate,</strong></span> 
     </span>
    </p>
   </div>
   <div class='ocr_carea' id='block_1_103' title="bbox 296 6024 1885 6099">
    <p class='ocr_par' dir='ltr' id='par_1_103' title="bbox 296 6024 1885 6099">
     <span class='ocr_line' id='line_1_103' title="bbox 296 6024 1885 6099; baseline 0.001 -20"><span class='ocrx_word' id='word_1_750' title='bbox 296 6033 353 6079; x_wconf 89' lang='lat' dir='ltr'><strong>et</strong></span> <span class='ocrx_word' id='word_1_751' title='bbox 395 6037 587 6094; x_wconf 83' lang='lat' dir='ltr'><strong>preces</strong></span> <span class='ocrx_word' id='word_1_752' title='bbox 631 6039 730 6096; x_wconf 90' lang='lat' dir='ltr'><strong>pro</strong></span> <span class='ocrx_word' id='word_1_753' title='bbox 780 6040 866 6080; x_wconf 89' lang='lat' dir='ltr'><strong>me</strong></span> <span class='ocrx_word' id='word_1_754' title='bbox 913 6024 1078 6095; x_wconf 87' lang='lat' dir='ltr'><strong>impio</strong></span> <span class='ocrx_word' id='word_1_755' title='bbox 1125 6024 1362 6091; x_wconf 84' lang='lat' dir='ltr'><strong>fundite,</strong></span> <span class='ocrx_word' id='word_1_756' title='bbox 1396 6034 1600 6081; x_wconf 85' lang='lat' dir='ltr'><strong>terram</strong></span> <span class='ocrx_word' id='word_1_757' title='bbox 1633 6027 1885 6099; x_wconf 75' lang='lat' dir='ltr'><strong>lacrymis</strong></span> 
     </span>
    </p>
   </div>
   <div class='ocr_carea' id='block_1_104' title="bbox 1986 4826 3588 4907">
    <p class='ocr_par' dir='ltr' id='par_1_104' title="bbox 1986 4826 3588 4907">
     <span class='ocr_line' id='line_1_104' title="bbox 1986 4826 3588 4907; baseline 0.007 -25"><span class='ocrx_word' id='word_1_758' title='bbox 1986 4826 2274 4898; x_wconf 84' lang='lat' dir='ltr'><strong>plieamus,</strong></span> <span class='ocrx_word' id='word_1_759' title='bbox 2331 4839 2394 4886; x_wconf 87' lang='lat' dir='ltr'><strong>ut</strong></span> <span class='ocrx_word' id='word_1_760' title='bbox 2450 4834 2634 4888; x_wconf 89' lang='lat' dir='ltr'><strong>veniat</strong></span> <span class='ocrx_word' id='word_1_761' title='bbox 2692 4835 3066 4891; x_wconf 89' lang='lat' dir='ltr'><strong>misericordia</strong></span> <span class='ocrx_word' id='word_1_762' title='bbox 3108 4843 3202 4891; x_wconf 88' lang='lat' dir='ltr'><strong>tua</strong></span> <span class='ocrx_word' id='word_1_763' title='bbox 3249 4852 3412 4907; x_wconf 87' lang='lat' dir='ltr'><strong>super</strong></span> <span class='ocrx_word' id='word_1_764' title='bbox 3463 4853 3588 4905; x_wconf 87' lang='lat' dir='ltr'><strong>nos,</strong></span> 
     </span>
    </p>
   </div>
   <div class='ocr_carea' id='block_1_105' title="bbox 1989 4921 3593 4996">
    <p class='ocr_par' dir='ltr' id='par_1_105' title="bbox 1989 4921 3593 4996">
     <span class='ocr_line' id='line_1_105' title="bbox 1989 4921 3593 4996; baseline 0.005 -20"><span class='ocrx_word' id='word_1_765' title='bbox 1989 4922 2082 4992; x_wconf 91' lang='lat' dir='ltr'><strong>qni</strong></span> <span class='ocrx_word' id='word_1_766' title='bbox 2118 4921 2324 4978; x_wconf 73' lang='lat' dir='ltr'><strong>Ninivm</strong></span> <span class='ocrx_word' id='word_1_767' title='bbox 2363 4926 2674 4996; x_wconf 88' lang='lat' dir='ltr'><strong>pepercisti.</strong></span> <span class='ocrx_word' id='word_1_768' title='bbox 2707 4926 3033 4984; x_wconf 83' lang='lat' dir='ltr'><strong>Invocantcs</strong></span> <span class='ocrx_word' id='word_1_769' title='bbox 3079 4928 3369 4984; x_wconf 87' lang='lat' dir='ltr'><strong>Dominum</strong></span> <span class='ocrx_word' id='word_1_770' title='bbox 3414 4929 3593 4985; x_wconf 77' lang='lat' dir='ltr'><strong>excla-</strong></span> 
     </span>
    </p>
   </div>
   <div class='ocr_carea' id='block_1_106' title="bbox 1989 5020 3591 5092">
    <p class='ocr_par' dir='ltr' id='par_1_106' title="bbox 1989 5020 3591 5092">
     <span class='ocr_line' id='line_1_106' title="bbox 1989 5020 3591 5092; baseline 0.005 -22"><span class='ocrx_word' id='word_1_771' title='bbox 1989 5031 2221 5085; x_wconf 90' lang='lat' dir='ltr'><strong>memus,</strong></span> <span class='ocrx_word' id='word_1_772' title='bbox 2261 5027 2322 5073; x_wconf 91' lang='lat' dir='ltr'><strong>ut</strong></span> <span class='ocrx_word' id='word_1_773' title='bbox 2347 5020 2606 5090; x_wconf 89' lang='lat' dir='ltr'><strong>respiciat</strong></span> <span class='ocrx_word' id='word_1_774' title='bbox 2629 5021 2886 5092; x_wconf 90' lang='lat' dir='ltr'><strong>populum</strong></span> <span class='ocrx_word' id='word_1_775' title='bbox 2910 5021 3289 5078; x_wconf 88' lang='lat' dir='ltr'><strong>conculcatum</strong></span> <span class='ocrx_word' id='word_1_776' title='bbox 3323 5031 3381 5078; x_wconf 85' lang='lat' dir='ltr'><strong>et</strong></span> <span class='ocrx_word' id='word_1_777' title='bbox 3409 5022 3591 5079; x_wconf 84' lang='lat' dir='ltr'><strong>dolen-</strong></span> 
     </span>
    </p>
   </div>
   <div class='ocr_carea' id='block_1_107' title="bbox 1991 5114 3588 5188">
    <p class='ocr_par' dir='ltr' id='par_1_107' title="bbox 1991 5114 3588 5188">
     <span class='ocr_line' id='line_1_107' title="bbox 1991 5114 3588 5188; baseline 0.006 -23"><span class='ocrx_word' id='word_1_778' title='bbox 1991 5117 2099 5166; x_wconf 88' lang='lat' dir='ltr'><strong>tem</strong></span> <span class='ocrx_word' id='word_1_779' title='bbox 2128 5129 2141 5165; x_wconf 87' lang='lat'><strong>:</strong></span> <span class='ocrx_word' id='word_1_780' title='bbox 2165 5119 2417 5184; x_wconf 85' lang='lat' dir='ltr'><strong>protegat</strong></span> <span class='ocrx_word' id='word_1_781' title='bbox 2448 5114 2709 5184; x_wconf 89' lang='lat' dir='ltr'><strong>templum</strong></span> <span class='ocrx_word' id='word_1_782' title='bbox 2736 5125 2986 5171; x_wconf 88' lang='lat' dir='ltr'><strong>sanetum</strong></span> <span class='ocrx_word' id='word_1_783' title='bbox 3011 5133 3190 5183; x_wconf 88' lang='lat' dir='ltr'><strong>suum,</strong></span> <span class='ocrx_word' id='word_1_784' title='bbox 3221 5133 3290 5173; x_wconf 92' lang='lat' dir='ltr'><strong>ne</strong></span> <span class='ocrx_word' id='word_1_785' title='bbox 3306 5116 3376 5172; x_wconf 89' lang='lat' dir='ltr'><strong>ab</strong></span> <span class='ocrx_word' id='word_1_786' title='bbox 3404 5117 3588 5188; x_wconf 86' lang='lat' dir='ltr'><strong>impiis</strong></span> 
     </span>
    </p>
   </div>
   <div class='ocr_carea' id='block_1_108' title="bbox 1986 5204 3588 5271">
    <p class='ocr_par' dir='ltr' id='par_1_108' title="bbox 1986 5204 3588 5271">
     <span class='ocr_line' id='line_1_108' title="bbox 1986 5204 3588 5271; baseline 0.002 -11"><span class='ocrx_word' id='word_1_787' title='bbox 1986 5204 2410 5271; x_wconf 88' lang='lat' dir='ltr'><strong>contaminetur,</strong></span> <span class='ocrx_word' id='word_1_788' title='bbox 2467 5205 2564 5261; x_wconf 92' lang='lat' dir='ltr'><strong>sed</strong></span> <span class='ocrx_word' id='word_1_789' title='bbox 2609 5206 2941 5262; x_wconf 89' lang='lat' dir='ltr'><strong>misereatur</strong></span> <span class='ocrx_word' id='word_1_790' title='bbox 2981 5207 3159 5263; x_wconf 87' lang='lat' dir='ltr'><strong>nobis.</strong></span> <span class='ocrx_word' id='word_1_791' title='bbox 3205 5208 3588 5264; x_wconf 84' lang='lat' dir='ltr'><strong>Exclamemns</strong></span> 
     </span>
    </p>
   </div>
   <div class='ocr_carea' id='block_1_109' title="bbox 1988 5295 3591 5366">
    <p class='ocr_par' dir='ltr' id='par_1_109' title="bbox 1988 5295 3591 5366">
     <span class='ocr_line' id='line_1_109' title="bbox 1988 5295 3591 5366; baseline 0.004 -18"><span class='ocrx_word' id='word_1_792' title='bbox 1988 5310 2178 5352; x_wconf 91' lang='lat' dir='ltr'><strong>omnes</strong></span> <span class='ocrx_word' id='word_1_793' title='bbox 2203 5295 2270 5350; x_wconf 88' lang='lat' dir='ltr'><strong>ad</strong></span> <span class='ocrx_word' id='word_1_794' title='bbox 2306 5295 2597 5352; x_wconf 89' lang='lat' dir='ltr'><strong>Dominum</strong></span> <span class='ocrx_word' id='word_1_795' title='bbox 2628 5297 2873 5354; x_wconf 87' lang='lat' dir='ltr'><strong>dicentes</strong></span> <span class='ocrx_word' id='word_1_796' title='bbox 2899 5318 2909 5353; x_wconf 94' lang='lat'>:</span> <span class='ocrx_word' id='word_1_797' title='bbox 2936 5297 3290 5356; x_wconf 88' lang='lat' dir='ltr'><strong>Peccavimus</strong></span> <span class='ocrx_word' id='word_1_798' title='bbox 3333 5301 3456 5366; x_wconf 89' lang='lat' dir='ltr'><strong>tibi,</strong></span> <span class='ocrx_word' id='word_1_799' title='bbox 3485 5299 3591 5355; x_wconf 90' lang='lat' dir='ltr'><strong>Do-</strong></span> 
     </span>
    </p>
   </div>
   <div class='ocr_carea' id='block_1_110' title="bbox 1987 5387 3589 5458">
    <p class='ocr_par' dir='ltr' id='par_1_110' title="bbox 1987 5387 3589 5458">
     <span class='ocr_line' id='line_1_110' title="bbox 1987 5387 3589 5458; baseline 0.007 -20"><span class='ocrx_word' id='word_1_800' title='bbox 1987 5387 2154 5451; x_wconf 89' lang='lat' dir='ltr'><strong>mine,</strong></span> <span class='ocrx_word' id='word_1_801' title='bbox 2183 5387 2504 5458; x_wconf 89' lang='lat' dir='ltr'><strong>patientiam</strong></span> <span class='ocrx_word' id='word_1_802' title='bbox 2544 5388 2687 5445; x_wconf 86' lang='lat' dir='ltr'><strong>habe</strong></span> <span class='ocrx_word' id='word_1_803' title='bbox 2717 5391 2772 5444; x_wconf 92' lang='lat' dir='ltr'><strong>in</strong></span> <span class='ocrx_word' id='word_1_804' title='bbox 2806 5391 2984 5457; x_wconf 87' lang='lat' dir='ltr'><strong>nobis,</strong></span> <span class='ocrx_word' id='word_1_805' title='bbox 3016 5399 3072 5446; x_wconf 90' lang='lat' dir='ltr'><strong>et</strong></span> <span class='ocrx_word' id='word_1_806' title='bbox 3111 5407 3242 5448; x_wconf 90' lang='lat' dir='ltr'><strong>erue</strong></span> <span class='ocrx_word' id='word_1_807' title='bbox 3274 5408 3373 5448; x_wconf 91' lang='lat' dir='ltr'><strong>nos</strong></span> <span class='ocrx_word' id='word_1_808' title='bbox 3412 5409 3442 5448; x_wconf 94' lang='lat' dir='ltr'><strong>a</strong></span> <span class='ocrx_word' id='word_1_809' title='bbox 3474 5409 3589 5449; x_wconf 82' lang='lat' dir='ltr'><strong>ma-</strong></span> 
     </span>
    </p>
   </div>
   <div class='ocr_carea' id='block_1_111' title="bbox 1987 5476 3588 5555">
    <p class='ocr_par' dir='ltr' id='par_1_111' title="bbox 1987 5476 3588 5555">
     <span class='ocr_line' id='line_1_111' title="bbox 1987 5476 3588 5555; baseline 0.009 -26"><span class='ocrx_word' id='word_1_810' title='bbox 1987 5476 2054 5532; x_wconf 91' lang='lat' dir='ltr'><strong>lis</strong></span> <span class='ocrx_word' id='word_1_811' title='bbox 2100 5479 2245 5544; x_wconf 90' lang='lat' dir='ltr'><strong>istis,</strong></span> <span class='ocrx_word' id='word_1_812' title='bbox 2282 5494 2404 5550; x_wconf 73' lang='lat' dir='ltr'><strong>qua:</strong></span> <span class='ocrx_word' id='word_1_813' title='bbox 2443 5480 2688 5550; x_wconf 87' lang='lat' dir='ltr'><strong>quotidie</strong></span> <span class='ocrx_word' id='word_1_814' title='bbox 2729 5491 3052 5538; x_wconf 87' lang='lat' dir='ltr'><strong>accrescunt</strong></span> <span class='ocrx_word' id='word_1_815' title='bbox 3102 5499 3266 5555; x_wconf 89' lang='lat' dir='ltr'><strong>super</strong></span> <span class='ocrx_word' id='word_1_816' title='bbox 3317 5501 3434 5541; x_wconf 88' lang='lat' dir='ltr'><strong>nos.</strong></span> <span class='ocrx_word' id='word_1_817' title='bbox 3494 5485 3588 5543; x_wconf 87' lang='lat' dir='ltr'><strong>Di—</strong></span> 
     </span>
    </p>
   </div>
   <div class='ocr_carea' id='block_1_112' title="bbox 1989 5569 3588 5644">
    <p class='ocr_par' dir='ltr' id='par_1_112' title="bbox 1989 5569 3588 5644">
     <span class='ocr_line' id='line_1_112' title="bbox 1989 5569 3588 5644; baseline 0.008 -21"><span class='ocrx_word' id='word_1_818' title='bbox 1989 5569 2164 5635; x_wconf 91' lang='lat' dir='ltr'><strong>mitte,</strong></span> <span class='ocrx_word' id='word_1_819' title='bbox 2195 5569 2443 5637; x_wconf 84' lang='lat' dir='ltr'><strong>Domine,</strong></span> <span class='ocrx_word' id='word_1_820' title='bbox 2475 5580 2699 5642; x_wconf 91' lang='lat' dir='ltr'><strong>peecata</strong></span> <span class='ocrx_word' id='word_1_821' title='bbox 2726 5573 2909 5644; x_wconf 88' lang='lat' dir='ltr'><strong>populi</strong></span> <span class='ocrx_word' id='word_1_822' title='bbox 2936 5574 3038 5640; x_wconf 90' lang='lat' dir='ltr'><strong>tui,</strong></span> <span class='ocrx_word' id='word_1_823' title='bbox 3069 5577 3370 5633; x_wconf 88' lang='lat' dir='ltr'><strong>secundum</strong></span> <span class='ocrx_word' id='word_1_824' title='bbox 3407 5580 3588 5636; x_wconf 81' lang='lat' dir='ltr'><strong>multi-</strong></span> 
     </span>
    </p>
   </div>
   <div class='ocr_carea' id='block_1_113' title="bbox 1989 5660 3584 5737">
    <p class='ocr_par' dir='ltr' id='par_1_113' title="bbox 1989 5660 3584 5737">
     <span class='ocr_line' id='line_1_113' title="bbox 1989 5660 3584 5737; baseline 0.008 -23"><span class='ocrx_word' id='word_1_825' title='bbox 1989 5660 2230 5716; x_wconf 90' lang='lat' dir='ltr'><strong>tudinem</strong></span> <span class='ocrx_word' id='word_1_826' title='bbox 2292 5661 2685 5719; x_wconf 63' lang='lat' dir='ltr'><strong>misericordia</strong></span> <span class='ocrx_word' id='word_1_827' title='bbox 2740 5672 2866 5730; x_wconf 66' lang='lat' dir='ltr'><strong>tuae,</strong></span> <span class='ocrx_word' id='word_1_828' title='bbox 2915 5664 3058 5720; x_wconf 88' lang='lat' dir='ltr'><strong>sicut</strong></span> <span class='ocrx_word' id='word_1_829' title='bbox 3107 5668 3373 5737; x_wconf 71' lang='lat' dir='ltr'><strong>propitius</strong></span> <span class='ocrx_word' id='word_1_830' title='bbox 3433 5668 3584 5726; x_wconf 73' lang='lat' dir='ltr'><strong>fuisti</strong></span> 
     </span>
    </p>
   </div>
   <div class='ocr_carea' id='block_1_114' title="bbox 1987 5749 3586 5828">
    <p class='ocr_par' dir='ltr' id='par_1_114' title="bbox 1987 5749 3586 5828">
     <span class='ocr_line' id='line_1_114' title="bbox 1987 5749 3586 5828; baseline 0.008 -24"><span class='ocrx_word' id='word_1_831' title='bbox 1987 5750 2232 5821; x_wconf 90' lang='lat' dir='ltr'><strong>patribus</strong></span> <span class='ocrx_word' id='word_1_832' title='bbox 2277 5753 2499 5807; x_wconf 89' lang='lat' dir='ltr'><strong>nostris.</strong></span> <span class='ocrx_word' id='word_1_833' title='bbox 2530 5749 2806 5824; x_wconf 87' lang='lat' dir='ltr'><strong>Propitius</strong></span> <span class='ocrx_word' id='word_1_834' title='bbox 2845 5762 2967 5811; x_wconf 88' lang='lat' dir='ltr'><strong>esto</strong></span> <span class='ocrx_word' id='word_1_835' title='bbox 2991 5756 3169 5824; x_wconf 89' lang='lat' dir='ltr'><strong>nobis,</strong></span> <span class='ocrx_word' id='word_1_836' title='bbox 3217 5766 3272 5813; x_wconf 90' lang='lat' dir='ltr'><strong>et</strong></span> <span class='ocrx_word' id='word_1_837' title='bbox 3296 5759 3586 5828; x_wconf 86' lang='lat' dir='ltr'><strong>impleatur</strong></span> 
     </span>
    </p>
   </div>
   <div class='ocr_carea' id='block_1_115' title="bbox 1987 5841 3582 5917">
    <p class='ocr_par' dir='ltr' id='par_1_115' title="bbox 1987 5841 3582 5917">
     <span class='ocr_line' id='line_1_115' title="bbox 1987 5841 3582 5917; baseline 0.009 -23"><span class='ocrx_word' id='word_1_838' title='bbox 1987 5841 2153 5913; x_wconf 86' lang='lat' dir='ltr'><strong>gloria</strong></span> <span class='ocrx_word' id='word_1_839' title='bbox 2199 5851 2290 5897; x_wconf 88' lang='lat' dir='ltr'><strong>tua</strong></span> <span class='ocrx_word' id='word_1_840' title='bbox 2318 5844 2570 5900; x_wconf 88' lang='lat' dir='ltr'><strong>universa</strong></span> <span class='ocrx_word' id='word_1_841' title='bbox 2613 5853 2779 5902; x_wconf 88' lang='lat' dir='ltr'><strong>terra.</strong></span> <span class='ocrx_word' id='word_1_842' title='bbox 2821 5846 3152 5914; x_wconf 83' lang='lat' dir='ltr'><strong>Recordare,</strong></span> <span class='ocrx_word' id='word_1_843' title='bbox 3199 5849 3447 5917; x_wconf 88' lang='lat' dir='ltr'><strong>Domine,</strong></span> <span class='ocrx_word' id='word_1_844' title='bbox 3497 5853 3582 5910; x_wconf 74' lang='lat' dir='ltr'><strong>die</strong></span> 
     </span>
    </p>
   </div>
   <div class='ocr_carea' id='block_1_116' title="bbox 1989 5934 3578 6006">
    <p class='ocr_par' dir='ltr' id='par_1_116' title="bbox 1989 5934 3578 6006">
     <span class='ocr_line' id='line_1_116' title="bbox 1989 5934 3578 6006; baseline 0.006 -18"><span class='ocrx_word' id='word_1_845' title='bbox 1989 5934 2180 6005; x_wconf 85' lang='lat' dir='ltr'><strong>angelo</strong></span> <span class='ocrx_word' id='word_1_846' title='bbox 2228 5936 2555 6006; x_wconf 80' lang='lat' dir='ltr'><strong>percutienti</strong></span> <span class='ocrx_word' id='word_1_847' title='bbox 2581 5955 2593 5991; x_wconf 91' lang='lat'><strong>:</strong></span> <span class='ocrx_word' id='word_1_848' title='bbox 2624 5936 2856 6002; x_wconf 85' lang='lat' dir='ltr'><strong>Suﬂieit,</strong></span> <span class='ocrx_word' id='word_1_849' title='bbox 2896 5939 3115 5994; x_wconf 85' lang='lat' dir='ltr'><strong>contine</strong></span> <span class='ocrx_word' id='word_1_850' title='bbox 3147 5955 3368 5996; x_wconf 90' lang='lat' dir='ltr'><strong>manum</strong></span> <span class='ocrx_word' id='word_1_851' title='bbox 3407 5949 3578 6006; x_wconf 88' lang='lat' dir='ltr'><strong>tuam,</strong></span> 
     </span>
    </p>
   </div>
   <div class='ocr_carea' id='block_1_117' title="bbox 1989 6027 3579 6103">
    <p class='ocr_par' dir='ltr' id='par_1_117' title="bbox 1989 6027 3579 6103">
     <span class='ocr_line' id='line_1_117' title="bbox 1989 6027 3579 6103; baseline 0.006 -23"><span class='ocrx_word' id='word_1_852' title='bbox 1989 6035 2040 6080; x_wconf 87' lang='lat' dir='ltr'><strong>et</strong></span> <span class='ocrx_word' id='word_1_853' title='bbox 2074 6038 2251 6081; x_wconf 65' lang='lat' dir='ltr'><strong>cessm</strong></span> <span class='ocrx_word' id='word_1_854' title='bbox 2285 6027 2593 6083; x_wconf 64' lang='lat' dir='ltr'><strong>interfectio</strong></span> <span class='ocrx_word' id='word_1_855' title='bbox 2622 6048 2739 6102; x_wconf 73' lang='lat' dir='ltr'><strong>qua!</strong></span> <span class='ocrx_word' id='word_1_856' title='bbox 2769 6040 3047 6102; x_wconf 83' lang='lat' dir='ltr'><strong>grassatur</strong></span> <span class='ocrx_word' id='word_1_857' title='bbox 3086 6032 3138 6086; x_wconf 87' lang='lat' dir='ltr'><strong>in</strong></span> <span class='ocrx_word' id='word_1_858' title='bbox 3173 6033 3388 6103; x_wconf 81' lang='lat' dir='ltr'><strong>populo,</strong></span> <span class='ocrx_word' id='word_1_859' title='bbox 3422 6044 3476 6092; x_wconf 81' lang='lat' dir='ltr'><strong>et</strong></span> <span class='ocrx_word' id='word_1_860' title='bbox 3511 6051 3579 6089; x_wconf 84' lang='lat' dir='ltr'><strong>ne</strong></span> 
     </span>
    </p>
   </div>
  </div>
