4112 6594
506 366 611 426 6οῚ

1328 356 1389 411 Β.
1429 353 1491 410 r.
1532 347 1758 405 ALBlNl
1797 341 1931 402 seu
1972 335 2256 397 ALcumi
2294 332 2584 394 orsnuu
2622 287 2804 389 rans
2843 327 2933 388 ιν.

3697 315 3805 374 608

506 487 706 562 perdas
724 499 943 541 om
970 480 1210 539 animam
1236 476 1530 531 viventem.
1555 471 1818 538 Exsurge,
1846 460 2099 523 Domine,
2131 465 2179 521 Α
2206 459 2261 507 et
2296 452 2499 521 perduc
2529 466 2618 505 me
2643 450 2711 505 ad
2742 445 3049 504 convivium
3088 442 3371 514 epularum
3388 445 3669 562 «tuarum;
3707 433 3805 489 ubi

2241 560 2258 562 Α
2295 544 2323 562 ,I
2340 561 2348 562 κ
2368 561 2376 562 ,
2402 552 2487 562 ιαμ
2549 558 2661 562 A__-__
2679 557 2730 562 __
2789 539 2943 562 -..ηῐιιε
3008 537 3082 562 .--ξ
3132 544 3312 562 .-ιι-..η
3436 546 3469 562 ιι
3523 543 3582 562 Δ.
3672 539 3805 562 ncnc

505 579 704 650 adjuva
725 591 827 632 nos
855 584 913 631 et
937 575 1107 630 libera
1136 586 1239 628 nos
1264 575 1487 639 propter
1514 576 1715 619 nomen
1743 567 1911 613 tuum.

852 685 1111 745 ORATIO
1146 679 1428 739 EFFREM
1456 673 1752 733 DlACONl.

582 805 751 870 Pone,
782 802 1029 868 Domine,
1070 798 1342 870 lacrymas
1380 809 1533 849 meas
1564 791 1620 846 in
1660 794 1957 859 conspectu
1986 794 2101 849 tuo,

509 900 654 956 sicut
706 897 761 958 in
810 894 1171 967 promissione
1228 899 1342 955 tua,
1404 895 1466 942 ut
1524 890 1805 941 avertatur
1852 879 2108 935 inimicus

508 1005 665 1046 meus
712 996 1036 1051 retrorsum,
1085 993 1143 1039 et
1190 993 1563 1052 expavescens
1615 974 1924 1037 conturbet,
1980 984 2107 1025 cum

511 1079 714 1135 viderit
754 1092 843 1132 me
891 1076 947 1131 in
989 1076 1108 1131 loco
1140 1089 1305 1145 quem
1349 1068 1676 1142 praeparavit
1728 1061 2107 1121 misericordia

512 1181 629 1228 tua.
684 1170 1023 1240 Exspectans
1072 1174 1255 1221 autem
1312 1162 1566 1218 inimicus
1614 1156 1801 1212 videre
1853 1155 1911 1210 in
1962 1152 2104 1217 loco,

514 1278 679 1337 quem
711 1260 844 1317 mihi
885 1266 1108 1331 propter
1136 1257 1334 1313 delicta
1368 1268 1492 1309 mea
1527 1248 1873 1322 praeparavit,
1925 1245 2111 1301 videat

512 1368 604 1410 me
626 1354 683 1409 in
707 1350 830 1407 loco
862 1350 999 1406 lucis
1019 1356 1079 1404 et
1105 1348 1231 1403 vitae
1254 1355 1493 1409 aeternae,
1526 1352 1582 1398 et
1609 1354 1909 1397 conversus
1945 1337 2002 1392 iu
2029 1344 2111 1392 te-

514 1444 701 1502 nebris
723 1440 1099 1505 conturbetur,
1142 1438 1269 1509 quia
1306 1449 1656 1507 nequaquam
1697 1430 1951 1487 voluntas
1989 1426 2111 1498 ejus

514 1534 709 1591 effecta
738 1541 848 1591 est.
876 1532 958 1587 lta
992 1528 1407 1603 benignissime,
1437 1527 1516 1581 ita
1550 1532 1765 1580 amator
1804 1521 2108 1584 hominum,

516 1625 596 1682 ita
627 1626 722 1697 qui
761 1624 910 1681 solus
935 1623 1055 1679 sine
1080 1628 1307 1693 peccato
1332 1633 1413 1686 es,
1443 1616 1661 1674 effunde
1706 1627 1872 1685 super
1896 1625 1987 1666 me
2027 1610 2113 1664 in-

516 1715 893 1775 mstimabilem
931 1722 989 1772 et
1036 1714 1363 1769 immensam
1395 1707 1830 1766 misericordiam
1860 1712 2030 1770 tuam,
2056 1708 2114 1757 et

2202 544 2490 614 epulantur
2541 557 2734 597 omnes
2786 539 2948 594 amici
3008 537 3083 593 tui
3132 544 3333 593 tecum.
3388 530 3472 588 Tu
3522 543 3585 587 es
3635 526 3810 585 Iesus

2201 634 2455 691 Christus
2510 633 2680 688 Filius
2734 631 2828 687 Dei
2888 630 3017 695 vivi,
3067 645 3193 685 cum
3251 627 3417 683 Patre
3478 632 3535 682 et
3587 620 3809 695 Spiritu

2204 736 2401 782 sancto
2426 740 2660 798 regnans
2686 725 2740 779 in
2764 722 2957 780 saacula
2984 721 3328 778 seculorum.

2548 854 2812 914 ORATIO
2840 854 3089 912 SANCTI
3117 851 3517 920 AUCUSTINI,

2210 971 2387 1038 Quam
2424 984 2494 1023 xv
2521 969 2691 1037 libris,
2719 986 2852 1036 quos
2878 969 2950 1092 d2
2961 977 3151 1094 sanct‘a
3179 967 3487 1039 conscripsit
3516 965 3813 1031 Trinitate,

2854 1057 2918 1094 su
2956 1056 3105 1094 iunxi
3136 1079 3150 1093 .

2854 1056 3150 1111 subjunxu.

2280 1173 2509 1229 Domine
2542 1174 2708 1240 Deus,
2739 1171 3015 1228 credimus
3043 1172 3100 1226 in
3133 1179 3185 1227 te
3214 1169 3456 1237 Patrem,
3497 1176 3554 1225 et
3576 1167 3814 1234 Filium,

2209 1274 2268 1321 et
2290 1264 2554 1336 Spiritum
2584 1272 2855 1319 sanctum.
2903 1260 3092 1333 Neque
3119 1261 3266 1318 enim
3295 1260 3503 1317 diceret
3544 1260 3776 1317 Veritas
3797 1276 3815 1313 :

2212 1355 2310 1421 Ite,
2360 1355 2621 1427 baptizate
2660 1363 2836 1426 genter
2874 1353 2930 1406 in
2971 1354 3180 1408 nomine
3223 1350 3426 1417 Patris,
3465 1359 3513 1405 et
3557 1347 3719 1415 Filii,
3763 1355 3818 1403 et

2213 1446 2446 1519 Spiritus
2500 1445 2671 1501 sancti
2726 1443 2945 1517 (Matth.
3002 1458 3199 1508 xxvm,
3234 1440 3352 1513 20),
3403 1441 3511 1497 nisi
3563 1438 3820 1495 Trinitas

2211 1555 2386 1597 esses.
2423 1539 2537 1597 Nec
2569 1537 2836 1610 baptizari
2882 1552 2984 1593 nos
3022 1535 3268 1607 iuberes,
3305 1535 3535 1591 Domine
3553 1533 3725 1599 Deus,
3757 1533 3819 1586 in

2212 1634 2332 1706 ejus
2366 1632 2608 1699 nomine,
2638 1630 2731 1701 qui
2769 1644 2880 1685 non
2911 1639 3001 1686 est
3036 1627 3300 1684 Dominus
3332 1625 3496 1685 Deus.
3526 1624 3639 1681 Nec
3666 1623 3822 1679 dice-

2212 1739 2367 1786 retur
2389 1744 2523 1785 voce
2548 1727 2732 1784 divina
2758 1744 2773 1782 ι
2801 1725 2964 1793 Audi,
2989 1723 3182 1790 Israel,
3206 1721 3467 1777 Dominus
3488 1720 3633 1776 Deus
3655 1729 3817 1785 tuus,

516 1816 716 1883 pm“
744 1806 877 1863 mihi
912 1814 975 1864 ut
997 1812 1053 1861 θί
1083 1820 1187 1876 ego
1209 1812 1268 1860 θί
1289 1804 1347 1859 hi
1376 1803 1468 1873 ‘1'“
1497 1809 1551 1856 ιθ
1578 1801 1809 1871 diligunt
1832 1795 1987 1868 regni
2030 1792 2108 1847 mi
2142 1818 2191 1879 Β
2216 1820 2474 1876 Dominus
2519 1836 2655 1874 unus
2701 1827 2778 1873 est
2813 1816 2995 1889 (Deut.
3042 1830 3124 1883 vt,
3163 1813 3243 1888 4),
3293 1812 3403 1870 nisi
3454 1811 3699 1867 Trinitas
3737 1812 3818 1866 ita

517 1903 818 1960 elliciamur
842 1900 1125 1965 heredes;
1156 1907 1213 1955 et
1237 1898 1490 1953 videntes
1515 1894 1744 1966 gloriam
1770 1901 1944 1955 tuam,
1982 1888 2113 1943 adeo

517 2014 702 2054 remus
724 1997 1023 2053 bonitatem
1049 2001 1197 2049 tuam
1222 2010 1236 2046 :
1262 1998 1319 2047 et
1336 1990 1584 2045 dicamus
1600 1986 1825 2057 pariter,
1848 1982 1940 2052 qui
1965 1979 2115 2051 digni

518 2088 977 2147 fuerimusvidere
990 2082 1355 2143 insatiabilem
1381 2076 1840 2153 pulchritudinem
1863 2070 2115 2143 majesta-

517 2185 591 2239 tis
631 2191 772 2239 tuae;
799 2181 984 2239 Gloria
1025 2179 1197 2245 Patri,
1240 2176 1334 2247 qui
1379 2172 1514 2229 fecit
1559 2185 1681 2235 nos,
1727 2166 1898 2239 gloria
1951 2163 2113 2230 Filio,

518 2280 613 2352 qui
651 2276 868 2333 sanavit
896 2289 1018 2342 nos,
1055 2271 1226 2346 gloria
1258 2266 1486 2340 Spiritui
1515 2272 1729 2329 sancto,
1761 2261 1855 2331 qui
1890 2271 2117 2314 renovao

517 2349 601 2428 vit
647 2387 748 2427 nos
772 2388 787 2424 :
811 2368 1055 2424 Trinitas
1102 2371 1316 2429 sancta,
1374 2376 1483 2416 une
1540 2358 1708 2421 Deus,
1757 2352 1862 2410 sub
1921 2349 2115 2406 umbra

519 2462 729 2518 alarum
773 2468 988 2515 tuarum
1022 2472 1124 2513 nos
1160 2462 1407 2531 protege,
1440 2449 1534 2521 qui
1577 2463 1640 2503 es
1690 2444 2013 2501 benedictus
2057 2440 2115 2495 in

520 2554 740 2614 avicula.

1184 2615 1444 2675 ORATIO

808 2736 917 2791 Pro
941 2722 1147 2790 itineris
1172 2738 1220 2788 et
1246 2728 1443 2800 navigii
1462 2724 1826 2799 prosperita'e.

597 2849 693 2905 Dei
724 2847 903 2905 Patris
939 2843 1204 2901 festinare
1232 2838 1533 2895 maximum
1562 2834 1696 2891 mihi
1723 2834 1833 2888 cito
1861 2838 1989 2902 peto
2021 2828 2119 2883 ad-

516 2945 803 3017 Jutorium.
824 2939 954 2996 Jesu
966 2936 1173 2994 Christi
1196 2934 1425 3005 imploro
1440 2928 1720 3000 suffragia,
1735 2926 1826 2998 qui
1851 2931 2013 2979 natus
2035 2928 2122 2977 est

523 3015 593 3092 ex
614 3036 825 3108 virgine
863 3030 1053 3086 Maria.
1104 3027 1292 3083 Sancti
1343 3037 1559 3096 quoque
1595 3020 1830 3091 Spiritus
1867 3015 2122 3088 praesidio

2213 1928 2386 1979 esses,
2424 1921 2486 1968 ut
2521 1926 2665 1967 unus
2698 1909 2962 1965 Dominus
3000 1907 3145 1963 Deus
3171 1920 3345 1961 esses.
3376 1903 3444 1959 Et
3485 1904 3533 1960 si
3563 1912 3621 1959 tu
3663 1903 3819 1959 Deus

2212 2005 2378 2062 Pater
2430 2006 2548 2077 ipse
2588 2021 2764 2072 esses,
2813 2012 2870 2061 et
2918 2002 3092 2058 Filius
3142 2001 3383 2058 Verbum
3436 2007 3593 2055 tuum
3644 1996 3819 2055 Jesus

2213 2098 2465 2156 Christus
2515 2099 2632 2169 ipse
2684 2112 2861 2165 esses,
2911 2104 2970 2154 et
3023 2095 3225 2152 donum
3278 2100 3520 2150 vestrum
3573 2090 3821 2162 Spiritus

2214 2197 2436 2247 sanctus
2462 2208 2475 2244 :
2499 2204 2610 2245 non
2649 2188 2955 2262 legeremus
2998 2186 3054 2243 in
3097 2185 3300 2242 litteris
3340 2182 3628 2239 veritatis:
3659 2182 3819 2237 Misit

2214 2280 2358 2336 Deus
2408 2277 2457 2334 F
2459 2279 2612 2335 ilium
2636 2296 2794 2334 suum
2825 2276 2972 2352 (Gal.
3030 2293 3085 2344 v,
3124 2275 3181 2348 4)
3210 2294 3222 2331 :
3252 2290 3357 2332 nec
3405 2282 3462 2329 tu
3520 2272 3823 2346 Unigenitc

2216 2374 2428 2432 diceres
2473 2374 2541 2431 de
2570 2372 2777 2445 Spiritu
2806 2378 3035 2428 sancto:
3060 2369 3166 2437 Qui
3214 2369 3385 2424 mittet
3419 2364 3584 2421 Pater
3615 2366 3673 2419 in
3722 2380 3822 2419 no.

2214 2465 2355 2520 mine
2375 2482 2513 2532 meo,
2538 2474 2586 2519 et
2622 2479 2773 2536 quem
2811 2478 2904 2534 ego
2934 2463 3138 2517 mittant
3173 2459 3317 2515 vobis
3343 2474 3377 2513 α
3411 2454 3574 2512 Putre
3600 2451 3827 2527 (learn,

2220 2570 2304 2622 Ill,
2346 2556 2456 2629 17).
2507 2555 2592 2610 Ad
2627 2553 2773 2609 hanc
2816 2551 3060 2625 regulam
3107 2549 3234 2606 ﬁdei
3272 2548 3513 2619 dirigens
3557 2544 3822 2600 intentio—

2219 2664 2346 2706 nem
2406 2663 2606 2715 meam,
2664 2655 2930 2718 quantum
2976 2645 3149 2716 potui,
3193 2650 3461 2714 quantum
3513 2655 3604 2717 me
3651 2653 3821 2711 posse

2220 2742 2436 2809 fecisti;
2478 2742 2703 2813 quaesivi
2748 2751 2823 2808 te,
2860 2748 2918 2797 et
2949 2738 3255 2795 desideravi
3307 2737 3586 2793 intellectu
3630 2737 3820 2792 videro

2219 2835 2365 2907 quod
2413 2834 2642 2901 credidi,
2707 2842 2765 2889 et
2813 2832 3043 2889 multum
3104 2829 3376 2902 disputavi
3423 2836 3482 2884 et
3547 2827 3816 2885 laboravi.

2222 2929 2448 2985 Domine
2490 2927 2634 2982 Deus
2677 2941 2852 2993 meus,
2898 2940 3007 2981 una
3032 2939 3158 2996 spes
3184 2937 3328 2990 mea,
3359 2922 3558 2979 exaudi
3587 2937 3695 2990 me,
3747 2936 3819 2977 ne

2222 3019 2483 3093 fatigatus
2532 3018 2699 3074 nolim
2749 3026 2805 3074 te
2850 3032 3136 3091 quaerere;
3180 3015 3277 3071 sed
3317 3029 3558 3084 quaeram
3611 3013 3814 3071 faciem

524 3130 721 3205 fungar
754 3140 972 3196 semper
1000 3124 1093 3179 hic
1121 3122 1207 3179 vel
1232 3123 1289 3177 in
1320 3118 1533 3175 exsilio.
1563 3114 1815 3172 Christus
1846 3128 1876 3166 a
1905 3126 1994 3166 me
2030 3125 2124 3164 au-
2161 3197 2195 3205 -
2225 3124 2375 3171 tuam
2423 3130 2640 3186 semper
2665 3113 2941 3169 ardenter.
2974 3111 3053 3167 Tu
3086 3110 3154 3167 da
3177 3108 3453 3181 qumrcndi
3497 3108 3662 3175 vires,
3711 3109 3812 3178 qui

524 3197 671 3281 ferat
726 3218 967 3295 pericula
1024 3224 1244 3281 cuncta,
1288 3228 1517 3284 quaeque
1562 3210 1869 3265 daemonum
1915 3203 2119 3275 jacula.
2150 3197 2197 3261 C
2229 3216 2280 3265 te
2312 3208 2542 3263 inveniri
2574 3205 2773 3273 fecisti,
2802 3214 2859 3262 et
2894 3206 3068 3277 magis
3096 3203 3379 3276 magisque
3420 3201 3731 3260 inveniendi
3764 3212 3819 3260 te

525 3315 607 3375 Ne
648 3293 738 3371 me
789 3318 1015 3383 captent
1051 3309 1237 3365 hostes
1287 3314 1453 3375 atqne
1493 3303 1756 3365 latmneS,
1820 3313 1891 3353 ne
1947 3296 2118 3362 fureS,
2222 3314 2374 3372 spem
2412 3298 2628 3355 dedisti.
2675 3297 2872 3354 Coram
2921 3306 2974 3351 te
3017 3303 3103 3352 est
3146 3294 3380 3353 ﬁrmitas
3419 3304 3477 3352 et
3526 3293 3820 3351 infirmitas

525 3424 706 3481 neque
743 3406 933 3461 mundi
958 3402 1263 3475 praedones.
1289 3397 1369 3453 Ne
1395 3411 1483 3451 me
1510 3394 1671 3449 unde:
1704 3390 1894 3455 maris,
1943 3402 2122 3458 neque

2222 3412 2344 3452 mea
2375 3414 2388 3450 :
2415 3396 2561 3450 illam
2606 3410 2785 3457 serva,
2809 3396 2968 3450 istam
3000 3407 3152 3449 sana.
3185 3392 3385 3449 Coram
3422 3400 3478 3449 te
3506 3401 3591 3447 est
3636 3391 3818 3446 scien-

526 3480 771 3565 ﬁumina,
794 3513 972 3568 neque
993 3509 1168 3565 aquae,
1192 3492 1337 3547 nulla
1363 3484 1852 3544 noceantnumina.
1881 3480 2125 3538 Netcne-

526 3596 663 3659 bris,
686 3592 773 3657 vel
798 3589 967 3655 venti,
988 3587 1075 3643 vel
1096 3585 1337 3649 ﬂumine,
1365 3581 1502 3637 velis
1540 3578 1717 3649 plenis
1745 3589 1771 3616 ιι
1788 3574 1967 3630 ventis
1989 3588 2124 3643 quo-

526 3704 635 3761 quc
660 3683 933 3758 prosiieris
964 3678 1151 3743 maris,
1180 3675 1394 3731 cunctis
1420 3671 1599 3727 solvar
1621 3685 1652 3723 a
1679 3664 1953 3738 periculis.
1970 3661 2126 3718 Chri—

528 3791 647 3839 stus
670 3792 883 3834 mecum
902 3776 1067 3830 duras
1093 3788 1158 3827 ac
1178 3768 1469 3843 pestiferas
1496 3765 1679 3819 vincat
1709 3769 1871 3816 teme
1892 3765 1947 3815 et
1958 3772 2126 3828 aqua-

528 3887 651 3930 rum
679 3870 881 3925 bestias
906 3888 920 3922 ;
944 3868 1129 3922 vincat
1152 3862 1257 3919 tela
1283 3860 1427 3915 aeris
1453 3855 1639 3913 vitalia
1675 3851 1795 3925 [Ρη
1823 3849 2043 3907 lethalia
2054 3845 2126 3919 η,

528 3965 716 4020 vincat
743 3958 903 4034 124
924 3964 1123 4015 cuncta
1149 3952 1378 4010 tonitrui
1414 3947 1644 4021 fulgura.
1677 3945 1875 4002 Vincat
1900 3953 2128 4013 quaeque

529 4071 737 4113 venena
781 4052 1125 4123 serpentina,
1166 4047 1348 4103 vincat
1394 4058 1538 4100 steva
1583 4038 1775 4097 mundi
1822 4034 2124 4092 veneﬁcia:

531 4155 593 4201 ut
628 4144 745 4201 ιιωο
773 4148 971 4199 cuncta
1009 4156 1118 4197 non
1157 4137 1293 4195 mihi
1327 4150 1447 4206 quae
1481 4134 1739 4197 diximus,
1776 4142 1955 4199 neque
1990 4124 2130 4181 meis

532 4245 770 4295 noceant
815 4234 1123 4292 comitibus.
1173 4231 1352 4285 Sanus
1384 4243 1505 4299 ego,
1550 4226 1670 4281 sani
1719 4224 1826 4280 mei
1874 4220 2128 4283 comites,

2223 3486 2299 3541 tia
2339 3493 2397 3540 et
2424 3484 2730 3555 ignorantia
2759 3499 2919 3539 mea:
2968 3483 3060 3539 ubi
3090 3482 3224 3537 mihi
3271 3482 3554 3553 aperuisti,
3604 3480 3821 3552 suscipe

2223 3576 2518 3631 intrantem
2547 3592 2562 3640 ;
2592 3576 2683 3630 ubi
2714 3574 2983 3639 clausisti,
3009 3574 3160 3645 aperi
3197 3573 3455 3645 pulsanti.
3482 3572 3819 3628 Meminerim

2224 3668 2325 3734 tui,
2356 3667 2652 3739 intelligam
2694 3676 2765 3733 te,
2797 3666 3017 3738 diligam
3049 3674 3119 3721 te.
3162 3664 3313 3737 Auge
3347 3665 3403 3721 in
3448 3680 3535 3720 me
3562 3665 3686 3730 ista,
3723 3665 3817 3720 do-

2227 3774 2328 3815 nec
2353 3776 2439 3815 me
2461 3758 2665 3814 formes
2683 3758 2752 3814 ad
2766 3759 3054 3830 integrum.
3078 3757 3223 3825 Scio,
3240 3757 3503 3829 scriptum
3528 3755 3818 3829 estlAug.,

2226 3849 2491 3922 scriptum
2537 3848 2681 3923 esse]
2712 3868 2725 3904 :
2757 3848 2828 3903 In
2859 3847 3187 3919 multiloquio
3235 3865 3339 3904 non
3374 3848 3591 3920 oﬁ'ugies
3631 3865 3821 3920 pecca-

2226 3952 2338 3997 tum
2365 3940 2549 4014 (Prov.
2572 3958 2628 4008 x,
2659 3940 2769 4012 i9).
2815 3938 2924 3996 Sed
2962 3940 3172 3995 utinam
3212 3939 3559 4011 prmdicando
3588 3940 3816 3997 verbum

2230 4040 2401 4099 tuum,
2426 4042 2482 4086 et
2500 4030 2771 4087 laudando
2800 4036 2874 4097 te,
2897 4030 3271 4086 tantummodo
3291 4029 3582 4100 loquerer:
3606 4045 3714 4087 non
3737 4045 3822 4086 sco

2229 4123 2341 4180 lum
2387 4125 2631 4197 fugerem
2678 4132 2985 4196 peccatum,
3033 4124 3129 4180 sed
3171 4123 3427 4181 meritum
3465 4124 3670 4181 bonum
3725 4141 3819 4185 ac-

2229 4220 2532 4291 quirerem;
2556 4218 2955 4291 quantumlibet
2985 4218 3301 4284 meruisses,
3337 4216 3593 4290 loquerer
3627 4217 3812 4291 [Aug.,

533 4328 654 4386 sine
689 4329 889 4384 damno
923 4340 1212 4397 pergamus
1243 4321 1562 4381 incolumes.
1603 4316 1748 4374 Sana
1780 4328 1921 4369 nave
1962 4312 2017 4367 in
2042 4324 2133 4382 pe-
2231 4312 2529 4383 quamlibct
2562 4311 2791 4369 multum
2824 4311 2906 4367 sic
2945 4310 3242 4387 loquerer].
3272 4309 3459 4384 Neque
3486 4314 3634 4368 enim
3660 4313 3821 4370 homo

534 4421 639 4493 lagi
696 4418 966 4484 ﬂuctibus,
1019 4417 1172 4472 sanis
1219 4416 1377 4486 equis
1433 4412 1570 4468 velis
1619 4411 1676 4465 in
1730 4403 2126 4462 terrestribus:

536 4528 671 4567 sana
710 4519 899 4567 nostra
935 4508 1167 4564 vehatur
1193 4504 1446 4578 pecunia,
1479 4510 1540 4556 ut
1574 4502 1645 4555 sit
1677 4506 1803 4570 apta
1841 4496 1909 4551 ad
1939 4503 2128 4552 nostra

536 4607 709 4662 utilia.
740 4602 947 4658 lnimici
983 4614 1053 4656 ne
1072 4600 1186 4655 sint
1230 4597 1386 4652 nobis
1431 4595 1646 4658 nociva,
1687 4588 1937 4660 quamvis
1984 4586 2127 4642 mala

538 4701 895 4770 prorumpant
938 4689 1185 4747 consilia.
1232 4686 1437 4743 Christi
1486 4682 1617 4737 mibi
1666 4681 1723 4734 in
1768 4686 1974 4733 aeterno
2026 4693 2128 4732 no-

539 4791 687 4845 mine
718 4789 819 4843 via:
858 4793 1069 4841 cunctae
1105 4786 1329 4854 pateant
1358 4788 1707 4846 magnopere,
1746 4772 1794 4826 si
1836 4770 2129 4826 ascendam

534 4882 705 4938 ardua
727 4880 783 4934 in
809 4878 1093 4941 montium,
1116 4875 1163 4930 si
1184 4871 1508 4928 descendam
1536 4879 1777 4921 convexa
1808 4864 1863 4918 in
1884 4862 2128 4928 vallium,

537 4975 654 5029 si...
684 4972 801 5026 vias
828 4984 927 5039 per
949 4966 1291 5021 vastissimas
1321 4962 1600 5023 silvarum,
1630 4957 1766 5012 rubo
1798 4970 1895 5026 per
1925 4954 2131 5009 densis-

539 5067 708 5122 simas
737 5079 751 5118 :
778 5064 867 5117 via
911 5059 1073 5131 plana
1118 5070 1338 5128 pergam
1388 5062 1551 5121 atque
1578 5048 1756 5103 lucida
1805 5060 1979 5115 usque
2022 5043 2125 5100 loci

539 5153 908 5211 destinati.....

612 5248 839 5305 Domine
874 5244 1001 5299 Jesu
1031 5242 1269 5305 Christe,
1304 5247 1360 5292 te
1400 5237 1628 5293 obsecro
1670 5253 1770 5307 per
1817 5238 2126 5293 misericor-

538 5342 685 5398 diam
725 5348 780 5394 et
807 5334 1150 5393 clementiam
1190 5341 1359 5395 tuam,
1392 5338 1450 5384 ut
1490 5336 1710 5399 praestes
1742 5328 1874 5383 mihi
1913 5329 2128 5383 veniam

538 5433 857 5489 delictorum
903 5440 1164 5480 meorum.
1216 5421 1376 5491 Aperi
1421 5421 1553 5474 mihi
1602 5417 1825 5487 januam
1872 5421 2016 5484 vitm,
2068 5428 2123 5474 et

539 5524 791 5595 princeps
821 5515 1168 5573 tenebrarum
1197 5528 1304 5567 non
1335 5522 1590 5567 occurrat
1619 5512 1770 5567 mihi.
1796 5510 1913 5566 Non
1943 5512 2127 5566 veniat

541 5613 673 5669 mihi
710 5628 806 5681 pes
834 5607 1119 5679 superbire,
1164 5613 1219 5662 et
1246 5620 1439 5660 manus
1466 5612 1726 5659 extranea
1769 5619 1875 5657 non
1918 5604 2127 5658 contin-

542 5715 634 5775 gat
680 5704 813 5760 mihi
838 5722 849 5757 :
877 5702 971 5757 sed
1014 5700 1227 5757 suscipe
1266 5712 1353 5755 me
1380 5698 1676 5754 secundum
1705 5696 1920 5753 verbum
1953 5705 2122 5760 tuum,

617 5830 640 5857 ιι
677 5814 848 5871 Locus
877 5824 1181 5888 corruptus.

2231 4403 2300 4459 de
2348 4412 2401 4460 te
2429 4403 2621 4460 beatus
2648 4410 2934 4475 peccatum
2977 4403 3297 4475 prmciperet
3325 4419 3590 4476 germano
3618 4406 3672 4461 in
3716 4406 3821 4462 ﬁde

2234 4498 2347 4555 ﬁlio
2389 4516 2509 4566 suo,
2549 4498 2638 4555 cui
2664 4499 2903 4570 scripsit,
2939 4498 3164 4555 dicens:
3196 4497 3443 4555 Prwdica
3471 4499 3701 4565 uerbum,
3739 4502 3821 4555 iu-

2230 4602 2316 4648 sta
2358 4584 2667 4665 opportune,
2714 4590 3012 4661 importune
3058 4588 3147 4663 (II
3179 4587 3316 4644 Tim.
3350 4605 3428 4656 tv,
3458 4589 3535 4664 2).
3568 4589 3822 4662 Nunquid

2232 4683 2521 4739 dicendum
2564 4688 2651 4737 est
2678 4682 2841 4738 istum
2875 4696 2987 4737 non
3021 4681 3250 4737 multum
3283 4681 3545 4748 locutum,
3580 4683 3672 4754 qui
3712 4698 3821 4739 non

2231 4773 2406 4830 solum
2438 4781 2764 4845 opportune,
2812 4787 3002 4828 verum
3038 4773 3204 4828 etiam
3246 4772 3555 4844 importune
3594 4774 3820 4830 verbum

2233 4876 2402 4933 tuum,
2434 4865 2677 4931 Domine,
2708 4880 2816 4921 non
2843 4864 3092 4921 tacebat?
3117 4865 3213 4921 sed
3242 4865 3365 4921 ideo
3392 4881 3501 4921 non
3530 4876 3648 4922 erat
3682 4866 3823 4922 mul-

2234 4966 2371 5021 tum,
2422 4956 2549 5027 quia
2608 4964 2819 5012 tantum
2870 4961 2992 5011 erat
3038 4955 3430 5012 necessarium.
3474 4956 3669 5011 Libera
3708 4973 3817 5025 me,

2227 5049 2373 5105 Deus
2423 5064 2599 5114 meus,
2649 5062 2681 5102 a
2730 5046 3087 5119 multiloquio,
3141 5047 3285 5118 quod
3342 5048 3522 5117 patior
3582 5049 3728 5104 intus
3763 5048 3820 5104 in

2229 5140 2408 5194 anima
2455 5154 2575 5195 mea
2613 5137 2812 5194 misera
2847 5138 2903 5192 in
2931 5146 3226 5209 conspectu
3262 5145 3378 5203 tuo,
3414 5146 3472 5194 et
3511 5139 3823 5211 confugien—

2230 5240 2340 5286 tem
2374 5231 2444 5285 ad
2474 5228 2904 5286 misericordiam
2944 5237 3113 5284 tuam.
3152 5229 3269 5284 Non
3300 5229 3446 5285 enim
3481 5231 3820 5301 cogitationi.

2229 5322 2330 5378 bus
2374 5332 2547 5389 taceo,
2575 5323 2743 5378 etiam
2783 5331 2971 5377 tacens
2999 5337 3132 5378 voce
3157 5320 3339 5394 [Aug.,
3369 5320 3635 5394 vocibus].
3678 5320 3744 5376 Et
3771 5322 3820 5376 si

2229 5418 2447 5489 quidem
2476 5432 2582 5471 non
2617 5417 2914 5487 cogitarem
2949 5415 3057 5471 nisi
3095 5415 3241 5486 quod
3275 5415 3514 5485 placeret
3549 5414 3665 5479 tibi,
3713 5429 3820 5468 non

2228 5512 2415 5582 utique
2440 5525 2686 5581 rogarem
2708 5518 2769 5563 ut
2796 5524 2882 5564 me
2910 5506 2980 5563 ab
3025 5509 3129 5563 hoc
3179 5507 3518 5578 multiloquio
3538 5506 3816 5560 libet-ares.

2233 5601 2338 5656 Sed
2392 5600 2571 5656 multa:
2609 5608 2737 5655 sunt
2756 5599 3114 5671 cogitationes
3146 5613 3279 5653 mea:
3304 5597 3459 5663 tales,
3502 5596 3689 5668 quales
3719 5612 3818 5649 no-

2232 5696 2298 5750 sti
2327 5693 2682 5762 Cogitationes
2707 5692 3007 5759 hominum,
3033 5690 3289 5762 quoniam
3322 5706 3473 5744 vanae
3497 5696 3619 5744 sunt
3642 5686 3837 5759 (Psal._
