4112 6646
324 552 431 609 609
1324 555 1723 617 LITURCICA.
1766 589 1838 601 ——
1870 556 2142 616 OFFlCIA
2183 557 2315 615 Phill
2348 554 2619 613 FERIAS.
3508 555 3621 613 6l0

326 662 478 713 scut,
510 644 621 720 ll).
647 647 796 703 Dona
818 647 952 704 mihi
974 663 1085 704 non
1104 650 1186 706 eis
1204 653 1538 719 consentire,
1561 661 1617 707 et
1639 652 1683 706 si
1699 651 1918 723 quando
1945 656 1994 712 Α

325 752 413 795 me
448 738 790 796 delectantur
822 739 1009 814 [Aug.,
1059 741 1380 815 delectant],
1422 758 1521 799 eas
1568 743 1923 799 nihilominus

324 830 654 901 improbare,
694 846 796 889 nec
840 832 896 886 in
924 832 1008 888 eis
1049 831 1200 888 velut
1235 833 1583 889 dormitando
1609 833 1918 889 immorari:

322 938 428 980 nec
451 923 505 979 in
531 932 743 979 tantum
770 925 989 982 valeant
1016 926 1158 997 apud
1197 942 1306 995 me,
1336 935 1398 983 ut
1428 927 1633 998 aliquid
1660 928 1714 982 in
1752 943 1920 997 opera

321 1029 446 1071 mea
494 1017 758 1087 procedat
795 1034 864 1073 ex
912 1019 1041 1085 illis,
1096 1020 1193 1075 sed
1221 1020 1291 1077 ab
1316 1021 1400 1077 eis
1444 1036 1566 1076 mea
1606 1024 1793 1078 statim
1849 1023 1923 1076 sit

324 1114 442 1164 tuta
476 1108 768 1177 sententia,
811 1117 931 1165 tuta
952 1111 1288 1168 conscientia
1333 1120 1388 1169 te
1430 1121 1637 1170 tuente.
1686 1114 1921 1186 Sapiens

322 1200 545 1271 quidam
587 1216 714 1257 cum
739 1202 806 1257 de
843 1210 899 1257 te
940 1202 1260 1273 loqueretur
1283 1204 1341 1260 in
1372 1203 1517 1261 libro
1542 1222 1663 1273 suo,
1694 1207 1790 1278 qui
1818 1206 1921 1263 Ec-

320 1291 665 1350 clesiasticus
711 1294 938 1366 proprio
984 1297 1207 1351 nomine
1250 1296 1367 1368 jam
1420 1306 1690 1355 vocatur:
1721 1299 1917 1367 Multa,

322 1383 516 1456 inquit,
562 1385 808 1454 dicimus,
838 1397 887 1445 et
914 1405 1019 1445 non
1048 1391 1374 1462 pervenimus
1396 1409 1418 1458 ;
1448 1401 1500 1447 et
1529 1397 1917 1451 consummatio

320 1496 624 1537 sermonum
669 1483 915 1538 universa
960 1484 1071 1555 ipse
1099 1494 1177 1540 est
1218 1484 1411 1560 (Eccli.
1441 1503 1596 1554 xu",
1778 1487 1916 1546 Cum

320 1588 453 1645 ergo
485 1574 901 1644 pervenerimus
924 1577 993 1631 ad
1021 1584 1093 1644 te,
1118 1577 1416 1634 cessabunt
1450 1579 1620 1635 multa
1663 1579 1770 1636 ista
1794 1597 1919 1653 quae

324 1664 486 1737 125
518 1665 773 1728 dicimus.
801 1676 849 1722 et
880 1683 985 1722 non
1014 1669 1385 1739 pervenimus;
1412 1679 1468 1726 et
1504 1672 1750 1729 manebis
1773 1689 1919 1728 unus

317 1758 503 1813 omnia
528 1757 590 1812 in
615 1757 910 1826 omnibus;
934 1766 991 1814 et
1014 1759 1136 1815 sine
1160 1760 1271 1817 fine
1308 1762 1553 1821 dicemus
1580 1780 1773 1832 unum,
1799 1765 1917 1822 lau-

317 1851 514 1908 dantes
550 1858 606 1907 te
645 1852 701 1906 in
730 1868 925 1919 unum,
971 1862 1029 1910 et
1057 1854 1115 1910 in
1146 1863 1201 1913 te
1233 1856 1400 1913 etiam
1433 1857 1565 1915 facti
1595 1875 1695 1918 nos
1722 1876 1914 1929 unum,

320 1944 549 2002 Domine
580 1947 725 2003 Deus
767 1964 877 2006 une
915 1962 968 2005 ι.
1009 1950 1156 2009 Deus
1200 1953 1464 2022 Trinitas,
1514 1956 1739 2027 ignosce
1778 1958 1911 2013 mihi

315 2038 504 2093 omnia
553 2049 777 2110 peccata
808 2044 951 2110 mea,
989 2052 1048 2100 et
1072 2045 1127 2100 in
1165 2046 1268 2102 hac
1303 2048 1617 2119 integritate
1661 2048 1806 2117 fidei,
1857 2059 1915 2105 et

318 2130 583 2187 honorum
619 2149 845 2205 operum
872 2135 1209 2207 perfectione
1231 2142 1443 2197 custodi
1475 2158 1582 2209 me,
1619 2153 1677 2198 et
1701 2144 1772 2199 ab
1796 2159 1913 2200 om-

317 2225 491 2295 nibus_
511 2226 724 2283 insidiis
753 2227 952 2286 diaboli
981 2239 1038 2288 et
1076 2232 1360 2289 hominum
1386 2234 1557 2291 libera
1586 2252 1698 2303 tne,
1730 2246 1789 2294 et
1811 2237 1913 2293 sub

317 2319 511 2377 umbra
547 2321 758 2379 alarum
790 2331 1008 2380 tuarum
1052 2331 1278 2399 protege
1306 2342 1416 2393 me,
1448 2328 1541 2399 qui
1569 2344 1631 2384 es
1662 2328 1915 2385 benedic-

319 2420 405 2469 tus
436 2413 490 2469 in
521 2414 741 2471 secula.

457 2527 752 2587 HYMNUS
788 2527 994 2587 BEATI
1032 2529 1339 2588 EPISCOPI
1377 2531 1653 2588 SEDULll
1680 2534 1708 2573 δ
1737 2573 1754 2600 ,

314 2619 395 2678 De
418 2624 711 2690 nutinitate,
733 2634 781 2679 et
803 2622 1084 2695 baptismo,
1110 2634 1159 2680 et
1187 2626 1396 2690 virtute,
1422 2636 1472 2680 et
1494 2626 1782 2681 traditione
1804 2665 1821 2692 ,
1860 2635 1909 2682 et

382 2695 673 2821 genitam.
694 2696 1074 2778 resurrectione
1098 2706 1147 2752 et
1172 2698 1479 2753 ascensione
1503 2696 1719 2752 Domini
1743 2699 1910 2753 nostri

421 2781 513 2819 esu
605 2776 763 2820 mstt.

596 2887 644 2943 A
670 2886 801 2943 solis
824 2892 977 2942 ortus
1001 2884 1226 2942 cardine

529 2980 616 3038 Ad
641 2995 815 3052 usque
843 2989 1007 3037 terrae
1030 2979 1262 3037 limitem
1289 3020 1307 3047 ,

530 3071 809 3130 Christum
834 3087 1096 3130 canamus
1118 3073 1421 3146 principem

526 3160 727 3222 Natum
756 3165 926 3222 Maria
953 3164 1183 3237 virgine.

599 3260 801 3317 Beatus
828 3267 1021 3317 auctor
1046 3257 1229 3315 szeculi

524 3350 741 3453 _S_ervile
761 3367 960 3425 corpus
985 3352 1164 3453 induit
1185 3390 1204 3417 ,
1931 3392 1976 3453 Ο

526 3445 600 3503 lit
625 3459 790 3503 (χιι-ηε
815 3459 1038 3501 carnem
1067 3441 1309 3499 liberans

522 3538 603 3595 Ne
622 3538 881 3609 perderet
905 3549 1045 3607 quos
1073 3534 1211 3608 (AL,
1238 3530 1407 3605 quod]
1436 3531 1697 3587 condidit.

592 3630 804 3686 Clausa
829 3627 968 3701 [Al.,
993 3623 1204 3698 clausa]
1234 3624 1480 3696 parentis
1509 3622 1721 3677 viscera

520 3720 775 3777 Caelestis
797 3720 969 3774 intrat
988 3715 1164 3788 gratia
1188 3733 1201 3769 :

523 3810 725 3867 Venter
750 3809 941 3882 puella:
966 3806 1173 3878 bajulat

522 3901 746 3961 Secreta
777 3918 900 3974 quae
924 3915 1033 3957 non
1060 3909 1312 3957 noverat.

595 3996 797 4053 Domus
816 3993 998 4065 pudici
1022 3992 1271 4064 corporis
1297 3989 1432 4065 [Al.,
1454 3990 1715 4063 pectoris]

530 4086 816 4159 Templum
845 4093 1069 4157 repente
1094 4082 1158 4140 fit
1180 4081 1277 4138 Dei
1307 4100 1323 4136 :

523 4180 730 4236 Intacta
759 4180 1008 4235 nesciens
1030 4178 1212 4233 virum

522 4268 702 4327 Verbo
730 4270 979 4342 concepit
1002 4269 1220 4326 Filium.

593 4363 767 4419 Enixa
790 4371 875 4419 est
898 4377 1166 4435 puerpera
1186 4361 1297 4436 [AL
1317 4402 1334 4431 ,
1362 4361 1537 4418 Enixa
1572 4360 1685 4430 jam
1735 4376 1897 4431 puer-

1533 4455 1685 4529 [pera
1714 4455 1822 4530 εει]

520 4550 692 4621 Quem
713 4550 933 4609 Gabriel
957 4551 1286 4625 praedixerat
1318 4569 1334 4607 :

520 4646 693 4715 Quem
722 4646 913 4702 matris
943 4644 1067 4701 alvo
1094 4646 1337 4716 gestiens

517 4737 746 4795 Clausus
770 4736 1009 4795 Joannes
1037 4727 1303 4794 senserat.
1919 4754 1972 4815 ι)

586 4832 735 4889 Feno
754 4831 937 4903 jacere
963 4831 1189 4904 pertulit
1214 4872 1231 4898 ,

516 4924 763 4997 Pmsepe
790 4941 897 4981 non
924 4924 1208 4981 abhorruit
1241 4942 1254 4978 :

515 5016 801 5087 Parvaque
827 5015 966 5071 lacte
989 5024 1180 5086 pastus
1202 5022 1289 5071 est
1303 5055 1319 5081 ,

518 5107 624 5164 Per
649 5124 809 5179 quem
838 5122 940 5163 nec
967 5106 1080 5161 ales
1106 5107 1299 5163 esurit.

584 5202 798 5257 Gaudet
824 5200 1025 5256 chorus
1053 5198 1356 5255 cmlestium
1372 5239 1387 5264 ,

516 5292 584 5349 Et
618 5292 792 5363 angeli
821 5299 1023 5347 canunt
1060 5290 1208 5345 Deo:

512 5385 806 5455 Palamque
836 5384 897 5439 tit
922 5383 1229 5454 pastoribus

516 5478 707 5533 Pastor
728 5476 957 5531 Creator
984 5476 1249 5530 omnium.

586 5568 766 5623 llostis
795 5566 1035 5624 Herodes
1067 5566 1252 5635 impie,

2239 652 2518 708 Christum
2548 649 2737 706 venire
2765 649 2893 719 quid
2924 649 3118 703 times?

2242 743 2361 800 Non
2388 745 2555 815 eripit
2573 741 2708 816 [Αι.,
2734 759 2841 797 non
2864 741 3085 814 abripit]
3110 740 3359 823 mortalia

2239 836 2343 905 Qui
2373 850 2540 909 regna
2570 837 2666 892 dat
2698 835 2965 893 coelestia.

2306 925 2464 985 Ibant
2492 925 2657 1001 Magi,
2691 944 2798 999 qua
2825 934 3089 982 venerant
3116 922 3251 999 [Αι.,
3279 939 3443 995 quam
3473 923 3621 980 vide-

3370 1017 3544 1093 [ram]

2241 1114 2470 1171 Stellam
2493 1123 2783 1187 sequentes
2806 1115 3069 1188 praeviam
3094 1133 3108 1169 :

2186 1270 2187 1273 η
2236 1205 2445 1263 Lumen
2472 1207 2757 1278 requirunt
2792 1221 3019 1262 munere
3040 1203 3173 1279 [At.,
3202 1203 3430 1277 lumine]
3458 1244 3473 1270 ,

2242 1296 2413 1353 Deum
2444 1296 2685 1354 fatentur
2709 1314 2957 1355 munem.

2301 1390 2538 1448 Katerva
2564 1402 2799 1450 matrum
2827 1400 3087 1465 personat

2233 1483 2434 1539 Collisa
2467 1483 2673 1542 deﬂens
2698 1485 2928 1558 pignora
2958 1505 2970 1537 :

2231 1573 2479 1642 Quorum
2500 1582 2766 1649 tyrannus
2791 1577 2957 1633 millia

2234 1666 2457 1727 Christo
2483 1670 2723 1727 Sacravit
2749 1671 2971 1727 victima
2995 1669 3135 1745 [Αι.,
3160 1670 3487 1747 victimam].

2300 1759 2542 1817 Lavacra
2575 1762 2698 1832 puri
2728 1761 2957 1834 gurgitis

2230 1852 2488 1911 Caelestis
2511 1853 2701 1926 Agnus
2731 1854 2914 1927 attigit
2939 1871 2955 1908 :

2242 1942 2479 2002 Peecata
2500 1961 2623 2017 quae
2650 1962 2758 2002 non
2788 1946 2984 2002 detulit

2230 2036 2342 2093 Nos
2360 2037 2631 2095 ohluendo
2656 2038 2896 2094 sustulit.

2305 2125 2580 2183 Miraculis
2609 2126 2760 2183 dedit
2788 2128 2952 2184 fidem

2229 2217 2443 2276 Habere
2495 2220 2795 2277 secundum
2840 2220 3060 2279 Patrem
3101 2221 3253 2298 [Αι.,
3299 2224 3512 2285 Habere
3553 2245 3615 2288 se

3016 2313 3221 2388 [Deum
3247 2314 3492 2393 Patrem]
3519 2339 3533 2377 :

2227 2404 2448 2481 Infit-ma
2476 2420 2681 2463 sanans
2704 2394 2978 2479 corpora,

2224 2498 2293 2554 Et
2318 2500 2592 2558 suscitans
2612 2498 2748 2575 [Αι.,
2769 2501 3126 2578 resuscitans]
3151 2504 3438 2564 cadavera.

2300 2590 2509 2648 Novum
2539 2607 2712 2666 genus
2745 2594 3003 2664 potentiae

2226 2684 2385 2756 Aqua
2419 2684 2557 2759 [At.,
2587 2685 2765 2760 aquae]
2789 2688 3089 2745 rubescunt
3106 2689 3312 2763 hydria
3339 2708 3353 2746 :

2225 2773 2535 2847 Vinnmque
2555 2774 2709 2846 jttssa
2738 2775 2967 2836 fundere

2224 2867 2455 2924 Mutavit
2478 2869 2624 2925 unda
2645 2870 2935 2943 originem.

2290 2959 2426 3016 Orat
2446 2960 2679 3016 salutem
2704 2962 2922 3018 servulo

2217 3050 2397 3108 "Nixus
2419 3051 2554 3127 [Al.,
2582 3050 2805 3127 Flexus]
2834 3069 2975 3127 genu
2999 3055 3260 3116 Centurio
3288 3077 3304 3114 :

2223 3142 2514 3201 Credentis
2543 3144 2709 3199 ardor
2730 3143 2999 3216 plurimus

2222 3236 2499 3293 Exstinxit
2528 3237 2682 3310 ignes
2707 3237 2958 3295 febrium.

2293 3325 2485 3383 Petrus
2505 3342 2605 3399 per
2629 3330 2805 3385 undas
2831 3330 3073 3388 ambulat
3095 3332 3234 3407 [Αι.,
3258 3336 3569 3416 ambulans]

2220 3422 2427 3480 Christi
2453 3423 2662 3481 levatus
2690 3424 2824 3500 [Αι.,
2851 3427 3087 3504 levatur]
3117 3430 3344 3488 dextera
3369 3448 3385 3488 :

2218 3515 2423 3572 Natura
2448 3531 2613 3588 quam
2637 3527 2933 3589 negaverat
2957 3560 2973 3587 ,

2213 3608 2377 3665 Fides
2394 3610 2609 3679 paravit
2633 3610 2909 3667 semitam.

2282 3700 2488 3769 Quarta
2515 3702 2605 3757 die
2626 3701 2741 3771 jam
2766 3702 2968 3762 fetidus

2094 3808 2099 3812 ·
2214 3791 2397 3849 Vitam
2421 3797 2627 3866 recepit
2650 3795 2893 3855 Lazarus
2915 3816 2929 3853 :

2219 3884 2510 3958 Mortisque
2540 3888 2678 3944 liber
2708 3888 2816 3962 [ΑΙ.
2846 3932 2862 3959 ,
2908 3890 3243 3966 Cunctisquc
3286 3898 3445 3975 liber]
3482 3904 3601 3960 vin-

3361 3991 3525 4066 [culis

2212 4086 2411 4147 Factus
2438 4101 2524 4148 est
2550 4102 2828 4164 superstes
2856 4095 2980 4154 sibi.

2286 4179 2452 4238 Rivos
2476 4184 2694 4240 cruoris
2722 4187 2913 4243 torridi
2936 4186 3073 4262 [Al.,
3102 4189 3336 4269 horridi]

2209 4272 2471 4331 Contacta
2502 4277 2673 4333 vestis
2699 4280 2978 4338 obstruit:

2212 4364 2363 4423 Fletu
2392 4366 2626 4440 rigantis
2650 4368 2786 4442 [At.,
2810 4372 3047 4449 rigante]
3073 4378 3330 4450 supplicis

2208 4455 2415 4514 Clausit
2434 4458 2633 4516 ﬂuenta
2652 4460 2789 4534 [Αι.,
2805 4462 2979 4521 Arent
2995 4464 3239 4543 fluentia]
3261 4474 3560 4546 sanguinis.

2280 4549 2503 4607 Solutus
2526 4553 2679 4609 omni
2711 4553 2971 4628 languore
3001 4558 3139 4633 [Al.,
3162 4564 3307 4619 omni
3339 4567 3590 4644 corpore]

2213 4638 2410 4698 Iussus
2435 4651 2662 4715 repente
2698 4661 2923 4717 surgere
2954 4688 2973 4716 ,

2216 4731 2344 4788 Suis
2367 4733 2611 4790 vicissim
2637 4739 2917 4808 gressibus

2215 4820 2386 4893 Eger
2410 4824 2645 4881 vehebat
2668 4825 2948 4884 lectulum.

2276 4913 2431 4969 Tunc
2453 4914 2540 4971 ille
2567 4913 2737 4974 Judas
2760 4920 3007 4977 carnifex

2209 5001 2390 5059 Ausus
2419 5004 2735 5077 Magistrum
2762 5012 3003 5082 tradere,

2212 5096 2409 5154 Pacem
2439 5097 2648 5156 ferebat
2668 5103 2859 5159 osculo

2211 5190 2387 5258 Quam
2414 5208 2522 5247 non
2550 5191 2784 5249 habebat
2807 5206 3049 5266 pectore.

2275 5281 2453 5337 Verax
2481 5284 2640 5339 datur
2664 5284 2949 5346 fallacibus
2972 5331 2989 5357 ,

2203 5377 2357 5432 Pium
2386 5377 2620 5449 flagellat
2649 5379 2848 5449 impius
2881 5398 2896 5436 :

2201 5470 2470 5539 Crucique
2504 5469 2645 5526 ﬁnis
2672 5471 2933 5530 innocens

2209 5560 2541 5630 Coniunctus
2568 5570 2653 5619 est
2682 5562 2817 5636 [Al.,
2856 5565 3223 5645 conjungitur]
3252 5570 3572 5634 latronibus.

372 5765 398 5794 ι
432 5748 588 5821 Apud
615 5748 752 5819 Aug.
804 5748 880 5803 ita
920 5744 1255 5826 memoratio
1298 5742 1632 5826 clauditur}
1685 5759 1703 5792 ε
1743 5740 1885 5796 Deus
1987 5742 2271 5826 presbyteri
2298 5744 2866 5826 liyntnntacrostirlzjs
2894 5791 2931 5826 ._
2959 5759 3123 5806 totam
3175 5754 3332 5808 vitam
3374 5754 3573 5814 Christi

295 5813 559 5884 Trinitas,
593 5813 925 5894 quaecunque
956 5815 1066 5894 dixi
1099 5815 1152 5868 in
1190 5814 1274 5869 his
1297 5814 1459 5894 libris
1485 5814 1550 5867 de
1582 5821 1693 5877 tuo,
1710 5826 1886 5894 agno-
1989 5813 2279 5894 continens.
2314 5813 2775 5894 lnde_ditl'erentcs
2814 5818 3069 5894 lectiones
3105 5826 3431 5894 accepimus.
3467 5813 3575 5884 No4

298 5903 455 5951 scant
490 5901 546 5947 et
582 5883 656 5964 tui
681 5907 711 5964 _:
746 5888 791 5964 si
829 5883 933 5959 qua
970 5887 1037 5942 de
1067 5900 1228 5964 tneo,
1254 5893 1309 5938 et
1334 5884 1724 5964 tuuignosceuet
1747 5883 1877 5964 tui.»
1992 5884 2130 5964 tahit
2184 5883 2353 5939 lector
2389 5886 2593 5964 primas
2630 5888 2845 5964 litteras
2882 5883 3418 5964 stropharum'hujus
3452 5883 3568 5955 car-

375 5967 401 6006 b
430 5965 619 6019 Exstat
641 5960 727 6015 hic
752 5952 985 6019 hymnus
1015 5958 1192 6011 editus
1219 5954 1423 6010 tom.“
1446 5952 1590 6009 Bibl.
1619 5952 1720 6006 PP.
1752 5953 1882 6006 etlit.

302 6037 574 6108 Lugdun.,
608 6046 729 6105 pag.
759 6021 893 6096 4⁷71,
944 6028 1046 6085 sub
1078 6027 1183 6084 hoc
1235 6025 1388 6082 titulo
1434 6044 1448 6085 :
1501 6023 1627 6079 Caeli
1684 6021 1887 6079 Sedulii

1994 5954 2153 6011 minis
2183 5965 2353 6011 totum
2387 5954 2728 6026 alphabetum
2762 5960 2993 6036 referre.
