4112 6594
579 375 674 430 6H

1394 365 1455 420 Il.
1497 366 1558 419 Ρ.
1599 361 1829 418 ALBINI
1872 359 2003 413 SBE.
2047 351 2326 409 ALGUINI
2365 347 2652 405 OPERUM
2693 343 2875 400 PARS
2913 341 3002 398 IV.

3777 336 3879 391 6H

866 491 1026 562 126
1055 483 1200 558 ero
1221 483 1353 560 (.41.,
1375 483 1548 546 Sero;
1573 481 1708 552 forte
1731 479 1830 550 leg.
1857 476 1992 541 iiii,
2012 475 2065 528 id
2087 481 2160 527 est
2191 475 2235 530 Α
2267 466 2527 536 perculit;
2553 479 2722 534 quare
2773 460 3102 532 quotidianis
3129 458 3535 529 deceptionibus
3564 455 3772 526 impius
3793 470 3882 510 ea-

1068 576 1333 652 [Christo]
1355 573 1632 645 myrrham
1659 579 1786 641 post
1813 570 2100 624 sabbatum

794 673 1052 741 Qumdam
1087 670 1359 724 vehebant
1381 678 1667 734 compares
1693 661 1828 734 [ΛΑ.
1855 656 2095 730 corpori]
2124 697 2139 720 ν

793 767 942 835 Quas
975 764 1243 819 allocutus
1271 759 1496 830 angelus
1528 773 1541 811 :

803 860 998 916 Vivum
1026 855 1334 927 sepulcrum
1379 867 1485 907 non
1521 850 1650 918 tegit
1689 846 1824 920 [Αιη
1870 846 2052 899 vivum
2091 856 2177 896 se-

1577 941 1792 1014 [pulcro
1815 953 1926 993 non
1950 935 2105 1008 tegi].

869 1044 1063 1100 Ymuis
1089 1043 1266 1098 venite
1286 1037 1534 1096 dulcibus

800 1136 1003 1193 Omnes
1031 1147 1293 1189 canamus
1318 1127 1594 1185 subditum

800 1229 1002 1284 Christi
1033 1226 1311 1296 triumpho
1335 1231 1608 1278 tartarum
1633 1258 1648 1282 ,

799 1319 906 1387 Qui
939 1334 1038 1374 nos
1062 1315 1198 1390 [Αι.,
1219 1316 1312 1386 qui
1333 1311 1457 1383 vos]
1482 1309 1711 1365 redemit
1735 1307 2000 1362 venditos.

875 1411 1062 1466 Zelum
1091 1407 1349 1464 draconis
1370 1403 1538 1460 invidi

800 1505 872 1560 Et
892 1519 955 1557 os
980 1502 1158 1556 leonis
1181 1498 1401 1571 pessimi

800 1596 1043 1652 Calcavit
1071 1595 1265 1648 unicus
1294 1593 1412 1655 Dei,

805 1691 941 1744 Sese
968 1689 1060 1758 qui
1089 1687 1225 1759 ML,
1253 1683 1507 1756 seseque]
1529 1682 1684 1737 malis
1714 1679 1964 1737 reddidit.

875 1781 1057 1837 Gloria
1087 1779 1235 1834 Patri
1266 1777 1506 1848 ingenito
1529 1816 1544 1841 ,

811 1876 996 1930 Gloria
1022 1873 1314 1946 Unigenile
1343 1914 1358 1937 ,

803 1967 924 2023 Una
961 1981 1085 2019 cum
1111 1971 1302 2018 sancto
1328 1961 1538 2033 Spiritu

806 2057 864 2112 In
896 2056 1230 2125 sempiterna
1250 2051 1467 2107 sarcula.

1286 2181 1507 2222 ORATIO.

665 2286 891 2351 Praesta,
920 2283 1167 2347 Domine,
1199 2280 1503 2354 legentibus
1542 2277 1864 2350 profectum,
1898 2272 2193 2348 quzerenti-

595 2380 699 2436 bus
725 2379 894 2450 legem
929 2388 1094 2440 tuam,
1125 2381 1472 2444 peccatorum
1499 2370 1742 2427 omnium
1769 2367 2145 2423 remissionem
2172 2382 2186 2417 :

596 2483 658 2529 ut
683 2475 776 2544 qui
803 2471 1070 2528 desiderio
1093 2483 1291 2541 magno
1315 2468 1382 2522 ad
1413 2467 1594 2522 lumen
1635 2463 2044 2526 Scripturarum
2075 2470 2193 2514 tua-

598 2584 721 2622 rum
745 2565 1032 2638 pervenire
1059 2563 1330 2634 cupimus,
1377 2560 1538 2617 nullis
1567 2567 1806 2632 peccatis
1831 2557 2194 2629 caligantibus

597 2662 974 2718 obscuremur.
1009 2656 1237 2711 Attrahe
1260 2670 1361 2710 nos
1389 2655 1457 2710 ad
1487 2662 1538 2708 te
1568 2653 1768 2708 virtute
1789 2648 2197 2723 omnipotentire

601 2767 728 2811 tum.
747 2754 825 2808 Ne
848 2753 1124 2822 relinquas
1151 2766 1246 2805 sua
1268 2749 1543 2804 voluntate
1566 2748 1772 2819 vagari,
1795 2761 1930 2818 quos
1959 2745 2198 2816 pretioso

601 2846 862 2917 sanguine
893 2843 1185 2899 redemisti.
1212 2842 1510 2914 Imaginem
1535 2849 1688 2895 tuam
1711 2841 1769 2893 in
1790 2839 1949 2895 nobis
1989 2853 2096 2893 non
2125 2837 2199 2892 si-

601 2956 704 2997 nas
724 2939 1034 3003 obscurari,
1059 2952 1178 3006 qua:
1205 2935 1250 2991 si
1282 2943 1336 2990 te
1368 2942 1663 3005 praestante
1704 2931 2044 2997 defendatur,
2089 2945 2197 2986 non

604 3029 840 3094 diabolo,
885 3044 992 3083 non
1034 3028 1192 3082 nobis
1215 3026 1380 3080 liceat
1407 3033 1494 3079 tua
1523 3025 1664 3080 dona
1689 3025 2040 3089 subvertere;
2071 3022 2196 3092 quia

603 3131 780 3178 totum
830 3122 1020 3193 fragile
1045 3162 1061 3188 ,
1104 3120 1366 3190 quidquid
1403 3118 1500 3174 tibi
1547 3117 1739 3173 nititur
1782 3117 2023 3173 obviare.
2059 3115 2200 3171 Audi

2277 558 2570 612 lumniator
2599 553 2944 623 insequitur?
2973 551 3040 606 Et
3071 551 3213 607 sicut
3260 548 3350 604 ille
3389 547 3755 620 fragilitatem
3785 560 3884 602 no-

2277 661 2446 708 stram
2473 667 2577 706 non
2622 646 2824 703 desinit
2869 649 3155 716 impetere,
3183 645 3259 699 ita
3302 641 3412 697 tuis
3453 643 3637 712 possit
3671 640 3884 695 viribus

2276 743 2536 798 confusus
2578 741 2890 796 abscedere.
2928 737 3046 792 Non
3075 738 3362 807 permittas
3387 775 3402 802 ,
3438 736 3583 790 bone
3635 733 3784 797 Rex,
3831 731 3882 786 in

2280 836 2438 901 nobis
2466 834 2825 889 saevissimum
2866 831 3079 886 hostem
3109 844 3205 884 sua
3227 837 3352 884 vola
3384 827 3686 898 complere,
3712 825 3805 896 qui
3835 834 3888 878 te

2279 928 2522 999 graviter
2547 925 2702 995 eligit
2727 923 3022 980 olfetldere.
3059 921 3200 989 Quid
3237 937 3336 976 nos
3361 921 3505 975 sicut
3531 919 3620 974 leo
3661 917 3894 989 rugiens

2281 1019 2512 1075 circuit?
2533 1016 2674 1084 Quid
2693 1015 2955 1070 devorare
2994 1012 3312 1069 contendit?
3343 1008 3525 1066 Semel
3567 1009 3648 1064 illi
3698 1009 3755 1066 in
3800 1009 3899 1063 ba-

2281 1110 2539 1179 ptismate
2569 1120 2730 1162 sact'o
2771 1104 3244 1168 renuntiavimus;
3296 1100 3464 1157 semel
3507 1100 3605 1155 tibi
3656 1097 3896 1152 Domino

2283 1202 2510 1257 credere
2543 1197 2776 1271 professi
2805 1211 3014 1252 sumus.
3044 1194 3211 1252 Tales
3247 1211 3347 1250 nos
3393 1209 3491 1266 per
3517 1203 3675 1248 tuam
3702 1189 3893 1246 defen-

2279 1295 2495 1351 sionem
2530 1291 2768 1348 concede
2789 1290 3021 1353 servari,
3053 1287 3244 1359 quales
3273 1301 3372 1341 nos
3399 1284 3520 1341 ﬁeri
3557 1299 3666 1355 per
3688 1296 3890 1352 aquam

2284 1389 2742 1462 regenerationis,
2793 1386 3023 1443 Greator
3072 1383 3372 1448 altissime,
3418 1379 3758 1452 prtestitisti.
3792 1377 3894 1444 Qui

2286 1487 2366 1540 tui
2423 1497 2545 1540 esse
2596 1483 2898 1552 cmpimus,
2949 1479 3116 1534 alium
3168 1478 3339 1532 Deum
3395 1476 3736 1532 nesciamus.
3780 1471 3895 1527 Tua

2287 1579 2463 1649 gratia
2489 1575 2754 1646 redempti
2799 1589 2987 1629 sumus
3010 1614 3024 1638 ,
3056 1581 3147 1626 tua
3190 1571 3446 1626 mandata
3467 1611 3482 1635 ,
3523 1579 3576 1624 te
3608 1569 3855 1623 donante
3876 1601 3894 1628 ,

2289 1671 2575 1727 faciamus.
2609 1667 2668 1722 Si
2711 1681 2813 1721 nos
2842 1661 3108 1733 relinquis
3141 1705 3154 1728 ,
3213 1663 3601 1732 tergiversator
3659 1657 3892 1714 invadit.

2291 1763 2598 1820 Indefessus
2622 1770 2786 1831 atque
2815 1757 3102 1829 impudens
3123 1770 3338 1825 semper
3359 1754 3589 1820 assistit,
3611 1754 3776 1808 lucra
3799 1767 3894 1806 sua

2218 1855 2266 1916 Β
2293 1862 2612 1925 computans
2641 1855 2911 1909 humanas
2945 1851 3152 1905 ruinas.
3183 1848 3466 1903 Blanditur
3504 1855 3565 1902 ut
3611 1845 3896 1915 decipiat,

2293 1948 2522 2016 instigat
2548 1955 2604 2000 ut
2660 1945 2916 2016 perimat.
2968 1943 3203 1998 Maxime
3245 1956 3342 2011 per
3394 1955 3598 2010 corpus
3646 1947 3896 1994 nostrum

2292 2042 2508 2096 animas
2551 2039 2772 2108 decipit,
2797 2047 2852 2090 et
2876 2037 2951 2091 ita
2981 2035 3160 2091 labilis
3189 2051 3288 2105 per
3338 2033 3606 2089 desideria
3658 2032 3898 2086 humana

2291 2131 2614 2188 dilfunditnr
2634 2173 2649 2197 ,
2685 2140 2746 2184 ut
2774 2128 2918 2182 nulla
2949 2142 3086 2199 pene
3123 2125 3462 2196 providentia
3489 2165 3506 2190 ,
3551 2123 3706 2179 nullo
3750 2123 3900 2194 prius

2291 2217 2525 2278 consilio
2570 2223 2856 2279 sentiatur.
2893 2219 3136 2290 Longum
3165 2226 3250 2272 est
3276 2232 3375 2286 per
3420 2215 3634 2286 singula
3685 2215 3900 2269 discur-

2294 2329 2439 2370 rere.
2473 2313 2591 2367 Tali
2621 2312 2746 2382 quis
2770 2310 2946 2380 possit
2971 2307 3258 2373 obsistere,
3303 2307 3408 2362 nisi
3435 2315 3513 2370 tu,
3545 2306 3800 2370 Domine,
3827 2303 3898 2359 illi

2297 2405 2611 2460 decreveris
2644 2401 2912 2457 obviare?
2946 2398 3084 2466 Quid
3115 2399 3260 2454 enim
3303 2399 3369 2453 de
3401 2397 3559 2453 nobis
3602 2399 3784 2469 possit
3823 2395 3901 2452 fa-

2296 2513 2446 2564 cere,
2473 2497 2566 2566 qui
2589 2482 2651 2551 te
2678 2496 2730 2549 in
2759 2501 2946 2549 nostro
2966 2506 3198 2562 corpore
3225 2506 3392 2546 ausus
3417 2489 3521 2545 fuit
3545 2503 3646 2560 per
3675 2487 3898 2545 subdola

2297 2591 2740 2646 machinamenta
2772 2583 3025 2639 tentare?
3055 2583 3263 2637 Exaudi
3296 2597 3412 2645 nos,
3439 2597 3474 2635 ο
3509 2589 3696 2636 custos
3722 2579 3898 2636 homi-

2299 2700 2451 2740 num.
2483 2682 2586 2738 Hic
2612 2697 2713 2737 nos
2742 2680 2812 2735 ab
2837 2678 2928 2734 illo
2953 2676 3287 2748 indulgentia
3313 2686 3402 2729 tua
3433 2675 3601 2729 libera
3621 2714 3636 2740 ,
3665 2674 3761 2744 qui
3808 2687 3900 2728 nos

2302 2778 2522 2834 trahere
2560 2776 2755 2832 nititur
2789 2774 2856 2829 ad
2898 2772 3227 2844 gehennam.
3260 2769 3394 2826 Cum
3424 2769 3515 2824 illo
3545 2776 3752 2826 sortem
3797 2782 3898 2822 non

2302 2873 2624 2935 habeamus,
2645 2877 2706 2924 ut
2725 2877 2930 2932 tecum,
2955 2865 3206 2930 Domine,
3236 2866 3435 2920 habere
3461 2863 3760 2934 possimus.
3777 2859 3902 2917 Vin-

2305 2966 2427 3022 dica
2479 2962 2743 3017 fabricam
2801 2967 2948 3014 tuam
2983 2959 3051 3013 ab
3090 2958 3183 3011 illo
3217 2959 3308 3026 qui
3341 2957 3592 3012 destruit.
3626 2953 3900 3010 Dominari

2305 3055 2441 3112 alios
2481 3054 2526 3110 si
2571 3051 2779 3107 faciunt
2802 3049 2923 3124 [Ρη
2951 3051 3034 3106 sic
3049 3047 3225 3122 facit],
3244 3049 3336 3120 qui
3365 3065 3424 3104 se
3450 3050 3565 3119 ipse
3585 3046 3898 3102 damnavit:

2306 3149 2404 3205 sed
2428 3146 2610 3218 potius
2635 3144 2723 3200 ille
2745 3159 2868 3198 cum
2892 3143 3006 3198 suis
3043 3151 3231 3214 pereat
3260 3181 3275 3206 ,
3318 3142 3411 3211 qui
3441 3142 3670 3211 perdere
3712 3146 3900 3194 cuncta

604 3232 722 3279 nos,
750 3217 836 3286 pie
861 3215 1001 3279 ilex,
1026 3222 1216 3269 contra
1246 3220 1471 3282 peccata
1514 3218 1700 3266 nostra
1726 3227 1740 3276 ;
1769 3210 2001 3281 etprius
2036 3209 2124 3264 illa
2168 3225 2198 3264 a
2226 3218 2277 3284 ο
2307 3209 2643 3298 {eai'natnm
2681 3236 2886 3293 eadem
2911 3209 3119 3292 demi

605 3309 764 3364 nobis
789 3322 1005 3363 remove
1026 3347 1041 3370 ,
1063 3314 1354 3375 antequam
1388 3319 1486 3359 nos
1511 3317 1609 3372 per
1638 3317 1700 3357 ea
1733 3299 1879 3370 juste
1921 3300 2098 3372 possis
2139 3299 2196 3354 in

607 3414 698 3459 tua
727 3403 1130 3458 examinatione
1173 3402 1451 3456 damnare.
1499 3397 1641 3465 Quid
1670 3395 1824 3450 nobis
1851 3403 2034 3450 nostra
2067 3392 2200 3449 insi-

607 3495 792 3549 diatur
823 3492 1112 3562 iniquitas?
1136 3490 1276 3559 Quid
1301 3496 1489 3545 contra
1517 3502 1617 3543 nos
1643 3486 1838 3543 delicta
1861 3484 2201 3556 confligunt?

608 3586 929 3642 Greaturam
959 3594 1104 3638 tuam
1132 3591 1380 3638 evertere
1410 3580 1656 3650 cupiunt,
1678 3579 1769 3650 qui
1792 3577 1936 3634 nulla
1958 3577 2205 3632 substan-

611 3679 688 3734 tia
719 3677 971 3732 ﬁrmitate
1004 3676 1427 3731 consistunt.....
1459 3671 1730 3736 diabolus,
1752 3686 1851 3724 cur
1874 3685 1973 3726 nos
1998 3671 2204 3725 insatu-

613 3771 770 3825 rabili
817 3768 1004 3824 dolore
1046 3765 1438 3838 prosequitur?
1499 3762 1756 3832 Nunquid
1797 3762 1872 3816 illi
1919 3761 2205 3817 consilium

613 3865 863 3920 dedimus
887 3907 900 3928 ,
927 3873 985 3916 ut
1014 3863 1108 3916 tibi
1155 3861 1384 3916 Domino
1432 3860 1697 3930 superbus
1725 3859 1989 3913 existeret
2009 3899 2025 3924 ,
2050 3865 2104 3911 et
2143 3857 2210 3912 de

619 3957 948 4010 beatitudine
977 3954 1173 4010 collata
1204 3954 1420 4009 caderet
1449 3993 1462 4017 ,
1507 3966 1631 4005 cum
1673 3957 1835 4004 tanta:
1880 3965 1976 4020 per
2016 3958 2068 4004 te
2099 3948 2212 4003 vir—

621 4051 752 4105 tutis
774 4050 1002 4120 insignia
1027 4045 1386 4117 possideret?
1405 4042 1650 4098 Sullieiat
1668 4043 1813 4112 quod
1836 4056 1934 4095 nos
1963 4040 2019 4095 in
2040 4039 2208 4094 Adam

693 4194 715 4219 ⁸
747 4183 859 4238 Hoc
887 4196 1107 4237 carmen
1133 4187 1314 4236 exstat
1337 4178 1437 4232 sub
1459 4175 1905 4232 nomineAlcuini
1931 4175 1984 4228 in
2009 4172 2216 4228 Libello

618 4255 989 4325 precationum
1027 4251 1206 4325 Garoli
1251 4251 1397 4325 Calvi
1431 4289 1445 4313 ,
1490 4264 1558 4300 ex
1584 4248 1770 4302 codice
1807 4247 1990 4325 aureis
2005 4245 2218 4325 litteris

621 4316 826 4396 scripto
859 4333 915 4380 et
949 4324 1189 4393 pretiose
1220 4321 1494 4392 quondam
1516 4327 1710 4373 ornato
1733 4325 1897 4386 atque
1927 4317 1979 4370 in
2005 4316 2220 4370 Eiecto-

2541 3418 2804 3477 ORA'I'IO
2841 3419 2903 3474 Ι).
2945 3415 3222 3472 ALGUINI
3257 3415 3324 3469 IN
3365 3413 3592 3471 NOCTE
3623 3428 3671 3468 ιι.

2312 3577 2416 3646 Qui
2443 3573 2658 3647 placido
2685 3573 2738 3627 in
2763 3570 2927 3642 puppi
2957 3567 3214 3638 carpebat
3243 3576 3464 3638 pectore
3504 3581 3752 3620 somnum
3782 3605 3795 3628 ,

2385 3668 2700 3736 Exsurgens
2731 3661 2910 3717 ventis
2939 3661 3169 3730 imperat
3200 3667 3256 3712 et
3289 3657 3498 3728 pelago.

2315 3761 2482 3818 Fessa
2515 3760 2702 3814 labore
2732 3755 2887 3828 gravi
2915 3753 3166 3826 quamvis
3195 3752 3282 3806 bic
3311 3751 3553 3805 membra
3579 3748 3860 3818 quiescant

2386 3853 2469 3908 Ad
2493 3867 2550 3906 se
2571 3849 2838 3904 concedat
2859 3861 2955 3901 cor
2982 3843 3210 3914 vigilare
3239 3858 3440 3898 meum.

2318 3947 2469 4017 Agne
2495 3943 2614 4007 Dei,
2644 3941 2827 3996 mundi
2866 3939 2960 4008 qui
2993 3937 3224 3992 erimina
3260 3944 3454 3991 cuncta
3498 3933 3667 3988 tulisti
3698 3974 3714 3999 ,

2387 4037 2663 4094 Conserva
2696 4033 2938 4102 requiem
2970 4030 3119 4085 mitis
3145 4029 3212 4084 ab
3239 4029 3397 4083 hoste
3427 4041 3624 4081 tneatn.

2319 4173 2421 4230 rali
2451 4169 2784 4227 bibliotheca
2804 4166 3116 4222 Monacensi
3145 4173 3382 4226 servato,
3410 4179 3570 4233 quem
3599 4162 3742 4233 typis
3760 4172 3904 4233 man:

2321 4228 2474 4299 davit
2494 4242 2558 4296 F.
2592 4239 2901 4296 Felicianus
2931 4237 3222 4308 episcopus
3257 4228 3574 4291 Scaldensis
3603 4228 3901 4304 Iitgolstadii

2323 4330 2468 4370 anno
2504 4312 2668 4370 1585.
2695 4312 2856 4366 ill-8°.

623 4466 3894 4516 Μ

1339 4673 1498 4745 127
1537 4639 1982 4759 OPUSG
1999 4641 2391 4758 ULUM
2475 4633 3209 4771 QUARTUM.

1191 4878 1675 4965 ALCUINI
1745 4877 1904 4958 DE
1989 4872 2536 4957 BAPTISMI
2605 4869 3361 4954 CZEREMONIIS

1470 5066 1581 5128 AD
1625 5062 1995 5127 ODUINUM
2049 5054 2637 5122 PRESBYTERUM
2678 5053 3092 5114 EPISTULA.

707 5295 928 5349 Albinus
975 5285 1234 5357 magister
1293 5280 1402 5334 tilio
1449 5275 1774 5332 charissima
1819 5269 2033 5327 Oluino
2085 5267 2216 5341 [Με.
2251 5271 2296 5328 D
2324 5276 2379 5323 te
2415 5267 2701 5338 diligenter
2726 5281 2826 5337 per
2857 5267 3062 5322 donum
3099 5266 3196 5321 Dei
3227 5267 3446 5324 erudire
3471 5268 3704 5342 curavi),
3730 5273 3799 5327 ad
3830 5286 3917 5327 co-

640 5380 864 5440 Einsidl.
889 5422 903 5446 ,
935 5377 1218 5439 Oduuino;
1274 5369 1375 5425 Ms.
1411 5368 1540 5437 Reg.
1574 5363 1752 5418 Puris.
1775 5403 1790 5422 .
1823 5359 2056 5433 Adoino]
2087 5375 2234 5429 pres-

636 5475 829 5547 bytero
856 5469 1106 5527 salutem.

709 5566 845 5634 Quia
884 5561 1068 5619 divina
1111 5557 1348 5613 donante
1379 5552 1550 5624 gratia
1595 5551 1661 5606 ad
1705 5550 1757 5605 id
1795 5547 2004 5603 diutino
2031 5554 2085 5600 te
2115 5561 2235 5616 per-

641 5657 769 5715 duxi
797 5655 1004 5717 labore,
1030 5658 1088 5704 ut
1109 5645 1427 5704 sacerdotali
1457 5645 1662 5698 honore
1689 5639 1769 5711 [Μ
1775 5657 1817 5693 .ς.
1851 5635 2106 5701 Einsidf.,
2139 5651 2227 5692 sa—

639 5746 930 5806 cerdotalis
953 5740 1200 5813 honoris]
1221 5740 1414 5810 dignus
1437 5735 1690 5791 habearis
1712 5731 1803 5802 (Et
1830 5728 2085 5802 [utinam]
2114 5737 2222 5784 tam

642 5842 919 5910 eleganter
941 5835 1065 5890 illud
1089 5834 1142 5888 in
1171 5833 1330 5886 domo
1351 5827 1443 5882 Dei
1473 5826 1748 5881 ministres
1773 5819 2028 5884 ollieium,
2060 5834 2222 5891 quam

2334 5360 2703 5431 gnoseendum
2728 5358 3110 5414 rationabilem
3129 5359 3271 5415 sacri
3287 5357 3634 5430 baptismatis
3654 5363 3908 5425 ordinem,

2333 5453 2401 5506 de
2429 5453 2747 5507 ministeriis
2781 5451 2910 5524 [Hs.
2943 5451 3174 5506 Einsidf.
3195 5493 3210 5515 ,
3241 5453 3540 5526 mysteriis]
3572 5456 3740 5510 totius
3767 5453 3908 5511 officii

2332 5544 2432 5600 tibi
2461 5543 2700 5597 breviter
2738 5543 2980 5599 scribere
3021 5543 3185 5608 volui,
3212 5553 3275 5599 ut
3298 5559 3600 5613 cognoscas
3635 5562 3798 5618 quam
3829 5562 3911 5600 nec

2332 5634 2632 5690 cessarium
2659 5633 2732 5687 sit
2759 5633 2892 5688 nihil
2916 5634 3330 5702 praetermittere
3355 5635 3504 5703 quod
3530 5650 3559 5691 a
3593 5637 3799 5690 sanctis
3823 5634 3912 5689 Pa-

2331 5727 2505 5782 tribus
2531 5734 2805 5796 sumptum
2835 5735 2920 5780 est
2950 5724 3130 5797 μίξει,
3171 5736 3469 5796 statutum;
3518 5728 3617 5787 σι..
3658 5730 3908 5786 constitu-

2332 5827 2446 5874 tum
2477 5816 2584 5892 est]
2611 5816 2665 5871 in
2695 5817 2785 5871 illo
2807 5815 3003 5872 ofﬁcio.
