4112 6654
287 547 390 600 613

1089 544 1415 600 ΜΟΒΜΛΑ.
1459 577 1529 586 --
1567 545 1770 600 LIBER
1803 545 1891 601 DE
1932 544 2359 601 VIRTUTIBUS
2400 545 2485 600 ET
2530 545 2750 600 Vl'l‘llS.

3472 542 3574 596 6H

355 675 383 702 α
425 661 604 716 Primo
633 677 872 733 paganus
914 662 1340 716 catecliuinenus
1382 659 1469 725 ﬁt;
1511 658 1777 714 accedens
1805 660 1874 715 ad
1902 663 1950 723 Α
1982 659 2252 712 mersionc
2280 657 2606 725 baptizatur.
2654 654 2719 708 Et
2756 662 2904 708 recte
2943 653 3123 714 homo,
3157 651 3266 721 qui,
3286 651 3349 704 ad
3390 652 3577 722 imagi~

279 752 610 823 baptismum
641 754 875 822 maligno
911 753 1189 806 renuntiat
1217 750 1400 823 μω..
1443 749 1738 822 renuntiet]
1767 751 1877 820 spi-

282 845 410 901 ritui
453 855 510 900 et
546 845 798 898 omnibus
842 844 1122 899 damnosis
1169 844 1288 914 ejus
1326 852 1382 897 et
1421 840 1529 912 [AL
1584 849 1641 894 et
1680 839 1875 912 omitt.]

279 937 516 1010 pompis.
544 936 870 994 Exsuﬂlatur
893 937 1058 991 etiam
1083 945 1162 1003 ut,
1186 936 1368 1007 fugato
1396 935 1632 1002 diabolo,
1661 935 1880 992 Christo

282 1028 514 1084 Domino
543 1026 675 1100 [Αι.·,
703 1027 836 1101 Deo]
867 1036 1088 1098 paretur
1111 1028 1383 1083 introitus.
1416 1029 1789 1094 Exoreizatur,
1824 1027 1879 1082 id

283 1127 389 1187 est,
406 1121 723 1190 conjuratur
748 1119 1018 1190 malignus
1040 1121 1287 1190 spiritus,
1309 1128 1370 1175 ut
1384 1128 1545 1175 exeat
1565 1117 1875 1185 etreeedat,

283 1211 424 1268 dans
484 1212 663 1267 locum
723 1211 836 1266 Deo
885 1227 1036 1268 vero.
1089 1211 1306 1282 Accipit
1363 1213 1879 1268 catechumenorum

285 1301 415 1375 [Ms.
442 1301 609 1368 Fris.,
639 1301 1087 1376 eatechumenus]
1115 1303 1310 1368 salem,
1332 1312 1393 1358 ut
1414 1303 1631 1374 putrida
1654 1312 1710 1358 et
1735 1300 1880 1357 ﬂuxa

285 1394 404 1463 ejus
443 1402 666 1464 peccata
717 1395 1000 1465 sapientia:
1035 1394 1170 1460 sale,
1209 1395 1393 1450 divino
1434 1400 1683 1460 munere,
1726 1409 1884 1449 mun-

287 1489 503 1542 dentur.
534 1486 741 1542 Deinde
778 1485 1008 1558 symboli
1040 1487 1322 1556 apostolici
1371 1487 1602 1542 traditur
1641 1487 1691 1542 ei
1723 1485 1879 1551 ﬁdes,

285 1587 348 1633 ut
379 1596 553 1636 vacua
590 1580 802 1645 domus,
839 1589 896 1635 et
937 1596 970 1636 a
1009 1583 1192 1651 prisco
1234 1579 1544 1636 habitatore
1594 1579 1878 1646 derelicta,

288 1671 394 1726 ﬁde
419 1679 664 1737 ornetur,
713 1679 770 1725 et
802 1681 862 1726 ut
905 1679 1240 1741 praeparetur
1282 1672 1550 1728 habitatio
1588 1673 1702 1726 Deo
1748 1671 1877 1744 [Ms.

291 1761 446 1835 Reg.,
480 1764 620 1836 Dei].
655 1763 807 1819 Tune
847 1764 984 1819 ﬁunt
1018 1764 1310 1831 scrutinia,
1342 1774 1404 1820 ut
1426 1766 1742 1836 exploretur
1767 1782 1883 1822 ser-

287 1872 408 1922 vus,
438 1872 508 1911 an
542 1855 721 1928 [Mss.,
747 1858 1056 1927 exploretur
1075 1859 1273 1928 saepius
1296 1874 1460 1930 quam
1487 1859 1738 1934 ﬁrmiter]
1760 1868 1885 1931 post

291 1951 750 2005 renuntiationem
787 1948 1007 2006 Satanae
1055 1967 1214 2007 saera
1255 1952 1420 2008 verba
1463 1953 1604 2008 datae
1638 1953 1761 2008 ﬁdei
1799 1969 1885 2008 ra-

1978 763 2103 804 nem
2130 759 2335 801 sancta:
2356 745 2643 801 Trinitatis
2669 745 2919 800 conditus
2940 753 3043 810 est,
3061 759 3157 813 per
3177 744 3577 798 invocationem

1979 845 2183 892 sancta:
2209 835 2493 890 Trinitatis
2536 835 2604 890 ad
2642 835 2890 890 eamdem
2921 843 3218 888 renovatur
3261 834 3574 904 imaginem.

1979 928 2046 983 Et
2075 929 2200 998 quia
2239 928 2402 982 tertio
2432 924 2563 998 [Al.,
2593 927 2686 996 qui
2719 924 2896 998 terno]
2935 926 3104 997 gradu
3139 926 3369 995 peccati,
3411 925 3467 981 id
3491 933 3581 980 est

1979 1034 2252 1075 consensu
2279 1061 2293 1085 ,
2335 1018 2533 1074 cecidit
2574 1017 2630 1071 in
2683 1025 2914 1072 mortem
2937 1056 2954 1081 ,
3009 1018 3177 1071 tertio
3219 1015 3463 1071 elevatus
3510 1017 3580 1071 de

1981 1109 2130 1166 fonte
2173 1125 2270 1181 per
2297 1110 2526 1181 gratiam
2567 1115 2818 1180 resurgat
2855 1106 2984 1178 [Ms.
3027 1106 3175 1179 Reg.,
3211 1107 3478 1180 resurget]
3510 1109 3580 1164 ad

1984 1203 2178 1271 vitam.
2199 1201 2352 1256 Tunc
2374 1200 2510 1256 albis
2547 1200 2789 1255 induitur
2808 1199 3170 1264 vestimentis,
3203 1210 3424 1270 propter
3443 1215 3579 1269 gau-

1982 1292 2130 1348 dium
2152 1292 2602 1364 regcnerationis,
2632 1306 2698 1348 ac
2739 1292 3052 1346 castitatem
3093 1292 3231 1352 vitae,
3265 1300 3322 1345 et
3348 1289 3580 1363 angelici

1980 1388 2288 1460 Splendoris
2315 1388 2588 1442 decorem.
2629 1387 2784 1442 Tunc
2801 1401 2961 1442 sacro
2979 1387 3276 1442 chrismate
3295 1395 3459 1455 caput
3478 1400 3579 1440 un-

1982 1483 2126 1555 gitur
2148 1481 2298 1555 [Ms.,
2322 1479 2686 1555 perungitur],
2723 1490 2781 1534 et
2801 1481 3030 1552 mystico
3053 1479 3253 1550 tegitur
3272 1477 3576 1539 velamine;

1980 1581 2044 1629 ut
2088 1575 2352 1646 intelligat
2391 1590 2450 1630 se
2484 1574 2732 1629 diadema
2764 1573 2920 1645 regni
2945 1581 2995 1628 et
3036 1571 3324 1626 sacerdotii
3355 1569 3585 1640 dignita-

1985 1677 2094 1723 tem
2126 1677 2466 1738 portatnrnm
2498 1666 2678 1739 [Mss.,
2727 1665 2991 1738 portare],
3027 1664 3183 1733 juxta
3209 1661 3524 1733 Apostolum
3561 1679 3576 1715 :

1993 1761 2098 1817 Vos
2125 1768 2248 1819 estis
2275 1781 2438 1832 genus
2472 1763 2644 1833 regale
2682 1773 2731 1818 et
2754 1761 3084 1818 sacerdotale
3101 1801 3116 1828 ,
3139 1762 3436 1834 .oﬂ'erentes
3462 1774 3582 1811 ros-

1983 1867 2087 1912 met
2118 1857 2343 1911 Domino
2375 1855 2522 1930 [Ms.,
2552 1857 2662 1911 Deo
2694 1855 2832 1928 vivo]
2858 1857 3083 1911 hostiam
3116 1862 3355 1908 sanctam
3388 1861 3436 1906 et
3469 1850 3580 1904 Dco

1984 1949 2274 2022 placentem
2303 1948 2356 2021 (I
2385 1949 2532 2004 Petri
2559 1966 2618 2016 ιι,
2645 1949 2710 2016 9;
2743 1948 2896 2003 Rom.
2924 1966 3021 2016 xit,
3045 1948 3117 2021 l).
3159 1947 3251 2002 Sic
3273 1958 3502 2017 corpore
3525 1953 3582 1997 et

289 2040 489 2096 dicitus
541 2043 705 2097 corde
754 2041 1025 2097 deﬁxerit.
1084 2044 1404 2116 Tanguntur
1458 2053 1514 2100 et
1564 2060 1764 2110 nares,
1819 2053 1883 2100 ut
1911 2033 1956 2094 B
1988 2043 2251 2115 sanguine
2291 2041 2574 2097 Dominico
2617 2041 2994 2106 conﬁrmatur,
3025 2049 3086 2095 ut
3114 2039 3256 2094 illius
3283 2039 3356 2092 sit
3383 2036 3586 2106 capitis

290 2131 534 2200 quandiu
581 2133 832 2202 spiritum
889 2133 1113 2189 naribus
1151 2136 1353 2200 trahat,
1399 2135 1456 2189 in
1504 2134 1610 2190 ﬁde
1657 2145 1878 2206 accepta

288 2221 564 2292 perduret.
607 2223 801 2277 Pectus
833 2239 1048 2293 quoque
1073 2225 1248 2279 eidem
1290 2223 1418 2296 [Μδ.
1465 2222 1634 2289 Fris,
1661 2224 1876 2296 eodem]

289 2313 609 2384 perungitur
631 2315 764 2379 oleo,
800 2324 860 2368 ut
880 2315 1037 2385 signo
1062 2323 1264 2370 sanctae
1290 2316 1470 2370 crucis
1491 2314 1707 2371 diabolo
1726 2316 1876 2372 clau—

289 2404 452 2459 datur
492 2406 788 2477 ingressus.
833 2405 1130 2477 Signantur
1169 2415 1226 2461 et
1253 2406 1506 2477 scapulae,
1554 2415 1611 2461 ut
1641 2409 1880 2477 undique

291 2494 583 2548 muniatur.
615 2495 749 2549 Item
780 2497 833 2552 in
870 2498 1108 2566 pectoris
1153 2507 1209 2551 et
1255 2498 1490 2567 scapulae
1522 2498 1780 2555 unctione
1812 2500 1885 2554 si—

292 2592 492 2653 gnatur
530 2586 652 2640 ﬁdei
684 2588 930 2650 ﬁrmitas,
957 2597 1015 2644 et
1058 2604 1282 2658 operum
1326 2588 1592 2644 bonorum
1637 2605 1889 2660 perseve-

288 2679 488 2732 rantia.
513 2678 580 2734 Et
606 2681 684 2734 sic
707 2681 760 2733 in
787 2681 1005 2736 nomine
1025 2690 1231 2736 sanctae
1270 2680 1556 2736 Trinitatis
1588 2684 1729 2735 trina
1753 2681 1882 2735 sub-

1987 2135 2292 2189 membrum
2322 2134 2414 2202 qui
2444 2149 2542 2202 pro
2573 2149 2638 2187 eo
2670 2131 2804 2205 [Al.,
2839 2148 2940 2203 pro
2969 2131 3148 2203 nobis]
3191 2145 3387 2201 passus
3415 2135 3502 2182 cst
3529 2137 3586 2180 et

1986 2227 2306 2283 resurrexit.
2350 2227 2654 2283 Novissime
2687 2242 2786 2298 per
2815 2225 3216 2297 impositionem
3257 2238 3513 2278 manuum
3549 2237 3580 2274 a

1987 2335 2200 2375 summo
2225 2318 2518 2375 Sacerdote
2545 2319 2878 2391 septiformis
2919 2319 3106 2391 gratize
3135 2317 3396 2388 Spiritum
3436 2317 3584 2372 acci-

1986 2411 2086 2483 pit,
2118 2419 2179 2466 ut
2198 2411 2484 2466 roboretur
2503 2426 2602 2482 per
2625 2410 2890 2482 Spiritum
2917 2418 3166 2466 sanetum
3192 2410 3258 2463 ad
3280 2409 3583 2480 prazdiean-

1990 2502 2119 2556 dum
2147 2503 2288 2564 aliis,
2315 2504 2405 2573 qui
2434 2502 2535 2557 fuit
2571 2502 2625 2556 in
2655 2501 2926 2573 baptismo
2949 2516 3046 2573 per
3078 2501 3310 2573 gratiam
3334 2500 3459 2554 vita:
3487 2498 3584 2552 do-

1994 2601 2156 2648 natus
2181 2601 2399 2648 mtcrnm
2421 2592 2552 2665 [Al.,
2577 2592 2753 2647 vita...
2778 2590 3023 2664 :eterna].

363 2827 390 2854 ι
433 2813 564 2869 Vide
607 2815 748 2870 inter
777 2815 1054 2886 supposita
1087 2813 1284 2870 librum
1319 2814 1385 2870 de
1417 2815 1616 2870 divinis
1658 2813 1878 2879 Oﬂiciis,
1919 2830 2038 2888 cap.
2075 2815 2168 2881 l9;
2204 2826 2255 2867 ct
2285 2815 2442 2883 epist.
2477 2814 2563 2870 90.

938 3112 1100 3182 128
1158 3098 1183 3126 ³
1245 3096 2097 3212 OPUSCULUM
2184 3097 2888 3232 QUINTUM.

939 3304 1097 3386 DE
1149 3303 1882 3388 VIRTUTIBUS
1937 3305 2092 3390 ET
2152 3305 2501 3390 VITIIS
2585 3307 2933 3391 LIBER

1432 3489 1477 3546 Α
1491 3489 1541 3547 D
1587 3487 1869 3548 WIDON
1881 3488 1988 3548 ΕΜ
2047 3487 2443 3550 COMITEM.

622 3709 950 3766 EPISTOLA
993 3702 1550 3762 NUNCUPATORIA.

367 3807 730 3864 Dilectissimo
777 3803 888 3857 ﬁlio
935 3799 1155 3854 Widoni
1197 3797 1333 3870 [Al.,
1387 3794 1630 3867 lluitoni]
1675 3796 1883 3860 comiti,

296 3903 520 3961 humilis
544 3900 708 3955 levita
733 3896 989 3952 Alcuinus
1018 3892 1270 3948 salutem.

371 3995 575 4050 Memor
612 4004 733 4044 sum
775 3985 1055 4058 petitionis
1094 3991 1199 4037 tum
1226 3990 1282 4037 et
1313 3980 1692 4051 promissionis
1730 3994 1885 4044 mea,

298 4100 406 4157 qua
453 4097 540 4136 mc
583 4081 780 4136 obnixe
820 4073 1096 4148 ﬂagitasti,
1143 4073 1319 4142 aliqua
1372 4079 1475 4125 tua:
1523 4070 1886 4140 occupationi,

296 4192 461 4250 quam
493 4184 545 4231 te
573 4175 628 4228 in
664 4171 871 4227 bellicis
911 4169 1072 4224 rebus
1100 4166 1302 4221 habere
1346 4166 1614 4230 novimus,
1640 4165 1893 4219 exhorta-

299 4276 483 4325 menta
529 4264 661 4338 [Al.,
704 4262 989 4332 aliquod...
1040 4254 1538 4328 exhortamentum]
1584 4255 1735 4310 brevi
1783 4272 1894 4310 ser—

298 4375 464 4416 mone
503 4353 871 4418 conscribere,
908 4360 971 4405 ut
1013 4349 1216 4405 habeas
1242 4347 1375 4419 HL,
1406 4345 1658 4420 haberes]
1693 4345 1894 4416 iugiter

299 4453 446 4510 inter
496 4463 691 4503 manus
738 4444 1020 4500 manuales
1063 4440 1194 4514 [Al.,
1237 4442 1291 4496 in
1345 4439 1620 4513 manibus]
1651 4450 1893 4510 paternae

298 4539 685 4598 admonitionis
717 4536 1015 4592 sententias
1038 4575 1052 4601 ,
1102 4533 1154 4586 in
1201 4532 1398 4602 quibus
1447 4533 1681 4603 teipsum
1720 4531 1896 4586 consi-

300 4637 495 4692 derare
525 4630 806 4688 debuisses
844 4626 978 4700 [At.,
1012 4623 1338 4697 potuisses],
1377 4633 1539 4696 atque
1575 4624 1642 4679 ad
1677 4631 1896 4678 aeternaa

299 4723 653 4782 beatitudinis
677 4720 918 4776 excitare
946 4717 1181 4772 studium
1211 4731 1226 4769 :
1264 4717 1349 4770 cui
1385 4726 1493 4770 tam
1531 4716 1773 4771 honestae
1797 4731 1894 4785 pe-

302 4815 482 4870 titioni
518 4812 750 4867 libenter
786 4824 873 4864 me
899 4822 1141 4862 annuere
1175 4807 1372 4872 lateor,
1408 4815 1605 4877 optans
1637 4822 1770 4861 mea:
1805 4807 1898 4862 deL

306 4907 540 4962 votionis
564 4905 750 4976 apices
778 4903 875 4958 tibi
910 4903 980 4958 ad
1007 4911 1326 4973 perpetuam
1355 4899 1620 4973 proﬁcere
1642 4900 1893 4956 salutem.

302 5005 452 5070 Quos
475 4998 662 5061 etiam,
697 4995 946 5066 quamvis
988 4995 1169 5060 minus
1203 4993 1523 5063 eloquenter
1552 4992 1738 5048 videas
1773 5007 1898 5048 esse

301 5092 635 5164 compositos
674 5088 782 5162 [AL
801 5131 818 5156 ,
865 5089 1150 5144 videantur
1182 5104 1305 5144 esse
1340 5086 1672 5162 compositi],
1714 5097 1896 5144 tamen
1927 5075 1976 5136 D

303 5185 611 5242 certissime
656 5183 798 5237 scito
856 5189 1061 5238 sanctae
1111 5182 1397 5238 charitatis
1445 5182 1629 5252 vigore
1679 5183 1902 5238 eosdem

304 5290 428 5331 esse
462 5275 710 5329 dietatos.
747 5271 985 5342 Singulis
1019 5273 1285 5343 siquidem
1320 5270 1480 5342 hujus
1517 5274 1787 5329 sermonis
1816 5289 1902 5329 se-

305 5368 443 5424 riem
493 5365 717 5421 distinxi
771 5364 1051 5434 capitulis,
1109 5372 1380 5436 quatenus
1436 5363 1648 5420 facilius
1703 5374 1902 5422 vestrae

308 5457 418 5531 [ΑΙ.
451 5456 578 5529 tuae]
610 5456 915 5512 devotionis
951 5456 1227 5512 memoriae
1253 5458 1368 5511 haec
1397 5471 1520 5510 mea
1554 5455 1697 5510 dicta
1731 5457 1901 5511 inhie-

310 5563 431 5603 rere
479 5547 813 5618 potuissent;
872 5548 1051 5602 sciens
1099 5555 1152 5600 te
1203 5547 1260 5602 in
1312 5547 1496 5603 multis
1559 5547 1898 5603 szecularium

311 5654 494 5694 rerum
535 5639 954 5712 cogitationibus
986 5651 1328 5711 occupatum.
1371 5639 1525 5696 Unde
1553 5655 1742 5710 precor
1777 5655 1903 5696 san-

309 5738 459 5785 ctum
500 5730 691 5787 salutis
728 5739 923 5786 vestrae
949 5729 1090 5804 [Al.,
1128 5740 1334 5788 sancta).
1370 5731 1561 5789 salutis
1593 5732 1721 5804 tum]
1758 5733 1901 5789 desi-

313 5821 544 5887 derium,
575 5822 644 5878 ad
693 5823 886 5877 harum
921 5823 1147 5893 sepius,
1199 5823 1354 5893 quasi
1401 5823 1468 5878 ad
1503 5823 1775 5894 quoddam
1821 5839 1904 5878 re-

387 5946 413 5973 ι
435 5935 766 6005 ίνίι1οιιηιιιτ,
798 5950 918 6005 qua:
952 5935 1018 5990 de
1056 5937 1158 5990 hoc
1185 5935 1446 6005 opusculo
1481 5933 1905 6004 przenolavimus

318 6005 372 6060 in
429 6004 631 6062 Monito
687 6004 906 6078 praevio.
962 6007 1038 6061 Ea
1086 6004 1336 6076 qumihic
1390 6007 1606 6060 uncinis
1650 6005 1905 6060 conclusa

1921 3701 1968 3762 C
1999 3717 2218 3754 currere
2271 3701 2544 3770 solatium,
2582 3703 2891 3760 litterarum
2919 3706 3243 3777 lectionem;
3282 3723 3340 3768 ut
3377 3716 3594 3775 animus

1991 3793 2356 3847 exterioribus
2377 3793 2634 3865 fatigatus
2663 3797 2950 3862 molestiis,
2987 3800 3055 3855 ad
3075 3802 3313 3872 seipsnm
3337 3821 3594 3863 reversus

1992 3885 2228 3950 habeat,
2283 3885 2336 3939 in
2369 3901 2476 3954 quo
2507 3889 2768 3957 gaudeat;
2811 3897 2866 3944 et
2903 3906 3012 3962 quo
3049 3895 3284 3949 maxime
3333 3895 3594 3953 festinare

1991 3976 2206 4055 debeat,
2248 3977 2528 4049 intelligat.
2571 3977 2724 4035 Sicut
2769 3997 2919 4037 meas
2944 3982 3076 4055 [Αι.,
3115 3986 3259 4040 sicut
3289 4003 3392 4060 ego
3427 4004 3456 4042 a
3505 4005 3593 4045 mc

1993 4066 2116 4139 bas]
2146 4067 2436 4138 diligenter
2463 4069 2718 4141 ﬂagitasti
2753 4073 2854 4141 piae
2877 4076 3277 4132 exhortationis
3306 4079 3590 4147 litterulas,

1995 4159 2068 4212 ita
2109 4166 2161 4212 te
2187 4159 2466 4214 humiliter
2492 4161 2749 4232 deposco,
2788 4172 2848 4218 ut
2875 4167 3096 4221 easdem
3120 4171 3318 4240 saepius
3353 4172 3594 4244 relegere

1993 4249 2254 4320 digneris.
2286 4249 2368 4305 Ob
2403 4251 2506 4306 hoc
2533 4260 2703 4318 tuam,
2733 4254 3083 4314 dilectissime
3108 4261 3206 4327 ﬁli,
3246 4262 3590 4319 dilectionem

1994 4342 2192 4396 obnixe
2222 4344 2504 4412 deprecor,
2528 4354 2587 4398 ιιι
2616 4347 2846 4416 plurima
2884 4349 2976 4404 tibi
3003 4353 3117 4421 ipse
3143 4351 3276 4424 [ΛΙ.,
3303 4364 3364 4411 ιιι
3386 4361 3588 4428 optima

1997 4436 2092 4490 tibi
2139 4436 2266 4508 ipsi]
2311 4437 2781 4511 eleemosynarum
2822 4443 3128 4515 largitione,
3170 4459 3221 4502 et
3247 4447 3494 4517 iudicum
3526 4468 3592 4505 ac

1989 4526 2314 4597 iudiciorum
2339 4529 2626 4602 aequitate,
2653 4543 2710 4588 et
2735 4536 3120 4594 misericordia:
3144 4541 3451 4609 sedulitate,
3484 4558 3594 4599 eo?-

1997 4621 2152 4675 lestis
2184 4619 2366 4690 gloriae
2394 4623 2786 4681 habitationem
2813 4628 3086 4686 indefessa
3133 4632 3410 4690 voluntate
3454 4652 3594 4707 pra:-

1995 4728 2190 4785 parare
2237 4716 2474 4771 studeas.
2509 4716 2569 4772 ιιι
2599 4735 2710 4789 quo
2741 4735 2904 4791 opere
2935 4731 2990 4777 et
3020 4724 3293 4781 desiderio
3329 4736 3379 4781 te
3410 4728 3592 4784 divina

1997 4807 2284 4864 clementia
2335 4825 2553 4880 semper
2599 4812 2797 4884 ubique
2841 4815 3096 4885 adjuvare
3143 4820 3395 4893 dignetur
3441 4823 3595 4895 [dile-

1997 4901 2241 4957 ctissime
2274 4901 2393 4975 ﬁli].

2384 5033 2544 5106 129
2579 5035 2809 5092 CAPUT
2849 5038 3121 5098 PRlMUM
3160 5044 3208 5098 δ.

2608 5149 2686 5203 De
2710 5153 2988 5220 sapientia.

2076 5273 2316 5327 Primum
2347 5273 2476 5345 [Al.,
2510 5273 2715 5347 Primo]
2740 5278 2981 5332 omnium
3006 5282 3354 5348 quaerendum
3384 5285 3592 5343 homini

2001 5371 2086 5416 est
2119 5379 2237 5433 quae
2263 5363 2334 5417 sit
2377 5379 2504 5417 vera
2547 5365 2773 5419 scientia
2818 5381 3052 5438 veraque
3087 5372 3350 5440 sapientia
3397 5393 3410 5427 :
3465 5381 3593 5445 quia

2001 5455 2264 5524 sapientia
2287 5453 2446 5523 hujus
2473 5455 2655 5508 mundi
2679 5455 2906 5511 stultitia
2929 5467 3004 5512 est
3031 5461 3172 5529 apud
3193 5459 3363 5515 Deum
3388 5461 3438 5534 (1
3465 5463 3589 5518 Cor.

2004 5562 2086 5609 ιιι,
2119 5545 2226 5618 19).
2268 5545 2507 5601 Scientia
2558 5563 2687 5603 vera
2727 5558 2812 5603 est
2849 5565 2880 5604 a
2927 5551 3122 5607 diaboli
3171 5555 3412 5620 servitio,
3446 5557 3592 5627 quod

2003 5645 2133 5691 sunt
2207 5645 2461 5708 peccata,
2532 5640 2822 5707 recedere;
2893 5652 2951 5698 et
3020 5645 3288 5715 sapientia
3352 5648 3595 5717 perfecta

2005 5737 2090 5784 est
2129 5728 2297 5783 Deum
2330 5729 2510 5786 colere
2537 5733 2835 5787 secundum
2873 5736 3251 5791 mandatorum
3280 5737 3422 5793 illius
3447 5739 3594 5793 veri-

2005 5829 2173 5876 tatem
2223 5841 2233 5874 :
2285 5823 2409 5892 quia
2451 5823 2504 5876 in
2548 5823 2632 5877 his
2681 5825 2888 5880 duobus
2927 5825 3057 5898 [ΛΙ.,
3108 5829 3257 5894 add.,
3300 5829 3595 5902 mandatis]

2008 5935 2354 6011 exhibentur,
2395 5952 2462 5989 ex
2516 5936 2683 5991 variis
2742 5939 2896 5993 codd.
2949 5955 3063 6011 mss
3137 5941 3590 6011 deprompsimns.

2085 6007 2112 6046 δ
2151 6005 2262 6059 Hoc
2291 6015 2454 6074 caput
2477 6022 2604 6076 pars
2625 6018 2709 6063 est
2737 6010 3006 6064 sermonis
3031 6011 3135 6066 505
3167 6005 3222 6065 Si
3252 6005 3553 6080 Augustini.
