4112 6626
598 392 706 449 (illi

1419 383 1480 440 Β.
1520 385 1581 441 ε’.
1623 381 1849 439 ALBINI
1888 379 2017 437 SEU
2061 375 2338 433 ALCUINI
2377 375 2664 435 OPERUII
2701 375 2884 432 PARS
2918 374 3040 455 IV.‘

3766 372 3865 430 (illi

596 510 711 564 vita
743 507 903 563 beata
939 502 1258 573 acquiritur,
1293 499 1437 555 sicut
1463 499 1750 555 Psalmista
1800 498 1878 552 ait
1915 515 1930 550 :
1969 495 2176 549 Divertc
2206 497 2253 553 Α
2280 492 2422 548 mino
2449 491 2581 564 [Al.,
2609 491 2765 565 Deo),
2790 501 2847 548 ut
2866 494 2957 565 qui
2981 490 3156 562 diligit
3176 488 3459 546 Dominum
3487 489 3628 565 [Al.,
3655 490 3865 562 Deum),

595 618 631 654 a
656 596 798 653 malo
822 585 886 652 et
932 594 1015 665 {ac
1059 594 1249 648 bonum
1287 590 1461 665 (Psal.
1495 607 1689 654 nam,
1726 590 1837 662 l5).
1874 588 1993 643 Non
2033 590 2181 643 enim

596 688 795 745 sufﬁcit
822 686 1075 757 cuiquam
1110 684 1255 740 mala
1276 698 1385 738 non
1419 682 1618 748 facere,
1642 682 1751 737 nisi
1773 681 1939 737 etiam
1957 688 2015 737 et
2036 680 2180 736 bona

598 785 803 842 faciat:
838 796 942 839 nec
997 781 1141 837 bona
1189 780 1395 845 facere,
1441 778 1547 837 nisi
1591 778 1755 834 etiam
1789 786 1848 833 et
1890 778 2030 832 mala
2070 792 2182 833 non

595 875 904 932 committat
926 870 1035 947 [Αι.
1062 879 1119 928 et
1143 871 1283 927 mala
1320 868 1574 941 amittat].
1599 867 1791 924 Omnis
1816 884 1946 931 ergo
1984 868 2077 925 aui
2101 869 2182 921 sic

596 967 817 1038 sapiens
844 971 957 1027 est.
995 961 1181 1034 procul
1213 962 1376 1017 dubio
1404 960 1598 1017 beatus
1632 961 1739 1014 erit
1775 960 1831 1015 in
1879 972 2180 1026 aeternum;

597 1062 755 1118 beata
786 1058 1052 1129 siquidem
1085 1054 1245 1130 [vita]
1270 1062 1357 1111 est
1381 1051 1620 1127 cognitio
1642 1052 1971 1119 divinitatis;
2001 1053 2184 1132 cogni-

599 1154 675 1208 tio
707 1149 884 1225 [vero]
917 1148 1219 1205 divinitatis
1258 1147 1431 1202 virtus
1463 1144 1592 1201 boni
1626 1144 1807 1215 operis
1842 1150 1931 1199 est
1962 1163 1975 1197 :
2009 1144 2184 1200 virtus

598 1246 723 1301 boni
753 1244 935 1315 operis
962 1240 1171 1298 fructus
1199 1247 1285 1298 est
1313 1247 1532 1295 aeternae
1558 1236 1929 1293 beatitudinis.

1221 1348 1450 1407 CAPUT
1486 1347 1551 1403 II.

1266 1462 1344 1516 De
1372 1459 1496 1531 ﬁde.

669 1583 779 1641 Sed
810 1583 927 1639 haec
970 1579 1207 1653 cognitio
1245 1576 1547 1635 divinitatis
1587 1583 1645 1633 et
1681 1576 1907 1632 scientia
1936 1574 2182 1631 veritatis

598 1694 697 1749 per
737 1676 899 1731 fidem
937 1669 1259 1729 catholicam
1301 1668 1560 1724 discenda
1609 1676 1723 1732 est;
1761 1666 1886 1738 quia
1923 1667 2037 1721 sine
2077 1664 2185 1735 [ide

599 1765 915 1839 impossibile
942 1773 1019 1819 est
1043 1764 1247 1833 placere
1280 1760 1389 1815 Deo
1415 1758 1602 1830 (Hebr.
1626 1776 1705 1825 xi,
1730 1757 1807 1830 6).
1831 1756 1972 1813 Vere
1991 1758 2182 1813 beatus

597 1868 702 1924 est,
730 1856 822 1929 qui
847 1864 904 1912 et
928 1861 1073 1910 recte
1093 1851 1364 1908 credendo
1384 1850 1524 1907 bene
1543 1848 1693 1914 vivit,
1716 1855 1774 1905 et
1788 1847 1926 1903 bene
1951 1846 2184 1903 vivendo
2214 1841 2262 1901 Β

599 1949 761 2007 ﬁdem
796 1956 1003 2004 rectam
1042 1942 1299 2001 custodit.
1341 1942 1509 2015 [gitur
1536 1942 1679 1998 sicut
1720 1940 1893 1998 otiosa
1915 1948 2003 1996 est
2046 1937 2183 1994 ﬁdes

597 2044 718 2101 sine
747 2041 1000 2113 operibus
1028 2036 1251 2113 [bonis],
1282 2038 1355 2093 ita
1379 2035 1512 2094 nihil
1535 2034 1828 2106 proﬁciunt
1853 2047 2020 2104 opera
2041 2030 2183 2087 bona

597 2138 717 2193 sine
756 2134 861 2192 ﬁde
896 2141 1063 2190 recta.
1103 2130 1259 2188 Unde
1299 2138 1359 2187 et
1402 2129 1595 2185 beatus
1630 2124 1865 2182 Jacobus
1910 2121 2185 2195 apostolus

594 2228 774 2284 dixit:
808 2224 953 2293 Quid
974 2222 1228 2297 proderit,
1256 2221 1449 2293 fratres
1471 2220 1594 2283 mei,
1631 2218 1678 2274 si
1702 2216 1860 2287 [idem
1893 2216 2012 2287 quis
2039 2213 2183 2269 dicat

595 2337 653 2376 se
688 2319 899 2383 habere,
936 2333 1096 2388 opera
1130 2326 1307 2371 autem
1342 2330 1450 2369 non
1483 2312 1647 2383 [acim
1678 2308 1869 2384 [Codd.
1906 2323 2039 2365 mss.
2088 2308 2185 2363 Ita-

596 2411 772 2484 beat]?
801 2408 1058 2482 Nun;uid
1086 2408 1274 2480 poterit
1295 2405 1427 2478 ﬁdes
1456 2405 1664 2461 saloare
1687 2419 1807 2457 eum
1825 2402 1851 2455 7
1874 2398 2037 2455 Fides
2071 2400 2185 2454 sine

597 2504 839 2574 operibus
868 2509 1078 2555 mortua
1102 2509 1177 2553 est
1214 2496 1407 2572 [Codd.
1439 2512 1597 2562 mss.,
1644 2494 1815 2550 otiosa
1855 2491 1978 2565 est].
2035 2489 2184 2546 Sicut

596 2594 737 2649 enim
770 2609 959 2664 corpus
982 2591 1095 2645 sine
1124 2590 1313 2661 spiritu
1338 2597 1604 2643 mortuum
1625 2595 1722 2651 est,
1750 2586 1825 2639 ita
1848 2594 1898 2638 et
1917 2582 2049 2654 ﬁdes
2074 2582 2185 2637 sine

599 2689 841 2760 operibus
874 2696 1082 2742 mortua
1104 2695 1181 2741 est
1213 2684 1354 2757 (Jac.
1386 2701 1448 2751 tt,
1476 2684 1542 2739 14
1564 2682 1730 2755 seqq.)
1762 2700 1774 2736 :
1800 2681 1868 2736 de
1900 2678 2056 2749 cujus
2087 2695 2185 2735 ex-

598 2782 847 2840 cellentia
876 2790 963 2836 est
998 2779 1219 2835 alterius
1248 2778 1505 2848 temporis
1550 2777 1854 2848 disputare;
1894 2775 2021 2846 quia
2057 2773 2183 2829 bre-

600 2872 854 2938 viarium,
881 2871 1025 2941 quod
1058 2872 1125 2926 de
1158 2869 1429 2925 mandatis
1466 2867 1559 2923 Dei
1588 2867 1685 2922 tibi
1719 2865 1905 2938 petisti
1938 2864 2187 2921 districto

598 2980 849 3021 sermone
876 2965 991 3022 ﬁeri
1021 2978 1073 3033 ι,
1097 2963 1546 3036 profundissimas
1574 2961 1639 3019 de
1671 2960 1775 3015 ﬁde
1805 2958 2072 3016 catholica
2097 2973 2187 3014 ra-

605 3058 783 3114 tiones
827 3055 1024 3129 [Edit.,
1072 3056 1369 3121 orationes,
1413 3050 1701 3125 mendose]
1747 3051 2020 3122 explicare
2076 3065 2183 3105 non

611 3148 833 3219 poterit.

1214 3236 1443 3296 CAPUT
1480 3236 1565 3295 III.

1199 3347 1276 3405 De
1320 3348 1594 3403 charitate.

668 3465 729 3521 In
764 3465 1046 3536 praeceptis
1082 3478 1211 3520 vero
1242 3462 1337 3518 Dei
1384 3462 1622 3519 charitas
1666 3459 1876 3515 obtinet
1916 3457 2188 3531 principa-

601 3568 739 3624 tum,
765 3558 885 3613 sine
914 3555 1068 3626 cujus
1103 3553 1434 3626 perfectione
1470 3552 1603 3607 nihil
1636 3551 1744 3607 Deo
1778 3549 1994 3620 placere
2024 3563 2185 3622 posse

600 3648 801 3705 Paulus
823 3656 1056 3706 testatur
1083 3644 1362 3717 apostolus
1386 3642 1436 3716 (I
1459 3641 1580 3699 Cor.
1608 3641 1758 3713 xm),
1783 3641 1874 3712 qui
1910 3655 2013 3703 nec
2043 3654 2187 3694 mar-

604 3748 803 3820 tyrium
837 3759 938 3799 nec
967 3740 1147 3797 steatli
1176 3744 1566 3807 contemptum,
1593 3750 1695 3790 nec
1719 3734 2185 3804 eleemosynarum

600 3839 964 3913 largitionem,
997 3835 1116 3891 sine
1160 3832 1443 3888 charitatis
1477 3828 1655 3885 ollicio
1692 3828 1981 3899 quidquam
2027 3827 2189 3897 proli-

598 3947 728 3989 cere
755 3944 917 4003 posse
944 3926 1077 4001 [Al.,
1109 3924 1390 3997 prodesse]
1425 3923 1681 3978 ostendit.
1709 3920 1839 3975 lude
1859 3929 1916 3976 et
1941 3920 2055 3992 ipse
2078 3918 2185 3974 Do-

601 4027 784 4084 minus
836 4040 867 4078 a
918 4020 1154 4092 quodam
1208 4019 1386 4073 scriba
1435 4018 1802 4086 interrogatus
1847 4014 1991 4084 quod
2042 4021 2191 4068 esset

604 4114 917 4173 mandatum
949 4111 1268 4172 maximum,
1300 4106 1584 4177 respondit
1621 4123 1633 4159 :
1671 4104 1869 4175 Diliges
1904 4103 2187 4159 Dominum

604 4206 772 4262 Deum
808 4216 956 4259 tuum
987 4219 1051 4257 ea:
1074 4210 1181 4255 toto
1216 4199 1373 4254 corde
1403 4208 1513 4262 tuo,
1543 4206 1591 4251 et
1626 4213 1689 4251 ea:
1719 4205 1827 4249 tota
1857 4196 2039 4250 anima
2073 4203 2184 4259 tua,

603 4311 654 4355 et
702 4315 767 4354 ea:
810 4307 921 4353 tota
965 4303 1134 4349 mente
1164 4302 1276 4346 tua.
1325 4290 1544 4345 Addidit
1576 4302 1794 4359 quoque
1831 4307 1843 4341 ε
1888 4286 2188 4343 Secundum

606 4399 780 4444 autem
815 4386 985 4442 simile
1018 4395 1095 4440 est
1116 4383 1279 4437 huic:
1310 4382 1508 4453 Diliges
1537 4382 1836 4450 proximum
1868 4390 2018 4434 tuum
2052 4380 2190 4433 sicut

605 4484 858 4553 teipsum;
883 4482 938 4533 in
966 4478 1047 4531 bis
1086 4477 1289 4530 duobus
1329 4472 1593 4530 mandatis
1627 4482 1738 4527 tota
1778 4471 1889 4527 Lex
1919 4471 2106 4544 pendet
2138 4479 2187 4525 et

2279 582 2464 653 diligat
2492 592 2540 637 et
2577 585 2875 655 proximum
2904 582 2957 655 (1
2980 581 3144 637 Joan.
3175 599 3248 647 iv,
3279 582 3393 655 21).
3421 582 3479 640 Si
3509 582 3659 640 forte
3688 583 3870 655 quisli-

2279 675 2373 731 bet
2396 683 2604 745 quzerat
2623 676 2747 746 quis
2766 676 2839 730 sit
2862 676 3161 746 proximus,
3196 674 3334 730 sciat
3360 690 3579 731 omnem
3614 674 3872 732 Christia-

2282 782 2411 821 num
2447 775 2593 822 recte
2634 766 2939 837 proximum
2964 765 3090 830 dici,
3119 767 3245 838 quia
3282 780 3473 822 omnes
3506 767 3564 822 in
3598 765 3872 837 baptismo

2282 858 2375 913 lilii
2407 858 2500 913 Dei
2526 858 2951 923 sanetilicamur,
2978 865 3040 913 ut
3075 855 3273 913 fratres
3306 858 3476 914 simus
3512 856 3869 930 spiritualiter

2283 950 2337 1005 in
2372 948 2641 1005 cbaritate
2674 947 2931 1019 perfecta.
2971 947 3213 1003 Nobilior
3260 954 3348 1003 est
3387 948 3675 1019 generatio
3719 947 3877 1020 spiri-

2282 1041 2444 1097 tualis
2474 1057 2639 1112 quam
2667 1041 2931 1106 carnalis,
2962 1040 3029 1098 de
3052 1056 3161 1112 qua
3199 1040 3255 1096 in
3291 1040 3585 1113 Evangelia
3618 1042 3739 1113 ipsa
3771 1038 3872 1095 Ve-

2280 1134 2419 1189 ritas
2443 1134 2566 1187 ait:
2614 1132 2735 1188 Nisi
2780 1133 2897 1205 quis
2938 1142 3152 1189 renatus
3186 1132 3322 1207 [AI.,
3374 1131 3555 1206 natus]
3602 1133 3768 1203 fuerit
3806 1146 3871 1187 cz

2282 1242 2423 1296 aqua
2460 1234 2510 1279 et
2545 1222 2745 1296 Spirilu
2778 1223 3047 1299 [sancto],
3076 1243 3179 1281 non
3205 1234 3374 1297 potest
3420 1226 3646 1280 introire
3685 1226 3744 1279 in
3784 1241 3866 1279 re-

2279 1336 2442 1390 gnum
2474 1318 2572 1374 Dei
2600 1317 2784 1392 (Ioan.
2812 1336 2895 1384 tu,
2924 1320 3003 1389 5).
3034 1320 3218 1376 Discat
3244 1321 3409 1378 homo
3436 1336 3557 1391 qua!
3582 1330 3716 1377 sunt
3732 1336 3873 1393 prte-

2284 1420 2435 1482 cepta
2457 1410 2575 1476 Dei,
2604 1420 2660 1466 et
2689 1428 2753 1467 ea
2776 1413 3046 1468 custodiat
3070 1419 3336 1483 quantum
3358 1411 3542 1468 valeat
3571 1429 3585 1465 :
3621 1420 3682 1466 et
3704 1412 3786 1467 sic
3812 1427 3870 1467 se

2283 1514 2574 1576 cognoscat
2615 1504 2936 1560 cliaritatem
2980 1504 3077 1561 Dei
3128 1504 3351 1561 habere.
3399 1503 3644 1573 Quorum
3691 1504 3870 1577 aliqua

2248 1660 2250 1663 _
2283 1605 2391 1651 tuae
2412 1595 2728 1662 ostendere,
2753 1595 3105 1652 dilectissime
3130 1594 3227 1662 fili,
3249 1596 3521 1653 devotioni
3546 1597 3869 1652 nominatim

2284 1687 2510 1751 curabo,
2537 1694 2598 1742 ut
2629 1687 2816 1759 paucis
2840 1687 3127 1744 intellectis
3147 1687 3281 1761 [Αι.,
3307 1689 3630 1763 perspectis]
3660 1688 3871 1746 facilius

2284 1779 2511 1837 aliorum
2546 1779 2771 1837 virtutes
2797 1780 3095 1853 intelligere
3123 1782 3306 1839 valeas
3331 1782 3379 1836 ιι.

2812 1914 2971 1985 130
3004 1914 3233 1974 CAPUT
3269 1915 3357 1971 IV.

2957 2026 3036 2081 De
3069 2044 3181 2096 spe.

2355 2136 2481 2193 Tria
2510 2136 2726 2207 quidem
2757 2138 2864 2213 [ΑΙ.
2885 2180 2901 2205 ,
2938 2142 3207 2214 quaedam]
3242 2143 3522 2213 proposuit
3548 2143 3747 2198 anim
3774 2158 3870 2199 no.

2285 2238 2413 2284 stne
2460 2231 2769 2284 necessaria
2807 2232 3056 2302 egregius
3102 2233 3343 2302 gentium
3384 2233 3597 2299 doctor,
3626 2232 3816 2289 dicens
3852 2250 3865 2287 :

2286 2317 2439 2391 Spes,
2467 2319 2620 2391 ﬁdes,
2661 2323 2914 2389 charitas,
2952 2325 3057 2378 tria
3082 2325 3193 2381 lucc
3221 2339 3241 2378 :
3276 2326 3452 2397 major
3486 2336 3663 2383 autem
3686 2327 3770 2381 bis
3795 2334 3869 2380 est

2285 2414 2518 2470 cbaritas
2556 2410 2610 2485 (1
2638 2409 2762 2467 Cor.
2798 2428 2917 2479 sin,
2950 2414 3059 2487 l3).
3088 2415 3258 2472 Nemo
3289 2417 3472 2489 igitur,
3506 2416 3762 2487 quamvis
3790 2415 3869 2472 in-

2285 2504 2434 2575 genti
2460 2513 2807 2574 peccatorum
2831 2504 3071 2575 pendere
3096 2516 3393 2577 prematur,
3418 2506 3487 2565 de
3511 2507 3761 2565 bonitate
3785 2507 3866 2562 di-

2284 2595 2426 2650 vina:
2471 2596 2690 2665 pietatis
2719 2596 3007 2666 desperare
3043 2598 3204 2654 debet
3234 2616 3249 2653 :
3282 2598 3375 2655 sed
3403 2613 3499 2670 spe
3521 2607 3689 2654 certa
3717 2597 3864 2672 μισ..

2285 2688 2457 2759 certa]
2486 2688 2869 2744 misericordia:
2892 2688 3036 2745 illius
3062 2690 3446 2763 indulgentiam
3471 2691 3577 2747 sibi
3601 2693 3869 2763 quotidia-

2288 2782 2373 2837 nis
2394 2782 2673 2852 deprecari
2696 2782 2977 2854 lacrymis;
3008 2800 3171 2854 quam
3192 2794 3343 2842 recte
3373 2800 3596 2856 sperare
3620 2794 3863 2858 possunt.

2288 2873 2334 2929 si
2358 2871 2428 2927 ab
2454 2874 2666 2929 actione
2686 2874 2836 2943 pravi
2863 2877 3043 2945 operis
3064 2876 3371 2933 cessabunt.
3388 2877 3514 2935 Ideo
3531 2892 3631 2935 nec
3648 2886 3868 2951 propter

2287 2980 2438 3035 spem
2466 2965 2637 3021 venite
2670 2975 3085 3037 perseveranter
3108 2982 3337 3038 peccare
3372 2968 3656 3036 debemus,
3697 2986 3867 3040 neque

2288 3058 2411 3127 quia
2441 3058 2582 3113 Deus
2602 3058 2748 3127 juste
2773 3066 2994 3128 peccata
3022 3060 3197 3131 punit,
3220 3061 3434 3116 veniam
3462 3061 3755 3132 desperare
3777 3062 3864 3117 de-

2289 3149 2482 3206 bemus
2510 3168 2523 3203 :
2553 3151 2648 3206 sed
2668 3156 2899 3220 utroque
2933 3152 3173 3222 periculo
3200 3154 3423 3220 evitato,
3450 3161 3507 3210 et
3534 3169 3567 3210 a
3596 3154 3743 3211 malo
3773 3156 3861 3212 (κς

2289 3241 2575 3306 clinemus,
2603 3250 2659 3296 et
2684 3241 2753 3297 de
2777 3242 2977 3311 pietate
3010 3244 3107 3298 Dei
3135 3245 3347 3301 veniam
3371 3261 3672 3317 speremus.
3705 3246 3866 3303 Simi-

2288 3333 2411 3390 liter
2435 3344 2491 3390 et
2518 3335 2571 3390 in
2596 3336 2745 3390 omni
2766 3335 3176 3391 tribulationum
3203 3337 3469 3409 angustia,
3508 3352 3603 3409 spe
3625 3339 3696 3395 ad
3729 3340 3865 3396 sola-

2287 3427 2425 3481 tium
2482 3439 2732 3496 supernat
2776 3426 2995 3497 pietatis
3038 3428 3367 3484 currendum
3395 3438 3501 3495 est,
3532 3430 3660 3501 quia
3694 3432 3751 3486 in
3778 3429 3864 3486 illo

2287 3518 2404 3575 solo
2430 3520 2608 3575 omnis
2634 3533 2760 3588 spes
2785 3530 2841 3575 et
2861 3519 3008 3576 salus
3032 3521 3151 3575 sine
3172 3519 3334 3575 dubio
3357 3521 3629 3588 consistit,
3658 3522 3865 3580 dicente

2288 3609 2559 3680 Propheta
2592 3628 2607 3665 :
2655 3608 2722 3665 In
2771 3609 2880 3666 Deo
2908 3612 3142 3666 salutare
3181 3629 3354 3667 meum
3394 3624 3445 3668 et
3489 3613 3660 3685 gloria
3707 3632 3863 3670 mea:

2289 3700 2433 3757 Deus
2483 3691 2673 3757 auxilii
2718 3704 2841 3769 mei,
2892 3714 2939 3758 et
2989 3721 3106 3776 spes
3146 3721 3262 3759 mea
3300 3705 3353 3759 in
3395 3704 3500 3761 Deo
3538 3716 3616 3762 est
3670 3706 3693 3775 (
3720 3703 3861 3763 Psal.

2289 3810 2399 3861 ut,
2430 3794 2506 3866 8).

2916 3887 3148 3946 CAPUT
3187 3890 3251 3946 γ.

2765 3993 2791 4020 ε
2827 3980 2907 4037 De
2930 3981 3168 4037 lectionis
3200 3983 3395 4038 studio.

2360 4095 2686 4152 Sanctarum
2716 4096 2882 4152 lectio
2908 4096 3315 4167 Scripturarum
3349 4098 3545 4155 divinae
3568 4107 3656 4155 est
3685 4100 3864 4172 cogni-

2290 4189 2369 4243 tio
2405 4188 2773 4244 beatitudinis.
2817 4187 2875 4243 In
2911 4188 2996 4243 his
3019 4190 3167 4243 enim
3193 4190 3350 4259 quasi
3387 4190 3445 4245 in
3482 4191 3714 4261 quodam
3751 4205 3864 4262 spe-

2289 4282 2412 4338 culo
2436 4284 2599 4340 homo
2619 4285 2854 4353 seipsum
2881 4284 3231 4340 considerare
3256 4291 3453 4355 potest,
3476 4284 3651 4355 qualis
3673 4286 3764 4351 sit,
3788 4283 3865 4339 vel

2288 4390 2398 4447 quo
2427 4375 2630 4431 tendat.
2679 4373 2863 4431 Lectio
2898 4375 3115 4431 assidua
3146 4374 3394 4447 puriﬁcat
3420 4376 3681 4441 animam,
3714 4376 3865 4432 timo—

2291 4483 2407 4522 rem
2428 4467 2621 4521 incutit
2644 4466 2924 4537 gehennae,
2956 4466 3023 4520 ad
3055 4467 3251 4538 gaudia
3271 4480 3503 4536 superna
3528 4480 3625 4521 cor
3651 4465 3866 4537 instigat

605 4574 868 4648 propheta:
902 4571 1115 4643 (Matth.
1145 4584 1281 4631 xxii,
1308 4568 1377 4622 36
1410 4566 1561 4637 seq.).
1595 4566 1748 4634 Quod
1774 4581 1900 4620 vero
1929 4566 2007 4619 ait
2044 4581 2056 4618 :
2102 4563 2186 4623 Ea:
2211 4573 2269 4636 ι)
2291 4556 2539 4648 legentis.
2571 4554 2673 4648 Qui
2690 4556 2820 4648 vult
2845 4570 2970 4611 cum
2996 4554 3527 4648 Deosemperesse,
3558 4555 3865 4627 frequenter

604 4677 711 4721 toto
739 4663 913 4729 corde,
951 4678 1016 4717 ex
1036 4670 1142 4716 tota
1165 4662 1363 4722 anima,
1392 4674 1457 4712 ea:
1491 4668 1599 4712 tota
1636 4667 1825 4721 mente,
1860 4656 2036 4719 idest,
2071 4664 2187 4710 toto

607 4756 880 4812 intellectu
909 4797 922 4820 ,
971 4763 1077 4810 tota
1133 4752 1444 4814 voluntate,
1502 4759 1559 4805 et
1609 4765 1675 4804 ex
1731 4749 1877 4804 omni
1927 4750 2187 4804 memoria

606 4850 775 4905 Deum
810 4864 931 4905 esse
966 4846 1312 4917 diligendum.
1364 4843 1459 4897 Dei
1495 4857 1623 4896 vero
1656 4841 1873 4896 dilectio
1910 4841 1965 4895 in
2005 4840 2191 4894 obser-

607 4940 823 4994 vatione
872 4938 1249 4992 mandatorum
1281 4932 1397 5002 ejus
1436 4940 1543 4986 tota
1575 4931 1844 4994 consistit,
1875 4930 2018 4984 sicut
2064 4929 2189 4984 alibi

608 5032 684 5083 ait
710 5049 723 5083 :
755 5029 815 5084 Si
846 5030 962 5099 quis
988 5027 1155 5096 diligit
1196 5040 1294 5080 me.
1331 5037 1595 5075 sermones
1632 5036 1771 5073 meos
1806 5029 1975 5072 seruat
2006 5016 2188 5089 (Joan.

609 5139 720 5187 xw,
753 5122 867 5192 95).
903 5120 1053 5176 Unde
1095 5120 1209 5187 ipsa
1232 5114 1445 5169 Veritas
1469 5113 1592 5167 alibi
1624 5114 1700 5167 ait
1736 5131 1748 5165 :
1777 5111 1843 5165 In
1869 5112 1964 5165 hoc
1994 5126 2188 5180 cogno-

609 5223 751 5267 scent
779 5228 951 5265 omnes
979 5250 993 5272 ,
1033 5210 1155 5278 quia
1187 5208 1284 5259 mei
1322 5202 1567 5273 diaetpuli
1598 5204 1750 5267 estis,
1787 5203 1832 5255 si
1862 5199 2193 5254 dilectionem

612 5305 899 5360 habueritis
934 5302 1000 5355 ad
1029 5302 1244 5353 invicem
1279 5296 1467 5364 (Ibid,
1508 5284 1628 5359 xm,
1660 5293 1772 5365 55).
1806 5294 1941 5346 Item
1961 5291 2192 5362 Aposto-

612 5398 697 5451 lus
725 5418 735 5449 :
763 5393 1044 5449 Plenitudo
1069 5392 1194 5460 legis
1231 5399 1305 5442 est
1331 5388 1538 5442 dilectio
1572 5387 1747 5457 (llam.
1779 5403 1896 5449 xiii,
1927 5384 2036 5457 10).
2060 5383 2190 5440 Item

612 5489 850 5544 Joannes
879 5482 1204 5553 evangelista
1236 5500 1247 5533 :
1288 5478 1401 5533 [loc
1431 5477 1738 5532 mandatam
1764 5476 2009 5530 habemus
2032 5494 2063 5530 a
2087 5473 2195 5530 Do-

690 5659 714 5685 α
758 5642 853 5697 Ms.
877 5641 933 5696 S.
964 5640 1146 5695 Jacobi
1172 5637 1455 5693 Scotorum
1487 5655 1499 5687 :
1531 5633 1668 5701 Quia
1692 5634 2025 5697 breviarium,
2053 5636 2195 5701 quod

619 5720 683 5771 de
718 5713 980 5767 mandatis
1033 5710 1124 5765 Dei
1177 5710 1401 5763 scribere
1450 5706 1793 5767 decrevimus,
1842 5705 2193 5773 profundissi-

617 5794 948 5907 militiis.
984 5867 1080 5908 ms.
1115 5849 1171 5905 S.
1198 5846 1379 5904 Jacobi
1408 5848 1593 5904 ultima
1626 5845 1890 5903 sententia
1919 5842 1998 5899 sic
2019 5843 2197 5912 expri-

2292 4647 2451 4703 debet
2476 4662 2631 4702 orare
2658 4645 3015 4719 [frequenter]
3035 4656 3092 4702 et
3106 4647 3303 4720 legere.
3326 4645 3461 4703 Nam
3486 4661 3611 4717 cum
3630 4661 3858 4711 oramus,

2291 4742 2391 4813 ipsi
2435 4757 2558 4798 cum
2596 4742 2709 4797 Deo
2746 4740 3016 4817 loquimur
3058 4758 3071 4793 :
3123 4755 3247 4796 cum
3281 4755 3412 4796 vero
3441 4740 3699 4811 legimus,
3730 4740 3864 4796 Deus

2289 4833 2572 4889 nobiscum
2624 4831 2880 4901 loquitur.
2924 4829 3215 4886 Geminum
3245 4830 3459 4887 confert
3483 4832 3683 4887 donum
3710 4831 3866 4889 lectio

2291 4931 2603 4978 sanctarum
2634 4921 3053 4993 Scripturarum,
3076 4923 3191 4979 sive
3212 4923 3338 4993 quia
3366 4923 3694 4979 intellectum
3720 4940 3865 4980 mea-

2293 5017 2365 5070 tis
2392 5016 2589 5080 erudit,
2615 5030 2711 5071 seu
2741 5015 2884 5085 quod
2911 5029 2943 5069 a
2973 5016 3160 5071 mundi
3187 5015 3521 5074 vanitatibus
3541 5018 3865 5077 abstractum

2292 5109 2569 5165 hominem
2604 5108 2671 5163 ad
2708 5123 2947 5163 amorem
2977 5106 3076 5162 Dei
3100 5108 3368 5178 perducit.
3414 5109 3592 5166 Labor
3612 5110 3864 5167 honestus

2292 5210 2373 5256 est
2403 5201 2649 5255 lectionis
2675 5198 2982 5271 [studium],
3005 5206 3061 5254 et
3083 5200 3311 5255 multum
3336 5201 3403 5255 ad
3431 5203 3862 5259 emundationem

2293 5295 2487 5348 anima:
2511 5293 2744 5363 prolicit.
2775 5290 2927 5347 Sicut
2952 5292 3096 5346 enim
3117 5307 3184 5347 ex
3212 5292 3520 5348 carnalibus
3547 5295 3687 5351 escis
3710 5294 3867 5350 alitur

2294 5403 2444 5451 caro,
2476 5388 2547 5441 ita
2576 5402 2641 5441 ex
2684 5387 2880 5443 divinis
2917 5386 3146 5456 eloquiis
3184 5388 3410 5443 interior
3437 5389 3601 5444 homo
3635 5390 3868 5445 nutritur

2295 5492 2350 5536 et
2374 5481 2633 5551 pascitur,
2660 5479 2800 5535 sicut
2825 5479 3110 5533 Psalmista
3137 5481 3215 5534 ait
3244 5498 3257 5533 :
3293 5480 3467 5547 Quam
3490 5479 3667 5535 dulcia
3695 5479 3867 5550 fauci-

2296 5635 2462 5692 mitur
2499 5651 2514 5689 :
2559 5634 2796 5700 Quorum
2844 5634 3022 5706 aliqua
3060 5635 3275 5706 dignum
3318 5646 3393 5689 est
3420 5636 3636 5706 bretiter
3661 5636 3870 5691 demon-

2294 5717 2484 5775 strare,
2521 5715 2577 5759 ut
2613 5706 2825 5774 facilius
2862 5705 3072 5759 virtutes
3096 5705 3217 5761 alite
3244 5707 3442 5775 possint
3472 5705 3707 5775 intelligi.

2370 5789 2392 5816 η
2433 5773 2546 5831 lloc
2571 5773 2691 5846 cap.
2722 5776 2755 5830 5
2782 5790 2909 5847 pars
2929 5784 3014 5833 est
3033 5773 3302 5835 sermonis
3320 5776 3426 5832 302
3448 5775 3507 5833 S.
3533 5773 3669 5851 Aug.
