4112 6586
211 272 316 326 617

997 275 1329 333 MORALIA.
1368 309 1439 317 ——
1474 278 1681 334 LIBER
1724 280 1809 337 DE
1850 282 2274 342 VIRTCTIBUS
2314 287 2401 342 ΕΤ
2442 288 2659 345 VITHS.

3392 303 3496 357 ὅτε

208 390 353 442 cibus
367 387 495 443 meis
512 389 720 462 eloquia
745 398 857 456 tua,
876 391 1303 467 Dominelsuper
1328 396 1428 450 mel
1442 406 1491 451 et
1512 396 1692 467 {arum
1723 400 1803 451 ori
1834 409 1876 463 Α
1906 398 2030 451 dam
2062 397 2158 454 Dei
2187 400 2613 460 misericordiam
2643 408 3026 467 misericordim
3057 417 3310 485 Operibus
3350 435 3378 471 a
3401 420 3504 485 Τίτε-

207 496 321 534 mea
341 477 516 553 (Psal.
550 497 736 546 cmu,
766 483 908 555 l03).
936 483 1045 540 Sed
1074 486 1161 540 ille
1188 487 1540 543 beatissimus
1570 495 1675 554 est,
1703 488 1795 559 qui

204 568 417 627 divinas
454 570 763 644 Scripturas
806 574 1011 647 legens,
1073 578 1238 634 verba
1290 580 1455 635 vertit
1500 580 1557 635 in
1609 596 1793 651 opera.

202 656 392 719 Omnis
418 663 578 734 plane
601 663 884 736 Scriptura
910 677 1096 723 sancta
1124 670 1192 725 ad
1219 678 1462 726 nostram
1488 671 1692 741 scripta
1713 679 1800 726 est

199 756 454 825 salutem,
512 768 574 815 ut
620 760 973 831 proﬁciamus
1015 762 1069 817 iu
1108 763 1190 818 eis
1241 764 1297 819 in
1342 764 1591 819 veritatis
1617 765 1800 836 cogni-

201 849 368 905 tione.
409 849 621 923 Stepius
648 868 827 911 ctecus
845 852 1073 910 offendit
1094 870 1253 925 quam
1275 856 1466 911 videns
1491 874 1503 909 :
1537 857 1616 911 sic
1646 856 1798 928 igno-

199 958 327 999 rans
354 942 529 1017 legem
559 944 655 999 Dei
693 946 891 1017 sapius
928 946 1249 1017 ignoranter
1275 956 1487 1018 peccat,
1518 964 1681 1018 quam
1708 948 1798 1004 ille

193 1032 290 1105 qui
338 1036 459 1091 scit.
509 1034 661 1092 Sicut
696 1052 874 1093 aecus
916 1038 1036 1093 sine
1079 1038 1325 1105 ductore,
1355 1039 1435 1094 sic
1480 1040 1643 1095 homo
1677 1040 1796 1096 sine

193 1125 416 1183 doctore
444 1127 588 1183 viam
616 1136 822 1184 rectam
851 1128 940 1183 vix
976 1129 1239 1201 graditur.

805 1260 1036 1318 CAPUT
1091 1260 1179 1322 Vl.

865 1354 945 1410 De
964 1372 1112 1427 pace.

262 1468 520 1526 Salvator
549 1470 614 1526 ad
642 1470 862 1529 Patrem
886 1472 1125 1539 rediens,
1148 1473 1303 1545 quasi
1333 1472 1568 1544 speciale
1596 1489 1795 1535 munus

185 1559 467 1635 discipulis
489 1561 637 1634 pacis
658 1562 807 1619 dedit
834 1572 1126 1636 praecepta,
1149 1565 1338 1622 dicens
1362 1584 1375 1619 :
1409 1564 1605 1621 Pacem
1621 1584 1793 1625 meum

184 1655 257 1708 do
286 1653 451 1719 vobis,
494 1670 676 1724 pacem
722 1654 958 1727 relinquo
1005 1655 1146 1711 vobis
1197 1656 1383 1729 (Joan.
1438 1675 1549 1723 xiv,
1576 1659 1691 1730 27).
1733 1660 1792 1714 In

180 1762 321 1820 pace
347 1763 446 1803 vos
474 1747 708 1814 dimitto,
734 1748 787 1804 in
815 1764 948 1819 pace
982 1765 1081 1807 vos
1106 1749 1404 1806 inveniam.
1428 1751 1791 1809 Proliciscens
1820 1777 1868 1840 Β

181 1839 356 1895 voluit
384 1839 538 1905 dare,
568 1855 690 1910 quae
716 1840 1061 1896 desiderabat
1086 1842 1305 1898 rediens
1344 1843 1398 1898 in
1429 1845 1683 1900 omnibus
1707 1844 1790 1900 in-

180 1929 392 1985 venire.
466 1930 635 2001 Cujus
698 1931 851 2001 pacis
912 1939 1237 1987 ornamenta
1296 1934 1625 1989 mirabiliter
1680 1935 1789 1992 alio

183 2021 431 2077 ostendit
474 2020 624 2086 loco,
669 2022 903 2082 dicens:
943 2022 1094 2077 Beati
1129 2023 1374 2094 paciﬁci,
1409 2026 1660 2097 quoniam
1686 2027 1789 2097 ﬁlii

185 2112 290 2169 Dei
328 2112 910 2189 vocabuntur‘Ulatth,
943 2131 997 2179 v,
1043 2115 1123 2186 9).
1158 2116 1238 2172 En
1264 2116 1433 2174 Filius
1460 2117 1555 2177 Dei
1603 2118 1792 2189 incipit

177 2206 390 2272 vocari,
415 2206 508 2279 qui
531 2185 795 2279 pacilicus
824 2222 946 2263 esse
971 2185 1087 2279 jam
1114 2208 1301 2277 coepit.
1327 2207 1445 2264 Non
1472 2208 1587 2263 vult
1616 2185 1789 2265 Filius

178 2300 280 2360 Dei
323 2298 454 2365 dici,
496 2300 590 2372 qui
620 2315 810 2370 pacem
857 2298 1094 2355 noluerit
1141 2299 1414 2369 amplecti.
1468 2298 1641 2370 Negat
1685 2300 1786 2356 sibi

179 2392 405 2452 Patrem
447 2391 637 2455 Deum,
684 2392 776 2461 qui
825 2390 1085 2462 paciﬁcus
1132 2407 1256 2447 esse
1307 2394 1624 2448 contemnit.
1679 2392 1786 2448 Sed

177 2485 297 2544 hare
324 2500 431 2556 pax
464 2500 590 2540 cum
619 2484 778 2539 bonis
804 2494 858 2539 et
884 2483 981 2539 Dei
1010 2492 1284 2555 praecepta
1314 2485 1667 2541 servantibus
1692 2499 1789 2540 cu-

176 2575 464 2630 stodienda
513 2582 617 2640 est,
666 2590 774 2630 non
819 2588 945 2631 cum
988 2575 1191 2645 iniquis
1243 2585 1302 2629 et
1343 2574 1646 2640 sceleratis,
1692 2575 1787 2646 qui

176 2684 373 2740 pacem
412 2671 558 2727 inter
580 2685 642 2729 se
670 2670 876 2727 habent
897 2670 951 2728 in
980 2671 1220 2741 peccatis
1256 2670 1390 2726 suis.
1439 2668 1553 2726 Pax
1576 2670 1784 2729 Christi

175 2762 248 2816 nd
274 2760 503 2817 salutem
533 2759 750 2832 prolicit
773 2763 1182 2834 sempiternam.
1207 2761 1318 2823 Pax
1340 2778 1462 2833 qua:
1489 2763 1545 2821 in
1569 2760 1786 2818 diabolo

174 2861 287 2920 est,
316 2853 385 2910 ad
414 2861 732 2925 perpetuam
757 2854 1008 2923 pervenit
1031 2853 1166 2927 [Al.,
1196 2853 1368 2927 ducit]
1401 2856 1780 2926 perditionem.

175 2947 292 3009 Pax
316 2962 441 3003 cum
461 2945 640 3013 bonis,
665 2954 721 3001 et
742 2946 942 3002 bellum
963 2962 1087 3007 cum
1111 2947 1282 3013 vitiis,
1300 2961 1517 3019 semper
1535 2946 1783 3004 habenda

178 3044 286 3099 est.
341 3035 483 3091 Mala
527 3037 798 3108 siquidem
859 3038 1144 3097 hominum
1184 3039 1476 3110 impiorum
1524 3040 1652 3097 odio
1685 3041 1785 3096 ba-

175 3127 355 3187 benda
389 3136 541 3195 sunt,
588 3144 698 3183 non
728 3128 981 3185 homines
1020 3129 1147 3202 ipsi,
1178 3132 1431 3202 quamvis
1465 3133 1594 3189 mali
1623 3146 1747 3190 sunt

174 3219 309 3292 quia
331 3227 588 3276 creatura
614 3219 710 3277 Dei
737 3228 882 3276 sunt.
912 3220 1024 3279 Pax
1053 3238 1202 3288 vero,
1231 3239 1351 3294 quae
1374 3224 1429 3280 in
1458 3224 1616 3281 nobis
1637 3223 1775 3299 [Al.,

172 3312 231 3372 in
266 3310 448 3385 bonis]
497 3320 602 3378 est,
657 3314 1008 3371 concordiam
1056 3313 1313 3382 fratrum.
1356 3324 1412 3371 et
1449 3317 1775 3373 cbaritatem

172 3405 395 3477 copulat
431 3406 826 3477 proximorum.
883 3405 994 3462 Pax
1036 3408 1288 3478 spiritum
1333 3408 1430 3464 Dei
1464 3409 1779 3480 specialiter

172 3508 537 3571 promeretur.
570 3499 684 3557 Pax
712 3500 1018 3557 dilectionis
1045 3508 1222 3557 mater
1245 3510 1350 3557 est.
1377 3501 1488 3558 Pax
1518 3503 1778 3563 indicium

170 3598 264 3648 est
310 3590 652 3654 sanctitatis,
687 3590 756 3646 de
800 3606 907 3663 qua
961 3591 1102 3653 Deus
1152 3608 1251 3663 per
1294 3595 1617 3664 prophetam
1654 3596 1774 3654 ait:

173 3681 376 3743 Pacem
407 3691 458 3738 et
493 3685 761 3739 veritatem
783 3684 987 3755 diligite
1017 3684 1205 3758 (Zaclt.
1238 3702 1356 3749 vm,
1392 3687 1501 3757 l9).
1530 3687 1639 3743 Pax
1668 3688 1778 3758 ple-

172 3774 263 3830 bis
296 3781 385 3830 est
416 3773 647 3839 sanitas,
675 3773 846 3846 gloria
885 3776 1208 3840 sacerdotis,
1243 3786 1295 3830 et
1333 3778 1524 3846 patria:
1564 3777 1771 3844 laetitia,

170 3873 231 3929 et
257 3873 437 3924 terror
463 3864 705 3927 hostium
750 3867 865 3922 sive
892 3866 1207 3933 visibilium,
1244 3869 1359 3923 sive
1400 3868 1770 3925 invisibilium.

177 3959 336 4033 131
375 3958 641 4016 Omnibus
691 3960 901 4015 viribus
933 3975 1036 4030 pax
1086 3970 1171 4014 est
1223 3960 1598 4025 custodienda,
1646 3962 1773 4032 quia

171 4068 392 4125 semper
419 4051 474 4109 in
524 4052 636 4108 Deo
666 4060 871 4107 manet.
904 4051 1006 4119 Qui
1055 4052 1108 4107 in
1164 4066 1298 4123 pace
1333 4061 1522 4107 saneta
1566 4063 1773 4118 manet,

172 4161 299 4201 cum
329 4146 534 4201 sanctis
559 4144 656 4201 Dei
684 4151 885 4199 manet.
914 4143 1222 4199 Sacerdotis
1258 4154 1344 4199 est
1368 4143 1422 4197 in
1455 4160 1589 4215 pace
1610 4160 1777 4215 popuo

174 4236 288 4293 lum
313 4236 411 4293 Dei
444 4236 738 4292 admonere
767 4236 896 4306 quid
920 4236 1117 4291 debeat
1143 4252 1308 4308 agere
1337 4255 1350 4290 :
1400 4237 1579 4308 pepuli
1608 4246 1691 4292 est
1720 4237 1772 4290 in

173 4330 483 4387 humilitate
536 4329 724 4384 audire
776 4342 897 4399 quae
942 4334 1125 4383 monet
1175 4328 1448 4384 sacerdos.
1500 4328 1772 4398 Quidquid

172 4440 283 4480 non
313 4422 463 4489 licet,
494 4422 730 4493 pastoris
755 4428 839 4475 est
878 4419 1171 4493 prohibere
1198 4435 1269 4475 ne
1302 4421 1395 4477 liat
1429 4434 1444 4480 ς
1486 4419 1660 4490 plebis
1691 4430 1775 4475 est

174 4515 389 4580 audire,
414 4528 484 4569 ne
519 4512 704 4571 iaciat.

758 4640 784 4669 ι
816 4626 1046 4683 CAPUT
1087 4626 1195 4680 ΠΙ.

729 4718 805 4773 De
842 4719 1227 4772 misericordia.

250 4833 590 4906 Praecipuum
621 4840 707 4886 est
733 4830 1118 4885 misericordia:
1160 4829 1385 4891 bonum,
1418 4829 1483 4882 de
1522 4845 1627 4900 qua
1662 4830 1774 4899 ipse

174 4925 434 4983 Salvator
460 4923 540 4979 ait
568 4942 581 4978 :
610 4921 764 4978 Beati
790 4921 1175 4986 misericordes,
1215 4922 1467 4991 quoniam
1491 4921 1591 4992 ipsi
1620 4922 1775 4975 mise-

175 5017 467 5078 ricordiam
492 5024 878 5095 consequentur
903 5013 1117 5086 (Matth.
1143 5014 1284 5087 γῆ).
1311 5012 1426 5068 Non
1449 5023 1633 5085 potest
1651 5029 1779 5084 pcc~

176 5121 334 5167 cator
383 5126 415 5165 a
459 5109 572 5165 Deo
607 5106 1034 5163 misericordiam
1079 5120 1321 5177 sperare,
1353 5106 1445 5175 qui
1475 5105 1780 5159 misericor-

178 5209 324 5265 diam
346 5220 456 5263 non
485 5204 619 5260 facit
636 5202 988 5275 peccantibus
1018 5202 1071 5256 in
1096 5218 1172 5257 se.
1196 5202 1339 5272 Ergo
1358 5201 1597 5257 dimittat
1614 5201 1778 5255 homo

178 5296 480 5370 temporale
531 5295 773 5352 debitum
793 5337 808 5359 ,
853 5304 915 5349 ut
952 5304 1227 5350 mercatur
1252 5297 1493 5366 recipere
1522 5293 1779 5348 aeternale

176 5390 403 5451 bonum.
436 5386 494 5444 Si
523 5388 737 5444 animas
767 5387 985 5444 nostias
1009 5389 1256 5458 cupimus
1282 5397 1632 5457 peccatorum
1663 5402 1780 5441 sor-

178 5484 339 5547 dibus
376 5485 677 5549 emundari,
711 5483 1142 5539 misericordiam
1186 5484 1241 5537 in
1282 5496 1382 5535 nos
1430 5479 1779 5551 peccantibus

180 5589 295 5641 non
319 5590 601 5650 negemus,
633 5583 693 5630 ut
718 5574 774 5630 in
805 5575 893 5631 die
923 5574 1298 5632 retributionis
1347 5573 1415 5627 ad
1464 5584 1778 5652 promeren-

306 5687 421 5747 lloc
440 5705 558 5761 cap.
589 5689 619 5744 ’ἲ
651 5705 779 5760 pars
805 5700 885 5745 est
915 5692 1181 5746 sermonis
1215 5688 1312 5741 3M
1345 5686 1402 5743 S.
1436 5686 1573 5756 Aug.

632 5850 905 5911 PA'l‘llOL.
953 5851 1048 5914 Cl.

1902 504 2115 545 vemur.
2167 491 2450 558 Quomodo
2499 512 2529 550 a
2581 497 2694 553 Deo
2737 502 3171 561 misericordiam
3220 521 3501 578 exspectat

1905 579 2062 653 [.lls.,
2092 582 2325 656 sperat],
2358 586 2449 656 qui
2495 589 2731 645 crudelis
2771 602 2857 647 est
2906 594 2957 649 in
3002 610 3294 653 conservos
3336 602 3499 656 suos?

1903 674 2060 731 Sicut
2084 678 2210 747 quis
2241 681 2389 749 cupit
2419 680 2590 736 Deum
2622 684 2726 739 sibi
2767 687 3037 754 misereri,
3060 690 3134 744 ita
3166 701 3222 747 et
3241 694 3491 750 miserru-

1901 776 1992 824 tur
2018 770 2354 826 debitoribus
2385 773 2519 828 suis.
2544 774 2858 834 Certissime
2880 780 3269 853 indulgentiam
3299 802 3495 858 exspe-

1900 860 2221 935 ctare[Ms.,
2240 866 2485 939 sperare]
2510 870 2731 939 poterit,
2755 872 2848 942 qui
2870 872 2992 929 aliis
3024 875 3301 948 indulgere
3325 883 3493 936 novit.

1898 953 1983 1008 Ad
2033 954 2422 1014 misericordia:
2446 975 2582 1033 opus
2612 961 2819 1035 optimo
2866 980 2966 1020 nos
2995 964 3047 1029 in
3080 966 3371 1039 Evangelio
3392 970 3499 1027 Do-

1900 1042 2082 1100 minus
2110 1046 2359 1119 exemplo
2388 1049 2687 1117 roboravit,
2712 1053 2799 1108 ubi
2833 1055 2910 1111 ait
2941 1075 2953 1111 :
2986 1058 3170 1114 Estote
3200 1062 3498 1117 misericor-

1899 1135 2012 1201 des,
2034 1138 2171 1192 sicut
2195 1149 2246 1194 et
2273 1139 2440 1195 Pater
2464 1152 2627 1198 vester
2656 1146 2877 1203 cmlestis
2921 1152 3218 1210 misericors
3251 1165 3348 1209 est.
3391 1155 3497 1221 Qui

1899 1225 2063 1282 solem
2085 1245 2242 1284 suum
2271 1232 2404 1284 oriri
2432 1231 2561 1301 facit
2590 1251 2747 1305 super
2788 1237 2950 1293 bonos
2991 1252 3039 1294 et
3066 1241 3251 1307 malos,
3288 1252 3335 1297 et
3363 1244 3497 1315 pluit

1898 1340 2055 1395 super
2073 1324 2251 1395 justas
2274 1334 2323 1380 et
2348 1327 2576 1398 injustas
2606 1330 2757 1401 (Luc.
2787 1348 2862 1399 vr,
2906 1334 3017 1405 36).
3063 1335 3252 1394 Omnis
3283 1338 3497 1394 miseri-

1899 1414 2084 1473 cordia
2114 1414 2279 1472 faciet
2324 1415 2503 1474 locum
2551 1421 2843 1495 unicuique
2894 1426 3191 1483 secundum
3241 1429 3495 1489 meritum

1896 1520 2124 1583 operum
2154 1524 2397 1564 suorum.
2424 1511 2526 1579 Qui
2568 1512 2700 1569 facit
2720 1517 3171 1586 miscricordiam,
3200 1520 3312 1581 Deo
3337 1521 3496 1577 oll‘crt

1898 1598 2232 1655 sacrificium
2281 1602 2474 1659 salutis
2522 1603 2675 1676 (Man,
2717 1608 2874 1680 satis]
2919 1610 3199 1681 placabile.
3230 1612 3287 1668 in
3310 1612 3495 1681 judice

1899 1688 2274 1747 misericordia
2304 1700 2361 1749 et
2390 1693 2674 1767 disciplina
2704 1697 2864 1756 debet
2890 1714 3012 1755 esse
3036 1719 3049 1756 :
3082 1701 3208 1779 quia
3237 1719 3344 1759 una
3375 1706 3494 1761 sine

1894 1780 2071 1836 altera
2098 1782 2236 1838 bene
2256 1798 2379 1839 esse
2405 1802 2513 1841 non
2554 1788 2730 1863 possit
2758 1788 2908 1864 [Μδη
2939 1793 3185 1870 poterit].
3217 1794 3353 1855 Nam
3384 1802 3490 1858 mi-
3533 1841 3546 1853 .

1890 1872 2189 1929 sericordia
2225 1877 2338 1931 sola
2362 1878 2407 1932 si
2457 1880 2642 1945 fuerit,
2671 1884 3022 1945 securitatem
3052 1886 3183 1946 facit
3229 1896 3491 1963 peccandi

1890 1962 2169 2032 subjectis.
2199 1964 2424 2035 lterum,
2454 1970 2500 2023 si
2532 1969 2821 2046 disciplina
2870 1974 2984 2030 sola
3035 1962 3252 2051 semper
3294 1984 3490 2051 aderit,

1890 2056 2123 2113 vertitur
2164 2058 2381 2117 animus
2429 2061 2796 2135 delinquentis
2841 2067 2895 2122 in
2940 2068 3404 2143 desperationem,
3434 2088 3493 2142 et

1882 2145 2049 2216 iudex
2091 2166 2200 2207 non
2250 2154 2549 2210 merebitur
2593 2171 2623 2211 a
2674 2157 2786 2213 Deo
2826 2160 3258 2222 misericordiam
3317 2187 3330 2218 ε
3391 2173 3486 2229 sed

1889 2240 2032 2297 hanc
2084 2245 2520 2302 misericordiam
2562 2266 2591 2303 a
2634 2250 2817 2321 seipse
2847 2253 3006 2311 debet
3032 2258 3198 2315 homo
3223 2260 3485 2335 incipere,

1888 2330 2170 2398 Quomodo
2198 2337 2251 2392 in
2281 2338 2400 2392 aliis
2431 2348 2516 2395 est
2543 2341 2882 2411 misericors,
2911 2348 3003 2418 qui
3048 2347 3105 2404 in
3135 2353 3318 2424 seipse
3337 2330 3489 2410 veru—

1887 2426 2025 2483 delis
2064 2429 2182 2483 est?
2227 2430 2285 2485 In
2318 2432 2501 2503 seipso
2524 2435 2758 2491 crudelis
2785 2448 2891 2503 est,
2921 2440 3013 2510 qui
3054 2442 3157 2499 sibi
3196 2456 3487 2516 perpetuas

1886 2521 2129 2589 peccatis
2182 2523 2297 2578 suis
2343 2535 2503 2594 parat
2541 2526 2809 2584 ﬂammas.
2843 2532 2987 2594 Bene
3030 2536 3345 2594 misericors
3380 2552 3485 2604 est.

1885 2611 1979 2683 qui
2012 2628 2043 2667 a
2070 2614 2253 2685 seipse
2278 2616 2493 2688 incipit,
2516 2628 2572 2675 et
2600 2636 2661 2675 se
2689 2621 2978 2693 diligenter
3001 2628 3259 2696 custodit,
3293 2648 3363 2689 ne
3389 2649 3489 2705 pu-

1887 2704 2072 2760 niatur
2122 2722 2246 2761 cum
2295 2710 2533 2776 diabolo,
2559 2721 2619 2768 et
2654 2715 2733 2770 sic
2783 2716 2907 2773 aliis
2934 2730 3175 2789 praestet,
3200 2726 3343 2794 quod
3380 2727 3485 2787 sibi

1883 2794 2089 2859 bonum
2112 2815 2233 2856 esse
2259 2804 2542 2875 perspicit.

2456 2938 2485 2979 δ
2513 2937 2744 2997 CAPUT
2771 2938 2885 2998 Vill

2463 3051 2538 3108 De
2563 3054 2911 3125 indulgentia.

1757 3176 1773 3202 ο
1802 3138 1852 3204 c
1954 3160 2223 3221 Deminus
2253 3164 2307 3219 in
2332 3164 2625 3237 Evangelio
2650 3168 2727 3222 ait
2762 3186 2774 3221 :
2804 3167 3087 3238 Dimittite,
3115 3184 3163 3228 ct
3189 3175 3486 3232 dimittetur

1882 3254 2048 3310 nobis.
2071 3254 2205 3310 Item
2241 3275 2254 3309 ε
2289 3254 2351 3311 Si
2378 3256 2685 3314 dimiseritis
2712 3258 3013 3317 hominibus
3036 3274 3252 3334 peccata
3280 3284 3480 3332 eorum,

1882 3346 2107 3402 dimittet
2134 3359 2183 3403 et
2210 3350 2351 3404 vobis
2385 3349 2548 3406 Pater
2568 3362 2735 3410 vester
2785 3353 3006 3410 celestis
3050 3367 3264 3427 peccata
3292 3372 3480 3418 ucstra.

1883 3434 1942 3490 Si
1973 3455 2077 3492 non
2093 3439 2405 3497 dimiseritis
2427 3443 2749 3509 hominibus,
2770 3463 2861 3507 nec
2891 3442 3056 3501 Pater
3076 3459 3242 3504 vester
3265 3452 3487 3506 cwlestis

1881 3530 2109 3592 dimittet
2137 3533 2278 3587 vobis
2303 3544 2517 3605 peccata
2541 3545 2711 3591 castra
2739 3535 2956 3607 (Matth.
2985 3554 3063 3604 vi,
3100 3540 3189 3606 ll,
3214 3541 3322 3613 l5).
3358 3542 3483 3597 llmc

1879 3635 2011 3678 vero
2051 3620 2269 3679 Domini
2309 3628 2584 3686 sententia
2626 3643 2878 3699 magnam
2914 3645 3079 3700 super
3120 3648 3221 3688 nos
3270 3636 3485 3691 miseri-

1878 3715 2122 3770 cordiam
2148 3714 2302 3787 [Hs.,
2336 3717 2706 3791 clementiam]
2738 3729 2897 3775 sonat
2924 3720 3035 3786 his,
3065 3723 3156 3793 qui
3186 3738 3307 3779 eam
3334 3738 3483 3782 reete

1879 3804 2183 3881 intelligere
2224 3814 2471 3877 possunt.
2499 3808 2666 3880 igitur
2693 3824 2759 3865 ex
2808 3818 2997 3866 nostro
3037 3811 3240 3886 judicio
3272 3800 3485 3882 judicat

1884 3912 1984 3951 nos
2010 3896 2177 3961 Deus,
2202 3906 2258 3952 et
2282 3898 2687 3968 quodammodo
2740 3901 2791 3955 in
2837 3910 3108 3972 potestate
3153 3912 3339 3960 nostra
3371 3918 3477 3969 est,

1878 3990 2150 4057 quomodo
2182 3988 2491 4056 judieeumr
2520 4007 2549 4043 a
2575 3990 2755 4059 judice
2784 3990 2915 4047 Deo.
2968 3992 3025 4047 Si
3054 3994 3483 4051 misericorditer

1874 4078 2186 4149 iudicamus
2212 4080 2277 4135 de
2323 4081 2377 4135 in
2419 4096 2520 4135 nos
2563 4082 3023 4155 delinquentibus,
3054 4085 3482 4144 misericorditer

1872 4170 2138 4239 iudicabit
2183 4172 2325 4229 Deus
2357 4175 2423 4229 de
2458 4175 2614 4230 nobis
2646 4176 2698 4231 in
2728 4191 2787 4231 se
2831 4179 3201 4247 peccantibus.
3227 4180 3481 4238 intenda-

1878 4280 2001 4320 mus
2057 4266 2366 4335 exemplum
2421 4266 2590 4331 illius,
2626 4269 2771 4323 sicut
2823 4267 3023 4324 Doctor
3067 4272 3310 4340 gentium
3358 4275 3475 4328 ait:

1877 4354 2085 4410 Donate
2109 4357 2163 4409 in
2187 4357 2584 4428 nobismetipsis,
2614 4359 2657 4412 si
2682 4361 2799 4428 quis
2847 4359 3095 4415 adversus
3127 4360 3352 4433 aliquem
3389 4367 3437 4417 lt-
3461 4396 3481 4406 -

1880 4447 1960 4501 bet
1984 4448 2274 4518 querelam.
2302 4447 2452 4502 Sicut
2506 4448 2647 4504 Deus
2673 4451 2835 4505 donat
2876 4449 3024 4523 [Ms.,
3068 4451 3304 4528 donavit]
3339 4456 3479 4509 t'ol't's

1803 4534 1850 4591 ί)
1877 4540 1935 4594 in
1964 4538 2199 4599 Christo.
2223 4543 2298 4593 ita
2323 4551 2371 4593 et
2405 4557 2491 4595 eos
2522 4540 2680 4609 facite
2708 4539 3163 4617 (Coloss.m,l$).
3197 4544 3406 4613 Quomo
3428 4549 3478 4601 ἠ

1882 4630 2026 4686 Deus
2062 4634 2114 4687 in
2171 4630 2393 4688 Christo
2420 4634 2574 4689 nobis
2611 4644 2797 4691 nostra
2833 4645 3050 4709 peccata
3086 4638 3312 4696 donavit
3353 4661 3365 4694 :
3400 4643 3481 4695 sic

1881 4725 2043 4778 etiam
2076 4740 2173 4778 nos
2206 4724 2294 4778 his
2318 4725 2410 4795 qui
2434 4725 2489 4779 in
2514 4741 2614 4781 nos
2639 4740 2891 4798 peccant,
2918 4729 3274 4785 dimittamus.
3303 4732 3433 4788 Item
3465 4753 3477 4784 :

1886 4814 2040 4869 Nulli
2067 4816 2267 4869 malum
2295 4834 2390 4886 pro
2421 4817 2561 4870 malo
2590 4818 2881 4872 reddentes.
2912 4821 2976 4875 Et
3011 4821 3117 4875 alio
3152 4822 3271 4878 loco
3304 4842 3315 4876 :
3351 4824 3478 4878 No'i

1882 4906 2014 4961 vinci
2043 4924 2074 4960 a
2106 4906 2264 4969 malo,
2298 4907 2387 4961 sed
2419 4909 2561 4962 vince
2583 4908 2637 4961 in
2663 4909 2794 4963 bono
2825 4911 3021 4966 malum
3054 4913 3229 4984 (Rom.
3257 4932 3357 4979 χιι.
3394 4917 3475 4976 Π.

1881 4999 1993 5069 2i).
2016 4999 2310 5054 Sciendum
2335 5000 2740 5055 cstcertissime
2756 5005 2899 5071 quod
2922 5007 3293 5078 unusquisque
3316 5010 3477 5062 talem

1882 5092 2279 5163 indulgentiam
2309 5101 2631 5162 accepturus
2657 5101 2740 5147 est
2781 5110 2809 5148 a
2858 5095 2990 5160 Deo,
3026 5098 3238 5165 qualem
3270 5109 3325 5154 et
3364 5102 3479 5168 ipse

1880 5184 2090 5240 dederit
2113 5185 2361 5255 proximo
2394 5199 2511 5238 suo.
2545 5183 2636 5238 illa
2663 5186 2840 5240 oratio
2864 5202 2964 5255 pro
2989 5190 3227 5257 peccatis
3277 5192 3478 5245 nostris

1884 5278 1950 5332 ad
1987 5292 2148 5332 aures
2184 5276 2575 5346 omnipotentis
2625 5275 2716 5331 Dei
2754 5278 2865 5332 cito
2906 5281 3209 5347 perveniet,
3238 5280 3280 5334 si
3308 5280 3479 5337 deliu-

1883 5372 2166 5441 quentium
2201 5368 2279 5440 (in
2306 5367 2425 5439 nos]
2455 5383 2647 5437 preces
2677 5369 2731 5423 in
2757 5371 2955 5425 nostris
2977 5372 3200 5425 auribus
3230 5383 3479 5441 accepta-

1887 5464 2020 5517 biles
2047 5474 2194 5520 sunt.
2231 5462 2332 5530 Qui
2371 5462 2668 5517 clementer
2690 5464 3044 5531 peccantibus
3069 5463 3347 5533 ignoscere
3380 5481 3480 5521 uo-

1885 5558 1979 5621 vit,
2005 5556 2352 5611 clementiam
2379 5554 2576 5610 divina:
2606 5554 2823 5623 pietatis
2871 5555 3175 5610 certissime
3221 5556 3474 5626 accipiet.

1958 5672 1982 5709 δ
2017 5671 2130 5729 lloc
2184 5686 2303 5740 cap.
2346 5670 2377 5723 8
2427 5669 2592 5726 altera
2640 5684 2767 5740 pars
2813 5679 2896 5724 est
2942 5671 3209 5725 sermonis
3259 5670 3362 5726 3οί
3414 5672 3471 5725 S.

1882 5743 2017 5813 Aug.

2961 5838 3039 5897 ΞΟ
