4112 6602
613 335 719 390 619

1448 321 1518 390 Β.
1560 319 1620 375 F.
1663 310 1893 373 Αωιιςι
1932 313 2065 371 SEU
2104 307 2382 368 ALCl'lNi
2419 303 2708 362 OPEllL'M
2747 302 2928 358 PARS
2964 301 3051 356 IV.

3815 290 3922 343 ’6ὶο

615 450 710 507 Sic
737 449 884 504 enim
917 448 1225 504 remittetur
1248 441 1428 507 nobis,
1457 449 1519 495 ut
1565 453 1666 494 nos
1714 435 2088 492 remiserimus
2131 428 2211 483 eis
2246 439 2288 495 Α
2316 422 2384 478 lis
2414 418 2732 507 angelorum
2765 424 3018 471 creamra
3049 413 3249 470 cecidit
3294 411 3359 465 de
3401 408 3544 464 coalo
3579 451 3590 460 .
3629 421 3734 476 per
3753 403 3927 459 humi-

615 541 710 615 qui
737 539 892 597 nobis
925 550 1252 609 quacunque
1276 533 1614 605 malignitate
1639 532 1962 584 nocuerunt.

1138 650 1296 722 132
1331 645 1562 704 CAPL‘T
1599 642 1693 700 ιιι.

1224 739 1304 795 De
1329 738 1605 812 patientia.

697 861 758 916 In
787 859 1043 932 patientia
1087 864 1282 921 vestra,
1319 852 1524 909 dicitur
1560 851 1616 906 in
1651 846 1970 919 Evangelio,
1992 841 2224 914 posside-

622 953 740 1007 bilis
786 931 994 1004 animos
1029 955 1227 1002 uestras
1269 941 1422 1014 (Luc.
1456 955 1576 1008 nt,
1624 937 1735 1015 19).
1771 935 1832 992 ιιι
1877 933 2029 990 omni
2074 931 2224 989 enim

616 1044 729 1097 vita
764 1041 1004 1096 humana
1054 1036 1322 1108 patientia
1366 1029 1678 1090 necessaria
1708 1035 1815 1085 est.
1851 1026 2010 1082 Sicut
2041 1024 2224 1096 itaque

615 1137 894 1208 patienter
920 1129 1148 1192 sulferre
1177 1128 1438 1184 debemus
1468 1124 1697 1197 injurias
1732 1121 1803 1178 ab
1853 1119 1978 1175 aliis
2021 1117 2077 1173 in
2123 1129 2226 1172 nos

615 1232 845 1299 delatas,
872 1230 945 1284 ita
981 1236 1036 1283 et
1064 1227 1342 1298 patienter
1377 1220 1754 1278 tribulationes
1776 1231 1898 1292 quae
1920 1213 2080 1278 nobis
2102 1226 2227 1266 eve-

617 1326 791 1391 nient,
826 1321 1057 1384 sufferre
1080 1334 1309 1381 necesse
1333 1324 1439 1373 est.
1474 1313 1790 1387 Saepissime
1816 1312 1873 1367 in
1899 1309 2004 1365 hoc
2027 1302 2227 1363 sacculo

547 1471 549 1473 ,
617 1416 748 1474 boni
765 1431 796 1469 a
815 1413 1065 1485 mprobis
1086 1409 1472 1465 tribulationes
1495 1407 1800 1479 patiuntur.
1817 1401 1945 1459 Ideo
1970 1399 2016 1455 si
2037 1392 2231 1470 quisli-

618 1507 714 1564 bet
734 1514 861 1577 post
881 1505 1022 1559 bona
1053 1515 1216 1570 opera
1251 1497 1630 1556 tribulationes
1662 1492 1889 1566 patitur,
1927 1505 2039 1546 non
2071 1485 2233 1544 debet

624 1601 681 1655 in
710 1596 1045 1670 cogitatione
1073 1594 1256 1651 dicere
1298 1609 1311 1646 :
1343 1588 1564 1647 Perdidi
1591 1601 1758 1658 opera
1787 1598 1908 1640 mea
1937 1583 2079 1637 bona
2109 1593 2232 1651 qua:

624 1689 912 1747 faciebam.
941 1687 1042 1753 Qui
1069 1686 1219 1741 enim
1241 1683 1350 1739 hoc
1379 1681 1604 1746 dixerit,
1626 1693 1736 1736 non
1766 1692 1868 1752 pro
1898 1689 2086 1730 amore
2109 1670 2229 1738 Dei,

2319 511 2530 567 litatem
2561 505 2707 582 [Dei]
2737 505 3006 579 fragilitas
3037 505 3290 560 humana:
3327 511 3539 557 natura
3574 497 3834 555 ascendit
3862 496 3926 551 ad

2321 603 2539 659 emtum.
2567 600 2810 657 Honesta
2833 607 2919 656 est
2947 597 3095 653 enim
3137 597 3281 651 inter
3326 595 3575 656 homines
3602 589 3932 648 humilitatis

2323 693 2684 758 consuetudo,
2711 692 2855 746 sicut
2876 689 3138 746 Salomon
3172 689 3254 744 ait
3281 708 3294 742 :
3323 686 3428 746 Ubi
3471 687 3634 758 fuerit
3665 687 3928 757 superbia,

2321 789 2400 843 ibi
2419 789 2520 842 erit
2543 795 2590 841 et
2621 783 2963 842 contumelia.
2995 781 3100 838 Ubi
3122 793 3298 836 autem
3328 780 3622 843 humilitas,
3672 779 3752 833 ibi
3772 761 3822 832 et
3845 795 3930 832 sa-

2321 876 2519 949 pientia
2549 873 2734 946 (Prov.
2766 889 2847 940 ιι,
2881 872 2961 945 9).
3012 870 3146 928 Item
3175 871 3314 928 alius
3345 868 3614 944 [quidam]
3649 868 3889 938 Sapiens
3917 888 3928 920 :

2320 964 2542 1032 Quanto
2569 965 2748 1036 major
2767 981 2844 1035 es,
2869 964 3089 1022 humilia
3111 973 3160 1018 te
3179 964 3234 1016 in
3257 962 3519 1027 omnibus,
3541 971 3590 1016 et
3617 977 3807 1015 coram
3829 958 3935 1014 Deo

2325 1056 2556 1116 invenies
2581 1057 2810 1129 gratiam
2842 1054 3035 1127 (Ereti.
3070 1071 3152 1119 ιιι,
3181 1054 3297 1127 '20).
3330 1053 3464 1112 Item
3508 1052 3782 1109 Dominus
3810 1051 3936 1108 dicit

2326 1164 2426 1220 per
2465 1148 2791 1220 prophetam
2824 1167 2837 1202 :
2875 1147 2956 1205 Ad
2999 1163 3151 1219 quem
3192 1158 3371 1201 autem
3414 1147 3696 1218 respiciam
3739 1145 3844 1200 nisi
3871 1143 3935 1198 ad

2327 1241 2595 1304 humilem,
2610 1252 2657 1295 et
2669 1241 2924 1314 quietum,
2938 1251 2986 1298 et
2999 1249 3303 1295 trementem
3317 1240 3468 1295 verba
3479 1256 3594 1294 mea
3610 1237 3775 1312 (Isai.
3793 1253 3934 1302 LXVI,

2328 1329 2425 1405 2)?
2461 1331 2784 1402 Quicunque
2808 1329 3030 1388 humilis
3056 1339 3112 1386 et
3145 1329 3363 1400 quietus
3409 1343 3516 1384 non
3544 1329 3673 1395 erit,
3716 1343 3828 1383 non
3849 1341 3939 1400 po-

2333 1435 2440 1482 test
2465 1428 2520 1481 in
2548 1440 2616 1504 eo
2640 1424 2890 1481 habitam
2916 1425 3089 1496 gratia
3123 1423 3363 1494 Spiritus
3396 1423 3594 1479 sancti.
3647 1421 3802 1478 Deus
3845 1421 3938 1477 bu-

2330 1517 2478 1574 milis
2509 1517 2688 1574 factus
2711 1526 3028 1573 estnostra:
3067 1516 3263 1572 salutis
3315 1531 3507 1583 causa,
3544 1524 3610 1571 ut
3644 1515 3938 1571 erubescat

2332 1609 2499 1666 homo
2523 1609 2793 1680 superbus
2820 1623 2964 1664 esse.
2995 1607 3269 1684 Quantum
3303 1607 3612 1663 humilitate
3642 1606 3940 1663 inclinatur

2332 1714 2430 1755 cor
2457 1699 2526 1755 ad
2547 1699 2675 1764 ima,
2705 1707 2918 1753 tantum
2946 1696 3162 1769 proficit
3189 1698 3244 1752 in
3274 1698 3511 1754 excelso.
3541 1697 3645 1766 Qui
3665 1698 3818 1754 enim
3845 1697 3941 1752 bu-

625 1780 722 1837 scd
755 1794 855 1850 pro
881 1777 1132 1834 mercede
1153 1772 1432 1831 felicitatis
1459 1768 1625 1840 huius
1650 1769 1795 1863 VM,
1824 1773 2044 1863 “ﬁt”?
2069 1761 2228 1863 ¹ξ¹ξ¹⁶θ
2261 1794 2305 1863 Β
2334 1791 2481 1847 milis
2508 1791 2631 1855 erit,
2662 1761 3000 1846 enitamur
3026 1790 3078 1844 in
3109 1789 3282 1862 gloria
3305 1788 3442 1863 (AL,
3472 1761 3589 1860 qui
3601 1789 3696 1846 hic
3723 1789 3938 1845 humilis

627 1872 866 1928 humana
894 1885 1031 1941 opus
1056 1870 1259 1926 bonum
1284 1866 1480 1922 fecisse
1504 1862 1870 1936 cognoscitur.
1904 1855 2232 1915 Probabitur

625 1967 773 2023 enim
808 1965 974 2020 homo
1020 1963 1247 2036 ﬂagellis
1273 1961 1395 2027 Dei,
1425 1974 1535 2031 quo
1570 1959 1755 2013 animo
1777 1952 2109 2018 benefaciat,
2145 1947 2232 2004 vel

624 2075 732 2134 qua
785 2057 1110 2113 fortitudine
1156 2053 1382 2111 sufferat
1425 2051 1759 2108 tentationes
1814 2046 1918 2103 sibi
1975 2057 2233 2115 superve-

625 2156 861 2209 nientes.
897 2151 1098 2207 Tentat
1123 2150 1273 2204 enim
1316 2162 1412 2203 vos
1448 2145 1614 2212 Deus,
1648 2143 1782 2199 dicit
1813 2138 2128 2212 Apostolus,
2173 2144 2236 2197 ut

626 2245 765 2301 sciat
795 2245 842 2300 si
895 2242 1120 2315 diligitis
1154 2257 1300 2299 cum.
1330 2238 1584 2302 Prorsus,
1622 2233 1897 2290 tribulatio
1926 2229 2233 2302 patientiam

626 2350 898 2410 operatur,
923 2335 1184 2408 patientia
1216 2342 1392 2389 autem
1422 2347 1552 2402 opus
1595 2337 1671 2384 est
1698 2326 2009 2400 perfectura.
2040 2321 2235 2381 Beatus

626 2432 769 2485 enim
799 2430 902 2494 εἰν,
929 2429 1020 2500 qui
1043 2427 1230 2496 stt/fert
1258 2425 1618 2488 tentationem,
1664 2420 1916 2493 quoniam
1954 2432 2074 2470 cum
2115 2431 2242 2486 pro-

629 2521 784 2576 batus
816 2517 998 2588 fuerit,
1041 2515 1263 2588 accipiet
1313 2527 1562 2567 coronam
1595 2510 1732 2571 uitrr,
1760 2525 1920 2580 quam
1945 2503 2238 2577 repromisit

629 2611 776 2668 Deus
815 2607 1155 2680 diligentibus
1189 2623 1244 2662 sc
1274 2604 1417 2679 (Jac.
1467 2620 1507 2669 ι,
1555 2603 1612 2668 5,
1649 2601 1727 2672 4).
1766 2600 1940 2656 Nemo
1972 2599 2111 2654 bene
2151 2612 2241 2651 sa-

628 2705 790 2778 piens
822 2711 931 2768 est,
966 2702 1060 2771 qui
1082 2697 1408 2771 patientiam
1436 2711 1546 2752 non
1583 2693 1768 2750 habet.
1808 2690 2031 2747 Fortior
2050 2698 2124 2744 est
2146 2687 2240 2743 do-

634 2796 870 2851 minator
897 2792 1052 2868 (315.,
1080 2786 1333 2860 domitor]
1356 2789 1521 2842 animi
1547 2786 1629 2841 sui
1651 2791 2006 2856 expugnatam
2033 2779 2238 2838 urbium

630 2885 818 2963 (Prov.
850 2903 962 2951 im,
993 2884 1106 2957 59.).
1134 2882 1190 2938 ln
1215 2880 1480 2953 patientia
1506 2891 1637 2934 vero
1659 2873 1950 2947 qua-renda
1977 2880 2062 2927 est
2091 2873 2240 2942 igno-

632 2979 821 3038 scendi
859 2977 1109 3044 facultas,
1144 2991 1252 3034 non
1282 2971 1596 3030 vindicandi
1638 2969 2035 3041 opportunitas.
2081 2965 2242 3020 Tales

633 3082 764 3130 sunt
789 3071 1033 3143 quidam,
1069 3069 1162 3140 qui
1192 3076 1436 3137 tempore
1474 3063 1801 3134 iniuriarum
1827 3060 2103 3131 patienter
2128 3056 2242 3114 suf-

2333 1880 2579 1938 fucritin
2605 1889 2845 1935 terrm...
2879 1880 2933 1934 in
2963 1880 3134 1952 gloria
3161 1878 3387 1954 futura].
3422 1880 3639 1937 Primus
3666 1881 3938 1936 humilita-

2334 1973 2409 2028 tis
2436 1973 2636 2046 gradus
2657 1981 2743 2028 est
2771 1973 3019 2028 veritatis
3064 1987 3372 2028 sermonem
3413 1972 3697 2030 humiliter
3733 1974 3937 2039 audire,

2337 2065 2656 2122 memoriter
2681 2065 2942 2130 retinere,
2972 2064 3279 2120 voluntarie
3304 2063 3590 2136 perﬁcere.
3620 2066 3762 2122 Eam
3791 2065 3940 2138 quip-

2335 2172 2428 2230 pe,
2458 2172 2623 2229 quam
2653 2171 2762 2211 non
2794 2157 3004 2212 invenit
3041 2156 3302 2211 humilem
3349 2155 3596 2230 [veritas]
3627 2158 3770 2230 fugit
3797 2174 3940 2213 ιιιειιο

2340 2257 2472 2305 tem.
2510 2247 2784 2318 Quantum
2819 2249 2941 2319 quis
2988 2247 3246 2304 humilior
3275 2250 3378 2304 erit
3431 2250 3499 2305 de
3545 2250 3754 2322 seipso,
3793 2258 3940 2306 tanto

2338 2341 2518 2415 major
2551 2342 2658 2397 erit
2696 2341 2751 2395 in
2795 2350 3091 2412 conspectu
3121 2339 3237 2399 Dei.
3271 2339 3550 2413 Superbus
3575 2357 3710 2400 vero
3741 2353 3940 2414 quanto

2340 2433 2626 2506 gloriosior
2651 2435 2877 2505 apparet
2904 2435 3049 2488 inter
3077 2433 3350 2501 homines,
3385 2442 3540 2492 tanto
3559 2436 3826 2508 dejectior
3843 2436 3940 2493 erit

2342 2534 2469 2582 ante
2511 2525 2704 2582 Deum.
2753 2524 2857 2593 Qui
2905 2526 3051 2580 enim
3101 2527 3223 2582 sine
3250 2525 3558 2592 humilitate
3611 2527 3755 2586 bona
3785 2545 3939 2602 opera

2343 2620 2476 2692 agit,
2503 2619 2560 2675 in
2588 2627 2812 2674 ventum
2847 2618 3004 2691 133
3032 2619 3314 2690 pulverem
3346 2630 3545 2693 portat.
3575 2623 3721 2691 Quid
3759 2639 3940 2695 super-

2341 2711 2423 2766 bit
2464 2720 2609 2765 terr-‘t
2635 2719 2693 2765 et
2715 2709 2874 2776 cinis,
2908 2710 3034 2765 dum
3080 2719 3242 2767 vento
3281 2712 3550 2783 superbia:
3594 2713 3936 2788 dispergitur.

2345 2804 2488 2873 quod
2534 2800 2756 2873 ieiuniis
2807 2812 2861 2857 et
2905 2803 3270 2875 eleemosynis
3316 2820 3650 2877 congregare
3698 2808 3941 2863 γιςιςιιετι

2344 2895 2485 2962 Noli,
2511 2913 2543 2952 ο
2570 2896 2752 2963 homo,
2781 2896 2835 2950 in
2851 2897 3142 2952 virtutibus
3163 2898 3270 2952 tuis
3290 2897 3542 2968 gloriari;
3565 2902 3692 2968 quia
3719 2900 3938 2955 alterum

2345 2987 2632 3044 habiturus
2674 3003 2736 3046 es
2781 2988 3043 3059 judicent,
3093 3004 3212 3044 non.
3247 2975 3519 3059 teipsum;
3554 2992 3607 3046 in
3639 2991 3796 3062 cujus
3821 3006 3940 3048 cen-

2347 3089 2535 3154 spectu
2569 3081 2800 3152 teipsum
2829 3082 2885 3136 in
2917 3081 3082 3136 corde
3111 3091 3205 3137 tuo
3228 3081 3516 3138 humiliare
3556 3094 3792 3154 oportet,
3818 3101 3939 3156 qua-

633 3166 842 3230 femnt'
885 3171 947 3217 ω
983 3159 1380 3230 δυ’)δθίῖῃθηίθτ
1416 3156 1634 3248 menius
1681 3154 1962 3248 ‘Emiicaie
2005 3149 2236 3212 "aleam
2266 3153 2316 3222 (ἶ
2351 3149 2508 3235 tenus
2536 3177 2625 3233 ille
2643 3149 2700 3233 te.
2727 3175 2933 3232 exultet
2954 3177 3009 3232 in
3035 3185 3277 3248 tempore
3301 3149 3674 3232 retributionis
3703 3149 3938 3229 tuasne-

638 3254 707 3312 lli
734 3270 924 3311 veram
959 3267 1069 3309 non
1097 3250 1303 3326 habent
1324 3246 1670 3319 patientiam.
1703 3243 1972 3300 Patientia
2006 3257 2134 3298 vera
2161 3248 2246 3296 est

637 3349 692 3404 ιιι
723 3346 917 3402 faciem
949 3343 1164 3398 fortiter
1195 3341 1467 3398 sustinere
1491 3337 1745 3410 injurias,
1773 3343 1827 3390 et
1849 3335 1904 3390 in
1930 3333 2111 3390 futuro
2129 3333 2245 3387 vin-

636 3437 842 3493 dictam
888 3451 997 3492 non
1029 3447 1297 3505 quaerere,
1325 3427 1422 3485 sed
1469 3443 1537 3486 ex
1564 3427 1730 3483 corde
1777 3427 2079 3498 ignoscere.
2115 3421 2245 3486 Sine

638 3530 791 3584 ferro
813 3526 898 3582 vel
924 3525 1158 3587 ﬂammis
1186 3530 1456 3592 martyres
1479 3534 1600 3576 esse
1623 3533 1936 3590 possumus,
1962 3516 2007 3571 si
2033 3515 2246 3586 patien-

641 3622 777 3679 tiam
799 3619 1071 3675 verueiter
1093 3616 1147 3670 in
1173 3614 1356 3670 animo
1394 3626 1676 3668 servamus
1702 3624 1825 3664 cum
1855 3608 2119 3680 proximis
2147 3621 2246 3660 tio—-

642 3713 794 3771 stris.
850 3707 1203 3766 Laudabilius
1246 3712 1334 3761 est
1388 3701 1642 3772 iujuriam
1693 3698 1924 3755 tacendo
1949 3697 2245 3761 declinare,

641 3819 807 3876 quam
858 3797 1241 3871 respondendo
1293 3808 1571 3866 superare.
1611 3791 1712 3860 Qui
1753 3789 2026 3861 patienter
2055 3787 2249 3844 tolerat

641 3895 804 3962 mala,
840 3893 897 3950 in
919 3892 1100 3948 futuro
1118 3903 1378 3946 coronam
1402 3884 1701 3941 merebitur
1727 3882 2137 3952 sempiternam.

1262 4015 1286 4042 ιι
1317 3998 1546 4056 CAPUT
1577 3997 1641 4054 Χ.

1225 4093 1301 4149 De
1361 4090 1674 4145 lnmtilitate.

718 4218 934 4286 Quanta
961 4213 1036 4267 sit
1074 4224 1217 4269 verte
1251 4202 1575 4260 humilitatis
1607 4202 1805 4266 virtus,
1842 4199 2001 4254 facile
2030 4215 2098 4254 ex
2128 4214 2250 4253 ver-

646 4311 732 4368 bis
759 4305 976 4364 Domini
997 4299 1362 4373 cognoscitur,
1393 4296 1486 4366 qui
1520 4303 1578 4349 ut
1611 4292 1924 4363 superbiam
1954 4291 2254 4346 Pharisaeo-

651 4413 772 4455 rum
799 4398 1108 4455 damnaret,
1139 4390 1272 4450 dixit
1305 4407 1319 4442 :
1356 4387 1541 4441 Omnis
1570 4386 1660 4456 qui
1685 4401 1739 4438 se
1758 4381 1979 4448 exultat,
2002 4381 2252 4438 humilia-

651 4490 812 4551 bitur,
828 4495 876 4541 et
903 4485 994 4556 qui
1017 4499 1071 4537 sc
1089 4478 1356 4542 humiliat,
1376 4475 1700 4540 exaltabitur
1719 4471 1932 4546 (Matth.
1958 4488 2118 4538 xxm,
2141 4472 2246 4545 l2).

2347 3269 2549 3326 scendo
2577 3279 2632 3324 ut
2656 3267 2943 3334 ascendas,
2972 3267 3261 3326 humiliare
3305 3277 3367 3323 ut
3397 3266 3680 3331 exalteris,
3705 3283 3773 3322 ne
3800 3264 3936 3321 exal-

2347 3371 2495 3418 tatus
2518 3361 2842 3417 humilieris.
2875 3359 2980 3428 Qui
3007 3361 3155 3416 enim
3180 3360 3284 3416 sibi
3315 3352 3579 3425 vilis‘est,
3607 3367 3735 3414 ante
3778 3357 3934 3413 Deum

2347 3467 2574 3526 ntagnus
2594 3462 2679 3510 est
2715 3451 2850 3527 [Al.,
2882 3451 3107 3522 pulcher
3135 3449 3280 3524 est];
3326 3461 3384 3508 et
3422 3453 3514 3524 qui
3545 3451 3649 3507 sibi
3678 3450 3935 3522 displicet,

2347 3545 2460 3602 Deo
2481 3545 2659 3619 placet
2684 3545 2822 3619 (AL,
2853 3554 2909 3601 et
2933 3545 3028 3616 qui
3071 3545 3174 3600 sibi
3205 3544 3448 3616 placent,
3476 3544 3588 3602 Deo
3613 3541 3932 3616 diaplicent].

2346 3639 2478 3696 Esto
2509 3640 2672 3712 igitur
2703 3654 2902 3708 parvus
2957 3638 3013 3695 in
3066 3637 3236 3694 oculis
3266 3638 3393 3704 tuis,
3442 3646 3502 3693 ut
3529 3637 3607 3694 sis
3637 3651 3859 3709 magnus
3887 3635 3934 3690 in

2347 3730 2520 3787 oculis
2555 3728 2794 3785 Domini.
2828 3728 3011 3784 Tanto
3034 3729 3183 3785 enim
3212 3728 3322 3784 eris
3350 3728 3494 3800 apud
3527 3726 3700 3783 Deum
3741 3725 3934 3798 pretio-

2348 3825 2483 3890 sior,
2538 3832 2744 3896 quanto
2789 3821 2959 3878 fueris
2989 3831 3119 3880 ante
3147 3823 3334 3878 oculos
3374 3832 3499 3878 tuos
3534 3821 3856 3893 despectior.
3883 3817 3934 3875 In

2349 3931 2564 3973 summo
2589 3915 2798 3972 honore
2846 3930 3059 3970 summa
3115 3915 3212 3971 tibi
3257 3916 3332 3971 sit
3377 3915 3674 3973 humilitas.
3717 3911 3937 3972 Honoris

2351 4009 2469 4063 laus
2493 4019 2599 4074 est,
2630 4006 2954 4063 humilitatis
2983 4007 3177 4061 virtus.

2977 4139 3207 4197 CAPUT
3246 4139 3333 4194 XI.

2783 4255 2859 4309 Dc
2899 4257 3300 4327 compunctione
3327 4255 3522 4311 cordis.

2425 4370 2786 4442 Compunctio
2806 4368 2989 4424 cordis
3015 4383 3080 4423 ex
3114 4367 3439 4425 humilitatis
3454 4368 3652 4422 ‘l’it‘t‘ch
3676 4369 3934 4427 nascitur;

2354 4466 2424 4520 de
2461 4463 2880 4533 compunctione
2924 4459 3200 4516 confessio
3227 4468 3607 4535 peccatorum;
3636 4461 3702 4516 de
3738 4459 3937 4516 confes-

651 4543 987 4640 llumilitaiis
1013 4573 1266 4646 passibus
1293 4569 1362 4626 ad
1390 4567 1512 4622 cceli
1557 4543 1791 4621 culmina
1833 4543 2248 4629 conscenditur;
2285 4543 2333 4600 D
2356 4557 2512 4612 sione
2547 4552 2904 4624 pwnitentia;
2941 4550 3009 4606 de
3036 4551 3361 4622 poenitentia
3394 4567 3521 4608 vera
3551 4553 3830 4622 proveniet
3852 4550 3934 4605 do-

651 4675 777 4744 quia
807 4669 952 4726 Deus
978 4667 1227 4724 excelsus
1255 4679 1362 4718 non
1401 4661 1673 4730 superbia,
1697 4657 1792 4714 sed
1839 4657 2143 4714 humilitate
2171 4669 2253 4716 at.

652 4766 899 4837 tingitur.
936 4763 1012 4817 De
1033 4775 1139 4831 quo
1172 4757 1374 4813 dictum
1411 4764 1498 4809 est
1527 4771 1537 4806 :
1569 4752 1710 4807 Deus
1759 4751 1994 4822 superbis
2035 4752 2250 4815 resistit,

651 4855 940 4911 huniilibus
970 4862 1144 4906 autem
1173 4848 1263 4902 dat
1307 4845 1535 4916 gratiam
1565 4841 1707 4915 (Jac.
1737 4857 1811 4906 tv,
1842 4840 1916 4913 l3).
1951 4839 2101 4895 Unde
2121 4841 2250 4897 etin

651 4949 878 5021 psalmis
913 4946 1110 5001 dicitur
1142 4961 1154 4996 :
1191 4938 1446 4994 Excelsus
1481 4936 1737 4990 Dominus
1759 4945 1806 4989 ct
1836 4933 2057 4988 humilia
2086 4935 2249 5004 respi-

653 5044 746 5107 cit,
798 5050 845 5095 et
899 5038 1008 5092 alta
1061 5053 1094 5090 a
1143 5033 1293 5103 longe
1341 5028 1604 5100 cognoscit
1663 5024 1837 5097 (Psal.
1878 5039 2125 5089 cxxxvit,
2169 5025 2248 5096 6).

651 5133 776 5189 Alta
804 5130 984 5200 posuit
1009 5141 1109 5199 pro
1132 5122 1400 5195 superbis,
1429 5118 1654 5173 humilia
1681 5132 1813 5173 vero
1843 5131 1941 5186 pro
1961 5116 2254 5172 humilibus

656 5226 790 5299 ιΑι.,
821 5238 920 5294 pro
943 5215 1285 5287 mansuetis].
1321 5211 1554 5269 llumilia
1605 5211 1846 5280 respicit,
1892 5217 1953 5263 ut
1999 5209 2250 5264 attollat:

656 5320 787 5381 alta,
811 5317 863 5370 id
888 5325 992 5379 est,
1012 5310 1243 5381 superba
1274 5306 1569 5376 cognoscit,
1599 5312 1659 5357 ut
1705 5302 1938 5372 dcjiciat.
1970 5301 2254 5356 Discamus

657 5413 822 5484 igitur
854 5406 1234 5465 humilitatem,
1263 5415 1357 5469 per
1383 5414 1544 5468 quam
1571 5395 1680 5451 Deo
1709 5396 2074 5466 propinquare
2106 5402 2256 5463 pote-

658 5504 850 5562 rimus,
881 5498 1019 5552 sicut
1049 5496 1161 5563 ipse
1197 5493 1250 5545 in
1275 5488 1567 5560 Evangelia
1596 5488 1673 5543 ait
1704 5506 1714 5540 :
1751 5485 1947 5540 Discite
1967 5503 1998 5539 a
2026 5503 2107 5539 me
2134 5488 2258 5557 quia

660 5591 805 5647 mitis
831 5605 947 5644 sum
972 5596 1018 5650 et
1057 5583 1269 5639 humilis
1297 5582 1470 5644 corde,
1503 5589 1548 5632 et
1591 5579 1860 5633 invenietis
1887 5578 2116 5648 requiem
2143 5577 2259 5630 ani-

660 5686 846 5736 mabus
867 5677 1048 5732 castris
1080 5673 1298 5744 (Matth.
1325 5688 1399 5736 ιιι,
1420 5670 1534 5741 9.9).
1561 5668 1666 5724 Per
1693 5667 2001 5738 superbiam
2033 5667 2259 5722 mirabi-

734 5809 758 5836 ι
788 5793 901 5850 lloc
931 5799 1091 5862 caput
1124 5790 1189 5844 l0
1215 5803 1342 5860 pars
1375 5794 1462 5842 est
1487 5778 1753 5840 sermonis
1778 5781 1881 5836 297
1925 5780 1983 5836 S.
2013 5781 2154 5852 Aug.

2356 4647 2611 4702 lictorum
2640 4643 2994 4715 indulgentia.
3026 4641 3384 4713 Compunctio
3420 4643 3600 4698 cordis
3623 4652 3708 4700 cst
3735 4639 3933 4697 humili-

2357 4749 2441 4796 tas
2469 4737 2685 4801 mentis,
2718 4749 2840 4792 cum
2871 4733 3144 4806 lacrumis,
3185 4743 3241 4789 et
3284 4734 3660 4793 recordatione
3702 4742 3938 4806 peccato-

2356 4851 2501 4898 rum,
2540 4839 2598 4890 ct
2616 4831 2810 4886 timore
2831 4829 3044 4900 judicii.
3077 4828 3157 4883 Ex
3179 4829 3393 4901 gemino
3416 4826 3563 4885 fonte
3587 4827 3937 4900 compunctio-

2358 4926 2446 4981 nis
2493 4923 2671 4979 solent
2709 4920 2979 4994 proﬂuere
3019 4919 3304 4992 lacrymte;
3357 4921 3413 4977 id
3453 4930 3558 4986 est,
3602 4920 3729 4976 dum
3761 4920 3935 4978 merita

2356 5032 2580 5089 operum
2610 5029 2834 5073 suorum
2865 5012 3178 5084 diligentius
3210 5012 3367 5085 [ἤδη
3399 5012 3526 5069 dum
3558 5029 3808 5071 mens....
3834 5011 3937 5067 (tilio

2358 5113 2575 5185 gratius
2595 5107 2759 5180 mala]
2789 5105 3129 5167 considerat;
3162 5106 3333 5160 altera
3356 5107 3481 5163 dum
3511 5106 3784 5162 desiderio
3807 5117 3940 5163 teter—

2359 5219 2443 5268 nze
2464 5203 2590 5256 \‘itte
2617 5199 2876 5269 suspirat.
2911 5195 3065 5257 Unde
3108 5196 3379 5268 Propheta
3423 5198 3499 5252 ait
3533 5195 3751 5252 :‘Sitirit
3779 5199 3937 5254 animo

2359 5317 2474 5352 mea
2505 5296 2574 5350 ad
2599 5294 2767 5349 Deam
2797 5292 3230 5362 rivum:quando
3261 5293 3462 5349 veniam
3489 5301 3538 5345 et
3561 5293 3822 5362 apparebo
3837 5299 3938 5345 ante

2363 5391 2549 5460 faciem
2583 5386 2715 5441 Dei?
2753 5382 2991 5442 Fuerunt
3025 5383 3154 5440 mihi
3176 5382 3426 5453 lacryma:
3449 5399 3578 5438 metr.
3606 5384 3760 5452 panis
3788 5384 3867 5437 die
3889 5398 3938 5433 ac

2363 5493 2510 5536 nocte
2541 5471 2714 5551 (Psal.
2759 5493 2865 5537 xtl,
2900 5476 2956 5540 5,
2986 5473 3062 5546 Α).
3095 5473 3227 5527 Item
3270 5492 3280 5525 :
3317 5471 3650 5544 Concupiscit
3689 5483 3738 5526 ct
3785 5473 3938 5542 deﬁcit

2363 5573 2541 5628 anima
2569 5587 2686 5624 mea
2713 5571 2765 5622 in
2793 5569 2933 5623 atria
2973 5566 3208 5620 Domini.
3237 5567 3305 5622 Et
3333 5589 3344 5617 :
3378 5563 3484 5621 Cor
3512 5584 3705 5634 meum,
3748 5577 3796 5621 et
3835 5581 3937 5620 caro

2364 5684 2478 5722 mea
2527 5663 2920 5722 exsultat-erunt
2956 5664 3009 5717 in
3059 5661 3228 5716 Deum
3272 5662 3443 5716 ritum
3495 5656 3667 5734 (Psal.
3726 5672 3937 5722 unm,
