4112 6648
252 590 348 650 Gil

1067 591 1399 655 MOEALIA.
1437 622 1510 633 --
1546 589 1747 645 LIBER
1789 590 1876 644 DE
1912 588 2335 646 ViBTL’TlBUS
2374 589 2460 644 ET
2500 588 2724 645 V'l'l'llS.

3424 587 3530 642 6'12

252 707 326 775 5).
357 705 602 776 Quatuor
641 713 771 763 sunt
811 704 1101 777 qualitates
1128 705 1477 761 ali'ectiouum
1514 701 1669 772 [δίδη
1698 702 1835 757 aﬂli-
1865 707 1914 765 Α
1942 704 2354 772 immanitatem,
2376 712 2431 760 et
2452 703 2828 773 neglexerunt.
2848 702 2925 757 ita
2941 703 3082 758 sicut
3108 701 3253 757 foras
3281 700 3535 761 ﬂammis.

252 794 539 872 ctiouum),
567 797 767 869 quibus
790 797 1049 869 cogitatio
1069 793 1206 867 justi
1258 797 1419 856 taedio
1468 795 1672 857 salubri
1695 809 1844 850 com-

248 890 526 966 pungitur,
554 888 659 945 hoc
683 896 789 953 est,
813 886 1074 943 memoria
1095 886 1498 962 praeteritorum
1518 886 1840 949 facinorum,

252 980 556 1038 recordatio
582 976 887 1034 futurarum
930 992 1240 1050 poenarum,
1286 977 1650 1034 consideratio
1688 990 1845 1049 pere-

252 1073 575 1151 grinationis
613 1088 727 1131 sua:
778 1072 834 1129 in
877 1072 1039 1143 hujus
1071 1072 1199 1127 vitae
1234 1072 1477 1138 miseria,
1518 1072 1842 1128 desiderium

250 1180 501 1237 supernae
541 1164 755 1238 patrim,
781 1173 1053 1236 quatenus
1080 1163 1149 1219 ad
1177 1178 1297 1220 eam
1320 1165 1643 1235 quantocius
1674 1163 1848 1218 valeat

248 1258 553 1331 pervenire.
582 1256 810 1324 Quando
830 1272 960 1328 ergo
979 1257 1085 1311 ista
1121 1256 1176 1311 in
1223 1254 1389 1311 corde
1415 1254 1653 1309 hominis
1683 1253 1844 1321 ﬁunt,

250 1349 531 1405 sciendum
555 1357 642 1403 est
665 1356 795 1402 tunc
815 1362 937 1402 esse
956 1346 1127 1403 Deum
1145 1362 1246 1419 per
1265 1345 1496 1418 gratiam
1520 1360 1675 1401 suam
1696 1344 1845 1400 cordi

250 1441 489 1505 humano
526 1449 872 1513 prmsentem.
921 1439 1077 1495 Unde
1132 1446 1191 1494 et
1232 1440 1289 1493 in
1338 1437 1551 1510 psalmo
1597 1436 1844 1493 dicitur:

250 1531 396 1590 Deus
418 1534 580 1588 vitam
614 1549 783 1587 meam
806 1532 1044 1587 nuntiari
1069 1530 1196 1596 tibi;
1224 1530 1379 1600 posui
1407 1528 1558 1603 [Ms.,
1600 1525 1846 1601 posuisti]

251 1625 517 1698 laerymas
545 1642 689 1680 meas
716 1626 773 1679 in
798 1633 1081 1695 conspectu
1126 1636 1239 1687 tuo,
1287 1622 1425 1678 sicut
1460 1634 1511 1677 et
1543 1623 1599 1677 in
1629 1622 1850 1694 promis-

248 1719 397 1774 sione
422 1728 514 1772 tua
536 1714 707 1784 (l’sat.
740 1732 830 1782 LV,
858 1714 936 1787 9).
994 1714 1290 1771 Promissio
1314 1711 1660 1786 indulgentiae
1684 1726 1847 1783 quam

249 1808 513 1867 habemus
538 1806 722 1871 aDeo,
754 1806 1026 1878 lacrymas
1065 1803 1402 1877 pceuitentia:
1444 1803 1652 1861 excitat
1696 1802 1847 1863 cerdi

249 1912 454 1961 nostro.
485 1902 799 1958 'l'besaurus
837 1898 1216 1956 desiderabilis
1267 1898 1325 1955 in
1372 1898 1538 1954 corde
1585 1895 1846 1962 hominis,

249 1994 689 2068 compunctionis
712 1992 960 2047 dulcedo.
994 1990 1187 2049 Anima
1212 1989 1453 2046 hominis
1478 2000 1601 2065 qua:
1638 1989 1696 2047 in
1722 2003 1848 2043 ora-

1945 795 2018 851 ita
2048 797 2194 853 intus
2218 796 2275 850 in
2295 794 2623 851 conscientia
2643 793 2860 865 propria
2889 802 3229 863 torquentur.
3254 792 3536 861 Quomodo

1945 893 2122 956 potest
2146 885 2389 941 medicus
2416 884 2613 939 vulnus
2638 898 2855 948 sanare,
2905 884 3049 953 quod
3100 896 3334 954 :egrotus
3360 892 3539 939 cetera

1945 976 2077 1033 dere
2120 975 2431 1032 erubescit?
2465 976 2610 1037 Deus
2658 975 2803 1031 enim
2849 976 3247 1031 confessionem
3296 984 3538 1031 nostram

1948 1069 2241 1132 desiderat,
2274 1077 2334 1123 ut
2362 1068 2570 1139 justam
2595 1067 2797 1121 habeat
2821 1083 3039 1122 causam
3072 1065 3403 1135 ignoscendi.
3436 1065 3538 1133 Qui

1947 1169 2170 1231 peccata
2196 1176 2292 1216 sua
2310 1159 2566 1221 occultat,
2585 1167 2640 1214 et
2659 1160 2934 1215 erubescit
2955 1160 3248 1215 salubriter
3269 1158 3540 1225 conﬁteri,

1951 1254 2124 1318 Deum
2144 1262 2335 1309 testem
2352 1253 2517 1308 babet
2540 1267 2707 1318 nunc,
2729 1263 2785 1309 et
2806 1254 3001 1313 iterum
3024 1254 3245 1310 habebit
3260 1269 3384 1310 eum
3406 1254 3545 1311 υιιο.

1949 1359 2086 1405 rem.
2117 1342 2335 1415 Optime
2358 1342 2640 1413 scjndicat
2669 1343 2832 1401 homo
2869 1346 2922 1400 in
2963 1346 3063 1404 hac
3088 1346 3223 1412 vita,
3253 1360 3322 1402 ne
3335 1346 3545 1417 judice-

1948 1444 2039 1492 tur
2065 1452 2096 1490 a
2123 1435 2234 1492 Deo
2253 1434 2600 1490 damnatione
2628 1443 2909 1505 perpetua.
2937 1434 3212 1505 Duplicem
3237 1435 3437 1491 habere
3452 1436 3547 1491 de~

1951 1524 2046 1583 bet
2069 1524 2255 1583 ﬂetum
2303 1526 2357 1581 in
2384 1525 2702 1599 poenitentia
2751 1526 2931 1582 omnis
2958 1535 3238 1598 peccator,
3268 1527 3385 1584 sive
3417 1527 3543 1598 quia

1950 1629 2051 1685 per
2070 1616 2450 1689 negligentiam
2478 1616 2681 1673 bonum
2720 1632 2829 1674 non
2868 1617 3019 1683 fecit,
3068 1632 3164 1675 seu
3188 1618 3314 1689 quia
3339 1618 3544 1677 malum

1951 1717 2050 1774 per
2074 1706 2357 1761 audaciam
2402 1705 2760 1778 perpetravit.
2786 1704 2941 1773 Quod
2968 1706 3114 1760 enim
3139 1706 3399 1786 oportuit,
3438 1720 3547 1761 non

1953 1797 2139 1869 gessit,
2154 1799 2366 1871 etquod
2389 1813 2498 1855 non
2521 1798 2785 1870 oportuit,
2811 1800 2939 1870 egit.
2960 1797 3241 1855 Confessio
3260 1797 3546 1867 justiﬁeat,

1952 1889 2229 1946 confessio
2251 1891 2462 1947 veniam
2487 1892 2728 1963 peccatis
2754 1893 2938 1948 donat.
2990 1891 3178 1952 Omnis
3208 1907 3335 1965 spes
3376 1893 3551 1953 venia:

1954 1982 2009 2037 in
2048 1981 2393 2040 confessione
2436 1982 2709 2040 consistit.
2746 1982 3030 2042 Confessio
3057 1998 3194 2055 Opus
3217 1992 3303 2038 est
3337 1983 3549 2039 miseri-

250 2088 401 2143 tione
449 2084 858 2156 compungitur,
900 2081 1057 2138 valde
1096 2081 1176 2137 illi
1216 2080 1435 2152 proﬁcit
1473 2079 1543 2135 ad
1592 2078 1844 2136 salutem.
1881 2070 1925 2130 Β
1952 2075 2152 2133 cordite
2181 2095 2195 2130 :
2224 2077 2369 2133 salus
2394 2077 2582 2149 tegi-oti
2609 2077 2831 2133 unicum
2867 2086 2951 2133 est
3002 2076 3209 2133 viribus
3232 2075 3441 2151 (Forte,
3470 2076 3551 2131 vi-

248 2178 386 2234 Cum
431 2191 533 2249 per
586 2176 893 2231 orationem
938 2173 1287 2244 compunctio
1323 2168 1636 2231 eﬂ’unditur.
1675 2166 1850 2240 Spiri-

250 2280 341 2336 tus
368 2268 548 2327 sancti
576 2266 928 2338 prmsentiam
954 2265 1151 2322 adesse
1197 2263 1454 2319 cordibus
1503 2260 1708 2317 nostris
1738 2273 1847 2319 non

250 2360 472 2418 dubium
495 2368 601 2415 est.

859 2428 1091 2486 CAPUT
1126 2426 1241 2485 ΧΠ.

830 2525 908 2581 De
928 2525 1277 2595 confessione.

321 2640 584 2699 Hortatur
611 2654 713 2697 nos
734 2637 935 2709 sapius
963 2635 1247 2708 Scriptura
1284 2636 1353 2692 ad
1391 2634 1850 2696 medicamentum

252 2731 438 2807 fugere
462 2730 824 2788 confessionis
857 2748 869 2783 :
899 2745 1008 2784 non
1030 2728 1175 2799 quod
1204 2727 1348 2783 Deus
1375 2726 1614 2800 indigeat
1637 2724 1852 2784 confes-

248 2823 408 2882 sione
427 2830 636 2887 nostra,
666 2822 754 2879 cui
782 2822 965 2876 omnia
992 2827 1194 2892 praesto
1229 2825 1360 2875 sunt
1381 2833 1502 2889 qum
1526 2818 1849 2890 cogitamus,

254 2917 550 2989 loquimur,
573 2922 670 2970 aut
696 2914 941 2984 agimus;
980 2912 1077 2967 sed
1104 2925 1203 2967 nos
1230 2910 1391 2966 aliter
1415 2908 1553 2964 salvi
1592 2908 1711 2966 ﬁeri
1742 2924 1850 2963 non

248 3023 565 3083 possumus,
586 3006 694 3062 nisi
715 3003 1077 3062 conﬁteamur
1101 3002 1431 3075 pmniteutes
1480 3001 1626 3073 quod
1668 3000 1853 3070 inique

251 3101 524 3176 gessimus
549 3098 903 3171 negligentes.
940 3096 1041 3165 Qui
1090 3095 1329 3166 seipsum
1361 3102 1585 3149 accusat
1634 3090 1689 3148 in
1732 3106 1856 3162 pee-

250 3196 390 3252 mtis
409 3193 550 3260 suis,
578 3193 722 3250 hunc
746 3192 995 3249 diabolus
1021 3204 1129 3246 non
1159 3189 1327 3245 habet
1354 3189 1553 3244 iterum
1593 3200 1854 3244 accusare

252 3289 306 3346 in
334 3288 423 3342 dic
453 3284 685 3354 judicii:
719 3284 765 3339 si
808 3292 987 3339 tamen
1028 3281 1299 3339 conﬁtens
1341 3279 1653 3352 paenitendo
1697 3275 1854 3333 diluit

249 3393 375 3451 qua:
400 3376 553 3442 fecit,
576 3392 678 3431 nec
708 3375 904 3430 iterum
938 3383 1165 3429 renovat
1210 3388 1333 3445 qua:
1369 3373 1479 3443 egit
1508 3369 1663 3444 [Μεη
1693 3384 1854 3425 revo-

1952 2165 2066 2240 tiis]
2097 2168 2297 2223 nostris
2326 2169 2784 2231 medicamentum
2811 2184 2937 2225 cum
2965 2169 3311 2252 ptenitcntia.

2484 2316 2513 2350 β
2551 2303 2781 2365 CAPUT
2847 2305 2981 2366 Xlll.

2540 2418 2619 2474 De
2636 2421 2957 2491 pauitantia.

2021 2553 2191 2625 Cujus
2220 2554 2336 2625 ipse
2374 2551 2627 2609 Salvator
2652 2552 2705 2607 in
2736 2553 3027 2625 Evangelia
3077 2554 3332 2612 virtutem
3362 2563 3549 2615 esten.

1952 2645 2055 2711 dit,
2083 2644 2309 2701 dicens:
2343 2639 2715 2705 Paenitentiam
2744 2644 2903 2716 agite,
2930 2645 3367 2717 appropinquabit
3412 2646 3551 2704 enim

1954 2752 2172 2809 regnum
2192 2735 2439 2791 calorum
2468 2735 2687 2806 (Matth.
2731 2752 2816 2803 ιιι,
2843 2735 2923 2810 2).
2950 2736 3020 2793 Et
3046 2735 3284 2795 Joannes
3301 2738 3549 2810 Baptista

1955 2828 2033 2882 ait
2062 2847 2076 2882 ε
2110 2825 2299 2882 Facite
2324 2828 2531 2899 [ructus
2579 2829 2767 2901 dignos
2810 2829 3125 2900 pertinentia:
3155 2829 3307 2900 (Luc.
3355 2847 3440 2898 ιιι,
3470 2832 3549 2904 8).

1954 2918 2186 2976 Fructus
2214 2930 2299 2977 est
2323 2920 2519 2993 dignus
2548 2921 2902 2992 pmnitentim,
2950 2930 3228 2978 transacta
3265 2921 3395 2979 ﬂere
3422 2940 3553 2995 pec-

1952 3023 2101 3079 cata,
2131 3022 2189 3070 et
2211 3014 2405 3069 eadem
2420 3015 2618 3070 iterum
2633 3030 2742 3072 non
2764 3029 2949 3083 agerc,
2971 3015 3113 3070 sicut
3138 3013 3421 3084 Scriptura
3443 3016 3548 3072 ait:

1958 3106 2083 3163 Non
2114 3108 2338 3180 adjicies
2364 3115 2633 3179 peccatum
2659 3123 2818 3179 super
2856 3116 3127 3178 peccatum
3172 3106 3363 3178 (Ereti.
3391 3123 3448 3174 ς’,
3471 3107 3550 3177 5).

1954 3198 2255 3267 stamim‘,
2283 3200 2414 3257 dicit
2441 3200 2701 3259 Dominus
2741 3214 2839 3270 per
2885 3198 3080 3257 isaiam
3118 3201 3461 3271 prophetam,
3503 3210 3554 3256 et

1954 3292 2142 3357 mundi
2171 3302 2332 3349 estote
2359 3291 2514 3364 (Isai.
2557 3308 2598 3357 ι.
2627 3289 2738 3362 16).
2765 3288 3005 3349 Lavatur
3033 3291 3215 3361 itaque
3243 3300 3298 3347 et
3318 3291 3555 3351 mundus

1955 3391 2063 3450 est,
2093 3382 2183 3455 qui
2212 3384 2487 3454 prmterita
2516 3384 2745 3455 plangit.
2773 3392 2830 3439 ct
2868 3383 3063 3439 iterum
3094 3382 3272 3439 ﬂenda
3309 3398 3419 3439 non
3457 3382 3554 3441 ad-

249 3447 363 3537 eat,
388 3484 513 3542 qum
555 3465 769 3541 gemit].
800 3466 1160 3535 Couﬁtemini,
1204 3465 1338 3522 dicit
1372 3463 1607 3521 Jacobus
1633 3471 1853 3533 aposto-

1958 3447 2129 3531 mittit
2146 3447 2278 3551 [.ll.,
2310 3491 2419 3531 non
2439 3447 2774 3549 committit].
2798 3473 3041 3535 Lavatur
3067 3483 3122 3531 et
3147 3490 3255 3533 non
3284 3483 3371 3535 est
3394 3491 3551 3534 mun-

251 3563 364 3630 ltts,
392 3564 705 3619 alterutrum
734 3570 948 3633 peccata
995 3571 1185 3625 vestra,
1210 3568 1261 3614 et
1290 3567 1435 3613 orate
1472 3574 1568 3630 pro
1608 3557 1851 3620 invicem,

251 3667 313 3713 ut
337 3654 615 3712 miremini
646 3652 788 3725 (Jac.
821 3668 875 3717 ν,
910 3650 1019 3725 '16).
1038 3651 1172 3707 item
1194 3652 1389 3707 beatus
1414 3647 1616 3711 Paulus
1634 3654 1853 3718 aposto-

248 3748 339 3805 lus
371 3767 382 3803 :
419 3746 527 3804 Ore
545 3755 718 3802 autem
744 3743 1004 3815 confessio
1032 3742 1093 3812 ﬁt
1122 3740 1192 3799 ad
1216 3739 1439 3797 salutem
1463 3738 1637 3812 (Rom.
1658 3756 1718 3805 Χ,
1740 3737 1849 3811 l0).

253 3838 366 3895 Sed
411 3845 469 3894 et
513 3835 770 3893 Salomon
815 3836 883 3890 de
913 3832 1252 3890 con‘hssicne
1287 3841 1640 3903 peccatorum
1668 3830 1806 3886 dixit
1838 3846 1851 3883 :

253 3928 363 3995 Qui
387 3928 659 3983 abscondit
686 3936 902 3999 peccata
933 3922 1079 3999 [Ms.,
1106 3922 1328 3996 scelera]
1357 3939 1478 3987 sua,
1506 3938 1611 3977 non
1661 3921 1856 3995 dirige-

250 4035 343 4078 tttr
363 4038 382 4077 :
406 4022 501 4093 qui
523 4030 697 4076 autem
717 4018 990 4089 confessus
1016 4016 1198 4086 fuerit,
1228 4024 1275 4071 et
1299 4013 1566 4087 reliquerit
1590 4032 1677 4079 ea,
1707 4014 1856 4068 misc-

253 4112 545 4168 ricordiam
585 4119 930 4182 consequetur
959 4105 1145 4181 (Prov.
1190 4120 1385 4169 xxvnt,
1435 4106 1548 4177 15).
1601 4105 1855 4176 Magnum

254 4211 345 4260 est
388 4202 581 4259 salutis
618 4201 1075 4259 medicamentum
1125 4214 1235 4254 non
1280 4198 1483 4255 iterare
1526 4215 1650 4271 quae
1689 4215 1857 4270 prave

257 4294 417 4372 [ιιι.
448 4293 636 4369 impie]
662 4294 947 4367 gessimus,
969 4306 1071 4348 nec
1089 4292 1333 4365 priorum
1353 4291 1642 4347 cicatrices
1670 4291 1858 4346 vulne—

257 4403 387 4446 rum
432 4389 763 4444 resauciarc.
821 4386 916 4442 Sic
968 4393 1151 4440 autem
1181 4384 1322 4441 dixit
1359 4381 1600 4441 Joannes
1627 4400 1861 4457 evange-

257 4477 386 4537 lista
420 4498 434 4535 :
466 4478 526 4536 Si
545 4478 894 4549 conﬁteantur
916 4485 1131 4551 peccata
1158 4485 1360 4543 nostra,
1410 4475 1582 4535 ﬁdelis
1608 4487 1686 4532 est
1714 4477 1859 4532 Deus

254 4584 305 4627 et
318 4571 525 4644 justus,
548 4580 607 4625 ut
635 4572 867 4625 remittat
893 4568 1040 4624 nobis
1074 4577 1310 4640 peccata,
1358 4576 1409 4622 et
1437 4569 1651 4624 mandet
1672 4587 1765 4625 nos
1793 4570 1859 4626 ab

255 4666 405 4720 omni
429 4664 707 4736 iniquitate
730 4661 785 4734 (I
826 4660 991 4716 Joan.
1016 4677 1060 4726 ι,
1090 4659 1168 4732 9).
1200 4659 1469 4717 Similiter
1487 4668 1543 4715 et
1570 4660 1860 4719 Psalmista

259 4756 341 4810 ait
365 4774 380 4809 :
416 4754 545 4808 Divi
567 4766 586 4805 .'
615 4751 918 4823 Conﬁtebor
933 4753 1209 4808 adversum
1233 4768 1315 4809 me
1343 4753 1663 4823 iniustitiam
1692 4771 1861 4809 meam

1954 3566 2080 3633 dus,
2110 3567 2201 3638 qui
2225 3566 2431 3639 plangit
2453 3565 2596 3638 quod
2620 3567 2808 3638 gessit,
2836 3580 2939 3620 nec
2962 3565 3164 3621 deserit
3195 3584 3207 3619 :
3233 3572 3288 3619 et
3313 3573 3437 3637 post
3472 3565 3551 3627 la-

1956 3673 2173 3730 crymas
2217 3658 2335 3713 bzec
2380 3673 2500 3729 quae
2525 3657 2766 3723 ﬂeverat,
2819 3658 3036 3728 repetit.
3079 3656 3156 3717 De
3196 3655 3283 3716 bis
3308 3657 3401 3728 qui
3427 3665 3555 3727 post

1957 3750 2229 3823 laerymas
2255 3750 2325 3805 ad
2343 3750 2537 3807 delicta
2569 3756 2916 3805 revertuntur
2951 3748 3136 3821 pejora
3161 3748 3296 3822 (.41.,
3322 3746 3553 3823 priora],

1957 3844 2149 3899 beatus
2198 3842 2395 3897 Petrus
2444 3838 2766 3899 terribiliter
2803 3842 2923 3896 ait:
2954 3837 3117 3894 Canis
3164 3842 3441 3895 revertitur
3486 3839 3560 3895 at!

1957 3935 2206 3990 vomitum
2232 3949 2388 3987 suum
2411 3930 2495 4004 (Il
2524 3928 2673 3986 Patr.
2704 3947 2764 3995 il,
2786 3930 2900 4003 2‘3).
2926 3926 3057 3996 Fili,
3080 3930 3329 4001 peccasti,
3354 3928 3555 3991 dicitur

1958 4026 2012 4082 in
2031 4026 2313 4097 Scriptura
2335 4033 2543 4090 sancta,
2570 4040 2674 4078 non
2695 4023 2921 4095 edjicias
2944 4022 3155 4086 iterum,
3176 4021 3267 4077 scd
3286 4022 3351 4079 de
3369 4022 3554 4091 pristi-

1959 4120 2041 4174 nis
2069 4117 2367 4188 deprecare,
2395 4124 2445 4171 et
2472 4115 2799 4171 remittantur
2830 4114 2925 4168 tibi
2954 4112 3146 4185 (Eccli.
3180 4129 3300 4176 xxi,
3331 4112 3403 4185 ἱ).
3426 4105 3555 4176 Ρω-

1958 4208 2191 4263 nitentia
2221 4221 2351 4261 vera
2395 4220 2501 4260 non
2561 4218 2829 4261 annorum
2883 4217 3111 4260 numero
3153 4210 3429 4266 censetur,
3458 4200 3555 4256 sed

1959 4298 2320 4355 amaritudine
2345 4296 2556 4368 animi“
2581 4294 2737 4351 Unde
2777 4294 2970 4350 beatus
3006 4291 3205 4353 Petrus
3249 4307 3372 4350 mox
3399 4305 3430 4345 a
3452 4288 3560 4346 Da-

1959 4391 2110 4445 mino
2147 4387 2538 4459 indulgentiam
2582 4383 2810 4456 recepit,
2854 4383 2981 4453 quia
3023 4382 3365 4444 amarissime
3406 4379 3557 4437 ﬂevit

1963 4482 2118 4537 trium
2161 4478 2465 4552 negationis
2504 4477 2740 4548 culpam.
2788 4473 3138 4537 Pmnltentia,
3189 4472 3439 4544 quamvis
3486 4470 3563 4527 sit

1961 4571 2142 4643 exigui
2193 4569 2485 4640 temporis;
2534 4569 2580 4622 si
2634 4568 2825 4622 intima
2849 4566 3030 4626 cordis
3060 4564 3424 4630 amaritudine
3446 4562 3563 4635 agi-

1964 4672 2073 4728 tur,
2102 4678 2209 4719 non
2237 4661 2534 4733 despicitur
2562 4658 2702 4731 apud
2741 4660 2976 4735 judieem
3009 4658 3217 4730 justum
3248 4658 3439 4722 Deum,
3464 4655 3562 4728 qui

1964 4755 2147 4812 cordis
2189 4762 2405 4810 secreta
2449 4751 2776 4815 considerat,
2818 4752 2935 4808 Non
2975 4752 3120 4807 enim
3166 4751 3562 4823 longitudinem

261 4847 492 4906 Domino
518 4858 535 4898 :
564 4856 613 4899 et
642 4854 697 4898 tu
727 4845 975 4899 remisisti
1003 4844 1496 4918 iniquitatem[Ms.,
1514 4845 1860 4919 impietatem]
1895 4817 1943 4877 θ
1973 4846 2234 4917 temporis
2289 4854 2496 4900 tantum
2528 4844 2758 4914 requirit
2796 4844 2956 4910 Deus,
3003 4817 3289 4912 quantum.
3309 4841 3564 4901 allectum

258 4937 460 5012 peccati
486 4937 591 4992 mei
615 4933 788 5009 (Psal.
813 4952 968 5000 xm,
1000 4934 1076 5007 5).
1106 4934 1302 4990 Vivens
1331 4938 1656 4992 conﬁteatur
1673 4952 1863 5008 pecca-

262 5041 353 5088 tor
379 5045 504 5103 qucc
532 5029 684 5092 fecit,
712 5027 841 5099 quia
873 5042 981 5082 non
1011 5034 1096 5082 est
1122 5025 1398 5082 fructuosa
1427 5028 1698 5084 confessio
1721 5028 1863 5098 apud

263 5121 494 5187 inferos,
539 5134 643 5175 nec
667 5117 989 5190 paenitentia
1031 5118 1098 5172 ad
1121 5117 1349 5173 salutem
1376 5119 1689 5188 proﬁciens.
1725 5120 1864 5175 Ecce

261 5230 414 5273 nunc
456 5223 672 5285 tempus
714 5212 926 5278 salutis,
956 5224 1085 5267 ecce
1123 5227 1266 5268 nunc
1297 5221 1510 5281 tempus
1533 5212 1868 5282 acceptabiie

264 5308 383 5371 Deo
412 5304 501 5379 (Il
532 5303 660 5361 Cor.
690 5304 869 5378 vt,2).
912 5302 1149 5373 Tempus
1196 5312 1282 5364 est
1330 5318 1475 5359 nunc
1529 5304 1865 5360 remissionis

264 5398 693 5472 penitentibus;
738 5398 833 5455 sed
872 5406 1086 5467 tempus
1128 5394 1289 5467 135.
1316 5396 1423 5449 erit
1460 5404 1584 5466 post
1609 5407 1863 5451 mortem

262 5492 522 5560 vindicta:
550 5489 950 5564 negligentibus
995 5488 1244 5545 confiteri
1284 5490 1489 5546 scelera
1519 5503 1636 5543 sua.
1664 5486 1867 5544 Omnes

262 5583 415 5638 enim
446 5581 600 5657 impii
627 5597 871 5640 amaram
911 5581 1119 5638 habent
1158 5580 1213 5637 in
1258 5582 1546 5636 tormentis
1593 5581 1863 5652 perniten-

266 5677 427 5741 tiarn,
480 5676 578 5735 sed
622 5690 731 5730 non
777 5672 995 5744 prolicit
1026 5674 1107 5733 eis
1152 5674 1475 5744 panitcntia
1520 5674 1589 5729 ad
1637 5674 1864 5730 salutem

267 5764 434 5840 μισ..
465 5764 868 5842 remissionem]
899 5785 911 5820 :
938 5766 1034 5822 sed
1053 5765 1387 5825 conscientia
1427 5773 1641 5836 torquet
1668 5780 1765 5826 eos
1801 5767 1869 5818 ad

271 5869 627 5934 augmentum
675 5875 966 5939 prunarum
1019 5873 1158 5931 quas
1204 5860 1505 5931 patiuntur.
1577 5858 1873 5916 Potuerunt

268 5958 421 6012 enim
442 5955 545 6015 sibi
572 5968 673 6029 per
696 5952 1095 6020 confessionem
1138 5967 1449 6028 peccavere
1472 5960 1868 6008 tormentorum

1972 4937 2308 4993 sinceritatis
2337 4934 2698 5013 [ptenitentis]
2728 4947 2944 5015 pensat.
2979 4935 3080 5003 Qui
3123 4936 3270 4991 enim
3320 4934 3375 4990 in
3401 4931 3562 4993 Citri—

1972 5040 2117 5085 stum
2149 5031 2260 5085 tota
2286 5036 2469 5085 mente
2498 5028 2743 5097 conﬁdit,
2774 5029 2988 5085 etiamsi
3009 5030 3065 5083 in
3091 5029 3276 5085 multis
3300 5029 3566 5088 moriatur

1972 5124 2235 5194 peccatis,
2266 5121 2371 5177 ﬁde
2397 5137 2493 5177 sua
2521 5122 2655 5177 vivit
2676 5120 2727 5175 in
2750 5131 3033 5186 :eternum,
3078 5123 3220 5177 sicut
3248 5122 3361 5191 ipse
3385 5122 3568 5181 Domi~

1974 5234 2077 5272 nus
2105 5217 2157 5272 in
2185 5215 2480 5287 Evangelio
2498 5216 2577 5272 ait
2598 5233 2612 5268 :
2642 5210 2755 5283 Ego
2777 5232 2895 5271 sum
2917 5217 3227 5271 resurrectio
3246 5226 3293 5270 ct
3318 5216 3443 5271 vita.
3460 5214 3568 5281 Qui

1974 5307 2141 5361 credit
2166 5309 2221 5361 in
2252 5323 2353 5371 me,
2384 5306 2592 5362 etiamsi
2621 5314 2858 5360 mortuus
2888 5305 3069 5377 fuerit,
3093 5307 3219 5362 rit-et
3256 5320 3273 5361 :
3306 5317 3354 5365 ct
3395 5307 3567 5363 omnis

1971 5402 2062 5470 qui
2093 5400 2216 5454 vivit
2241 5408 2290 5453 et
2317 5398 2481 5457 credit
2515 5400 2571 5453 in
2602 5414 2705 5462 nte,
2755 5414 2858 5451 non
2909 5398 3163 5452 morietur
3209 5399 3265 5455 in
3310 5408 3569 5459 talentum

1974 5490 2156 5562 (tam.
2186 5507 2265 5555 ιι,
2290 5489 2405 5559 25).
2452 5489 2528 5545 De
2558 5497 2734 5544 morte
2779 5489 2976 5543 animm
2996 5489 3157 5557 dixit,
3187 5490 3315 5562 quia
3347 5501 3570 5565 propter

1972 5592 2321 5654 peccatorum
2346 5581 2722 5653 argritudinem
2753 5578 2887 5653 (AL,
2919 5596 3040 5654 qua:
3078 5582 3178 5654 pro
3223 5580 3570 5657 argritudiue)

1971 5677 2187 5729 eveniet
2208 5674 2303 5729 illi.
2334 5674 2478 5729 Deus
2510 5682 2690 5728 autem
2717 5682 2909 5733 natura
2942 5674 3253 5734 misericors
3279 5684 3383 5741 cst,
3410 5690 3570 5748 parav

1976 5783 2062 5829 tus
2084 5782 2169 5828 est
2188 5772 2398 5829 salvarc
2421 5786 2519 5844 per
2543 5771 2997 5835 misericordiam,
3051 5787 3191 5842 quos
3238 5788 3345 5825 non
3390 5771 3573 5825 venirt

1976 5863 2131 5937 [δίδη
2166 5862 2395 5935 invenit)
2427 5860 2641 5917 salvarc
2678 5877 2777 5934 per
2806 5861 3089 5933 justitiam.
3122 5860 3212 5933 qui
3243 5860 3349 5917 vult
3393 5878 3571 5916 omnes

1976 5956 2145 6010 saltos
2174 5955 2310 6024 ﬁeri,
2354 5963 2407 6008 ct
2451 5954 2707 6007 neminem
2752 5954 2921 6023 perire
2970 5952 3021 6024 (1
3058 5953 3191 6009 Tim.
3234 5969 3293 6018 ιι,
3342 5952 3396 6023 ι)
3434 5971 3445 6006 :
3477 5953 3569 6022 qui

352 6083 378 6112 ⁸
416 6073 497 6128 Ex
544 6070 796 6143 capitulis
844 6070 913 6123 12
950 6078 1008 6123 et
1058 6067 1127 6122 15
1174 6075 1385 6123 constat
1428 6083 1607 6122 sermo
1644 6066 1747 6121 9.51
1789 6066 1843 6120 S.
1890 6068 2022 6140 .‘lug.
