4112 6594
640 371 749 428 ὓῒὸ

1456 363 1514 418 Β.
1566 362 1626 417 F.
1670 360 1896 416 ALBlNl
1935 357 2066 414 SEU
2108 348 2384 412 ALCUNI
2422 351 2706 411 OPERUM
2744 351 2925 408 PARS
2965 351 3052 408 1V.

3817 341 3914 401 (321

642 502 742 558 per
777 482 1093 556 prophetam
1118 479 1194 533 ait
1228 496 1240 532 :
1275 477 1338 530 In
1365 491 1672 548 quacunque
1697 474 1782 526 die
1808 487 2083 526 com-ersns
2115 471 2229 539 fue-
2261 475 2302 529 Α
2332 467 2476 522 niam
2504 468 2764 532 inveniet,
2793 468 2886 538 qui
2914 467 3075 522 modo
3101 472 3284 536 aptum
3313 465 3481 520 venia:
3509 475 3728 535 tempus
3747 465 3922 533 perdi-

646 578 711 630 rit
731 581 994 644 peccator,
1019 571 1122 625 cita
1148 571 1294 629 viret,
1319 575 1365 619 et
1394 582 1499 619 non
1525 564 1773 618 morietur
1807 561 2023 633 (Exerit.
2075 573 2230 621 xvitt,

647 665 756 740 2|).
787 661 1043 732 Quamvis
1087 659 1314 728 quisque
1338 655 1409 710 sit
1440 663 1696 724 peccator
1739 659 1796 706 et
1845 650 2063 719 impius,
2095 648 2139 701 si
2165 647 2236 701 ad

646 755 1019 828 pceuitentiam
1048 755 1414 810 convertatur,
1455 743 1712 813 consequi
1739 757 1897 813 posse
1925 743 2136 794 veniam
2175 751 2235 792 se

646 863 742 917 per
787 844 879 899 Dei
926 838 1348 897 miscricordiam
1402 851 1506 890 non
1547 835 1774 889 dubitet.
1818 832 1874 886 In
1906 833 2010 886 hoc
2039 828 2236 884 saeculo

649 937 1023 1009 paenitentiam
1053 930 1377 986 facientibus
1422 926 1515 981 Dei
1563 923 1937 980 misericordia
1963 920 2232 976 subvenit.

648 1031 703 1084 lu
733 1029 916 1083 futuro
943 1033 1123 1079 autem
1150 1019 1470 1091 ptenitentia
1514 1031 1620 1071 non
1670 1015 1904 1086 proiicit,
1935 1013 2030 1068 sed
2072 1012 2236 1066 ratio-

650 1138 772 1177 nem
816 1128 1127 1174 nostrorum
1173 1109 1448 1186 [operum]
1493 1108 1756 1165 reddituri
1802 1122 2007 1161 smnus.
2049 1105 2106 1159 ln
2135 1106 2237 1159 hac

647 1215 754 1268 vita
776 1219 982 1267 tantum
1008 1205 1292 1278 pmnitenti
1319 1203 1476 1277 [Ms.,
1505 1199 1860 1272 poenitentiae]
1900 1207 2045 1270 patet
2067 1198 2232 1254 liber—

649 1315 749 1370 tas,
780 1308 900 1372 post
929 1306 1157 1353 mortem
1183 1311 1313 1350 vero
1343 1293 1487 1348 nulla
1513 1291 1867 1347 correctionis
1886 1299 1970 1344 est
1995 1289 2232 1344 licentia.

1235 1426 1463 1484 CAPUT
1501 1424 1637 1479 XIV.

639 1549 726 1603 De
754 1563 855 1601 non
889 1541 1150 1600 tardando
1175 1540 1402 1594 converti
1424 1608 1433 1610 μ
1452 1541 1520 1592 ad
1551 1538 1721 1610 Deum
1751 1536 1882 1610 [Al..
1913 1535 1988 1590 De
2016 1547 2237 1588 convcr-

1145 1613 1291 1667 sione
1312 1612 1380 1665 ad
1412 1608 1744 1680 Dominum].

707 1731 942 1804 Legitur
981 1729 1037 1784 in
1083 1727 1281 1782 litteris
1330 1724 1590 1779 divinitus
1642 1721 1915 1793 inspiratis
1966 1717 2167 1772 dictum
2216 1733 2231 1769 :

2333 559 2430 616 dit.
2454 559 2528 614 lbi
2553 561 2667 630 jam
2697 575 2727 614 a
2753 559 2866 614 Deo
2895 575 3000 614 non
3037 568 3213 629 potest
3251 558 3447 613 mereri
3473 557 3616 627 quod
3643 559 3807 628 petit,
3834 555 3920 626 qui

2333 649 2423 707 hic
2451 650 2622 706 noluit
2650 651 2838 705 audire
2867 651 3009 720 quod
3043 651 3227 721 jussit.
3283 651 3385 717 Qui
3413 660 3626 721 tempus
3655 649 3921 718 pwniten-

2334 743 2423 800 tia:
2444 744 2629 799 datum
2660 741 2811 816 [sibi]
2840 743 3085 815 negligit,
3117 742 3316 798 frustra
3347 752 3472 796 ante
3504 741 3747 797 tribunal
3774 739 3923 810 Clui-

2332 836 2400 891 sti
2422 850 2614 906 precrs
2640 835 2887 890 eﬂ‘undit.
2917 834 3198 890 chtinare
3226 835 3385 890 debet
3411 835 3476 888 ad
3500 833 3673 889 Deum
3701 847 3923 887 conver-

2337 932 2498 986 tendo
2528 931 2919 1001 unusquisque,
2949 929 3073 986 dum
3105 937 3304 1000 potest,
3349 945 3417 984 ne
3440 929 3508 993 si,
3547 928 3680 983 dum
3728 934 3922 999 potest.

2337 1022 2592 1089 noluerit,
2610 1023 2831 1079 omnino
2852 1038 2975 1078 cum
3006 1023 3159 1077 tarde
3182 1021 3435 1084 voluerit,
3459 1037 3563 1076 non
3589 1019 3788 1092 possit.

2908 1167 2933 1194 ι
2974 1153 3204 1210 CAPUT
3245 1152 3360 1208 XV.

2834 1243 2911 1299 De
2960 1247 3143 1299 timore
3196 1245 3426 1299 Domini.

2411 1335 2631 1390 Initium
2676 1337 2950 1408 sapientia:
2991 1337 3149 1391 timor
3189 1337 3402 1392 Domini
3443 1337 3615 1408 (Psal.
3672 1355 3766 1404 cx,
3821 1339 3922 1406 1ο).

2337 1426 2527 1499 Magna
2550 1435 2636 1483 est
2657 1427 2870 1483 cautela
2906 1431 3115 1499 peccati
3155 1429 3322 1484 Deum
3359 1444 3573 1500 semper
3602 1439 3927 1499 praesentem

2336 1513 2490 1590 [Ms.,
2521 1515 2618 1572 Dei
2658 1516 3028 1590 praesentiam]
3073 1519 3286 1574 timere.
3328 1517 3432 1585 Qui
3477 1518 3724 1589 perfecte
3760 1518 3927 1574 Deum

2335 1609 2530 1674 timet,
2579 1608 2870 1680 diligenter
2915 1623 2977 1666 se
3024 1625 3056 1664 a
3098 1611 3338 1681 peccatis
3392 1611 3650 1666 custodit.
3708 1609 3929 1665 Timenti

2333 1699 2505 1756 Deum
2536 1700 2593 1754 in
2636 1700 2914 1756 novissimo
2957 1701 3042 1755 die
3084 1701 3210 1757 bene
3253 1703 3371 1766 erit,
3413 1712 3459 1756 et
3500 1718 3698 1756 merces
3729 1702 3847 1772 ejus
3877 1701 3927 1754 in

653 1794 878 1890 Filifne
907 1820 1084 1876 tardes
1131 1817 1357 1874 converti
1398 1815 1467 1869 ad
1495 1813 1666 1869 Deum
1705 1810 1854 1885 [Ms.,
1905 1804 2231 1878 Dominum],
2269 1817 2310 1878 Β
2335 1803 2590 1849 Meritum
2633 1803 2904 1890 ηεηηᾳηρι
2951 1794 3142 1866 (Eccli.
3181 1812 3231 1861 ι,
3270 1796 3380 1866 13).
3415 1795 3518 1864 Qui
3552 1795 3843 1890 erubescit
3876 1795 3926 1848 in

650 1919 772 1989 quia
800 1913 965 1970 nescis
1016 1909 1143 1984 quid
1164 1910 1345 1982 futura
1373 1907 1544 1978 pariat
1572 1903 1682 1958 dies
1722 1901 1912 1975 (Eccli.
1943 1916 1999 1965 v,
2026 1898 2101 1966 8).
2125 1897 2227 1966 Qui

651 2011 827 2065 tardat
887 2005 1153 2072 converti,
1199 2000 1495 2073 periculum
1531 1996 1661 2054 facit
1704 1996 1898 2051 animm
1938 2009 2068 2058 suae,
2105 1991 2233 2061 quia

652 2120 791 2157 mors
821 2117 922 2156 non
944 2097 1120 2153 tardat
1149 2093 1338 2168 (Eccli.
1371 2108 1487 2156 Xtv,
1519 2089 1627 2161 l2).
1668 2087 1798 2155 Quae
1842 2087 1888 2142 si
1930 2085 2235 2140 tardantem

652 2192 898 2249 converti
924 2189 1184 2252 inveniet,
1213 2185 1279 2240 ad
1304 2190 1572 2240 tormenta
1599 2179 1816 2235 deducit
1856 2193 2000 2231 eum.
2051 2175 2236 2230 Disso-

652 2287 762 2341 luta
791 2293 848 2338 et
867 2279 1164 2355 paralytica
1189 2275 1345 2349 [Ms.,
1372 2269 1698 2345 periculosa]
1742 2269 1997 2340 cogitatio
2026 2275 2131 2331 est,
2171 2264 2238 2320 de

651 2370 1155 2446 eritstina'cogitarc
1183 2365 1560 2428 conversione,
1595 2369 1652 2415 ct
1701 2360 2024 2415 hodiernam
2068 2355 2239 2446 negli-

652 2484 797 2540 gere.
821 2463 960 2533 Quid
983 2445 1040 2516 tu
1061 2467 1314 2531 peccator
1336 2450 1624 2530 [converti]
1646 2449 1980 2513 dissimulas,
2000 2445 2162 2540 7135
2185 2453 2241 2501 et

655 2537 761 2613 non
804 2553 1022 2618 metuis,
1075 2564 1143 2605 ne
1173 2547 1271 2603 tibi
1298 2559 1448 2600 mors
1475 2541 1757 2614 repentina
1803 2539 2071 2610 subripiat
2096 2537 2240 2592 diem

653 2641 1059 2703 conversionis?
1095 2638 1283 2695 Nonne
1311 2635 1559 2692 homines
1592 2632 1774 2689 subito
1805 2630 2145 2688 moriuntur?
2182 2628 2239 2684 Si

655 2741 856 2795 bonum
886 2743 968 2790 est
992 2738 1214 2805 peccata
1240 2727 1534 2791 dimittere,
1566 2731 1622 2779 et
1649 2722 1718 2778 ad
1766 2721 1937 2778 Deum
1977 2721 2240 2786 converti,

655 2815 766 2887 cito
805 2828 922 2883 'iiat.
971 2826 1117 2882 Deus
1143 2821 1240 2880 tibi
1290 2819 1561 2892 promittit
1601 2817 1981 2874 remissionem
2019 2830 2246 2870 convcr-

657 2924 792 2980 tenti
839 2937 868 2976 a
917 2918 1177 2991 peccatis,
1208 2915 1558 2972 securitatem
1607 2910 1704 2967 tibi
1742 2927 1848 2967 non
1879 2909 2125 2980 promisit
2153 2907 2245 2962 diu

657 3013 890 3071 vivendi.
919 3010 1086 3084 [Lege
1124 3007 1437 3080 prophetas,
1463 3003 1580 3074 lege
1607 3001 1945 3074 Apostolum,
1973 3009 2030 3057 et
2050 2999 2172 3055 vide
2199 2999 2246 3055 si

660 3105 755 3162 tibi
801 3101 1070 3174 promissa
1109 3099 1183 3156 s'rt
1235 3099 1367 3153 hora
1407 3105 1503 3150 aut
1523 3093 1685 3168 dies]
1724 3093 1848 3149 ldeo
1877 3101 2160 3148 convertat
2187 3107 2246 3148 se

2334 1893 2626 1957 conspectu
2655 1884 2891 1942 hominis
2909 1899 3170 1957 peccare,
3195 1897 3403 1958 quanto
3422 1889 3597 1959 magis
3621 1888 3791 1944 debet
3817 1903 3929 1943 eru-

2332 1977 2556 2034 bescere
2583 1977 2639 2032 in
2669 1987 2966 2048 conspectu
2996 1978 3096 2035 Dei
3127 1981 3466 2051 iniquitatem
3497 1997 3678 2052 agere,
3702 1984 3799 2052 qui
3824 1998 3925 2039 non

2335 2067 2507 2123 solum
2550 2083 2746 2139 opera,
2786 2069 2882 2124 sed
2923 2078 2981 2125 et
3022 2070 3187 2126 corda
3233 2073 3560 2128 considerat.
3589 2072 3693 2140 Qui
3741 2075 3929 2128 timore

2337 2169 2526 2218 sancto
2553 2160 2724 2218 Deum
2765 2170 3048 2230 metuunt,
3076 2163 3362 2233 inquirunt
3394 2180 3516 2235 qua:
3554 2166 3694 2220 bona
3736 2165 3927 2236 placita

2336 2260 2467 2308 sunt
2494 2250 2587 2306 illi.
2621 2251 2772 2308 Alius
2815 2260 2902 2308 est
2945 2253 3110 2308 timor
3153 2253 3406 2319 filiorum,
3439 2254 3577 2311 alius
3628 2265 3719 2310 est
3771 2258 3928 2310 timor

2337 2355 2637 2396 servorum.
2668 2339 2823 2398 Servi
2852 2343 3000 2397 enim
3025 2351 3247 2414 pr0pter
3285 2351 3554 2399 tormenta
3587 2344 3842 2399 dominos
3872 2348 3928 2398 ti-

2339 2438 2518 2496 ment,
2551 2430 2645 2484 fllii
2697 2445 2826 2486 vero
2870 2441 3094 2502 propter
3126 2447 3367 2489 amorem
3401 2444 3586 2504 patres
3625 2435 3839 2490 timent.
3871 2434 3925 2488 Si

2341 2522 2435 2579 lilii
2462 2522 2556 2578 Dei
2584 2537 2791 2589 sumus,
2827 2523 3114 2580 timeamus
3155 2540 3278 2580 eum
3318 2539 3386 2580 ex
3432 2525 3719 2582 cliaritatis
3751 2527 3928 2582 dulce-

2341 2617 2486 2681 dine,
2512 2630 2620 2672 non
2660 2615 2728 2671 de
2770 2615 2982 2671 timoris
3023 2617 3402 2673 amaritudine.
3435 2617 3605 2675 Homo
3630 2620 3850 2689 sapiens
3876 2621 3926 2674 iu

2342 2707 2593 2762 omnibus
2638 2707 2896 2778 operibus
2936 2708 3050 2762 suis
3091 2709 3284 2762 metuit
3321 2709 3639 2776 Dominum,
3667 2714 3846 2766 sciens
3874 2727 3926 2763 se

2344 2812 2620 2867 nunquam
2647 2795 2767 2866 ejus
2786 2799 3132 2868 prarsentiam
3161 2798 3347 2872 fugere
3374 2816 3564 2871 posse,
3601 2802 3750 2859 sicut
3783 2803 3926 2859 Psal-

2344 2889 2506 2944 mista
2530 2888 2642 2946 Deo
2669 2888 2838 2944 dicit:
2866 2886 2983 2955 Quo
3015 2890 3097 2944 ibo
3125 2909 3156 2946 a
3184 2893 3372 2963 spiritu
3401 2900 3512 2959 tuo,
3539 2904 3588 2949 et
3613 2912 3719 2967 quo
3741 2914 3773 2949 a
3799 2897 3927 2968 [acie

2345 2991 2438 3036 tua
2494 2980 2699 3053 fugiam
2735 2982 2910 3056 (l’sal.
2952 2999 3230 3051 cxxxvm,
3268 2987 3360 3056 7)?
3393 2986 3592 3043 lterum
3625 3009 3636 3044 :
3670 2989 3811 3056 Quia
3841 3008 3925 3045 nr-

2346 3091 2446 3148 que
2470 3076 2535 3130 ab
2559 3073 2793 3142 Oriente,
2821 3093 2986 3150 neque
3005 3078 3072 3132 ab
3117 3076 3398 3134 Occidente
3430 3079 3604 3151 (Psal.
3633 3099 3818 3149 Lutv,
3854 3084 3924 3152 7).,

665 3203 829 3259 citius
855 3195 1224 3267 unusquisque
1249 3191 1318 3247 ad
1337 3190 1538 3254 Deum,
1554 3198 1616 3245 et
1643 3203 1765 3244 cum
1783 3187 2067 3244 invenerit
2093 3202 2241 3251 eum,

2350 3168 2689 3267 subauditur,
2736 3177 2889 3241 patet
2935 3169 3085 3227 locus
3129 3169 3368 3243 fugiendi
3415 3171 3606 3229 Deum.
3648 3173 3756 3242 Qui
3794 3179 3925 3231 timet

656 3294 1000 3362 derelinquat
1025 3289 1224 3359 impius
1249 3286 1395 3340 viam
1424 3300 1597 3340 suam.
1634 3282 1691 3338 Si
1737 3282 1914 3337 subito
1945 3283 2110 3336 intrat
2131 3280 2248 3334 dies

659 3396 956 3450 extremus,
987 3383 1126 3454 perit
1155 3381 1360 3445 dilatio,
1409 3387 1464 3433 et
1516 3385 1684 3432 restat
1728 3376 2022 3432 damnatio.
2064 3373 2249 3431 Perire

664 3497 772 3538 non
822 3479 922 3544 vis,
970 3475 1084 3532 redi
1134 3472 1202 3529 ad
1238 3473 1433 3538 Deum,
1475 3481 1529 3525 et
1576 3470 1744 3525 vives.
1787 3468 1906 3522 Noli
1962 3467 2250 3539 desperare

665 3570 820 3647 [Ms.,
845 3554 1118 3641 peccando
1170 3562 1410 3636 sperare]
1458 3562 1525 3616 de
1566 3561 1720 3615 venia
1747 3567 2115 3630 peccatorum,
2153 3572 2252 3613 nec

666 3667 733 3721 de
759 3663 868 3718 vita
899 3658 1126 3731 longiori
1156 3656 1446 3713 conlidere.
1470 3654 1800 3710 Convertere
1821 3666 1972 3724 ergo,
1998 3659 2052 3705 et
2082 3651 2254 3722 paeni-

667 3755 894 3811 tentiam
936 3766 1053 3823 age.
1099 3749 1255 3815 Cras,
1290 3747 1523 3817 inquies,
1570 3755 1904 3800 convertam.
1943 3745 2120 3811 Quare
2147 3758 2253 3797 non

669 3847 862 3904 hodie?
889 3845 1026 3914 Quid
1053 3843 1200 3909 mali,
1247 3839 1408 3906 dicis,
1436 3841 1481 3895 si
1517 3855 1638 3894 cras
1681 3839 1895 3892 dicam?
1930 3836 2069 3905 Quid
2104 3836 2252 3900 mali,

669 3951 713 4002 si
746 3943 943 4002 hodié?
967 3941 1131 3997 Forte
1158 3939 1330 3995 dicis:
1364 3936 1544 4007 Longa
1587 3935 1692 3991 erit
1736 3935 1844 3988 vita
1875 3949 2013 3988 inea.
2050 3933 2256 3996 Dicam,

672 4038 718 4093 si
766 4035 924 4107 longa
971 4033 1044 4090 sit
1087 4030 1241 4105 [Ms.,
1271 4027 1422 4100 erit],
1452 4029 1591 4083 bona
1627 4027 1730 4092 sit;
1764 4026 1809 4081 si
1837 4026 2040 4083 brevis.
2066 4035 2120 4079 et
2143 4025 2258 4093 ipsa

672 4133 813 4184 bona
843 4129 934 4185 sit.
965 4125 1096 4196 Quis
1127 4123 1265 4182 ferat
1293 4122 1492 4178 malum
1527 4121 1778 4190 longum?
1813 4119 2104 4173 Prandium
2145 4117 2260 4171 lou-

2351 3257 2543 3326 Deum,
2573 3260 2788 3332 accipiet
2817 3261 3112 3320 doctrinam
3141 3263 3290 3334 ejus,
3315 3273 3363 3318 et
3397 3266 3484 3337 qui
3525 3266 3846 3338 vigilaverint
3877 3271 3925 3322 in

2351 3354 2616 3409 mandatis
2640 3353 2805 3418 illius,
2833 3357 3093 3411 invenient
3119 3355 3528 3413 benedictionem
3550 3363 3926 3434 sempiternam

2353 3442 2545 3515 (Eccli.
2587 3459 2762 3513 xxxu,
2803 3445 2914 3518 18).
2964 3444 3214 3504 Timentis
3267 3446 3435 3504 Deum
3477 3449 3628 3505 beata
3657 3464 3732 3507 est
3762 3453 3927 3507 animo

2353 3534 2546 3609 (Eccli.
2578 3553 2767 3606 xxxrv,
2794 3538 2903 3611 l7),
2928 3547 2986 3594 et
3013 3554 3044 3594 a
3079 3541 3378 3596 tentatione
3418 3541 3682 3598 diabolica
3714 3553 3825 3599 tuta
3857 3561 3930 3598 re-

2355 3641 2557 3688 manet.
2598 3631 2795 3689 Beatus
2827 3634 3012 3699 homo,
3038 3636 3127 3706 qui
3164 3651 3367 3705 semper
3390 3645 3463 3689 est
3501 3637 3722 3707 pauidus
3755 3636 3925 3710 (Pror.

2357 3737 2552 3787 xxviii,
2585 3722 2695 3790 14),
2719 3731 2776 3778 et
2799 3723 2889 3778 cui
2917 3723 3176 3779 donatum
3197 3733 3285 3779 est
3317 3725 3409 3780 Dei
3445 3727 3691 3783 timorem
3729 3743 3930 3800 semper

2358 3822 2484 3868 ante
2511 3813 2695 3870 oculos
2719 3811 2937 3872 habere.
2959 3815 3062 3882 Qui
3103 3817 3258 3872 timet
3287 3818 3587 3886 Dominum,
3630 3823 3832 3877 recedit
3869 3821 3931 3876 ab

2357 3906 2554 3962 itinere
2580 3923 2767 3979 pravo,
2795 3917 2852 3965 et
2883 3911 2952 3966 ad
2981 3911 3200 3968 virtutis
3236 3915 3486 3970 semitam
3511 3916 3628 3970 vias
3659 3933 3787 3972 suas
3814 3918 3932 3972 diri-

2359 4000 2454 4071 git.
2482 3999 2670 4058 Timor
2695 4003 2908 4059 Domini
2944 4005 3154 4074 repellit
3189 4017 3409 4075 peccata
3429 4050 3442 4072 ,
3471 4017 3528 4064 et
3552 4011 3736 4078 adjicit
3772 4012 3930 4065 virtu-

2363 4100 2464 4146 tes.
2497 4090 2682 4148 Timor
2706 4103 2925 4150 cautum
2954 4094 3083 4150 facit
3109 4097 3384 4154 hominem
3420 4109 3478 4155 et
3523 4102 3836 4162 sollicitum.
3867 4119 3933 4159 ne

674 4237 798 4294 gum
827 4235 933 4275 non
962 4185 1045 4274 vwis
1071 4217 1276 4272 habere
1303 4214 1522 4280 malum,
1552 4223 1610 4268 et
1633 4213 1799 4268 vitam
1823 4212 2035 4281 longam
2058 4211 2140 4265 vis
2167 4211 2264 4264 ha-
2363 4185 2700 4294 Pﬁccﬂ-‘mj
2730 4203 2872 4293 ξ’θτο.
2885 4189 3048 4294 “1:10?
3070 4190 3280 4293 nemini
3309 4208 3416 4247 non
3439 4203 3542 4294 est,
3566 4195 3640 4250 ibi
3667 4197 3932 4294 dissolutio

677 4317 803 4368 bere
825 4309 1264 4366 malam?Villam
1289 4307 1426 4363 emis
1445 4326 1456 4362 :
1484 4307 1682 4361 bonam
1707 4303 2003 4360 desideras.
2025 4301 2260 4358 Uxorem

678 4405 761 4458 vis
790 4404 986 4457 ducere
1012 4418 1024 4452 :
1052 4402 1247 4453 bonam
1271 4397 1486 4467 quaeris.
1517 4396 1682 4451 Filios
1711 4395 1807 4450 tibi
1836 4395 1984 4449 naSci
2013 4393 2093 4447 vis
2121 4410 2134 4447 :
2162 4394 2261 4447 bo-

680 4509 776 4547 nos
801 4501 972 4562 optas.
998 4489 1065 4542 Et
1085 4497 1144 4543 ut
1168 4489 1331 4543 etiam
1361 4487 1424 4541 de
1455 4486 1616 4542 rebus
1636 4484 1914 4541 vilissimis
1939 4484 2151 4554 loquar,
2174 4497 2264 4537 ca—

2363 4278 2489 4332 vitze
2514 4285 2618 4334 est.
2649 4277 2905 4351 Quisquis
2936 4280 3103 4336 Deum
3133 4281 3185 4335 in
3204 4285 3485 4354 prosperis
3515 4300 3620 4340 non
3650 4287 3828 4352 timet,
3861 4286 3932 4338 vet

2368 4367 2520 4442 [Μεη
2547 4368 2760 4443 saltem]
2790 4371 2847 4426 in
2873 4371 3120 4429 adversis
3145 4373 3374 4445 refugiat
3401 4376 3466 4430 ad
3494 4375 3640 4430 illum
3660 4419 3674 4442 ,
3712 4379 3808 4447 qui
3853 4376 3927 4430 ila-

2367 4461 2547 4534 gcllat,
2577 4471 2636 4517 ut
2659 4472 2832 4518 sanet.
2864 4462 3056 4520 Beatus
3087 4467 3186 4531 vir,
3216 4468 3306 4537 qni
3353 4468 3497 4520 timet
3543 4466 3826 4521 Dominum
3849 4511 3862 4531 ,
3887 4471 3935 4520 in

684 4545 818 4656 ἠώς
837 4545 1002 4645 mis,
1030 4591 1087 4638 et
1108 4596 1213 4635 non
1243 4581 1324 4635 vis
1347 4578 1515 4634 malas
1542 4595 1554 4632 ε
1585 4587 1638 4634 οι
1662 4579 1825 4633 vitam
1856 4545 2265 4632 amas'mulam?
2294 4545 2340 4605 Ι)
2369 4553 2635 4608 mandatis
2676 4555 2794 4625 ejus
2819 4558 2960 4628 cupit
2994 4558 3148 4612 nimis
3179 4554 3350 4627 (Psal.
3397 4575 3516 4625 CXI,
3544 4560 3616 4629 1).
3650 4560 3833 4615 Timor
3855 4562 3934 4615 Del

682 4646 820 4742 Quid
848 4683 899 4728 te
927 4671 1150 4726 offendit
1175 4670 1285 4723 vita
1314 4676 1426 4734 tua,
1449 4683 1610 4739 quam
1635 4667 1803 4721 solam
1833 4668 1915 4722 vis
1945 4667 2163 4730 malam,
2205 4675 2265 4719 ut

2367 4646 2617 4700 timorem
2679 4646 2943 4717 gehennze
2999 4649 3234 4719 expellit.
3288 4649 3378 4704 Sic
3416 4648 3444 4722 ο[
3457 4651 3616 4723 ergo]
3667 4653 3936 4706 timeamus

687 4769 830 4822 inter
853 4764 1034 4819 omnia
1063 4764 1198 4816 bona
1220 4759 1359 4833 [tua]
1387 4759 1533 4814 solus
1560 4759 1636 4814 sis
1661 4758 1869 4813 malus?
1892 4757 2070 4828 Neque
2091 4759 2264 4812 tardes

686 4855 913 4910 converti
945 4852 1012 4908 ad
1049 4852 1348 4914 Dominum,
1381 4860 1428 4904 et
1459 4865 1522 4904 ne
1570 4850 1786 4919 cii/feras
1815 4850 1880 4904 de
1922 4851 2007 4904 die
2040 4850 2094 4905 in
2126 4850 2262 4904 diem

689 4949 875 5020 (Eccli.
905 4964 958 5008 v,
1005 4947 1083 5018 8).
1116 4946 1290 5002 Verba
1323 4943 1416 4998 Dei
1466 4951 1612 5007 sunt,
1642 4959 1747 4998 non
1773 4959 1912 4997 mea.
1946 4942 2062 4997 Non
2103 4959 2132 4996 a
2179 4959 2265 4997 me

689 5041 805 5094 haec
833 5038 1049 5103 audisti,
1078 5038 1174 5092 sed
1217 5052 1317 5106 ego
1347 5042 1524 5090 tecum
1572 5035 1734 5089 audio
1759 5050 1788 5088 a
1819 5033 2066 5091 Domino.
2106 5035 2268 5091 Forte

691 5126 983 5198 respondes
1015 5147 1028 5182 :
1056 5125 1207 5188 Cras,
1253 5142 1395 5180 cras.
1424 5124 1468 5179 Ο
1506 5141 1606 5179 vox
1636 5126 1884 5180 corvina!
1927 5124 2133 5181 Corvus
2162 5143 2267 5181 non

694 5220 835 5274 redit
860 5218 925 5271 ad
947 5232 1149 5279 arcam,
1175 5216 1421 5271 columba
1447 5217 1604 5272 redit.
1647 5215 1705 5271 Si
1736 5217 1877 5272 enim
1905 5227 2031 5272 tunc
2057 5219 2137 5272 vis
2159 5235 2271 5288 pm-

696 5309 979 5366 izitcntiam
1011 5322 1169 5376 agere
1198 5308 1411 5376 quando
1441 5323 1664 5378 peccare
1695 5325 1797 5362 non
1844 5319 2021 5377 potes,
2049 5322 2270 5379 peccata

699 5411 752 5454 te
773 5399 1113 5461 dimiserunt,
1145 5414 1250 5451 non
1296 5406 1349 5451 tu
1391 5399 1497 5452 illa.
1553 5398 1697 5454 Satis
1738 5399 1946 5455 alienus
1975 5416 2004 5454 a
2037 5402 2138 5455 fide
2167 5412 2270 5465 est,

699 5491 789 5560 qui
843 5490 908 5543 ad
964 5490 1220 5559 agendam
1277 5490 1646 5559 paenitentiam
1707 5500 1919 5564 tempus
1982 5498 2275 5550 senectutis

701 5594 997 5654 exspectat.
1057 5583 1400 5638 Mctuendum
1449 5595 1554 5650 est,
1597 5602 1662 5640 nc
1693 5587 1819 5642 dum
1850 5599 2031 5658 sperat
2063 5591 2275 5645 miscri-

701 5679 959 5739 cordiam,
1007 5675 1208 5730 incidat
1236 5675 1289 5729 in
1327 5675 1607 5743 judicium.
1639 5679 1821 5750 Neque
1859 5682 2002 5736 enim
2035 5693 2160 5739 tunc
2187 5700 2277 5739 ve-

2367 4737 2555 4799 Deum,
2583 4746 2643 4792 ut
2666 4736 2950 4811 diligamus
2971 4757 3093 4795 eum
3113 4758 3126 4806 ;
3150 4742 3273 4810 quia
3301 4744 3528 4814 perfecta
3550 4745 3782 4798 rimi-itas
3812 4742 3938 4814 {om

2366 4829 2522 4882 mittit
2553 4829 2790 4884 timorem
2822 4833 3072 4886 servilem
3106 4833 3158 4903 (1
3183 4831 3345 4888 Joan.
3377 4851 3448 4900 tv,
3477 4836 3581 4904 18).

2868 4944 3027 5015 136
3062 4944 3288 5002 CAPUT
3326 4946 3463 5001 XVI.

3005 5032 3082 5088 De
3099 5034 3330 5105 jejunio.

2451 5139 2753 5198 Perfectum
2780 5153 2866 5198 est
2887 5141 3185 5211 jejunium,
3227 5149 3371 5216 quod
3416 5149 3470 5203 in
3514 5150 3868 5226 eleemosynis
3897 5164 3942 5209 et

2378 5233 2623 5284 oratione
2669 5231 2747 5286 fit.
2794 5233 3004 5287 lenm
3064 5233 3194 5307 [Al.,
3246 5240 3579 5296 orationibus
3627 5244 3682 5297 in
3739 5245 3940 5315 uelum]

2381 5325 2594 5387 transit,
2627 5332 2677 5376 et
2723 5323 2789 5378 ad
2825 5326 3080 5381 thronum
3109 5329 3355 5385 altissimi
3393 5332 3486 5386 Dei
3521 5337 3782 5403 pervenit.
3815 5341 3943 5392 'l'uuc

2379 5415 2524 5467 enim
2559 5415 2721 5469 homo
2752 5417 3046 5485 spiritualis
3092 5418 3315 5478 effectus
3351 5427 3552 5496 angelis
3598 5427 3940 5501 coniungitur.

2381 5505 2598 5576 Dcoque
2637 5507 2854 5562 liberius
2885 5510 3184 5580 copulatur,
3216 5514 3260 5569 si
3288 5515 3612 5572 abstinentia
3641 5522 3822 5576 carnis
3843 5539 3943 5576 cra.

2385 5598 2619 5652 tionibus
2654 5599 2940 5654 exaltatur.
2982 5601 3084 5658 Per
3112 5603 3316 5673 jejunia
3353 5616 3409 5661 et
3445 5613 3720 5667 orationes
3756 5615 3944 5669 occulta

2383 5692 2760 5759 mysteriorum
2788 5693 3086 5750 cmlcstium
3129 5697 3454 5766 revelantur,
3485 5702 3759 5774 divinique
3787 5723 3946 5760 sacra-

777 5831 799 5857 ο
832 5817 943 5870 Hoc
992 5817 1154 5886 capit.
1204 5816 1286 5881 15,
1329 5832 1452 5886 pars
1501 5828 1582 5873 est
1607 5821 1870 5875 sermonis
1919 5821 1983 5875 97
2033 5821 2089 5877 S.
2133 5823 2268 5896 Aug.
2310 5826 2558 5896 Append.
