4112 6552
222 344 320 400 623

1015 341 1340 397 MORALIA.
1382 373 1444 383 —-
1481 341 1684 396 LIBER
1723 342 1809 397 DE
1851 342 2270 400 VIRTUTIBUS
2310 343 2397 399 ΕΤ
2440 342 2659 399 VITIIS.

3395 343 3499 398 626

223 459 396 514 menti.
421 471 621 515 arcana
669 454 995 524 panduntur.
1038 455 1288 522 Quandiu
1330 456 1500 511 Adam
1527 455 1809 518 abstinuit,
1843 457 1888 515 Α
1915 471 2037 510 esse
2084 457 2416 511 muniﬁcum.
2460 456 2526 509 Et
2550 456 2642 526 qui
2692 457 2782 510 dat
2831 463 2890 509 ut
2927 435 3159 520 habeas,
3198 459 3420 512 mandat
3450 470 3507 515 ut

223 550 419 606 mansit
469 549 524 603 in
575 546 866 617 paradiso:
901 546 1267 612 manducavit,
1317 555 1373 602 et
1415 547 1674 617 expulsus
1705 555 1806 601 est.

221 639 426 711 Ieiunia
462 639 621 693 fortia
657 637 762 691 tela
795 645 924 692 sunt
947 638 1210 692 adversus
1243 646 1577 692 tentanienta
1614 639 1814 692 daemo—

223 736 461 799 niorum;
489 733 607 788 cito
618 732 764 786 enim
787 745 885 800 per
905 731 1291 785 abstinentiam
1318 731 1627 785 vincuntur.
1660 730 1814 785 Unde

222 830 381 888 etiam
431 829 691 884 Dominus
731 833 788 882 et
826 825 1079 881 Salvator
1114 834 1303 882 noster
1335 842 1526 882 eorum
1563 827 1814 882 incursus

217 915 437 988 ieiuniis
467 924 522 972 et
549 915 887 972 orationibus
930 921 1230 984 praemonet
1278 930 1541 985 superare
1588 915 1811 970 dicens:

232 1007 340 1062 Hoc
369 1024 530 1080 genus
569 1023 675 1062 non
722 1005 952 1076 ejicitur,
999 1005 1101 1059 nisi
1139 1005 1196 1059 iu
1239 1008 1476 1062 oratione
1517 1017 1565 1061 et
1609 1007 1816 1078 jejunio

226 1098 442 1169 (.Ilatth.
475 1115 610 1164 xvu,
636 1097 737 1164 20;
770 1096 939 1151 Marc.
970 1113 1058 1163 ix,
1088 1094 1202 1167 28).
1237 1097 1500 1154 Immundi
1537 1101 1680 1154 enim
1707 1103 1819 1170 spi-

228 1192 363 1246 ritus
412 1189 484 1246 ibi
538 1203 599 1246 se
644 1187 985 1244 ﬁducialibus
1040 1189 1370 1254 immittunt,
1424 1189 1513 1245 ubi
1560 1192 1822 1248 videbunt

227 1286 539 1356 frequenter
590 1281 1016 1338 comessationes
1071 1290 1131 1337 et
1197 1282 1491 1338 ebrietates
1548 1287 1814 1340 exerceri.

229 1375 566 1430 Abstinentia
598 1389 798 1445 corpus
832 1381 1104 1437 macerat,
1151 1373 1246 1429 sed
1293 1389 1390 1430 cor
1439 1375 1823 1446 impinguescit

229 1469 358 1544 [.lls.
385 1466 729 1541 impinguat].
759 1465 990 1523 Carnem
1022 1466 1286 1530 debilitat,
1314 1467 1410 1521 sed
1435 1466 1672 1520 animam
1697 1481 1822 1521 con-

227 1561 412 1617 fortat.
449 1559 558 1614 Sed
594 1559 876 1614 sciendum
933 1567 1020 1613 est
1059 1558 1206 1627 quod
1245 1556 1449 1626 jejunia
1496 1573 1620 1611 cum
1661 1557 1820 1613 bonis

227 1653 482 1725 operibus
507 1652 620 1708 Deo
655 1651 857 1722 optime
891 1659 1019 1706 sunt
1044 1649 1411 1719 acceptabilia.
1441 1648 1543 1716 Qui
1579 1656 1759 1704 autem
1790 1665 1821 1702 a

225 1744 363 1798 cibis
390 1743 686 1806 abstinent,
715 1749 771 1795 et
799 1755 964 1810 prave
992 1746 1191 1810 agunt;
1221 1738 1494 1793 daemones
1517 1738 1818 1803 imitantur,

228 1836 425 1905 quibus
449 1848 578 1888 esea
606 1831 841 1887 carnalis
868 1846 973 1886 non
999 1838 1112 1894 est,
1157 1837 1215 1885 et
1255 1829 1495 1900 nequan
1526 1828 1820 1899 spiritualis
1849 1816 1896 1876 B

229 1943 445 1998 semper
476 1925 637 1980 inest.
676 1924 768 1980 Ille
795 1924 940 1979 enim
988 1924 1129 1979 bene
1164 1924 1406 1979 abstinet
1443 1939 1474 1978 a
1523 1923 1686 1982 cibis.
1727 1923 1821 1994 qui

228 2028 286 2073 et
316 2033 347 2073 a
378 2017 598 2072 malitia:
634 2017 868 2080 actibus,
911 2024 969 2072 et
997 2031 1028 2070 a
1055 2016 1242 2070 mundi
1268 2014 1478 2084 jejunat
1516 2015 1824 2069 ambitioni-

233 2112 353 2166 bus.
392 2107 581 2164 Melius
613 2116 699 2164 est
741 2107 1142 2178 prtedieationis
1195 2117 1404 2163 sanctae
1452 2108 1705 2162 convivio
1746 2104 1827 2178 [et

229 2201 380 2258 verbi
407 2200 502 2256 Dei
535 2198 754 2273 pabulo]
786 2201 1052 2254 victuram
1087 2199 1142 2253 in
1169 2205 1433 2269 perpetuo
1468 2206 1705 2252 mentem
1740 2212 1826 2251 re-

231 2291 412 2356 ficere,
435 2306 601 2362 quam
628 2299 870 2346 ventrem
895 2290 1188 2345 mortifera:
1213 2291 1394 2345 carnis
1422 2288 1666 2362 [terreno
1685 2304 1826 2359 pane

227 2377 309 2453 et]
338 2379 611 2436 deliciosis
637 2390 886 2434 saturare
918 2379 1111 2450 epulis.

809 2490 1039 2548 CAPUT
1078 2491 1238 2548 XVII.

791 2603 869 2660 De
917 2604 1275 2677 eleemosym's.

307 2719 602 2778 Sciendum
640 2728 726 2774 est
759 2719 907 2776 enim
937 2734 1062 2774 esse
1088 2719 1312 2791 pietatis
1346 2735 1511 2790 Opus,
1545 2727 1607 2774 ut
1647 2719 1712 2773 de
1743 2718 1827 2775 his

234 2828 358 2883 quae
401 2813 562 2868 nobis
605 2809 846 2868 caelestis
892 2813 1053 2866 Pater
1092 2812 1520 2868 misericorditer
1565 2813 1826 2879 contulit,

235 2919 337 2960 nos
362 2919 579 2976 quoque
612 2904 749 2960 alios
783 2900 1119 2973 adiuvemus.
1149 2903 1290 2962 Sunt
1311 2907 1457 2961 enim
1487 2907 1830 2978 plurinii‘qui

237 2996 439 3052 nullam
477 2997 532 3051 in
566 2997 732 3068 agris,
769 2997 970 3052 nullam
1017 2999 1074 3052 in
1120 2999 1326 3064 vincis,
1353 3001 1578 3055 -nnllam
1629 3000 1832 3057 habent

237 3087 293 3145 in
347 3090 530 3145 smculi
587 3090 791 3145 divitiis
841 3092 1167 3161 portionem.
1229 3091 1476 3160 Quorum
1532 3095 1727 3165 inopia:
1761 3096 1830 3151 de

237 3195 302 3236 ea
355 3196 518 3252 quam
586 3181 846 3237 Dominus
919 3182 1075 3237 nobis
1117 3183 1264 3239 dedit
1325 3185 1479 3255 copia
1545 3187 1830 3243 consulere
1857 3182 1906 3246 ϐ

238 3274 537 3340 debemus,
599 3283 658 3329 ut
706 3284 761 3331 et
832 3275 933 3346 ipsi
987 3277 1270 3333 nobiseum
1334 3278 1446 3334 Deo
1510 3295 1612 3350 pro
1673 3288 1834 3336 terrai

239 3366 571 3423 fecunditate
635 3367 958 3424 benedicant
985 3408 1000 3434 ,
1058 3376 1115 3424 et
1179 3370 1451 3440 gaudeant
1509 3371 1833 3442 possidenti—

239 3458 342 3513 bus
383 3455 551 3513 fuisse
586 3457 818 3523 donata,
845 3473 966 3529 qua:
998 3459 1160 3514 etiam
1207 3461 1534 3530 pauperibus
1579 3477 1644 3516 ac
1685 3477 1834 3533 pere-

240 3548 412 3620 grinis
446 3547 592 3603 facta
625 3547 848 3604 fuerunt
881 3550 1208 3605 communia.
1235 3551 1384 3606 Felix
1429 3560 1517 3608 est
1559 3553 1686 3609 illud
1710 3555 1837 3609 bor-

240 3655 428 3706 reum,
465 3648 522 3696 et
557 3642 802 3697 omnium
847 3641 1118 3698 fructuum
1151 3644 1594 3715 mltiplicatione
1639 3647 1836 3718 dignis-

239 3730 464 3792 simum,
489 3731 632 3788 unde
651 3733 948 3803 egentium,
974 3742 1031 3787 et
1049 3733 1326 3799 debilium,
1351 3744 1406 3790 et
1428 3736 1835 3808 peregrinorum

241 3830 522 3878 saturatur
551 3825 782 3878 esuries.
822 3823 968 3890 Quos
1003 3824 1125 3880 ideo
1162 3825 1265 3880 sub
1305 3827 1538 3882 diversis
1577 3828 1838 3883 molestiis

234 3912 451 3983 justitia
484 3914 578 3969 Dei
607 3915 853 3971 laborare
882 3916 1150 3986 permisit,
1176 3924 1237 3972 ut
1259 3925 1315 3971 et
1347 3917 1577 3972 miseros
1612 3934 1711 3988 pro
1746 3935 1840 3988 pa-

243 4003 455 4068 tientia,
494 4013 552 4059 et
581 4006 960 4061 misericordes
983 4021 1084 4075 pro
1117 4007 1494 4063 benevolentia
1528 4018 1836 4064 coronaret.

241 4093 632 4152 Eﬁicacissima
677 4098 821 4152 enim
867 4112 968 4168 pro
1017 4098 1254 4168 peccatis
1308 4099 1621 4168 deprecatio
1667 4107 1752 4156 est
1783 4102 1838 4155 in

243 4187 614 4262 eleemosynis
663 4199 826 4261 atque
863 4190 1116 4260 jejuniis;
1145 4199 1203 4248 et
1236 4192 1494 4249 velociter
1530 4195 1599 4248 ad
1630 4194 1841 4250 divinas

242 4281 564 4338 conscendit
613 4297 776 4338 aures
830 4284 1023 4340 talibus
1073 4286 1248 4341 oratio
1293 4286 1504 4342 elevata
1536 4285 1838 4360 sulfragiis,

243 4372 509 4442 quoniam
535 4373 796 4445 scriptum
825 4383 912 4430 est
939 4391 952 4428 :
987 4373 1192 4431 Anima:
1217 4393 1329 4430 sua:
1355 4377 1611 4447 benefacit
1637 4378 1717 4433 vir
1743 4379 1843 4433 mi-

244 4465 474 4520 sericors
500 4462 686 4536 (Prov.
718 4483 796 4531 x1,
827 4465 937 4539 17).
960 4467 1096 4523 Pars
1119 4470 1266 4525 enim
1287 4472 1650 4542 corporalium
1672 4473 1842 4529 facul-

1913 545 2150 610 tribuas,
2184 547 2369 600 dicens
2398 565 2409 599 :
2441 545 2604 608 Date,
2635 556 2682 600 et
2713 547 2927 599 dubitur
2963 549 3122 602 robis.
3157 550 3200 602 υ
3234 565 3422 613 avare,
3460 551 3504 605 si

1914 650 2106 690 aurum
2138 635 2334 708 diligis,
2365 637 2447 691 vel
2479 636 2695 691 divitias
2729 638 2938 701 stet-ali,
2977 639 3074 704 da,
3105 655 3171 692 ne
3203 641 3413 708 perdas.
3449 641 3504 694 Si

1913 728 2242 795 servaveris,
2268 728 2387 783 sine
2411 728 2575 783 dubio
2600 730 2796 798 perdes
2823 747 2834 782 :
2862 730 2905 784 si
2932 732 3256 802 erogaveris,
3289 733 3510 787 omnino

1914 819 2141 875 habebis
2176 835 2270 875 eas
2296 819 2648 885 aeterualiter,
2679 821 2892 876 dicente
2919 823 3032 892 ipsa
3058 822 3302 878 Veritate
3327 842 3340 877 :
3379 823 3510 878 Thc-

1913 909 2181 964 saurizate
2209 910 2349 964 vobis
2381 911 2656 966 thesauros
2683 913 2736 965 in
2765 911 2913 977 caelo,
2944 913 3032 966 ubi
3063 931 3154 967 nec
3180 931 3358 986 trrugo
3379 955 3393 979 ,
3417 933 3509 969 nec

1915 1003 2056 1056 tinea
2090 1001 2599 1074 demoliturnzeque
2641 1003 2782 1073 fures
2821 1004 3106 1074 effodiunt,
3152 1015 3202 1059 et
3238 1007 3505 1076 furantur.

1919 1092 2020 1148 Ubi
2045 1089 2182 1148 enim
2212 1103 2286 1148 est
2311 1094 2589 1149 thesaurus
2608 1105 2749 1157 tuus,
2768 1094 2838 1149 ibi
2853 1105 2926 1149 est
2945 1106 2995 1149 et
3011 1112 3102 1149 eor
3121 1105 3271 1150 tuum
3293 1095 3506 1168 (Matth.

1916 1201 1993 1250 vi,
2017 1186 2130 1256 29).
2167 1185 2365 1257 Utique
2399 1187 2537 1241 bene
2561 1185 2941 1256 dispensantes
2980 1187 3293 1257 temporalia
3329 1189 3513 1258 acqui-

1917 1276 2051 1331 retis
2075 1283 2299 1331 aiterna.
2340 1275 2457 1331 Noli
2494 1277 2712 1331 timidus
2747 1293 2871 1332 esse
2898 1278 2951 1332 in
2990 1276 3300 1350 largiendo,
3335 1294 3403 1334 ne
3435 1280 3512 1334 sis

1919 1386 2122 1442 egenus
2150 1372 2202 1426 in
2228 1372 2583 1427 retributione
2610 1391 2621 1425 :
2652 1371 2778 1442 quia
2801 1373 2891 1443 qui
2913 1389 3070 1442 parce
3091 1381 3332 1438 seminat,
3357 1390 3509 1444 parce

1920 1474 1969 1519 et
1990 1473 2142 1518 metet
2173 1462 2258 1534 (11
2277 1461 2400 1519 Cor.
2435 1481 2512 1529 Ix,
2538 1463 2613 1537 6).
2642 1463 2746 1530 Qui
2775 1475 2948 1518 autem
2976 1466 3252 1519 miseretur
3269 1469 3509 1536 pauperi,

1921 1556 2103 1610 beatus
2131 1557 2230 1610 erit
2261 1553 2446 1628 (Prov.
2478 1572 2590 1621 xlv,
2618 1556 2730 1628 21).
2769 1555 3068 1626 Redemptio
3114 1557 3290 1628 itaque
3323 1558 3516 1612 anima:

1919 1649 2044 1715 viri,
2071 1649 2268 1702 divitia:
2290 1649 2406 1718 ejus
2435 1648 2618 1718 (Prov.
2646 1664 2771 1713 xm,
2797 1647 2873 1720 8).
2907 1647 3147 1702 Honorat
3181 1648 3349 1704 Deum
3368 1690 3383 1715 ,
3425 1650 3514 1722 qui

1921 1740 2198 1794 miseretur
2242 1739 2510 1810 pauperis.
2557 1739 2829 1794 Absconde
2877 1737 3257 1809 eleemosynam
3299 1740 3356 1794 in
3396 1742 3515 1795 sinu

1923 1833 2192 1902 pauperis,
2219 1832 2353 1886 dicit
2379 1832 2663 1902 Scriptura
2699 1842 2910 1898 saneta,
2939 1841 2987 1887 et
3016 1833 3129 1904 ipsa
3153 1833 3321 1887 orabit
3352 1851 3446 1906 pro
3469 1844 3518 1888 te

1927 1921 2117 1994 (Eccli.
2148 1938 2299 1988 nix,
2329 1922 2438 1994 I5).
2468 1921 2618 1979 Sicut
2648 1941 2786 1996 aqua
2816 1923 2972 1995 137
2997 1925 3280 1996 exstinguit
3315 1927 3514 1996 ignem.

1923 2015 2000 2067 ita
2027 2013 2353 2085 eleemosyna
2375 2015 2658 2086 exstinguit
2679 2025 2970 2086 peccatum.
3001 2015 3246 2070 Animam
3281 2019 3518 2072 esurien-

1924 2114 2028 2158 tem
2060 2121 2123 2158 ne
2147 2103 2474 2175 despexeris,
2503 2113 2550 2158 et
2578 2121 2642 2159 ne
2683 2122 2957 2176 exasperes
3004 2123 3286 2178 pauperem
3326 2108 3383 2162 in
3409 2107 3521 2162 cla-

1926 2212 2068 2250 more
2108 2212 2205 2249 suo
2244 2193 2436 2266 (Eccli.
2489 2212 2563 2260 iv,
2614 2194 2693 2267 2).
2728 2196 2831 2264 Qui
2857 2196 3057 2251 avertit
3081 2210 3270 2252 aurem
3299 2211 3453 2252 suam
3491 2214 3522 2249 a

1927 2288 2165 2343 clamore
2191 2290 2464 2359 pauperis,
2506 2288 2648 2344 illius
2683 2289 2863 2344 oratio
2904 2287 3246 2344 clementiam
3284 2289 3380 2345 Dei
3415 2305 3523 2344 non

1929 2379 2226 2436 merebitur
2254 2378 2407 2452 [Ms.,
2437 2378 2718 2452 meretur].
2742 2379 2799 2433 In
2828 2379 2939 2434 vita
2968 2387 3058 2436 tua
3082 2378 3309 2435 benefac
3330 2379 3526 2435 animze

1929 2481 2065 2537 tuae,
2114 2469 2489 2542 eleemosynas
2533 2471 2668 2526 dans
2699 2470 2944 2536 miseris,
2982 2471 3110 2542 quia
3133 2478 3260 2541 post
3293 2479 3523 2526 mortem

1929 2577 2039 2619 non
2066 2562 2236 2617 habes
2257 2571 2582 2633 potestatem
2605 2565 2745 2619 bene
2773 2563 3024 2619 faciendi.
3045 2564 3103 2618 In
3128 2565 3392 2620 conviviis
3417 2565 3527 2618 tuis

1930 2666 2194 2724 pauperes
2234 2661 2547 2719 vescantur,
2573 2662 2628 2709 et
2655 2653 2908 2710 Christus
2952 2656 3007 2710 in
3054 2655 3178 2710 illis.
3223 2654 3349 2709 Tria
3399 2663 3530 2709 sunt

1929 2765 2129 2820 genera
2159 2749 2629 2818 cleemosynarum
2657 2765 2670 2800 :
2701 2763 2808 2802 una
2833 2747 3149 2818 corporalis,
3187 2746 3369 2818 egenti
3398 2746 3529 2801 dare

1929 2841 2191 2913 quidquid
2233 2841 2504 2913 potueris;
2532 2840 2699 2896 altera
2730 2841 3049 2910 spiritualis,
3082 2839 3355 2896 dimittere
3399 2840 3470 2895 ei-
3497 2854 3527 2892 a

1931 2951 2040 3008 quo
2068 2937 2231 2992 ltesus
2260 2935 2459 3002 fueris;
2493 2935 2650 2990 tertia
2695 2934 3101 3004 delinquentem
3140 2934 3442 3005 corrigere,
3474 2939 3533 2989 et

1931 3036 2182 3086 errantes
2212 3029 2267 3085 in
2297 3027 2442 3082 viam
2473 3026 2735 3081 reducere
2761 3025 3028 3080 veritatis.

2465 3155 2492 3183 ⁸
2531 3140 2760 3198 CAPUT
2799 3137 2981 3194 XVIII.

2544 3254 2623 3311 De
2650 3256 2912 3311 castitate.

2008 3372 2244 3430 Castitas
2270 3371 2511 3444 angelica
2533 3379 2620 3427 est
2640 3371 2771 3425 vita.
2798 3369 3035 3426 Castitas
3056 3382 3180 3422 eum
3201 3363 3529 3427 humilitate,

1939 3464 2173 3537 Spiritus
2199 3466 2374 3521 sancti
2404 3465 2702 3519 merehitur
2726 3461 3141 3524 habitationem,
3167 3474 3327 3529 quem
3352 3457 3535 3528 expel-

1936 3556 1999 3610 lit
2025 3555 2367 3611 immnnditia
2395 3555 2698 3619 libidinum,
2734 3553 2946 3607 dicente
2975 3550 3292 3620 Scriptura:
3325 3546 3534 3618 Corpus

1935 3648 2177 3718 peccatis
2221 3647 2492 3702 subditum
2541 3644 2778 3715 Spiritus
2808 3650 3029 3698 sanctus
3055 3639 3274 3712 effugiet
3301 3636 3450 3711 (Sap.
3480 3654 3530 3701 1,

1939 3740 2014 3807 5).
2051 3740 2286 3795 Membra
2310 3747 2496 3795 nostra
2528 3739 2638 3793 Deo
2669 3737 2872 3792 debent
2895 3750 3018 3791 esse
3041 3735 3246 3795 dicata,
3286 3747 3395 3787 non
3425 3729 3537 3787 for-

1940 3832 2218 3886 nicationi.
2249 3831 2501 3901 Opponat
2531 3830 2692 3886 homo
2723 3828 2995 3884 desiderio
3021 3825 3208 3882 carnis
3243 3841 3356 3880 sum
3380 3832 3537 3880 tetet-

1941 3941 2132 3980 norum
2198 3924 2444 3978 flammas
2504 3929 2920 3976 tormentorum.
2976 3919 3275 3975 Assuescat
3316 3915 3535 3985 juvenis

1940 4019 2198 4083 castitati,
2228 4026 2290 4073 ut
2313 4018 2386 4074 sit
2411 4017 2607 4088 dignus
2636 4016 2901 4086 sapientia
2927 4013 3041 4068 Dei.
3069 4013 3170 4070 Ubi
3195 4011 3533 4068 immunditia

1941 4118 2026 4165 est
2049 4111 2316 4180 corporis,
2334 4109 2405 4164 ibi
2419 4108 2683 4163 habitatio
2705 4105 2954 4161 diabolici
2978 4105 3230 4174 spiritus;
3254 4103 3346 4175 qui
3368 4104 3538 4158 maxi-

1943 4217 2029 4256 me
2065 4202 2265 4272 gaudet
2311 4201 2365 4255 in
2427 4197 2804 4270 inquinatione
2851 4196 3034 4252 carnis
3080 4205 3300 4252 nostrae.
3335 4193 3539 4251 Omnes

1943 4293 2300 4350 immunditite
2313 4292 2424 4347 Deo
2445 4291 2752 4360 displicent,
2781 4297 2838 4344 et
2863 4288 3100 4343 maxime
3121 4301 3242 4358 qua:
3269 4301 3377 4345 non
3411 4293 3542 4342 sunt

1942 4387 2236 4442 naturales.
2265 4385 2536 4441 Admonet
2565 4385 2748 4453 itaque
2785 4398 2883 4438 nos
2911 4381 3194 4453 Scriptura
3217 4387 3436 4445 sancta,
3459 4382 3537 4440 di-

1941 4494 2072 4537 cens
2101 4497 2114 4531 :
2145 4475 2274 4532 Post
2303 4476 2748 4546 eoneupisceutias
2773 4485 3025 4529 tuasnon
3051 4491 3140 4529 eas
3159 4513 3176 4540 ,
3207 4482 3255 4527 et
3293 4489 3327 4527 a
3351 4471 3539 4527 volun-

248 4563 444 4620 tatum,
474 4572 594 4629 qua:
623 4559 985 4630 indigentibus
1013 4561 1371 4630 ministratur,
1405 4565 1458 4618 in
1493 4565 1710 4622 divitias
1735 4567 1840 4623 lar-
1870 4546 1921 4607 D
1946 4580 2052 4625 tate
2080 4580 2171 4623 tua
2196 4566 2541 4625 avertere.,Si
2567 4576 2782 4638 pra’stes
2811 4567 3005 4621 anima:
3029 4575 3133 4621 tua:
3159 4567 3532 4637 concupiscens

246 4649 418 4722 gienti
470 4651 666 4708 transit
717 4660 969 4708 internas.
1025 4653 1104 4710 lta
1154 4656 1582 4713 misericordiam
1639 4659 1734 4716 Dei
1785 4671 1842 4717 et

249 4741 639 4815 indulgentiam
671 4752 1018 4814 peccatorum
1044 4756 1376 4814 nostrorum,
1413 4765 1708 4821 pauperum
1738 4751 1841 4807 mi-

249 4836 525 4892 seratione
567 4843 623 4891 et
661 4835 1020 4909 eleemosynis
1063 4855 1336 4896 meremur
1382 4862 1394 4895 :
1442 4844 1698 4912 quoniam
1746 4847 1841 4916 qui

252 4941 413 4981 suum
443 4926 512 4982 ab
542 4926 703 4998 inope
746 4943 853 4983 non
897 4930 1096 4984 avertit
1121 4932 1383 4997 animum,
1415 4934 1524 4987 cito
1550 4935 1618 4989 ad
1651 4952 1709 4990 se
1736 4936 1842 4992 Do-

252 5016 390 5090 mini
417 5019 690 5075 convertit
716 5021 979 5086 auditum,
1010 5023 1222 5079 dicente
1250 5025 1480 5081 Domino
1504 5044 1517 5080 :
1544 5026 1725 5082 Estore
1744 5030 1844 5083 mi-

253 5109 568 5175 sericordes,
599 5109 730 5165 sicut
762 5109 926 5166 Pater
950 5123 1117 5168 vester
1142 5116 1439 5170 misericors
1463 5128 1540 5171 est
1569 5117 1719 5189 (Luc.
1754 5137 1807 5174 vi
1827 5162 1840 5186 ,

253 5203 369 5276 36).
412 5203 567 5272 Quod
603 5207 932 5262 reddituram
963 5224 1023 5264 se
1058 5210 1328 5279 promittit
1369 5209 1610 5277 Veritas,
1652 5228 1843 5268 secura

253 5297 530 5368 expendat
555 5295 634 5370 [et
659 5299 880 5372 tribuat]
904 5302 1235 5356 humanitas.
1252 5303 1522 5360 Constans
1535 5315 1675 5370 esto,
1691 5305 1846 5361 Chri-

256 5390 434 5445 stiane
455 5389 700 5464 largitor,
728 5392 795 5447 da
822 5392 964 5462 quod
995 5388 1261 5463 accipias,
1309 5410 1432 5451 sere
1466 5398 1610 5466 quod
1639 5405 1841 5463 metas,

257 5493 454 5551 sparge
505 5481 649 5552 quod
699 5481 938 5553 colligas.
987 5481 1105 5538 Noli
1175 5494 1420 5540 metuere
1471 5487 1843 5556 dispendium,

260 5569 372 5626 noli
395 5570 463 5626 de
483 5570 646 5628 dubio
669 5574 943 5645 suspirare
965 5584 1249 5645 proventu.
1269 5575 1584 5632 Substantia
1608 5586 1695 5633 tua
1724 5595 1848 5634 cum

1946 4666 2048 4720 tias
2098 4666 2234 4741 ejus,
2274 4665 2430 4735 faciet
2483 4673 2531 4717 te
2583 4665 2637 4717 in
2687 4663 2938 4735 gaudium
2962 4660 3187 4716 inimicis
3225 4658 3537 4714 tuisvenire

1950 4756 2140 4828 (Eccli.
2171 4773 2327 4820 xvm,
2356 4755 2446 4820 50,
2473 4753 2585 4826 3|).
2613 4753 2743 4824 Ejus
2766 4770 2980 4826 quoque
3003 4753 3145 4808 modi
3170 4748 3426 4808 Salomon
3449 4767 3539 4806 δην

1946 4849 2321 4920 pientissimus
2361 4845 2675 4918 proferebat
2719 4847 3017 4902 sententias
3071 4845 3139 4902 de
3171 4845 3414 4901 cavenda
3440 4843 3538 4899 im—

1949 4939 2213 4994 munditia
2243 4939 2458 5002 carnis,
2489 4938 2712 4992 dicens:
2746 4935 2925 4992 Favus
2959 4936 3222 4991 distillan's
3258 4936 3401 4990 labia
3433 4953 3539 4989 me-

1945 5033 2168 5096 retricis,
2194 5041 2240 5084 et
2269 5029 2486 5083 nitidius
2512 5027 2625 5083 oleo
2654 5038 2836 5100 guttur
2859 5028 2995 5098 ejus.
3021 5027 3324 5082 Novissima
3359 5038 3536 5084 autem

1943 5127 2088 5181 illius
2116 5142 2302 5181 amara
2328 5124 2483 5195 quasi
2503 5122 2847 5187 absinthium,
2874 5129 2926 5175 et
2953 5129 3109 5176 acuta
3137 5122 3291 5193 quasi
3327 5122 3538 5192 gladius

1945 5221 2136 5288 biceps.
2169 5214 2337 5270 Pedes
2363 5215 2478 5283 ejus
2505 5213 2823 5268 descendunt
2854 5212 2924 5266 ad
2953 5223 3170 5267 mortem
3190 5254 3208 5278 ,
3233 5222 3283 5267 et
3306 5213 3376 5267 ad
3405 5214 3540 5284 infe-

1949 5329 2032 5365 ros
2075 5327 2282 5380 gressus
2325 5308 2469 5362 illius
2508 5315 2798 5377 penetrant.
2839 5304 2946 5359 Per
2991 5305 3230 5360 semitam
3275 5307 3395 5360 vita’
3436 5323 3540 5359 non

1947 5399 2252 5463 ambulant,
2286 5399 2405 5468 vagi
2445 5405 2569 5452 sunt
2612 5412 2821 5466 gressus
2860 5396 3000 5466 ejus,
3039 5407 3088 5449 et
3135 5395 3538 5466 investigabiles.

1953 5491 2110 5546 Nunc
2130 5507 2273 5560 ergo,
2305 5489 2384 5558 ﬁli
2414 5487 2518 5553 mi,
2547 5487 2676 5542 audi
2705 5503 2786 5541 me
2810 5527 2826 5553 ,
2857 5496 2904 5540 et
2951 5504 3014 5541 ne
3043 5485 3254 5541 recedas
3291 5503 3325 5539 α
3371 5484 3538 5540 verbis

1951 5583 2058 5636 oris
2088 5581 2208 5634 mei.
2253 5579 2428 5650 Longe
2457 5577 2544 5645 [ac
2569 5577 2633 5632 ab
2663 5594 2725 5631 ea
2753 5577 2865 5632 vias
2905 5585 3042 5638 tuas,
3074 5585 3121 5629 et
3151 5592 3214 5629 ne
3252 5576 3540 5645 appropin—

260 5661 404 5718 bene
435 5671 710 5735 erogatur,
750 5674 994 5738 augetur.
1029 5666 1425 5725 Remunerator
1479 5678 1603 5726 tuus
1650 5671 1764 5734 vult
1801 5681 1852 5728 te
1952 5691 2077 5744 ques
2101 5672 2298 5744 foribus
2329 5670 2514 5724 domas
2541 5668 2652 5743 ejus
2677 5665 2857 5742 (Prov.
2885 5684 2933 5734 ν,
2963 5667 3103 5740 3-8).
3132 5665 3244 5722 Hoc
3273 5665 3540 5736 siquidem

339 5809 363 5838 ι
400 5798 478 5854 Es
527 5797 629 5856 hoc
676 5801 852 5872 capite
909 5801 973 5858 18
1029 5801 1290 5860 formatus
1331 5809 1413 5858 est
1459 5814 1636 5860 sermo
1681 5804 1741 5861 9|
1782 5803 1839 5860 S.
1883 5804 2015 5876 Aug.
