  <div class='ocr_page' id='page_1' title='image "/cluster/home/n/w/nwhite01/storage/ocr_20150623/101/umn.31951002477394h/327.png"; bbox 0 0 4112 6626; ppageno 0'>
   <div class='ocr_carea' id='block_1_1' title="bbox 564 338 670 396">
    <p class='ocr_par' dir='ltr' id='par_1_1' title="bbox 564 338 670 396">
     <span class='ocr_line' id='line_1_1' title="bbox 564 338 670 396; baseline -0.009 -1"><span class='ocrx_word' id='word_1_1' title='bbox 564 338 670 396; x_wconf 72' lang='grc' dir='ltr'><strong>ΒΞἹ</strong></span> 
     </span>
    </p>
   </div>
   <div class='ocr_carea' id='block_1_2' title="bbox 1408 321 3004 391">
    <p class='ocr_par' dir='ltr' id='par_1_2' title="bbox 1408 321 3004 391">
     <span class='ocr_line' id='line_1_2' title="bbox 1408 321 3004 391; baseline -0.007 0"><span class='ocrx_word' id='word_1_2' title='bbox 1408 333 1470 391; x_wconf 83' lang='grc' dir='ltr'><strong>Β.</strong></span> <span class='ocrx_word' id='word_1_3' title='bbox 1509 334 1572 390; x_wconf 87' lang='lat' dir='ltr'><strong>F.</strong></span> <span class='ocrx_word' id='word_1_4' title='bbox 1614 330 1842 388; x_wconf 76' lang='lat' dir='ltr'><strong>ALBINI</strong></span> <span class='ocrx_word' id='word_1_5' title='bbox 1881 328 2014 385; x_wconf 84' lang='lat' dir='ltr'><strong>SEU</strong></span> <span class='ocrx_word' id='word_1_6' title='bbox 2051 325 2331 383; x_wconf 71' lang='lat' dir='ltr'><strong>ALCUNI</strong></span> <span class='ocrx_word' id='word_1_7' title='bbox 2370 325 2661 384; x_wconf 75' lang='lat' dir='ltr'><strong>OPERUM</strong></span> <span class='ocrx_word' id='word_1_8' title='bbox 2695 326 2878 382; x_wconf 69' lang='lat' dir='ltr'>PARS</span> <span class='ocrx_word' id='word_1_9' title='bbox 2917 321 3004 380; x_wconf 74' lang='grc' dir='ltr'><strong>Ν.</strong></span> 
     </span>
    </p>
   </div>
   <div class='ocr_carea' id='block_1_3' title="bbox 3757 317 3856 374">
    <p class='ocr_par' dir='ltr' id='par_1_3' title="bbox 3757 317 3856 374">
     <span class='ocr_line' id='line_1_3' title="bbox 3757 317 3856 374; baseline 0.02 -2"><span class='ocrx_word' id='word_1_10' title='bbox 3757 317 3856 374; x_wconf 68' lang='grc' dir='ltr'><strong>ωε</strong></span> 
     </span>
    </p>
   </div>
   <div class='ocr_carea' id='block_1_4' title="bbox 562 433 3859 512">
    <p class='ocr_par' dir='ltr' id='par_1_4' title="bbox 562 433 3859 512">
     <span class='ocr_line' id='line_1_4' title="bbox 562 433 3859 512; baseline -0.007 0"><span class='ocrx_word' id='word_1_11' title='bbox 562 472 671 512; x_wconf 66' lang='lat' dir='ltr'><strong>nim</strong></span> <span class='ocrx_word' id='word_1_12' title='bbox 691 455 865 510; x_wconf 89' lang='lat' dir='ltr'><strong>solum</strong></span> <span class='ocrx_word' id='word_1_13' title='bbox 887 454 955 510; x_wconf 83' lang='lat' dir='ltr'><strong>de</strong></span> <span class='ocrx_word' id='word_1_14' title='bbox 975 448 1322 509; x_wconf 74' lang='lat' dir='ltr'><strong>meretricum</strong></span> <span class='ocrx_word' id='word_1_15' title='bbox 1345 447 1686 505; x_wconf 88' lang='lat' dir='ltr'><strong>immunditia</strong></span> <span class='ocrx_word' id='word_1_16' title='bbox 1708 447 1865 510; x_wconf 76' lang='lat' dir='ltr'><strong>dixit,</strong></span> <span class='ocrx_word' id='word_1_17' title='bbox 1880 442 1975 500; x_wconf 89' lang='lat' dir='ltr'><strong>sed</strong></span> <span class='ocrx_word' id='word_1_18' title='bbox 1993 442 2160 497; x_wconf 88' lang='lat' dir='ltr'><strong>etiam</strong></span> <span class='ocrx_word' id='word_1_19' title='bbox 2189 441 2243 502; x_wconf 71' lang='grc' dir='ltr'><strong>Α</strong></span> <span class='ocrx_word' id='word_1_20' title='bbox 2266 440 2524 496; x_wconf 85' lang='lat' dir='ltr'><strong>damnum</strong></span> <span class='ocrx_word' id='word_1_21' title='bbox 2546 441 2602 494; x_wconf 90' lang='lat' dir='ltr'><strong>in</strong></span> <span class='ocrx_word' id='word_1_22' title='bbox 2629 439 2812 496; x_wconf 85' lang='lat' dir='ltr'><strong>corde.</strong></span> <span class='ocrx_word' id='word_1_23' title='bbox 2839 438 2934 494; x_wconf 83' lang='lat' dir='ltr'><strong>llis</strong></span> <span class='ocrx_word' id='word_1_24' title='bbox 2955 438 3210 494; x_wconf 87' lang='lat' dir='ltr'><strong>omnibus</strong></span> <span class='ocrx_word' id='word_1_25' title='bbox 3235 436 3485 491; x_wconf 78' lang='lat' dir='ltr'><strong>meliores</strong></span> <span class='ocrx_word' id='word_1_26' title='bbox 3506 433 3724 489; x_wconf 83' lang='lat' dir='ltr'><strong>divitias</strong></span> <span class='ocrx_word' id='word_1_27' title='bbox 3740 448 3859 505; x_wconf 77' lang='lat' dir='ltr'><strong>per-</strong></span> 
     </span>
    </p>
   </div>
   <div class='ocr_carea' id='block_1_5' title="bbox 563 534 2163 613">
    <p class='ocr_par' dir='ltr' id='par_1_5' title="bbox 563 534 2163 613">
     <span class='ocr_line' id='line_1_5' title="bbox 563 534 2163 613; baseline -0.012 -10"><span class='ocrx_word' id='word_1_28' title='bbox 563 548 633 602; x_wconf 87' lang='lat' dir='ltr'><strong>de</strong></span> <span class='ocrx_word' id='word_1_29' title='bbox 659 545 808 602; x_wconf 88' lang='lat' dir='ltr'><strong>omni</strong></span> <span class='ocrx_word' id='word_1_30' title='bbox 833 545 1016 601; x_wconf 87' lang='lat' dir='ltr'><strong>carnis</strong></span> <span class='ocrx_word' id='word_1_31' title='bbox 1034 541 1498 613; x_wconf 75' lang='lat' dir='ltr'><strong>concupiscentia,</strong></span> <span class='ocrx_word' id='word_1_32' title='bbox 1514 553 1636 609; x_wconf 69' lang='lat' dir='ltr'><strong>qua:</strong></span> <span class='ocrx_word' id='word_1_33' title='bbox 1647 537 1905 595; x_wconf 81' lang='lat' dir='ltr'><strong>sollicitat</strong></span> <span class='ocrx_word' id='word_1_34' title='bbox 1924 534 2163 588; x_wconf 86' lang='lat' dir='ltr'><strong>animam</strong></span> 
     </span>
    </p>
   </div>
   <div class='ocr_carea' id='block_1_6' title="bbox 562 623 2167 695">
    <p class='ocr_par' dir='ltr' id='par_1_6' title="bbox 562 623 2167 695">
     <span class='ocr_line' id='line_1_6' title="bbox 562 623 2167 695; baseline -0.009 -5"><span class='ocrx_word' id='word_1_35' title='bbox 562 635 681 690; x_wconf 88' lang='lat' dir='ltr'><strong>suis</strong></span> <span class='ocrx_word' id='word_1_36' title='bbox 709 635 1020 690; x_wconf 88' lang='lat' dir='ltr'><strong>consentire</strong></span> <span class='ocrx_word' id='word_1_37' title='bbox 1040 633 1347 689; x_wconf 81' lang='lat' dir='ltr'><strong>desideriis.</strong></span> <span class='ocrx_word' id='word_1_38' title='bbox 1377 629 1488 686; x_wconf 86' lang='lat' dir='ltr'><strong>Sed</strong></span> <span class='ocrx_word' id='word_1_39' title='bbox 1513 631 1658 684; x_wconf 80' lang='lat' dir='ltr'><strong>ratio</strong></span> <span class='ocrx_word' id='word_1_40' title='bbox 1685 628 1888 683; x_wconf 88' lang='lat' dir='ltr'><strong>mentis</strong></span> <span class='ocrx_word' id='word_1_41' title='bbox 1915 623 2167 695; x_wconf 83' lang='lat' dir='ltr'><strong>prohibe-</strong></span> 
     </span>
    </p>
   </div>
   <div class='ocr_carea' id='block_1_7' title="bbox 562 715 2165 795">
    <p class='ocr_par' dir='ltr' id='par_1_7' title="bbox 562 715 2165 795">
     <span class='ocr_line' id='line_1_7' title="bbox 562 715 2165 795; baseline -0.008 -13"><span class='ocrx_word' id='word_1_42' title='bbox 562 743 627 782; x_wconf 87' lang='lat' dir='ltr'><strong>re</strong></span> <span class='ocrx_word' id='word_1_43' title='bbox 654 725 816 782; x_wconf 85' lang='lat' dir='ltr'><strong>debet</strong></span> <span class='ocrx_word' id='word_1_44' title='bbox 850 725 1084 795; x_wconf 80' lang='lat' dir='ltr'><strong>impetus</strong></span> <span class='ocrx_word' id='word_1_45' title='bbox 1107 724 1309 787; x_wconf 82' lang='lat' dir='ltr'><strong>carnis,</strong></span> <span class='ocrx_word' id='word_1_46' title='bbox 1335 733 1391 778; x_wconf 83' lang='lat' dir='ltr'><strong>et</strong></span> <span class='ocrx_word' id='word_1_47' title='bbox 1414 723 1691 777; x_wconf 85' lang='lat' dir='ltr'><strong>refrenare</strong></span> <span class='ocrx_word' id='word_1_48' title='bbox 1718 719 2023 789; x_wconf 86' lang='lat' dir='ltr'><strong>voluptates</strong></span> <span class='ocrx_word' id='word_1_49' title='bbox 2047 715 2165 784; x_wconf 80' lang='lat' dir='ltr'><strong>ejus</strong></span> 
     </span>
    </p>
   </div>
   <div class='ocr_carea' id='block_1_8' title="bbox 563 807 2168 887">
    <p class='ocr_par' dir='ltr' id='par_1_8' title="bbox 563 807 2168 887">
     <span class='ocr_line' id='line_1_8' title="bbox 563 807 2168 887; baseline -0.009 -15"><span class='ocrx_word' id='word_1_50' title='bbox 563 817 800 887; x_wconf 87' lang='lat' dir='ltr'><strong>iniquas.</strong></span> <span class='ocrx_word' id='word_1_51' title='bbox 832 816 964 872; x_wconf 84' lang='lat' dir='ltr'><strong>Item</strong></span> <span class='ocrx_word' id='word_1_52' title='bbox 994 815 1079 870; x_wconf 82' lang='lat' dir='ltr'><strong>ille</strong></span> <span class='ocrx_word' id='word_1_53' title='bbox 1100 817 1191 884; x_wconf 88' lang='lat' dir='ltr'><strong>qui</strong></span> <span class='ocrx_word' id='word_1_54' title='bbox 1223 829 1385 883; x_wconf 78' lang='lat' dir='ltr'><strong>supra</strong></span> <span class='ocrx_word' id='word_1_55' title='bbox 1405 853 1420 878; x_wconf 96' lang='lat'><strong>,</strong></span> <span class='ocrx_word' id='word_1_56' title='bbox 1463 812 1764 882; x_wconf 82' lang='lat' dir='ltr'><strong>prohibens</strong></span> <span class='ocrx_word' id='word_1_57' title='bbox 1809 807 2168 863; x_wconf 72' lang='lat' dir='ltr'><strong>cobabitatio—</strong></span> 
     </span>
    </p>
   </div>
   <div class='ocr_carea' id='block_1_9' title="bbox 563 899 2165 974">
    <p class='ocr_par' dir='ltr' id='par_1_9' title="bbox 563 899 2165 974">
     <span class='ocr_line' id='line_1_9' title="bbox 563 899 2165 974; baseline -0.009 -10"><span class='ocrx_word' id='word_1_58' title='bbox 563 922 691 964; x_wconf 87' lang='lat' dir='ltr'><strong>nem</strong></span> <span class='ocrx_word' id='word_1_59' title='bbox 721 907 1073 970; x_wconf 81' lang='lat' dir='ltr'><strong>feminarum,</strong></span> <span class='ocrx_word' id='word_1_60' title='bbox 1108 905 1402 974; x_wconf 83' lang='lat' dir='ltr'><strong>juvenibus</strong></span> <span class='ocrx_word' id='word_1_61' title='bbox 1447 904 1614 958; x_wconf 84' lang='lat' dir='ltr'><strong>dicit:</strong></span> <span class='ocrx_word' id='word_1_62' title='bbox 1644 899 1904 972; x_wconf 77' lang='lat' dir='ltr'><strong>Nunquid</strong></span> <span class='ocrx_word' id='word_1_63' title='bbox 1945 901 2165 952; x_wconf 65' lang='grc' dir='ltr'><strong>τείνει-οπο</strong></span> 
     </span>
    </p>
   </div>
   <div class='ocr_carea' id='block_1_10' title="bbox 564 991 2202 1069">
    <p class='ocr_par' dir='ltr' id='par_1_10' title="bbox 564 991 2202 1069">
     <span class='ocr_line' id='line_1_10' title="bbox 564 991 2202 1069; baseline -0.008 -16"><span class='ocrx_word' id='word_1_64' title='bbox 564 1001 691 1054; x_wconf 82' lang='lat' dir='ltr'><strong>dere</strong></span> <span class='ocrx_word' id='word_1_65' title='bbox 726 1009 891 1069; x_wconf 75' lang='lat' dir='ltr'><strong>potest</strong></span> <span class='ocrx_word' id='word_1_66' title='bbox 919 997 1074 1050; x_wconf 84' lang='lat' dir='ltr'><strong>homo</strong></span> <span class='ocrx_word' id='word_1_67' title='bbox 1125 998 1297 1066; x_wconf 80' lang='lat' dir='ltr'><strong>ignem</strong></span> <span class='ocrx_word' id='word_1_68' title='bbox 1336 996 1391 1048; x_wconf 86' lang='lat' dir='ltr'><strong>in</strong></span> <span class='ocrx_word' id='word_1_69' title='bbox 1433 996 1554 1069; x_wconf 79' lang='lat' dir='ltr'><strong>sitm</strong></span> <span class='ocrx_word' id='word_1_70' title='bbox 1599 1008 1696 1046; x_wconf 84' lang='lat' dir='ltr'><strong>suo</strong></span> <span class='ocrx_word' id='word_1_71' title='bbox 1720 1033 1734 1056; x_wconf 94' lang='lat'><strong>,</strong></span> <span class='ocrx_word' id='word_1_72' title='bbox 1771 1001 1823 1043; x_wconf 81' lang='lat' dir='ltr'><strong>ut</strong></span> <span class='ocrx_word' id='word_1_73' title='bbox 1855 991 2166 1043; x_wconf 70' lang='lat' dir='ltr'><strong>vestimenta</strong></span> <span class='ocrx_word' id='word_1_74' title='bbox 2199 1026 2202 1028; x_wconf 48' lang='grc' dir='ltr'><strong>ν</strong></span> 
     </span>
    </p>
   </div>
   <div class='ocr_carea' id='block_1_11' title="bbox 564 1068 2164 1156">
    <p class='ocr_par' dir='ltr' id='par_1_11' title="bbox 564 1086 2164 1156">
     <span class='ocr_line' id='line_1_11' title="bbox 564 1086 2164 1156; baseline -0.006 -13"><span class='ocrx_word' id='word_1_75' title='bbox 564 1089 711 1144; x_wconf 83' lang='lat' dir='ltr'><strong>illius</strong></span> <span class='ocrx_word' id='word_1_76' title='bbox 745 1107 850 1144; x_wconf 83' lang='lat' dir='ltr'><strong>non</strong></span> <span class='ocrx_word' id='word_1_77' title='bbox 877 1089 1142 1142; x_wconf 79' lang='lat' dir='ltr'><strong>ardeant?</strong></span> <span class='ocrx_word' id='word_1_78' title='bbox 1187 1089 1291 1141; x_wconf 76' lang='lat' dir='ltr'><strong>Ant</strong></span> <span class='ocrx_word' id='word_1_79' title='bbox 1337 1086 1610 1140; x_wconf 81' lang='lat' dir='ltr'><strong>ambulare</strong></span> <span class='ocrx_word' id='word_1_80' title='bbox 1657 1101 1816 1156; x_wconf 81' lang='lat' dir='ltr'><strong>super</strong></span> <span class='ocrx_word' id='word_1_81' title='bbox 1844 1099 2074 1153; x_wconf 78' lang='lat' dir='ltr'><strong>prunas,</strong></span> <span class='ocrx_word' id='word_1_82' title='bbox 2108 1090 2164 1133; x_wconf 87' lang='lat' dir='ltr'><strong>ut</strong></span> 
     </span>
    </p>
   </div>
   <div class='ocr_carea' id='block_1_12' title="bbox 565 1170 2165 1249">
    <p class='ocr_par' dir='ltr' id='par_1_12' title="bbox 565 1170 2165 1249">
     <span class='ocr_line' id='line_1_12' title="bbox 565 1170 2165 1249; baseline -0.008 -13"><span class='ocrx_word' id='word_1_83' title='bbox 565 1197 674 1236; x_wconf 80' lang='lat' dir='ltr'><strong>non</strong></span> <span class='ocrx_word' id='word_1_84' title='bbox 698 1180 1079 1235; x_wconf 83' lang='lat' dir='ltr'><strong>comburantur</strong></span> <span class='ocrx_word' id='word_1_85' title='bbox 1119 1177 1318 1249; x_wconf 76' lang='lat' dir='ltr'><strong>plantw</strong></span> <span class='ocrx_word' id='word_1_86' title='bbox 1343 1181 1479 1249; x_wconf 80' lang='lat' dir='ltr'><strong>ejus.</strong></span> <span class='ocrx_word' id='word_1_87' title='bbox 1512 1176 1603 1231; x_wconf 85' lang='lat' dir='ltr'><strong>Sic</strong></span> <span class='ocrx_word' id='word_1_88' title='bbox 1646 1177 1736 1248; x_wconf 84' lang='lat' dir='ltr'><strong>qui</strong></span> <span class='ocrx_word' id='word_1_89' title='bbox 1771 1174 2067 1245; x_wconf 75' lang='lat' dir='ltr'><strong>ingreditur</strong></span> <span class='ocrx_word' id='word_1_90' title='bbox 2093 1170 2165 1225; x_wconf 84' lang='lat' dir='ltr'><strong>ad</strong></span> 
     </span>
    </p>
   </div>
   <div class='ocr_carea' id='block_1_13' title="bbox 564 1265 2166 1340">
    <p class='ocr_par' dir='ltr' id='par_1_13' title="bbox 564 1265 2166 1340">
     <span class='ocr_line' id='line_1_13' title="bbox 564 1265 2166 1340; baseline -0.006 -15"><span class='ocrx_word' id='word_1_91' title='bbox 564 1269 838 1325; x_wconf 83' lang='lat' dir='ltr'><strong>mulierem</strong></span> <span class='ocrx_word' id='word_1_92' title='bbox 859 1269 1086 1340; x_wconf 74' lang='lat' dir='ltr'><strong>proximi</strong></span> <span class='ocrx_word' id='word_1_93' title='bbox 1109 1270 1217 1334; x_wconf 77' lang='lat' dir='ltr'><strong>sui,</strong></span> <span class='ocrx_word' id='word_1_94' title='bbox 1246 1285 1348 1323; x_wconf 87' lang='lat' dir='ltr'><strong>non</strong></span> <span class='ocrx_word' id='word_1_95' title='bbox 1376 1269 1474 1323; x_wconf 84' lang='lat' dir='ltr'><strong>crit</strong></span> <span class='ocrx_word' id='word_1_96' title='bbox 1501 1267 1762 1331; x_wconf 80' lang='lat' dir='ltr'><strong>mundus,</strong></span> <span class='ocrx_word' id='word_1_97' title='bbox 1789 1282 1906 1319; x_wconf 81' lang='lat' dir='ltr'><strong>cum</strong></span> <span class='ocrx_word' id='word_1_98' title='bbox 1939 1265 2166 1334; x_wconf 72' lang='lat' dir='ltr'><strong>tetigerit</strong></span> 
     </span>
    </p>
   </div>
   <div class='ocr_carea' id='block_1_14' title="bbox 563 1355 2167 1433">
    <p class='ocr_par' dir='ltr' id='par_1_14' title="bbox 563 1355 2167 1433">
     <span class='ocr_line' id='line_1_14' title="bbox 563 1355 2167 1433; baseline -0.006 -16"><span class='ocrx_word' id='word_1_99' title='bbox 563 1378 682 1417; x_wconf 83' lang='lat' dir='ltr'><strong>eam</strong></span> <span class='ocrx_word' id='word_1_100' title='bbox 711 1360 894 1430; x_wconf 75' lang='lat' dir='ltr'><strong>(Prov.</strong></span> <span class='ocrx_word' id='word_1_101' title='bbox 925 1377 1000 1424; x_wconf 78' lang='lat' dir='ltr'><strong>v1,</strong></span> <span class='ocrx_word' id='word_1_102' title='bbox 1027 1360 1240 1433; x_wconf 70' lang='lat'><strong>27-29).</strong></span> <span class='ocrx_word' id='word_1_103' title='bbox 1268 1359 1533 1415; x_wconf 74' lang='lat' dir='ltr'><strong>Similiter</strong></span> <span class='ocrx_word' id='word_1_104' title='bbox 1558 1367 1615 1413; x_wconf 87' lang='lat' dir='ltr'><strong>et</strong></span> <span class='ocrx_word' id='word_1_105' title='bbox 1642 1359 1837 1414; x_wconf 83' lang='lat' dir='ltr'><strong>beatus</strong></span> <span class='ocrx_word' id='word_1_106' title='bbox 1859 1356 2056 1411; x_wconf 79' lang='lat' dir='ltr'><strong>Paulus</strong></span> <span class='ocrx_word' id='word_1_107' title='bbox 2077 1355 2167 1408; x_wconf 62' lang='lat' dir='ltr'><strong>a3-</strong></span> 
     </span>
    </p>
   </div>
   <div class='ocr_carea' id='block_1_15' title="bbox 565 1447 2163 1522">
    <p class='ocr_par' dir='ltr' id='par_1_15' title="bbox 565 1447 2163 1522">
     <span class='ocr_line' id='line_1_15' title="bbox 565 1447 2163 1522; baseline -0.005 -14"><span class='ocrx_word' id='word_1_108' title='bbox 565 1462 753 1508; x_wconf 89' lang='lat' dir='ltr'><strong>monet</strong></span> <span class='ocrx_word' id='word_1_109' title='bbox 779 1467 880 1508; x_wconf 86' lang='lat' dir='ltr'><strong>nos</strong></span> <span class='ocrx_word' id='word_1_110' title='bbox 906 1451 1206 1522; x_wconf 80' lang='lat' dir='ltr'><strong>apostolus,</strong></span> <span class='ocrx_word' id='word_1_111' title='bbox 1240 1452 1524 1522; x_wconf 88' lang='lat' dir='ltr'><strong>inquiens:</strong></span> <span class='ocrx_word' id='word_1_112' title='bbox 1551 1449 1762 1504; x_wconf 86' lang='lat' dir='ltr'><strong>Bonum</strong></span> <span class='ocrx_word' id='word_1_113' title='bbox 1788 1458 1863 1502; x_wconf 79' lang='lat' dir='ltr'><strong>est</strong></span> <span class='ocrx_word' id='word_1_114' title='bbox 1892 1447 2163 1502; x_wconf 66' lang='lat' dir='ltr'><strong>mulierem</strong></span> 
     </span>
    </p>
   </div>
   <div class='ocr_carea' id='block_1_16' title="bbox 566 1541 2166 1615">
    <p class='ocr_par' dir='ltr' id='par_1_16' title="bbox 566 1541 2166 1615">
     <span class='ocr_line' id='line_1_16' title="bbox 566 1541 2166 1615; baseline -0.004 -17"><span class='ocrx_word' id='word_1_115' title='bbox 566 1562 674 1600; x_wconf 82' lang='lat' dir='ltr'><strong>non</strong></span> <span class='ocrx_word' id='word_1_116' title='bbox 701 1553 912 1615; x_wconf 79' lang='lat' dir='ltr'><strong>tangere</strong></span> <span class='ocrx_word' id='word_1_117' title='bbox 937 1543 988 1614; x_wconf 86' lang='grc' dir='ltr'><strong>(Ι</strong></span> <span class='ocrx_word' id='word_1_118' title='bbox 1011 1541 1134 1598; x_wconf 87' lang='lat' dir='ltr'><strong>Cor.</strong></span> <span class='ocrx_word' id='word_1_119' title='bbox 1160 1559 1256 1609; x_wconf 80' lang='lat' dir='ltr'><strong>vn,</strong></span> <span class='ocrx_word' id='word_1_120' title='bbox 1287 1545 1365 1609; x_wconf 87' lang='grc'><strong>1),</strong></span> <span class='ocrx_word' id='word_1_121' title='bbox 1395 1543 1552 1614; x_wconf 87' lang='lat' dir='ltr'><strong>quasi</strong></span> <span class='ocrx_word' id='word_1_122' title='bbox 1585 1542 1766 1596; x_wconf 84' lang='lat' dir='ltr'><strong>statim</strong></span> <span class='ocrx_word' id='word_1_123' title='bbox 1806 1541 1859 1596; x_wconf 91' lang='lat' dir='ltr'><strong>in</strong></span> <span class='ocrx_word' id='word_1_124' title='bbox 1891 1548 2040 1594; x_wconf 86' lang='lat' dir='ltr'><strong>tactu</strong></span> <span class='ocrx_word' id='word_1_125' title='bbox 2073 1553 2166 1609; x_wconf 88' lang='lat' dir='ltr'><strong>pe-</strong></span> 
     </span>
    </p>
   </div>
   <div class='ocr_carea' id='block_1_17' title="bbox 567 1632 2157 1702">
    <p class='ocr_par' dir='ltr' id='par_1_17' title="bbox 567 1632 2157 1702">
     <span class='ocr_line' id='line_1_17' title="bbox 567 1632 2157 1702; baseline -0.002 -13"><span class='ocrx_word' id='word_1_126' title='bbox 567 1635 798 1691; x_wconf 83' lang='lat' dir='ltr'><strong>riculum</strong></span> <span class='ocrx_word' id='word_1_127' title='bbox 835 1643 1000 1689; x_wconf 87' lang='lat' dir='ltr'><strong>esset.</strong></span> <span class='ocrx_word' id='word_1_128' title='bbox 1028 1634 1257 1691; x_wconf 78' lang='lat' dir='ltr'><strong>Pulchra</strong></span> <span class='ocrx_word' id='word_1_129' title='bbox 1284 1645 1369 1692; x_wconf 86' lang='lat' dir='ltr'><strong>cst</strong></span> <span class='ocrx_word' id='word_1_130' title='bbox 1395 1642 1549 1690; x_wconf 88' lang='lat' dir='ltr'><strong>casta</strong></span> <span class='ocrx_word' id='word_1_131' title='bbox 1577 1632 1842 1702; x_wconf 83' lang='lat' dir='ltr'><strong>juvenum</strong></span> <span class='ocrx_word' id='word_1_132' title='bbox 1870 1632 2157 1702; x_wconf 72' lang='lat' dir='ltr'><strong>pudicitia,</strong></span> 
     </span>
    </p>
   </div>
   <div class='ocr_carea' id='block_1_18' title="bbox 567 1723 2163 1794">
    <p class='ocr_par' dir='ltr' id='par_1_18' title="bbox 567 1723 2163 1794">
     <span class='ocr_line' id='line_1_18' title="bbox 567 1723 2163 1794; baseline -0.003 -11"><span class='ocrx_word' id='word_1_133' title='bbox 567 1739 625 1784; x_wconf 81' lang='lat' dir='ltr'><strong>et</strong></span> <span class='ocrx_word' id='word_1_134' title='bbox 651 1729 764 1786; x_wconf 87' lang='lat' dir='ltr'><strong>Deo</strong></span> <span class='ocrx_word' id='word_1_135' title='bbox 793 1727 1063 1794; x_wconf 78' lang='lat' dir='ltr'><strong>amabilis,</strong></span> <span class='ocrx_word' id='word_1_136' title='bbox 1095 1737 1152 1782; x_wconf 87' lang='lat' dir='ltr'><strong>ct</strong></span> <span class='ocrx_word' id='word_1_137' title='bbox 1176 1728 1245 1781; x_wconf 85' lang='lat' dir='ltr'><strong>ad</strong></span> <span class='ocrx_word' id='word_1_138' title='bbox 1269 1742 1434 1782; x_wconf 89' lang='lat' dir='ltr'><strong>omne</strong></span> <span class='ocrx_word' id='word_1_139' title='bbox 1459 1727 1662 1782; x_wconf 89' lang='lat' dir='ltr'><strong>bonum</strong></span> <span class='ocrx_word' id='word_1_140' title='bbox 1691 1725 1862 1779; x_wconf 88' lang='lat' dir='ltr'><strong>utilis.</strong></span> <span class='ocrx_word' id='word_1_141' title='bbox 1889 1723 1990 1792; x_wconf 91' lang='lat' dir='ltr'><strong>Qui</strong></span> <span class='ocrx_word' id='word_1_142' title='bbox 2024 1723 2163 1778; x_wconf 83' lang='lat' dir='ltr'><strong>filios</strong></span> 
     </span>
    </p>
   </div>
   <div class='ocr_carea' id='block_1_19' title="bbox 2263 525 3859 599">
    <p class='ocr_par' dir='ltr' id='par_1_19' title="bbox 2263 525 3859 599">
     <span class='ocr_line' id='line_1_19' title="bbox 2263 525 3859 599; baseline -0.004 -12"><span class='ocrx_word' id='word_1_143' title='bbox 2263 531 2470 598; x_wconf 89' lang='lat' dir='ltr'><strong>didisti,</strong></span> <span class='ocrx_word' id='word_1_144' title='bbox 2497 532 2553 587; x_wconf 90' lang='lat' dir='ltr'><strong>id</strong></span> <span class='ocrx_word' id='word_1_145' title='bbox 2573 541 2678 598; x_wconf 88' lang='lat' dir='ltr'><strong>est,</strong></span> <span class='ocrx_word' id='word_1_146' title='bbox 2705 531 2885 597; x_wconf 80' lang='lat' dir='ltr'><strong>ﬁdem,</strong></span> <span class='ocrx_word' id='word_1_147' title='bbox 2909 539 2964 586; x_wconf 89' lang='lat' dir='ltr'><strong>et</strong></span> <span class='ocrx_word' id='word_1_148' title='bbox 2983 529 3270 599; x_wconf 84' lang='lat' dir='ltr'><strong>justitiam,</strong></span> <span class='ocrx_word' id='word_1_149' title='bbox 3304 537 3360 584; x_wconf 90' lang='lat' dir='ltr'><strong>et</strong></span> <span class='ocrx_word' id='word_1_150' title='bbox 3381 527 3729 585; x_wconf 84' lang='lat' dir='ltr'><strong>dilectionem</strong></span> <span class='ocrx_word' id='word_1_151' title='bbox 3763 525 3859 581; x_wconf 89' lang='lat' dir='ltr'><strong>Dei</strong></span> 
     </span>
    </p>
   </div>
   <div class='ocr_carea' id='block_1_20' title="bbox 2263 620 3856 695">
    <p class='ocr_par' dir='ltr' id='par_1_20' title="bbox 2263 620 3856 695">
     <span class='ocr_line' id='line_1_20' title="bbox 2263 620 3856 695; baseline -0.004 -15"><span class='ocrx_word' id='word_1_152' title='bbox 2263 632 2321 680; x_wconf 89' lang='lat' dir='ltr'><strong>et</strong></span> <span class='ocrx_word' id='word_1_153' title='bbox 2340 625 2591 695; x_wconf 81' lang='lat' dir='ltr'><strong>proximi.</strong></span> <span class='ocrx_word' id='word_1_154' title='bbox 2608 623 2844 679; x_wconf 85' lang='lat' dir='ltr'><strong>Lucrum</strong></span> <span class='ocrx_word' id='word_1_155' title='bbox 2869 633 3020 678; x_wconf 89' lang='lat' dir='ltr'><strong>tuum</strong></span> <span class='ocrx_word' id='word_1_156' title='bbox 3043 623 3272 693; x_wconf 80' lang='lat' dir='ltr'><strong>cogitas,</strong></span> <span class='ocrx_word' id='word_1_157' title='bbox 3295 620 3554 676; x_wconf 89' lang='lat' dir='ltr'><strong>damnum</strong></span> <span class='ocrx_word' id='word_1_158' title='bbox 3577 627 3730 674; x_wconf 85' lang='lat' dir='ltr'><strong>tuum</strong></span> <span class='ocrx_word' id='word_1_159' title='bbox 3752 632 3856 674; x_wconf 76' lang='lat' dir='ltr'><strong>non</strong></span> 
     </span>
    </p>
   </div>
   <div class='ocr_carea' id='block_1_21' title="bbox 2265 708 3860 784">
    <p class='ocr_par' dir='ltr' id='par_1_21' title="bbox 2265 708 3860 784">
     <span class='ocr_line' id='line_1_21' title="bbox 2265 708 3860 784; baseline -0.004 -16"><span class='ocrx_word' id='word_1_160' title='bbox 2265 714 2599 768; x_wconf 75' lang='lat' dir='ltr'><strong>consideras.</strong></span> <span class='ocrx_word' id='word_1_161' title='bbox 2629 712 2683 766; x_wconf 81' lang='lat' dir='ltr'><strong>Si</strong></span> <span class='ocrx_word' id='word_1_162' title='bbox 2716 713 2840 768; x_wconf 84' lang='lat' dir='ltr'><strong>huic</strong></span> <span class='ocrx_word' id='word_1_163' title='bbox 2865 713 3018 767; x_wconf 82' lang='lat' dir='ltr'><strong>lucro</strong></span> <span class='ocrx_word' id='word_1_164' title='bbox 3048 711 3284 784; x_wconf 69' lang='lat' dir='ltr'><strong>gaudes,</strong></span> <span class='ocrx_word' id='word_1_165' title='bbox 3328 725 3496 781; x_wconf 87' lang='lat' dir='ltr'><strong>quare</strong></span> <span class='ocrx_word' id='word_1_166' title='bbox 3523 710 3614 764; x_wconf 87' lang='lat' dir='ltr'><strong>illa</strong></span> <span class='ocrx_word' id='word_1_167' title='bbox 3647 708 3860 779; x_wconf 81' lang='lat' dir='ltr'><strong>perdita</strong></span> 
     </span>
    </p>
   </div>
   <div class='ocr_carea' id='block_1_22' title="bbox 2264 797 3860 875">
    <p class='ocr_par' dir='ltr' id='par_1_22' title="bbox 2264 797 3860 875">
     <span class='ocr_line' id='line_1_22' title="bbox 2264 797 3860 875; baseline -0.003 -16"><span class='ocrx_word' id='word_1_168' title='bbox 2264 818 2373 859; x_wconf 80' lang='lat' dir='ltr'><strong>non</strong></span> <span class='ocrx_word' id='word_1_169' title='bbox 2404 804 2652 874; x_wconf 73' lang='lat' dir='ltr'><strong>plangis?</strong></span> <span class='ocrx_word' id='word_1_170' title='bbox 2674 802 2802 859; x_wconf 82' lang='lat' dir='ltr'><strong>Plus</strong></span> <span class='ocrx_word' id='word_1_171' title='bbox 2828 819 2957 875; x_wconf 80' lang='lat' dir='ltr'><strong>ergo</strong></span> <span class='ocrx_word' id='word_1_172' title='bbox 2978 803 3262 874; x_wconf 59' lang='lat' dir='ltr'><strong>perdidisti</strong></span> <span class='ocrx_word' id='word_1_173' title='bbox 3290 817 3453 872; x_wconf 84' lang='lat' dir='ltr'><strong>quam</strong></span> <span class='ocrx_word' id='word_1_174' title='bbox 3491 799 3793 872; x_wconf 84' lang='lat' dir='ltr'><strong>acquisisti.</strong></span> <span class='ocrx_word' id='word_1_175' title='bbox 3817 797 3860 855; x_wconf 91' lang='lat'><strong>0</strong></span> 
     </span>
    </p>
   </div>
   <div class='ocr_carea' id='block_1_23' title="bbox 2265 893 3861 968">
    <p class='ocr_par' dir='ltr' id='par_1_23' title="bbox 2265 893 3861 968">
     <span class='ocr_line' id='line_1_23' title="bbox 2265 893 3861 968; baseline -0.004 -16"><span class='ocrx_word' id='word_1_176' title='bbox 2265 897 2438 960; x_wconf 78' lang='lat' dir='ltr'><strong>dives,</strong></span> <span class='ocrx_word' id='word_1_177' title='bbox 2454 898 2600 968; x_wconf 83' lang='lat' dir='ltr'><strong>rapis</strong></span> <span class='ocrx_word' id='word_1_178' title='bbox 2621 912 2718 968; x_wconf 86' lang='lat' dir='ltr'><strong>per</strong></span> <span class='ocrx_word' id='word_1_179' title='bbox 2743 896 3041 966; x_wconf 86' lang='lat' dir='ltr'><strong>potentiam</strong></span> <span class='ocrx_word' id='word_1_180' title='bbox 3069 894 3212 964; x_wconf 83' lang='lat' dir='ltr'><strong>quod</strong></span> <span class='ocrx_word' id='word_1_181' title='bbox 3236 894 3331 948; x_wconf 85' lang='lat' dir='ltr'><strong>tibi</strong></span> <span class='ocrx_word' id='word_1_182' title='bbox 3356 893 3534 963; x_wconf 84' lang='lat' dir='ltr'><strong>placet</strong></span> <span class='ocrx_word' id='word_1_183' title='bbox 3551 893 3780 957; x_wconf 84' lang='lat' dir='ltr'><strong>habere,</strong></span> <span class='ocrx_word' id='word_1_184' title='bbox 3807 900 3861 946; x_wconf 86' lang='lat' dir='ltr'><strong>et</strong></span> 
     </span>
    </p>
   </div>
   <div class='ocr_carea' id='block_1_24' title="bbox 2265 981 3861 1060">
    <p class='ocr_par' dir='ltr' id='par_1_24' title="bbox 2265 981 3861 1060">
     <span class='ocr_line' id='line_1_24' title="bbox 2265 981 3861 1060; baseline -0.004 -16"><span class='ocrx_word' id='word_1_185' title='bbox 2265 990 2448 1060; x_wconf 59' lang='lat' dir='ltr'><strong>perdis</strong></span> <span class='ocrx_word' id='word_1_186' title='bbox 2477 1006 2574 1059; x_wconf 72' lang='lat' dir='ltr'><strong>per</strong></span> <span class='ocrx_word' id='word_1_187' title='bbox 2602 989 2922 1058; x_wconf 81' lang='lat' dir='ltr'><strong>injustitiam</strong></span> <span class='ocrx_word' id='word_1_188' title='bbox 2955 988 3098 1058; x_wconf 82' lang='lat' dir='ltr'><strong>quod</strong></span> <span class='ocrx_word' id='word_1_189' title='bbox 3131 996 3181 1041; x_wconf 89' lang='lat' dir='ltr'><strong>te.</strong></span> <span class='ocrx_word' id='word_1_190' title='bbox 3204 987 3348 1041; x_wconf 89' lang='lat' dir='ltr'><strong>Deus</strong></span> <span class='ocrx_word' id='word_1_191' title='bbox 3383 984 3498 1040; x_wconf 90' lang='lat' dir='ltr'><strong>vult</strong></span> <span class='ocrx_word' id='word_1_192' title='bbox 3533 984 3772 1048; x_wconf 75' lang='lat' dir='ltr'><strong>habere,</strong></span> <span class='ocrx_word' id='word_1_193' title='bbox 3811 981 3861 1038; x_wconf 82' lang='lat' dir='ltr'><strong>id</strong></span> 
     </span>
    </p>
   </div>
   <div class='ocr_carea' id='block_1_25' title="bbox 2265 1073 3862 1149">
    <p class='ocr_par' dir='ltr' id='par_1_25' title="bbox 2265 1073 3862 1149">
     <span class='ocr_line' id='line_1_25' title="bbox 2265 1073 3862 1149; baseline -0.006 -13"><span class='ocrx_word' id='word_1_194' title='bbox 2265 1091 2380 1146; x_wconf 83' lang='lat' dir='ltr'><strong>est,</strong></span> <span class='ocrx_word' id='word_1_195' title='bbox 2433 1081 2824 1136; x_wconf 82' lang='lat' dir='ltr'><strong>beatitudinem</strong></span> <span class='ocrx_word' id='word_1_196' title='bbox 2860 1079 3272 1149; x_wconf 80' lang='lat' dir='ltr'><strong>sempiternam.</strong></span> <span class='ocrx_word' id='word_1_197' title='bbox 3324 1075 3384 1131; x_wconf 86' lang='lat' dir='ltr'><strong>Si</strong></span> <span class='ocrx_word' id='word_1_198' title='bbox 3431 1078 3611 1132; x_wconf 84' lang='lat' dir='ltr'><strong>omnis</strong></span> <span class='ocrx_word' id='word_1_199' title='bbox 3658 1073 3748 1129; x_wconf 89' lang='lat' dir='ltr'><strong>fur</strong></span> <span class='ocrx_word' id='word_1_200' title='bbox 3779 1073 3862 1128; x_wconf 82' lang='lat' dir='ltr'><strong>vel</strong></span> 
     </span>
    </p>
   </div>
   <div class='ocr_carea' id='block_1_26' title="bbox 2267 1166 3864 1242">
    <p class='ocr_par' dir='ltr' id='par_1_26' title="bbox 2267 1166 3864 1242">
     <span class='ocr_line' id='line_1_26' title="bbox 2267 1166 3864 1242; baseline -0.005 -15"><span class='ocrx_word' id='word_1_201' title='bbox 2267 1182 2454 1242; x_wconf 88' lang='lat' dir='ltr'><strong>raptor</strong></span> <span class='ocrx_word' id='word_1_202' title='bbox 2499 1171 2682 1226; x_wconf 81' lang='lat' dir='ltr'><strong>lumen</strong></span> <span class='ocrx_word' id='word_1_203' title='bbox 2720 1171 3003 1225; x_wconf 88' lang='lat' dir='ltr'><strong>oculorum</strong></span> <span class='ocrx_word' id='word_1_204' title='bbox 3047 1169 3377 1239; x_wconf 79' lang='lat' dir='ltr'><strong>perdidisset</strong></span> <span class='ocrx_word' id='word_1_205' title='bbox 3406 1169 3460 1222; x_wconf 90' lang='lat' dir='ltr'><strong>in</strong></span> <span class='ocrx_word' id='word_1_206' title='bbox 3490 1167 3635 1224; x_wconf 87' lang='lat' dir='ltr'><strong>furto</strong></span> <span class='ocrx_word' id='word_1_207' title='bbox 3664 1166 3751 1223; x_wconf 86' lang='lat' dir='ltr'><strong>vel</strong></span> <span class='ocrx_word' id='word_1_208' title='bbox 3779 1180 3864 1220; x_wconf 82' lang='lat' dir='ltr'><strong>ra—</strong></span> 
     </span>
    </p>
   </div>
   <div class='ocr_carea' id='block_1_27' title="bbox 2267 1257 3865 1334">
    <p class='ocr_par' dir='ltr' id='par_1_27' title="bbox 2267 1257 3865 1334">
     <span class='ocr_line' id='line_1_27' title="bbox 2267 1257 3865 1334; baseline -0.003 -17"><span class='ocrx_word' id='word_1_209' title='bbox 2267 1265 2424 1332; x_wconf 88' lang='lat' dir='ltr'><strong>pina,</strong></span> <span class='ocrx_word' id='word_1_210' title='bbox 2457 1261 2703 1334; x_wconf 82' lang='lat' dir='ltr'><strong>nunquid</strong></span> <span class='ocrx_word' id='word_1_211' title='bbox 2746 1270 2932 1331; x_wconf 82' lang='lat' dir='ltr'><strong>postea</strong></span> <span class='ocrx_word' id='word_1_212' title='bbox 2975 1260 3178 1316; x_wconf 88' lang='lat' dir='ltr'><strong>furtum</strong></span> <span class='ocrx_word' id='word_1_213' title='bbox 3213 1259 3434 1316; x_wconf 81' lang='lat' dir='ltr'><strong>fecisset</strong></span> <span class='ocrx_word' id='word_1_214' title='bbox 3466 1259 3552 1314; x_wconf 78' lang='lat' dir='ltr'><strong>vel</strong></span> <span class='ocrx_word' id='word_1_215' title='bbox 3583 1257 3865 1331; x_wconf 75' lang='lat' dir='ltr'><strong>rapinam?</strong></span> 
     </span>
    </p>
   </div>
   <div class='ocr_carea' id='block_1_28' title="bbox 2267 1347 3867 1423">
    <p class='ocr_par' dir='ltr' id='par_1_28' title="bbox 2267 1347 3867 1423">
     <span class='ocr_line' id='line_1_28' title="bbox 2267 1347 3867 1423; baseline -0.003 -14"><span class='ocrx_word' id='word_1_216' title='bbox 2267 1355 2337 1410; x_wconf 83' lang='lat' dir='ltr'><strong>Et</strong></span> <span class='ocrx_word' id='word_1_217' title='bbox 2375 1355 2571 1418; x_wconf 78' lang='lat' dir='ltr'><strong>nescit,</strong></span> <span class='ocrx_word' id='word_1_218' title='bbox 2621 1353 2766 1423; x_wconf 75' lang='lat' dir='ltr'><strong>quod</strong></span> <span class='ocrx_word' id='word_1_219' title='bbox 2801 1353 2855 1406; x_wconf 90' lang='lat' dir='ltr'><strong>iu</strong></span> <span class='ocrx_word' id='word_1_220' title='bbox 2888 1351 3156 1420; x_wconf 81' lang='lat' dir='ltr'><strong>ejusmodi</strong></span> <span class='ocrx_word' id='word_1_221' title='bbox 3196 1361 3420 1421; x_wconf 85' lang='lat' dir='ltr'><strong>peccato</strong></span> <span class='ocrx_word' id='word_1_222' title='bbox 3458 1351 3643 1406; x_wconf 87' lang='lat' dir='ltr'><strong>lumen</strong></span> <span class='ocrx_word' id='word_1_223' title='bbox 3692 1347 3867 1419; x_wconf 83' lang='lat' dir='ltr'><strong>perdit</strong></span> 
     </span>
    </p>
   </div>
   <div class='ocr_carea' id='block_1_29' title="bbox 2267 1441 3863 1516">
    <p class='ocr_par' dir='ltr' id='par_1_29' title="bbox 2267 1441 3863 1516">
     <span class='ocr_line' id='line_1_29' title="bbox 2267 1441 3863 1516; baseline -0.004 -14"><span class='ocrx_word' id='word_1_224' title='bbox 2267 1447 2468 1511; x_wconf 81' lang='lat' dir='ltr'><strong>cordis,</strong></span> <span class='ocrx_word' id='word_1_225' title='bbox 2495 1445 2639 1516; x_wconf 86' lang='lat' dir='ltr'><strong>quod</strong></span> <span class='ocrx_word' id='word_1_226' title='bbox 2663 1445 2856 1500; x_wconf 90' lang='lat' dir='ltr'><strong>melius</strong></span> <span class='ocrx_word' id='word_1_227' title='bbox 2883 1453 2968 1500; x_wconf 88' lang='lat' dir='ltr'><strong>est</strong></span> <span class='ocrx_word' id='word_1_228' title='bbox 2986 1446 3135 1499; x_wconf 89' lang='lat' dir='ltr'><strong>omni</strong></span> <span class='ocrx_word' id='word_1_229' title='bbox 3160 1443 3365 1498; x_wconf 89' lang='lat' dir='ltr'><strong>lumine</strong></span> <span class='ocrx_word' id='word_1_230' title='bbox 3393 1445 3658 1514; x_wconf 83' lang='lat' dir='ltr'><strong>corporis.</strong></span> <span class='ocrx_word' id='word_1_231' title='bbox 3677 1441 3863 1514; x_wconf 72' lang='lat' dir='ltr'><strong>Magis,</strong></span> 
     </span>
    </p>
   </div>
   <div class='ocr_carea' id='block_1_30' title="bbox 2266 1533 3866 1608">
    <p class='ocr_par' dir='ltr' id='par_1_30' title="bbox 2266 1533 3866 1608">
     <span class='ocr_line' id='line_1_30' title="bbox 2266 1533 3866 1608; baseline -0.001 -16"><span class='ocrx_word' id='word_1_232' title='bbox 2266 1553 2450 1602; x_wconf 87' lang='lat' dir='ltr'><strong>avare,</strong></span> <span class='ocrx_word' id='word_1_233' title='bbox 2479 1537 2547 1592; x_wconf 88' lang='lat' dir='ltr'><strong>da</strong></span> <span class='ocrx_word' id='word_1_234' title='bbox 2569 1536 2894 1608; x_wconf 81' lang='lat' dir='ltr'><strong>pauperibus</strong></span> <span class='ocrx_word' id='word_1_235' title='bbox 2917 1535 3060 1607; x_wconf 85' lang='lat' dir='ltr'><strong>quod</strong></span> <span class='ocrx_word' id='word_1_236' title='bbox 3084 1535 3270 1599; x_wconf 87' lang='lat' dir='ltr'><strong>habes,</strong></span> <span class='ocrx_word' id='word_1_237' title='bbox 3290 1544 3352 1589; x_wconf 91' lang='lat' dir='ltr'><strong>ut</strong></span> <span class='ocrx_word' id='word_1_238' title='bbox 3374 1535 3620 1590; x_wconf 73' lang='lat' dir='ltr'><strong>invenias</strong></span> <span class='ocrx_word' id='word_1_239' title='bbox 3648 1535 3706 1588; x_wconf 91' lang='lat' dir='ltr'><strong>in</strong></span> <span class='ocrx_word' id='word_1_240' title='bbox 3726 1533 3866 1590; x_wconf 63' lang='lat' dir='ltr'><strong>coelo</strong></span> 
     </span>
    </p>
   </div>
   <div class='ocr_carea' id='block_1_31' title="bbox 2266 1631 3866 1705">
    <p class='ocr_par' dir='ltr' id='par_1_31' title="bbox 2266 1631 3866 1705">
     <span class='ocr_line' id='line_1_31' title="bbox 2266 1631 3866 1705; baseline 0.001 -19"><span class='ocrx_word' id='word_1_241' title='bbox 2266 1634 2410 1705; x_wconf 80' lang='lat' dir='ltr'><strong>quod</strong></span> <span class='ocrx_word' id='word_1_242' title='bbox 2429 1634 2623 1689; x_wconf 83' lang='lat' dir='ltr'><strong>dedisti</strong></span> <span class='ocrx_word' id='word_1_243' title='bbox 2653 1635 2706 1688; x_wconf 90' lang='lat' dir='ltr'><strong>in</strong></span> <span class='ocrx_word' id='word_1_244' title='bbox 2731 1641 2900 1688; x_wconf 87' lang='lat' dir='ltr'><strong>terra.</strong></span> <span class='ocrx_word' id='word_1_245' title='bbox 2918 1631 3057 1700; x_wconf 88' lang='lat' dir='ltr'><strong>Quid</strong></span> <span class='ocrx_word' id='word_1_246' title='bbox 3086 1633 3244 1688; x_wconf 86' lang='lat' dir='ltr'><strong>times</strong></span> <span class='ocrx_word' id='word_1_247' title='bbox 3267 1632 3550 1703; x_wconf 86' lang='lat' dir='ltr'><strong>pecuniam</strong></span> <span class='ocrx_word' id='word_1_248' title='bbox 3574 1641 3725 1686; x_wconf 82' lang='lat' dir='ltr'><strong>tuam</strong></span> <span class='ocrx_word' id='word_1_249' title='bbox 3746 1646 3866 1701; x_wconf 83' lang='lat' dir='ltr'><strong>per-</strong></span> 
     </span>
    </p>
   </div>
   <div class='ocr_carea' id='block_1_32' title="bbox 2266 1723 3867 1795">
    <p class='ocr_par' dir='ltr' id='par_1_32' title="bbox 2266 1723 3867 1795">
     <span class='ocr_line' id='line_1_32' title="bbox 2266 1723 3867 1795; baseline -0.002 -13"><span class='ocrx_word' id='word_1_250' title='bbox 2266 1728 2416 1791; x_wconf 86' lang='lat' dir='ltr'><strong>dere,</strong></span> <span class='ocrx_word' id='word_1_251' title='bbox 2447 1734 2504 1780; x_wconf 89' lang='lat' dir='ltr'><strong>et</strong></span> <span class='ocrx_word' id='word_1_252' title='bbox 2528 1741 2638 1782; x_wconf 91' lang='lat' dir='ltr'><strong>non</strong></span> <span class='ocrx_word' id='word_1_253' title='bbox 2672 1726 2832 1780; x_wconf 86' lang='lat' dir='ltr'><strong>times</strong></span> <span class='ocrx_word' id='word_1_254' title='bbox 2868 1734 2929 1778; x_wconf 88' lang='lat' dir='ltr'><strong>ut</strong></span> <span class='ocrx_word' id='word_1_255' title='bbox 2957 1733 3102 1780; x_wconf 87' lang='lat' dir='ltr'><strong>totus</strong></span> <span class='ocrx_word' id='word_1_256' title='bbox 3126 1723 3352 1795; x_wconf 87' lang='lat' dir='ltr'><strong>pereas?</strong></span> <span class='ocrx_word' id='word_1_257' title='bbox 3377 1723 3484 1779; x_wconf 77' lang='lat' dir='ltr'><strong>Pro</strong></span> <span class='ocrx_word' id='word_1_258' title='bbox 3507 1723 3867 1795; x_wconf 86' lang='lat' dir='ltr'><strong>acquisitione</strong></span> 
     </span>
    </p>
   </div>
   <div class='ocr_carea' id='block_1_33' title="bbox 566 1816 3868 1895">
    <p class='ocr_par' dir='ltr' id='par_1_33' title="bbox 566 1816 3868 1895">
     <span class='ocr_line' id='line_1_33' title="bbox 566 1816 3868 1895; baseline -0.002 -18"><span class='ocrx_word' id='word_1_259' title='bbox 566 1823 734 1878; x_wconf 82' lang='lat' dir='ltr'><strong>habet</strong></span> <span class='ocrx_word' id='word_1_260' title='bbox 757 1821 1087 1893; x_wconf 87' lang='lat' dir='ltr'><strong>spiritualcs,</strong></span> <span class='ocrx_word' id='word_1_261' title='bbox 1124 1821 1208 1876; x_wconf 89' lang='lat' dir='ltr'><strong>vel</strong></span> <span class='ocrx_word' id='word_1_262' title='bbox 1237 1820 1506 1885; x_wconf 79' lang='lat' dir='ltr'><strong>carnales,</strong></span> <span class='ocrx_word' id='word_1_263' title='bbox 1535 1821 1742 1874; x_wconf 88' lang='lat' dir='ltr'><strong>nutriat</strong></span> <span class='ocrx_word' id='word_1_264' title='bbox 1767 1819 1888 1875; x_wconf 89' lang='lat' dir='ltr'><strong>illos</strong></span> <span class='ocrx_word' id='word_1_265' title='bbox 1916 1821 1970 1874; x_wconf 92' lang='lat' dir='ltr'><strong>in</strong></span> <span class='ocrx_word' id='word_1_266' title='bbox 1995 1819 2164 1874; x_wconf 83' lang='lat' dir='ltr'><strong>casti-</strong></span> <span class='ocrx_word' id='word_1_267' title='bbox 2196 1835 2244 1895; x_wconf 74' lang='grc' dir='ltr'><strong>Β</strong></span> <span class='ocrx_word' id='word_1_268' title='bbox 2268 1821 2513 1893; x_wconf 65' lang='lat' dir='ltr'><strong>pecuniae</strong></span> <span class='ocrx_word' id='word_1_269' title='bbox 2541 1818 2735 1875; x_wconf 88' lang='lat' dir='ltr'><strong>falsum</strong></span> <span class='ocrx_word' id='word_1_270' title='bbox 2766 1819 3138 1874; x_wconf 88' lang='lat' dir='ltr'><strong>testimonium</strong></span> <span class='ocrx_word' id='word_1_271' title='bbox 3178 1817 3346 1884; x_wconf 89' lang='lat' dir='ltr'><strong>dicis,</strong></span> <span class='ocrx_word' id='word_1_272' title='bbox 3385 1818 3673 1883; x_wconf 88' lang='lat' dir='ltr'><strong>mentiris,</strong></span> <span class='ocrx_word' id='word_1_273' title='bbox 3725 1816 3868 1887; x_wconf 86' lang='lat' dir='ltr'><strong>rapis</strong></span> 
     </span>
    </p>
   </div>
   <div class='ocr_carea' id='block_1_34' title="bbox 565 1907 2169 1979">
    <p class='ocr_par' dir='ltr' id='par_1_34' title="bbox 565 1907 2169 1979">
     <span class='ocr_line' id='line_1_34' title="bbox 565 1907 2169 1979; baseline -0.004 -10"><span class='ocrx_word' id='word_1_274' title='bbox 565 1923 680 1969; x_wconf 90' lang='lat' dir='ltr'><strong>tate</strong></span> <span class='ocrx_word' id='word_1_275' title='bbox 711 1911 844 1978; x_wconf 86' lang='lat' dir='ltr'><strong>Deo,</strong></span> <span class='ocrx_word' id='word_1_276' title='bbox 873 1929 982 1968; x_wconf 90' lang='lat' dir='ltr'><strong>non</strong></span> <span class='ocrx_word' id='word_1_277' title='bbox 1017 1913 1073 1968; x_wconf 91' lang='lat' dir='ltr'><strong>in</strong></span> <span class='ocrx_word' id='word_1_278' title='bbox 1112 1911 1472 1966; x_wconf 83' lang='lat' dir='ltr'><strong>fornicatione</strong></span> <span class='ocrx_word' id='word_1_279' title='bbox 1507 1907 1740 1965; x_wconf 86' lang='lat' dir='ltr'><strong>diabolo.</strong></span> <span class='ocrx_word' id='word_1_280' title='bbox 1775 1909 1917 1976; x_wconf 84' lang='lat' dir='ltr'><strong>Quid</strong></span> <span class='ocrx_word' id='word_1_281' title='bbox 1943 1909 2169 1979; x_wconf 83' lang='lat' dir='ltr'><strong>pro-.lest</strong></span> 
     </span>
    </p>
   </div>
   <div class='ocr_carea' id='block_1_35' title="bbox 565 2003 2164 2070">
    <p class='ocr_par' dir='ltr' id='par_1_35' title="bbox 565 2003 2164 2070">
     <span class='ocr_line' id='line_1_35' title="bbox 565 2003 2164 2070; baseline -0.003 -11"><span class='ocrx_word' id='word_1_282' title='bbox 565 2006 776 2063; x_wconf 79' lang='lat' dir='ltr'><strong>homini</strong></span> <span class='ocrx_word' id='word_1_283' title='bbox 798 2005 970 2062; x_wconf 83' lang='lat' dir='ltr'><strong>filium</strong></span> <span class='ocrx_word' id='word_1_284' title='bbox 992 2005 1216 2070; x_wconf 83' lang='lat' dir='ltr'><strong>habere,</strong></span> <span class='ocrx_word' id='word_1_285' title='bbox 1243 2005 1473 2066; x_wconf 89' lang='lat' dir='ltr'><strong>nutrire,</strong></span> <span class='ocrx_word' id='word_1_286' title='bbox 1496 2017 1703 2067; x_wconf 86' lang='lat' dir='ltr'><strong>amare,</strong></span> <span class='ocrx_word' id='word_1_287' title='bbox 1725 2003 1772 2056; x_wconf 91' lang='lat' dir='ltr'><strong>si</strong></span> <span class='ocrx_word' id='word_1_288' title='bbox 1799 2003 2020 2057; x_wconf 71' lang='lat' dir='ltr'><strong>aeternis</strong></span> <span class='ocrx_word' id='word_1_289' title='bbox 2040 2016 2164 2055; x_wconf 87' lang='lat' dir='ltr'><strong>eum</strong></span> 
     </span>
    </p>
   </div>
   <div class='ocr_carea' id='block_1_36' title="bbox 565 2091 2163 2163">
    <p class='ocr_par' dir='ltr' id='par_1_36' title="bbox 565 2091 2163 2163">
     <span class='ocr_line' id='line_1_36' title="bbox 565 2091 2163 2163; baseline -0.004 -11"><span class='ocrx_word' id='word_1_290' title='bbox 565 2097 772 2154; x_wconf 83' lang='lat' dir='ltr'><strong>nutriet</strong></span> <span class='ocrx_word' id='word_1_291' title='bbox 793 2097 1116 2152; x_wconf 85' lang='lat' dir='ltr'><strong>tormentis?</strong></span> <span class='ocrx_word' id='word_1_292' title='bbox 1135 2095 1238 2163; x_wconf 85' lang='lat' dir='ltr'><strong>Qui</strong></span> <span class='ocrx_word' id='word_1_293' title='bbox 1261 2095 1318 2149; x_wconf 88' lang='lat' dir='ltr'><strong>in</strong></span> <span class='ocrx_word' id='word_1_294' title='bbox 1353 2095 1603 2149; x_wconf 81' lang='lat' dir='ltr'><strong>castitate</strong></span> <span class='ocrx_word' id='word_1_295' title='bbox 1621 2094 1832 2157; x_wconf 84' lang='lat' dir='ltr'><strong>vivunt,</strong></span> <span class='ocrx_word' id='word_1_296' title='bbox 1863 2091 2163 2163; x_wconf 75' lang='lat' dir='ltr'><strong>angelicam</strong></span> 
     </span>
    </p>
   </div>
   <div class='ocr_carea' id='block_1_37' title="bbox 565 2183 2164 2244">
    <p class='ocr_par' dir='ltr' id='par_1_37' title="bbox 565 2183 2164 2244">
     <span class='ocr_line' id='line_1_37' title="bbox 565 2183 2164 2244; baseline -0.004 -1"><span class='ocrx_word' id='word_1_297' title='bbox 565 2187 773 2244; x_wconf 80' lang='lat' dir='ltr'><strong>habent</strong></span> <span class='ocrx_word' id='word_1_298' title='bbox 807 2189 864 2244; x_wconf 91' lang='lat' dir='ltr'><strong>in</strong></span> <span class='ocrx_word' id='word_1_299' title='bbox 901 2190 1066 2244; x_wconf 88' lang='lat' dir='ltr'><strong>terris</strong></span> <span class='ocrx_word' id='word_1_300' title='bbox 1100 2187 1594 2244; x_wconf 77' lang='lat' dir='ltr'><strong>conversationem.</strong></span> <span class='ocrx_word' id='word_1_301' title='bbox 1622 2183 1864 2239; x_wconf 86' lang='lat' dir='ltr'><strong>Castitas</strong></span> <span class='ocrx_word' id='word_1_302' title='bbox 1887 2183 2164 2238; x_wconf 84' lang='lat' dir='ltr'><strong>hominem</strong></span> 
     </span>
    </p>
   </div>
   <div class='ocr_carea' id='block_1_38' title="bbox 566 2274 2166 2352">
    <p class='ocr_par' dir='ltr' id='par_1_38' title="bbox 566 2274 2166 2352">
     <span class='ocr_line' id='line_1_38' title="bbox 566 2274 2166 2352; baseline -0.004 -17"><span class='ocrx_word' id='word_1_303' title='bbox 566 2280 706 2338; x_wconf 70' lang='lat' dir='ltr'><strong>caelo</strong></span> <span class='ocrx_word' id='word_1_304' title='bbox 726 2281 1027 2352; x_wconf 81' lang='lat' dir='ltr'><strong>conjungit,</strong></span> <span class='ocrx_word' id='word_1_305' title='bbox 1043 2280 1250 2352; x_wconf 73' lang='lat' dir='ltr'><strong>angelis</strong></span> <span class='ocrx_word' id='word_1_306' title='bbox 1277 2278 1408 2333; x_wconf 84' lang='lat' dir='ltr'><strong>facit</strong></span> <span class='ocrx_word' id='word_1_307' title='bbox 1432 2277 1733 2332; x_wconf 85' lang='lat' dir='ltr'><strong>concivem.</strong></span> <span class='ocrx_word' id='word_1_308' title='bbox 1758 2275 1862 2344; x_wconf 90' lang='lat' dir='ltr'><strong>Qui</strong></span> <span class='ocrx_word' id='word_1_309' title='bbox 1885 2274 2166 2330; x_wconf 88' lang='lat' dir='ltr'><strong>mulierem</strong></span> 
     </span>
    </p>
   </div>
   <div class='ocr_carea' id='block_1_39' title="bbox 566 2367 2166 2442">
    <p class='ocr_par' dir='ltr' id='par_1_39' title="bbox 566 2367 2166 2442">
     <span class='ocr_line' id='line_1_39' title="bbox 566 2367 2166 2442; baseline -0.003 -17"><span class='ocrx_word' id='word_1_310' title='bbox 566 2370 734 2427; x_wconf 81' lang='lat' dir='ltr'><strong>habet</strong></span> <span class='ocrx_word' id='word_1_311' title='bbox 758 2371 1079 2442; x_wconf 82' lang='lat' dir='ltr'><strong>legitimam,</strong></span> <span class='ocrx_word' id='word_1_312' title='bbox 1121 2371 1360 2442; x_wconf 82' lang='lat' dir='ltr'><strong>legitime</strong></span> <span class='ocrx_word' id='word_1_313' title='bbox 1395 2377 1581 2424; x_wconf 81' lang='lat' dir='ltr'><strong>utatur</strong></span> <span class='ocrx_word' id='word_1_314' title='bbox 1607 2384 1672 2422; x_wconf 91' lang='lat' dir='ltr'><strong>ca</strong></span> <span class='ocrx_word' id='word_1_315' title='bbox 1700 2367 2036 2436; x_wconf 84' lang='lat' dir='ltr'><strong>temporibus</strong></span> <span class='ocrx_word' id='word_1_316' title='bbox 2069 2381 2166 2436; x_wconf 88' lang='lat' dir='ltr'><strong>op-</strong></span> 
     </span>
    </p>
   </div>
   <div class='ocr_carea' id='block_1_40' title="bbox 565 2457 2165 2532">
    <p class='ocr_par' dir='ltr' id='par_1_40' title="bbox 565 2457 2165 2532">
     <span class='ocr_line' id='line_1_40' title="bbox 565 2457 2165 2532; baseline -0.004 -14"><span class='ocrx_word' id='word_1_317' title='bbox 565 2463 837 2532; x_wconf 88' lang='lat' dir='ltr'><strong>portunis,</strong></span> <span class='ocrx_word' id='word_1_318' title='bbox 865 2463 928 2517; x_wconf 83' lang='lat' dir='ltr'><strong>ut</strong></span> <span class='ocrx_word' id='word_1_319' title='bbox 961 2463 1397 2518; x_wconf 84' lang='lat' dir='ltr'><strong>benedictionem</strong></span> <span class='ocrx_word' id='word_1_320' title='bbox 1427 2468 1705 2514; x_wconf 84' lang='lat' dir='ltr'><strong>mereatur</strong></span> <span class='ocrx_word' id='word_1_321' title='bbox 1733 2457 1968 2513; x_wconf 85' lang='lat' dir='ltr'><strong>ﬁliorum</strong></span> <span class='ocrx_word' id='word_1_322' title='bbox 1998 2473 2028 2514; x_wconf 86' lang='lat' dir='ltr'><strong>a</strong></span> <span class='ocrx_word' id='word_1_323' title='bbox 2054 2457 2165 2512; x_wconf 85' lang='lat' dir='ltr'><strong>Deo</strong></span> 
     </span>
    </p>
   </div>
   <div class='ocr_carea' id='block_1_41' title="bbox 566 2550 2164 2624">
    <p class='ocr_par' dir='ltr' id='par_1_41' title="bbox 566 2550 2164 2624">
     <span class='ocr_line' id='line_1_41' title="bbox 566 2550 2164 2624; baseline -0.003 -18"><span class='ocrx_word' id='word_1_324' title='bbox 566 2554 830 2624; x_wconf 82' lang='lat' dir='ltr'><strong>recipere.</strong></span> <span class='ocrx_word' id='word_1_325' title='bbox 860 2552 1032 2609; x_wconf 83' lang='lat' dir='ltr'><strong>Nemo</strong></span> <span class='ocrx_word' id='word_1_326' title='bbox 1060 2555 1207 2608; x_wconf 76' lang='lat' dir='ltr'><strong>dicet</strong></span> <span class='ocrx_word' id='word_1_327' title='bbox 1230 2569 1259 2606; x_wconf 88' lang='lat' dir='ltr'><strong>a</strong></span> <span class='ocrx_word' id='word_1_328' title='bbox 1292 2551 1650 2607; x_wconf 81' lang='lat' dir='ltr'><strong>fornicatione</strong></span> <span class='ocrx_word' id='word_1_329' title='bbox 1675 2566 1736 2605; x_wconf 86' lang='lat' dir='ltr'><strong>se</strong></span> <span class='ocrx_word' id='word_1_330' title='bbox 1760 2550 2034 2605; x_wconf 88' lang='lat' dir='ltr'><strong>custodire</strong></span> <span class='ocrx_word' id='word_1_331' title='bbox 2055 2562 2164 2604; x_wconf 89' lang='lat' dir='ltr'><strong>non</strong></span> 
     </span>
    </p>
   </div>
   <div class='ocr_carea' id='block_1_42' title="bbox 566 2641 2160 2714">
    <p class='ocr_par' dir='ltr' id='par_1_42' title="bbox 566 2641 2160 2714">
     <span class='ocr_line' id='line_1_42' title="bbox 566 2641 2160 2714; baseline -0.003 -14"><span class='ocrx_word' id='word_1_332' title='bbox 566 2658 748 2714; x_wconf 84' lang='lat' dir='ltr'><strong>posse.</strong></span> <span class='ocrx_word' id='word_1_333' title='bbox 793 2643 996 2699; x_wconf 75' lang='lat' dir='ltr'><strong>Fidelis</strong></span> <span class='ocrx_word' id='word_1_334' title='bbox 1026 2657 1102 2699; x_wconf 76' lang='lat' dir='ltr'><strong>est</strong></span> <span class='ocrx_word' id='word_1_335' title='bbox 1121 2645 1266 2698; x_wconf 84' lang='lat' dir='ltr'><strong>enim</strong></span> <span class='ocrx_word' id='word_1_336' title='bbox 1289 2644 1452 2708; x_wconf 84' lang='lat' dir='ltr'><strong>Deus,</strong></span> <span class='ocrx_word' id='word_1_337' title='bbox 1480 2642 1616 2697; x_wconf 82' lang='lat' dir='ltr'><strong>dicit</strong></span> <span class='ocrx_word' id='word_1_338' title='bbox 1636 2642 1828 2697; x_wconf 86' lang='lat' dir='ltr'><strong>beatus</strong></span> <span class='ocrx_word' id='word_1_339' title='bbox 1851 2641 2160 2711; x_wconf 72' lang='lat' dir='ltr'><strong>Apostolus,</strong></span> 
     </span>
    </p>
   </div>
   <div class='ocr_carea' id='block_1_43' title="bbox 565 2733 2166 2807">
    <p class='ocr_par' dir='ltr' id='par_1_43' title="bbox 565 2733 2166 2807">
     <span class='ocr_line' id='line_1_43' title="bbox 565 2733 2166 2807; baseline -0.001 -19"><span class='ocrx_word' id='word_1_340' title='bbox 565 2737 658 2806; x_wconf 85' lang='lat' dir='ltr'><strong>qui</strong></span> <span class='ocrx_word' id='word_1_341' title='bbox 690 2752 793 2790; x_wconf 88' lang='lat' dir='ltr'><strong>non</strong></span> <span class='ocrx_word' id='word_1_342' title='bbox 817 2737 1068 2807; x_wconf 84' lang='lat' dir='ltr'><strong>permittit</strong></span> <span class='ocrx_word' id='word_1_343' title='bbox 1096 2752 1190 2790; x_wconf 85' lang='lat' dir='ltr'><strong>nos</strong></span> <span class='ocrx_word' id='word_1_344' title='bbox 1216 2737 1411 2789; x_wconf 86' lang='lat' dir='ltr'><strong>tentari</strong></span> <span class='ocrx_word' id='word_1_345' title='bbox 1444 2751 1605 2805; x_wconf 81' lang='lat' dir='ltr'><strong>supra</strong></span> <span class='ocrx_word' id='word_1_346' title='bbox 1647 2733 1723 2797; x_wconf 89' lang='lat' dir='ltr'><strong>id,</strong></span> <span class='ocrx_word' id='word_1_347' title='bbox 1773 2733 1912 2804; x_wconf 81' lang='lat' dir='ltr'><strong>quod</strong></span> <span class='ocrx_word' id='word_1_348' title='bbox 1955 2745 2166 2804; x_wconf 81' lang='lat' dir='ltr'><strong>portare</strong></span> 
     </span>
    </p>
   </div>
   <div class='ocr_carea' id='block_1_44' title="bbox 566 2825 2164 2899">
    <p class='ocr_par' dir='ltr' id='par_1_44' title="bbox 566 2825 2164 2899">
     <span class='ocr_line' id='line_1_44' title="bbox 566 2825 2164 2899; baseline -0.002 -18"><span class='ocrx_word' id='word_1_349' title='bbox 566 2843 674 2881; x_wconf 87' lang='lat' dir='ltr'><strong>non</strong></span> <span class='ocrx_word' id='word_1_350' title='bbox 697 2825 822 2898; x_wconf 62' lang='lat' dir='ltr'><strong>illis.</strong></span> <span class='ocrx_word' id='word_1_351' title='bbox 854 2828 1006 2882; x_wconf 87' lang='lat' dir='ltr'><strong>omit.</strong></span> <span class='ocrx_word' id='word_1_352' title='bbox 1043 2826 1168 2899; x_wconf 83' lang='lat' dir='ltr'><strong>non]</strong></span> <span class='ocrx_word' id='word_1_353' title='bbox 1202 2843 1479 2899; x_wconf 78' lang='lat' dir='ltr'><strong>possumus</strong></span> <span class='ocrx_word' id='word_1_354' title='bbox 1507 2839 1526 2876; x_wconf 93' lang='lat'><strong><em>:</em></strong></span> <span class='ocrx_word' id='word_1_355' title='bbox 1555 2826 1646 2878; x_wconf 74' lang='lat' dir='ltr'><strong>sed</strong></span> <span class='ocrx_word' id='word_1_356' title='bbox 1677 2827 1834 2896; x_wconf 76' lang='lat' dir='ltr'><strong>faciet</strong></span> <span class='ocrx_word' id='word_1_357' title='bbox 1855 2826 2020 2880; x_wconf 77' lang='lat' dir='ltr'><strong>etiam</strong></span> <span class='ocrx_word' id='word_1_358' title='bbox 2045 2841 2164 2878; x_wconf 83' lang='lat' dir='ltr'><strong>cum</strong></span> 
     </span>
    </p>
   </div>
   <div class='ocr_carea' id='block_1_45' title="bbox 566 2915 2164 2990">
    <p class='ocr_par' dir='ltr' id='par_1_45' title="bbox 566 2915 2164 2990">
     <span class='ocr_line' id='line_1_45' title="bbox 566 2915 2164 2990; baseline 0 -20"><span class='ocrx_word' id='word_1_359' title='bbox 566 2919 858 2988; x_wconf 52' lang='lat' dir='ltr'><strong>tentatio/ne</strong></span> <span class='ocrx_word' id='word_1_360' title='bbox 887 2929 1194 2990; x_wconf 77' lang='lat' dir='ltr'><strong>proventum</strong></span> <span class='ocrx_word' id='word_1_361' title='bbox 1220 2917 1269 2990; x_wconf 87' lang='grc' dir='ltr'><strong>(Ι</strong></span> <span class='ocrx_word' id='word_1_362' title='bbox 1303 2915 1428 2972; x_wconf 88' lang='lat' dir='ltr'><strong>Cor.</strong></span> <span class='ocrx_word' id='word_1_363' title='bbox 1472 2933 1525 2982; x_wconf 65' lang='grc' dir='ltr'><strong>κ,</strong></span> <span class='ocrx_word' id='word_1_364' title='bbox 1557 2915 1668 2985; x_wconf 76' lang='grc'><strong>15),</strong></span> <span class='ocrx_word' id='word_1_365' title='bbox 1700 2915 1847 2969; x_wconf 75' lang='lat' dir='ltr'><strong>Talis</strong></span> <span class='ocrx_word' id='word_1_366' title='bbox 1875 2915 2164 2985; x_wconf 81' lang='lat' dir='ltr'><strong>unicuique</strong></span> 
     </span>
    </p>
   </div>
   <div class='ocr_carea' id='block_1_46' title="bbox 568 3008 2165 3077">
    <p class='ocr_par' dir='ltr' id='par_1_46' title="bbox 568 3008 2165 3077">
     <span class='ocr_line' id='line_1_46' title="bbox 568 3008 2165 3077; baseline -0.001 -12"><span class='ocrx_word' id='word_1_367' title='bbox 568 3012 773 3067; x_wconf 79' lang='lat' dir='ltr'><strong>homini</strong></span> <span class='ocrx_word' id='word_1_368' title='bbox 800 3013 1030 3067; x_wconf 89' lang='lat' dir='ltr'><strong>tentatio</strong></span> <span class='ocrx_word' id='word_1_369' title='bbox 1056 3012 1236 3077; x_wconf 89' lang='lat' dir='ltr'><strong>datur,</strong></span> <span class='ocrx_word' id='word_1_370' title='bbox 1261 3011 1376 3068; x_wconf 90' lang='lat' dir='ltr'><strong>sive</strong></span> <span class='ocrx_word' id='word_1_371' title='bbox 1406 3011 1462 3066; x_wconf 88' lang='lat' dir='ltr'><strong>in</strong></span> <span class='ocrx_word' id='word_1_372' title='bbox 1499 3009 1683 3066; x_wconf 85' lang='lat' dir='ltr'><strong>carnis</strong></span> <span class='ocrx_word' id='word_1_373' title='bbox 1718 3008 2020 3072; x_wconf 79' lang='lat' dir='ltr'><strong>desiderio,</strong></span> <span class='ocrx_word' id='word_1_374' title='bbox 2048 3009 2165 3063; x_wconf 86' lang='lat' dir='ltr'><strong>sive</strong></span> 
     </span>
    </p>
   </div>
   <div class='ocr_carea' id='block_1_47' title="bbox 567 3100 2162 3170">
    <p class='ocr_par' dir='ltr' id='par_1_47' title="bbox 567 3100 2162 3170">
     <span class='ocr_line' id='line_1_47' title="bbox 567 3100 2162 3170; baseline -0.001 -16"><span class='ocrx_word' id='word_1_375' title='bbox 567 3103 625 3155; x_wconf 89' lang='lat' dir='ltr'><strong>in</strong></span> <span class='ocrx_word' id='word_1_376' title='bbox 665 3103 962 3158; x_wconf 72' lang='lat' dir='ltr'><strong>ambitione</strong></span> <span class='ocrx_word' id='word_1_377' title='bbox 999 3101 1204 3167; x_wconf 71' lang='lat' dir='ltr'><strong>sreculi,</strong></span> <span class='ocrx_word' id='word_1_378' title='bbox 1242 3101 1326 3156; x_wconf 87' lang='lat' dir='ltr'><strong>vel</strong></span> <span class='ocrx_word' id='word_1_379' title='bbox 1354 3100 1596 3156; x_wconf 88' lang='lat' dir='ltr'><strong>etiamin</strong></span> <span class='ocrx_word' id='word_1_380' title='bbox 1629 3114 1953 3170; x_wconf 88' lang='lat' dir='ltr'><strong>quacunque</strong></span> <span class='ocrx_word' id='word_1_381' title='bbox 1982 3107 2162 3153; x_wconf 86' lang='lat' dir='ltr'><strong>tenta-</strong></span> 
     </span>
    </p>
   </div>
   <div class='ocr_carea' id='block_1_48' title="bbox 2267 1911 3868 1984">
    <p class='ocr_par' dir='ltr' id='par_1_48' title="bbox 2267 1911 3868 1984">
     <span class='ocr_line' id='line_1_48' title="bbox 2267 1911 3868 1984; baseline -0.001 -16"><span class='ocrx_word' id='word_1_382' title='bbox 2267 1916 2466 1970; x_wconf 88' lang='lat' dir='ltr'><strong>aliena.</strong></span> <span class='ocrx_word' id='word_1_383' title='bbox 2514 1911 2697 1980; x_wconf 85' lang='lat' dir='ltr'><strong>Juras,</strong></span> <span class='ocrx_word' id='word_1_384' title='bbox 2749 1911 3017 1984; x_wconf 87' lang='lat' dir='ltr'><strong>perjuras,</strong></span> <span class='ocrx_word' id='word_1_385' title='bbox 3067 1927 3189 1982; x_wconf 73' lang='lat' dir='ltr'><strong>qum</strong></span> <span class='ocrx_word' id='word_1_386' title='bbox 3238 1912 3324 1967; x_wconf 77' lang='lat' dir='ltr'><strong>lex</strong></span> <span class='ocrx_word' id='word_1_387' title='bbox 3376 1921 3541 1968; x_wconf 85' lang='lat' dir='ltr'><strong>vetat.</strong></span> <span class='ocrx_word' id='word_1_388' title='bbox 3576 1911 3719 1967; x_wconf 85' lang='lat' dir='ltr'><strong>Cum</strong></span> <span class='ocrx_word' id='word_1_389' title='bbox 3755 1911 3868 1967; x_wconf 66' lang='lat' dir='ltr'><strong>haec</strong></span> 
     </span>
    </p>
   </div>
   <div class='ocr_carea' id='block_1_49' title="bbox 2264 2005 3866 2081">
    <p class='ocr_par' dir='ltr' id='par_1_49' title="bbox 2264 2005 3866 2081">
     <span class='ocr_line' id='line_1_49' title="bbox 2264 2005 3866 2081; baseline -0.002 -16"><span class='ocrx_word' id='word_1_390' title='bbox 2264 2011 2449 2066; x_wconf 89' lang='lat' dir='ltr'><strong>omnia</strong></span> <span class='ocrx_word' id='word_1_391' title='bbox 2486 2010 2621 2066; x_wconf 87' lang='lat' dir='ltr'><strong>facis</strong></span> <span class='ocrx_word' id='word_1_392' title='bbox 2647 2051 2663 2073; x_wconf 89' lang='lat'><strong>,</strong></span> <span class='ocrx_word' id='word_1_393' title='bbox 2714 2024 2886 2081; x_wconf 79' lang='lat' dir='ltr'><strong>quare</strong></span> <span class='ocrx_word' id='word_1_394' title='bbox 2920 2024 3030 2063; x_wconf 89' lang='lat' dir='ltr'><strong>non</strong></span> <span class='ocrx_word' id='word_1_395' title='bbox 3059 2009 3218 2063; x_wconf 87' lang='lat' dir='ltr'><strong>times</strong></span> <span class='ocrx_word' id='word_1_396' title='bbox 3239 2047 3254 2074; x_wconf 90' lang='lat'><strong>,</strong></span> <span class='ocrx_word' id='word_1_397' title='bbox 3291 2020 3362 2061; x_wconf 88' lang='lat' dir='ltr'><strong>ne</strong></span> <span class='ocrx_word' id='word_1_398' title='bbox 3407 2015 3554 2063; x_wconf 87' lang='lat' dir='ltr'><strong>totus</strong></span> <span class='ocrx_word' id='word_1_399' title='bbox 3577 2007 3778 2062; x_wconf 68' lang='lat' dir='ltr'><strong>ardeas</strong></span> <span class='ocrx_word' id='word_1_400' title='bbox 3813 2005 3866 2061; x_wconf 91' lang='lat' dir='ltr'><strong>in</strong></span> 
     </span>
    </p>
   </div>
   <div class='ocr_carea' id='block_1_50' title="bbox 2264 2099 3869 2172">
    <p class='ocr_par' dir='ltr' id='par_1_50' title="bbox 2264 2099 3869 2172">
     <span class='ocr_line' id='line_1_50' title="bbox 2264 2099 3869 2172; baseline -0.004 -13"><span class='ocrx_word' id='word_1_401' title='bbox 2264 2105 2565 2159; x_wconf 75' lang='lat' dir='ltr'><strong>aeternum?</strong></span> <span class='ocrx_word' id='word_1_402' title='bbox 2589 2102 2718 2166; x_wconf 89' lang='lat' dir='ltr'><strong>Cur,</strong></span> <span class='ocrx_word' id='word_1_403' title='bbox 2744 2115 2931 2166; x_wconf 84' lang='lat' dir='ltr'><strong>avare,</strong></span> <span class='ocrx_word' id='word_1_404' title='bbox 2962 2101 3083 2172; x_wconf 88' lang='lat' dir='ltr'><strong>plus</strong></span> <span class='ocrx_word' id='word_1_405' title='bbox 3111 2117 3262 2156; x_wconf 80' lang='lat' dir='ltr'><strong>amas</strong></span> <span class='ocrx_word' id='word_1_406' title='bbox 3295 2117 3521 2167; x_wconf 89' lang='lat' dir='ltr'><strong>aurum,</strong></span> <span class='ocrx_word' id='word_1_407' title='bbox 3551 2116 3720 2172; x_wconf 81' lang='lat' dir='ltr'><strong>quam</strong></span> <span class='ocrx_word' id='word_1_408' title='bbox 3755 2099 3869 2154; x_wconf 85' lang='lat' dir='ltr'><strong>ani-</strong></span> 
     </span>
    </p>
   </div>
   <div class='ocr_carea' id='block_1_51' title="bbox 2265 2195 3867 2267">
    <p class='ocr_par' dir='ltr' id='par_1_51' title="bbox 2265 2195 3867 2267">
     <span class='ocr_line' id='line_1_51' title="bbox 2265 2195 3867 2267; baseline -0.004 -15"><span class='ocrx_word' id='word_1_409' title='bbox 2265 2197 2447 2252; x_wconf 87' lang='lat' dir='ltr'><strong>mam?</strong></span> <span class='ocrx_word' id='word_1_410' title='bbox 2473 2195 2614 2263; x_wconf 83' lang='lat' dir='ltr'><strong>Quid</strong></span> <span class='ocrx_word' id='word_1_411' title='bbox 2640 2197 2785 2252; x_wconf 87' lang='lat' dir='ltr'><strong>enim</strong></span> <span class='ocrx_word' id='word_1_412' title='bbox 2810 2195 3043 2267; x_wconf 85' lang='lat' dir='ltr'><strong>proderit</strong></span> <span class='ocrx_word' id='word_1_413' title='bbox 3072 2195 3186 2258; x_wconf 84' lang='lat' dir='ltr'><strong>tibi,</strong></span> <span class='ocrx_word' id='word_1_414' title='bbox 3206 2195 3254 2250; x_wconf 83' lang='lat' dir='ltr'><strong>si</strong></span> <span class='ocrx_word' id='word_1_415' title='bbox 3281 2196 3536 2249; x_wconf 85' lang='lat' dir='ltr'><strong>mundum</strong></span> <span class='ocrx_word' id='word_1_416' title='bbox 3564 2195 3867 2250; x_wconf 71' lang='lat' dir='ltr'><strong>universum</strong></span> 
     </span>
    </p>
   </div>
   <div class='ocr_carea' id='block_1_52' title="bbox 2265 2281 3868 2354">
    <p class='ocr_par' dir='ltr' id='par_1_52' title="bbox 2265 2281 3868 2354">
     <span class='ocr_line' id='line_1_52' title="bbox 2265 2281 3868 2354; baseline -0.003 -14"><span class='ocrx_word' id='word_1_417' title='bbox 2265 2285 2525 2353; x_wconf 70' lang='lat' dir='ltr'><strong>lucraris,</strong></span> <span class='ocrx_word' id='word_1_418' title='bbox 2581 2287 2774 2340; x_wconf 64' lang='lat' dir='ltr'><strong>animus</strong></span> <span class='ocrx_word' id='word_1_419' title='bbox 2835 2293 3016 2340; x_wconf 81' lang='lat' dir='ltr'><strong>autem</strong></span> <span class='ocrx_word' id='word_1_420' title='bbox 3066 2294 3174 2339; x_wconf 67' lang='lat' dir='ltr'><strong>tum</strong></span> <span class='ocrx_word' id='word_1_421' title='bbox 3228 2283 3596 2339; x_wconf 79' lang='lat' dir='ltr'><strong>detrimentum</strong></span> <span class='ocrx_word' id='word_1_422' title='bbox 3644 2281 3868 2354; x_wconf 74' lang='lat' dir='ltr'><strong>patiaris</strong></span> 
     </span>
    </p>
   </div>
   <div class='ocr_carea' id='block_1_53' title="bbox 2267 2375 3867 2450">
    <p class='ocr_par' dir='ltr' id='par_1_53' title="bbox 2267 2375 3867 2450">
     <span class='ocr_line' id='line_1_53' title="bbox 2267 2375 3867 2450; baseline -0.001 -18"><span class='ocrx_word' id='word_1_423' title='bbox 2267 2377 2483 2450; x_wconf 76' lang='lat' dir='ltr'><strong>(Matth.</strong></span> <span class='ocrx_word' id='word_1_424' title='bbox 2513 2391 2628 2444; x_wconf 55' lang='grc' dir='ltr'>κεί,</span> <span class='ocrx_word' id='word_1_425' title='bbox 2654 2377 2786 2449; x_wconf 75' lang='lat'><strong>26)?</strong></span> <span class='ocrx_word' id='word_1_426' title='bbox 2815 2377 2883 2432; x_wconf 86' lang='lat' dir='ltr'><strong>Et</strong></span> <span class='ocrx_word' id='word_1_427' title='bbox 2913 2378 3030 2448; x_wconf 88' lang='lat' dir='ltr'><strong>ipse</strong></span> <span class='ocrx_word' id='word_1_428' title='bbox 3057 2376 3320 2433; x_wconf 86' lang='lat' dir='ltr'><strong>Dominus</strong></span> <span class='ocrx_word' id='word_1_429' title='bbox 3345 2376 3478 2432; x_wconf 87' lang='lat' dir='ltr'><strong>dicit</strong></span> <span class='ocrx_word' id='word_1_430' title='bbox 3519 2377 3574 2431; x_wconf 90' lang='lat' dir='ltr'><strong>in</strong></span> <span class='ocrx_word' id='word_1_431' title='bbox 3615 2375 3867 2447; x_wconf 76' lang='lat' dir='ltr'><strong>Evange-</strong></span> 
     </span>
    </p>
   </div>
   <div class='ocr_carea' id='block_1_54' title="bbox 2265 2468 3865 2541">
    <p class='ocr_par' dir='ltr' id='par_1_54' title="bbox 2265 2468 3865 2541">
     <span class='ocr_line' id='line_1_54' title="bbox 2265 2468 3865 2541; baseline -0.001 -16"><span class='ocrx_word' id='word_1_432' title='bbox 2265 2471 2338 2526; x_wconf 88' lang='lat' dir='ltr'><strong>lio</strong></span> <span class='ocrx_word' id='word_1_433' title='bbox 2367 2490 2381 2525; x_wconf 88' lang='lat'><strong>:</strong></span> <span class='ocrx_word' id='word_1_434' title='bbox 2411 2469 2598 2526; x_wconf 82' lang='lat' dir='ltr'><strong>Cavete</strong></span> <span class='ocrx_word' id='word_1_435' title='bbox 2625 2470 2692 2525; x_wconf 80' lang='lat' dir='ltr'><strong>ab</strong></span> <span class='ocrx_word' id='word_1_436' title='bbox 2721 2472 2865 2525; x_wconf 85' lang='lat' dir='ltr'><strong>omni</strong></span> <span class='ocrx_word' id='word_1_437' title='bbox 2891 2470 3145 2535; x_wconf 81' lang='lat' dir='ltr'><strong>avaritia,</strong></span> <span class='ocrx_word' id='word_1_438' title='bbox 3175 2472 3301 2541; x_wconf 80' lang='lat' dir='ltr'><strong>quia</strong></span> <span class='ocrx_word' id='word_1_439' title='bbox 3328 2482 3433 2524; x_wconf 82' lang='lat' dir='ltr'><strong>non</strong></span> <span class='ocrx_word' id='word_1_440' title='bbox 3456 2470 3513 2524; x_wconf 85' lang='lat' dir='ltr'><strong>in</strong></span> <span class='ocrx_word' id='word_1_441' title='bbox 3535 2468 3865 2524; x_wconf 79' lang='lat' dir='ltr'><strong>abundantia</strong></span> 
     </span>
    </p>
   </div>
   <div class='ocr_carea' id='block_1_55' title="bbox 2264 2563 3870 2639">
    <p class='ocr_par' dir='ltr' id='par_1_55' title="bbox 2264 2563 3870 2639">
     <span class='ocr_line' id='line_1_55' title="bbox 2264 2563 3870 2639; baseline -0.002 -17"><span class='ocrx_word' id='word_1_442' title='bbox 2264 2567 2583 2639; x_wconf 83' lang='lat' dir='ltr'><strong>cujusquam</strong></span> <span class='ocrx_word' id='word_1_443' title='bbox 2603 2567 2708 2621; x_wconf 79' lang='lat' dir='ltr'><strong>rita</strong></span> <span class='ocrx_word' id='word_1_444' title='bbox 2731 2566 2868 2635; x_wconf 80' lang='lat' dir='ltr'><strong>ejus,</strong></span> <span class='ocrx_word' id='word_1_445' title='bbox 2895 2583 3014 2639; x_wconf 66' lang='lat' dir='ltr'><strong>quin</strong></span> <span class='ocrx_word' id='word_1_446' title='bbox 3029 2567 3260 2638; x_wconf 81' lang='lat' dir='ltr'><strong>possidet</strong></span> <span class='ocrx_word' id='word_1_447' title='bbox 3288 2565 3441 2638; x_wconf 85' lang='lat' dir='ltr'><strong>(Luc.</strong></span> <span class='ocrx_word' id='word_1_448' title='bbox 3465 2582 3566 2631; x_wconf 81' lang='lat' dir='ltr'><strong>1m,</strong></span> <span class='ocrx_word' id='word_1_449' title='bbox 3593 2563 3708 2636; x_wconf 76' lang='grc'><strong>15).</strong></span> <span class='ocrx_word' id='word_1_450' title='bbox 3727 2563 3870 2620; x_wconf 77' lang='lat' dir='ltr'><strong>Nun—</strong></span> 
     </span>
    </p>
   </div>
   <div class='ocr_carea' id='block_1_56' title="bbox 2265 2663 3868 2736">
    <p class='ocr_par' dir='ltr' id='par_1_56' title="bbox 2265 2663 3868 2736">
     <span class='ocr_line' id='line_1_56' title="bbox 2265 2663 3868 2736; baseline -0.001 -18"><span class='ocrx_word' id='word_1_451' title='bbox 2265 2664 2394 2734; x_wconf 85' lang='lat' dir='ltr'><strong>quid</strong></span> <span class='ocrx_word' id='word_1_452' title='bbox 2423 2679 2532 2718; x_wconf 90' lang='lat' dir='ltr'><strong>non</strong></span> <span class='ocrx_word' id='word_1_453' title='bbox 2564 2664 2762 2719; x_wconf 84' lang='lat' dir='ltr'><strong>divites</strong></span> <span class='ocrx_word' id='word_1_454' title='bbox 2807 2663 3058 2719; x_wconf 88' lang='lat' dir='ltr'><strong>similiter</strong></span> <span class='ocrx_word' id='word_1_455' title='bbox 3099 2664 3429 2730; x_wconf 87' lang='lat' dir='ltr'><strong>moriuntur,</strong></span> <span class='ocrx_word' id='word_1_456' title='bbox 3459 2665 3603 2720; x_wconf 89' lang='lat' dir='ltr'><strong>sicut</strong></span> <span class='ocrx_word' id='word_1_457' title='bbox 3644 2673 3704 2719; x_wconf 90' lang='lat' dir='ltr'><strong>et</strong></span> <span class='ocrx_word' id='word_1_458' title='bbox 3734 2679 3868 2736; x_wconf 86' lang='lat' dir='ltr'><strong>pau-</strong></span> 
     </span>
    </p>
   </div>
   <div class='ocr_carea' id='block_1_57' title="bbox 2266 2751 3863 2826">
    <p class='ocr_par' dir='ltr' id='par_1_57' title="bbox 2266 2751 3863 2826">
     <span class='ocr_line' id='line_1_57' title="bbox 2266 2751 3863 2826; baseline 0.003 -18"><span class='ocrx_word' id='word_1_459' title='bbox 2266 2754 2459 2824; x_wconf 84' lang='lat' dir='ltr'><strong>peres?</strong></span> <span class='ocrx_word' id='word_1_460' title='bbox 2487 2751 2604 2810; x_wconf 84' lang='lat' dir='ltr'><strong>Non</strong></span> <span class='ocrx_word' id='word_1_461' title='bbox 2632 2755 2892 2824; x_wconf 88' lang='lat' dir='ltr'><strong>prodesse</strong></span> <span class='ocrx_word' id='word_1_462' title='bbox 2927 2764 3159 2826; x_wconf 87' lang='lat' dir='ltr'><strong>possunt</strong></span> <span class='ocrx_word' id='word_1_463' title='bbox 3186 2756 3387 2811; x_wconf 70' lang='lat' dir='ltr'><strong>divitiae</strong></span> <span class='ocrx_word' id='word_1_464' title='bbox 3419 2756 3473 2812; x_wconf 90' lang='lat' dir='ltr'><strong>in</strong></span> <span class='ocrx_word' id='word_1_465' title='bbox 3502 2757 3590 2812; x_wconf 88' lang='lat' dir='ltr'><strong>die</strong></span> <span class='ocrx_word' id='word_1_466' title='bbox 3617 2757 3863 2821; x_wconf 83' lang='lat' dir='ltr'><strong>ultionis,</strong></span> 
     </span>
    </p>
   </div>
   <div class='ocr_carea' id='block_1_58' title="bbox 2267 2847 3861 2922">
    <p class='ocr_par' dir='ltr' id='par_1_58' title="bbox 2267 2847 3861 2922">
     <span class='ocr_line' id='line_1_58' title="bbox 2267 2847 3861 2922; baseline 0.001 -21"><span class='ocrx_word' id='word_1_467' title='bbox 2267 2863 2370 2901; x_wconf 81' lang='lat' dir='ltr'><strong>nec</strong></span> <span class='ocrx_word' id='word_1_468' title='bbox 2404 2847 2714 2903; x_wconf 84' lang='lat' dir='ltr'><strong>liberabunt</strong></span> <span class='ocrx_word' id='word_1_469' title='bbox 2754 2847 2894 2904; x_wconf 88' lang='lat' dir='ltr'><strong>male</strong></span> <span class='ocrx_word' id='word_1_470' title='bbox 2939 2857 3155 2904; x_wconf 88' lang='lat' dir='ltr'><strong>utentes</strong></span> <span class='ocrx_word' id='word_1_471' title='bbox 3200 2848 3335 2922; x_wconf 80' lang='lat' dir='ltr'><strong>[AL,</strong></span> <span class='ocrx_word' id='word_1_472' title='bbox 3392 2849 3662 2920; x_wconf 87' lang='lat' dir='ltr'><strong>viventes]</strong></span> <span class='ocrx_word' id='word_1_473' title='bbox 3708 2849 3793 2905; x_wconf 86' lang='lat' dir='ltr'><strong>eis</strong></span> <span class='ocrx_word' id='word_1_474' title='bbox 3831 2861 3861 2902; x_wconf 81' lang='lat' dir='ltr'><strong>a</strong></span> 
     </span>
    </p>
   </div>
   <div class='ocr_carea' id='block_1_59' title="bbox 2265 2930 3865 3010">
    <p class='ocr_par' dir='ltr' id='par_1_59' title="bbox 2265 2930 3865 3010">
     <span class='ocr_line' id='line_1_59' title="bbox 2265 2930 3865 3010; baseline 0.001 -19"><span class='ocrx_word' id='word_1_475' title='bbox 2265 2930 2445 3008; x_wconf 67' lang='lat' dir='ltr'><strong>pinnis</strong></span> <span class='ocrx_word' id='word_1_476' title='bbox 2479 2939 2845 3008; x_wconf 82' lang='lat' dir='ltr'><strong>sempiternis.</strong></span> <span class='ocrx_word' id='word_1_477' title='bbox 2884 2937 3029 2994; x_wconf 87' lang='lat' dir='ltr'><strong>Nihil</strong></span> <span class='ocrx_word' id='word_1_478' title='bbox 3073 2947 3158 2994; x_wconf 87' lang='lat' dir='ltr'><strong>est</strong></span> <span class='ocrx_word' id='word_1_479' title='bbox 3199 2955 3369 2995; x_wconf 87' lang='lat' dir='ltr'><strong>avaro</strong></span> <span class='ocrx_word' id='word_1_480' title='bbox 3412 2939 3736 3004; x_wconf 85' lang='lat' dir='ltr'><strong>scelestius,</strong></span> <span class='ocrx_word' id='word_1_481' title='bbox 3772 2935 3865 3010; x_wconf 73' lang='lat' dir='ltr'><strong>qui</strong></span> 
     </span>
    </p>
   </div>
   <div class='ocr_carea' id='block_1_60' title="bbox 2267 3015 3870 3102">
    <p class='ocr_par' dir='ltr' id='par_1_60' title="bbox 2267 3015 3870 3102">
     <span class='ocr_line' id='line_1_60' title="bbox 2267 3015 3870 3102; baseline 0 -19"><span class='ocrx_word' id='word_1_482' title='bbox 2267 3030 2505 3085; x_wconf 87' lang='lat' dir='ltr'><strong>animam</strong></span> <span class='ocrx_word' id='word_1_483' title='bbox 2542 3015 2888 3086; x_wconf 48' lang='lat' dir='ltr'><strong>suam&#39;ltabet</strong></span> <span class='ocrx_word' id='word_1_484' title='bbox 2919 3029 3164 3085; x_wconf 89' lang='lat' dir='ltr'><strong>venalem</strong></span> <span class='ocrx_word' id='word_1_485' title='bbox 3191 3044 3291 3102; x_wconf 90' lang='lat' dir='ltr'><strong>pro</strong></span> <span class='ocrx_word' id='word_1_486' title='bbox 3327 3030 3623 3102; x_wconf 83' lang='lat' dir='ltr'><strong>cupiditate</strong></span> <span class='ocrx_word' id='word_1_487' title='bbox 3659 3030 3870 3086; x_wconf 46' lang='lat' dir='ltr'><strong>divitiae</strong></span> 
     </span>
    </p>
   </div>
   <div class='ocr_carea' id='block_1_61' title="bbox 2268 3106 3867 3193">
    <p class='ocr_par' dir='ltr' id='par_1_61' title="bbox 2268 3106 3867 3193">
     <span class='ocr_line' id='line_1_61' title="bbox 2268 3106 3867 3193; baseline 0 -18"><span class='ocrx_word' id='word_1_488' title='bbox 2268 3135 2407 3175; x_wconf 87' lang='lat' dir='ltr'><strong>rum.</strong></span> <span class='ocrx_word' id='word_1_489' title='bbox 2440 3118 2681 3176; x_wconf 79' lang='lat' dir='ltr'><strong>Avaritia</strong></span> <span class='ocrx_word' id='word_1_490' title='bbox 2714 3120 2934 3176; x_wconf 74' lang='lat' dir='ltr'><strong>modum</strong></span> <span class='ocrx_word' id='word_1_491' title='bbox 2971 3122 3212 3193; x_wconf 76' lang='lat' dir='ltr'><strong>ignorat,</strong></span> <span class='ocrx_word' id='word_1_492' title='bbox 3249 3106 3308 3178; x_wconf 81' lang='lat' dir='ltr'><strong>et</strong></span> <span class='ocrx_word' id='word_1_493' title='bbox 3337 3136 3460 3178; x_wconf 89' lang='lat' dir='ltr'><strong>cum</strong></span> <span class='ocrx_word' id='word_1_494' title='bbox 3493 3123 3678 3178; x_wconf 89' lang='lat' dir='ltr'><strong>omnia</strong></span> <span class='ocrx_word' id='word_1_495' title='bbox 3706 3121 3867 3177; x_wconf 82' lang='lat' dir='ltr'><strong>devo-</strong></span> 
     </span>
    </p>
   </div>
   <div class='ocr_carea' id='block_1_62' title="bbox 565 3191 3867 3289">
    <p class='ocr_par' dir='ltr' id='par_1_62' title="bbox 565 3191 3867 3289">
     <span class='ocr_line' id='line_1_62' title="bbox 565 3191 3867 3289; baseline -0.001 -43"><span class='ocrx_word' id='word_1_496' title='bbox 565 3193 732 3249; x_wconf 83' lang='lat' dir='ltr'><strong>tionis</strong></span> <span class='ocrx_word' id='word_1_497' title='bbox 761 3193 1031 3259; x_wconf 88' lang='lat' dir='ltr'><strong>molcstia,</strong></span> <span class='ocrx_word' id='word_1_498' title='bbox 1064 3194 1278 3264; x_wconf 88' lang='lat' dir='ltr'><strong>qualem</strong></span> <span class='ocrx_word' id='word_1_499' title='bbox 1307 3201 1404 3248; x_wconf 88' lang='lat' dir='ltr'><strong>aut</strong></span> <span class='ocrx_word' id='word_1_500' title='bbox 1438 3209 1564 3248; x_wconf 89' lang='lat' dir='ltr'><strong>cum</strong></span> <span class='ocrx_word' id='word_1_501' title='bbox 1589 3192 1753 3289; x_wconf 75' lang='lat' dir='ltr'><strong>laude</strong></span> <span class='ocrx_word' id='word_1_502' title='bbox 1782 3193 2035 3258; x_wconf 85' lang='lat' dir='ltr'><strong>vincere,</strong></span> <span class='ocrx_word' id='word_1_503' title='bbox 2069 3201 2166 3247; x_wconf 91' lang='lat' dir='ltr'><strong>aut</strong></span> <span class='ocrx_word' id='word_1_504' title='bbox 2191 3191 2237 3252; x_wconf 91' lang='lat' dir='ltr'><strong>C</strong></span> <span class='ocrx_word' id='word_1_505' title='bbox 2268 3221 2382 3280; x_wconf 54' lang='grc' dir='ltr'><strong>τρι,</strong></span> <span class='ocrx_word' id='word_1_506' title='bbox 2432 3217 2607 3270; x_wconf 51' lang='lat' dir='ltr'><strong>nescit</strong></span> <span class='ocrx_word' id='word_1_507' title='bbox 2631 3217 2846 3286; x_wconf 53' lang='lat' dir='ltr'><strong>penitus</strong></span> <span class='ocrx_word' id='word_1_508' title='bbox 2889 3191 3079 3271; x_wconf 37' lang='lat' dir='ltr'><strong>satiari</strong></span> <span class='ocrx_word' id='word_1_509' title='bbox 3107 3214 3264 3288; x_wconf 40' lang='grc' dir='ltr'><strong>[Μὴ</strong></span> <span class='ocrx_word' id='word_1_510' title='bbox 3289 3214 3572 3289; x_wconf 48' lang='grc' dir='ltr'><strong>εηωηηη.</strong></span> <span class='ocrx_word' id='word_1_511' title='bbox 3602 3215 3867 3272; x_wconf 61' lang='lat' dir='ltr'><strong>Esuriem</strong></span> 
     </span>
    </p>
   </div>
   <div class='ocr_carea' id='block_1_63' title="bbox 567 3282 2165 3354">
    <p class='ocr_par' dir='ltr' id='par_1_63' title="bbox 567 3282 2165 3354">
     <span class='ocr_line' id='line_1_63' title="bbox 567 3282 2165 3354; baseline 0 -17"><span class='ocrx_word' id='word_1_512' title='bbox 567 3299 692 3338; x_wconf 90' lang='lat' dir='ltr'><strong>cum</strong></span> <span class='ocrx_word' id='word_1_513' title='bbox 715 3285 1008 3354; x_wconf 72' lang='lat' dir='ltr'><strong>opprobrio</strong></span> <span class='ocrx_word' id='word_1_514' title='bbox 1048 3285 1406 3339; x_wconf 86' lang='lat' dir='ltr'><strong>succumbere</strong></span> <span class='ocrx_word' id='word_1_515' title='bbox 1449 3284 1667 3354; x_wconf 84' lang='lat' dir='ltr'><strong>poterit.</strong></span> <span class='ocrx_word' id='word_1_516' title='bbox 1717 3282 1981 3339; x_wconf 86' lang='lat' dir='ltr'><strong>Omnibus</strong></span> <span class='ocrx_word' id='word_1_517' title='bbox 2018 3284 2165 3338; x_wconf 87' lang='lat' dir='ltr'><strong>enim</strong></span> 
     </span>
    </p>
   </div>
   <div class='ocr_carea' id='block_1_64' title="bbox 566 3376 2166 3446">
    <p class='ocr_par' dir='ltr' id='par_1_64' title="bbox 566 3376 2166 3446">
     <span class='ocr_line' id='line_1_64' title="bbox 566 3376 2166 3446; baseline 0.004 -21"><span class='ocrx_word' id='word_1_518' title='bbox 566 3376 791 3430; x_wconf 71' lang='lat' dir='ltr'><strong>castitas</strong></span> <span class='ocrx_word' id='word_1_519' title='bbox 814 3392 1029 3446; x_wconf 86' lang='lat' dir='ltr'><strong>semper</strong></span> <span class='ocrx_word' id='word_1_520' title='bbox 1056 3377 1366 3432; x_wconf 87' lang='lat' dir='ltr'><strong>necessaria</strong></span> <span class='ocrx_word' id='word_1_521' title='bbox 1389 3386 1493 3442; x_wconf 86' lang='lat' dir='ltr'><strong>est,</strong></span> <span class='ocrx_word' id='word_1_522' title='bbox 1523 3378 1620 3433; x_wconf 88' lang='lat' dir='ltr'><strong>sed</strong></span> <span class='ocrx_word' id='word_1_523' title='bbox 1641 3378 1877 3432; x_wconf 77' lang='lat' dir='ltr'><strong>maxime</strong></span> <span class='ocrx_word' id='word_1_524' title='bbox 1896 3377 2166 3432; x_wconf 85' lang='lat' dir='ltr'><strong>ministris</strong></span> 
     </span>
    </p>
   </div>
   <div class='ocr_carea' id='block_1_65' title="bbox 566 3465 2166 3538">
    <p class='ocr_par' dir='ltr' id='par_1_65' title="bbox 566 3465 2166 3538">
     <span class='ocr_line' id='line_1_65' title="bbox 566 3465 2166 3538; baseline 0.001 -17"><span class='ocrx_word' id='word_1_525' title='bbox 566 3465 772 3522; x_wconf 76' lang='lat' dir='ltr'><strong>Christi</strong></span> <span class='ocrx_word' id='word_1_526' title='bbox 797 3467 1004 3531; x_wconf 87' lang='lat' dir='ltr'><strong>altaris,</strong></span> <span class='ocrx_word' id='word_1_527' title='bbox 1036 3469 1266 3538; x_wconf 86' lang='lat' dir='ltr'><strong>quorum</strong></span> <span class='ocrx_word' id='word_1_528' title='bbox 1291 3469 1404 3524; x_wconf 82' lang='lat' dir='ltr'><strong>vita</strong></span> <span class='ocrx_word' id='word_1_529' title='bbox 1424 3469 1654 3524; x_wconf 88' lang='lat' dir='ltr'><strong>aliorum</strong></span> <span class='ocrx_word' id='word_1_530' title='bbox 1694 3468 1858 3523; x_wconf 88' lang='lat' dir='ltr'><strong>debet</strong></span> <span class='ocrx_word' id='word_1_531' title='bbox 1890 3483 2012 3523; x_wconf 75' lang='lat' dir='ltr'><strong>esse.</strong></span> <span class='ocrx_word' id='word_1_532' title='bbox 2037 3485 2166 3524; x_wconf 50' lang='lat' dir='ltr'><strong>cru-</strong></span> 
     </span>
    </p>
   </div>
   <div class='ocr_carea' id='block_1_66' title="bbox 566 3559 2168 3632">
    <p class='ocr_par' dir='ltr' id='par_1_66' title="bbox 566 3559 2168 3632">
     <span class='ocr_line' id='line_1_66' title="bbox 566 3559 2168 3632; baseline 0.004 -20"><span class='ocrx_word' id='word_1_533' title='bbox 566 3559 722 3624; x_wconf 85' lang='lat' dir='ltr'><strong>ditio,</strong></span> <span class='ocrx_word' id='word_1_534' title='bbox 753 3567 810 3614; x_wconf 88' lang='lat' dir='ltr'><strong>et</strong></span> <span class='ocrx_word' id='word_1_535' title='bbox 834 3561 1054 3615; x_wconf 86' lang='lat' dir='ltr'><strong>assidua</strong></span> <span class='ocrx_word' id='word_1_536' title='bbox 1077 3560 1266 3616; x_wconf 87' lang='lat' dir='ltr'><strong>salutis</strong></span> <span class='ocrx_word' id='word_1_537' title='bbox 1292 3561 1624 3632; x_wconf 60' lang='lat' dir='ltr'><strong>praedicatio.</strong></span> <span class='ocrx_word' id='word_1_538' title='bbox 1653 3560 1812 3615; x_wconf 88' lang='lat' dir='ltr'><strong>Tales</strong></span> <span class='ocrx_word' id='word_1_539' title='bbox 1840 3561 1987 3617; x_wconf 89' lang='lat' dir='ltr'><strong>enim</strong></span> <span class='ocrx_word' id='word_1_540' title='bbox 2010 3562 2168 3618; x_wconf 80' lang='lat' dir='ltr'><strong>decet</strong></span> 
     </span>
    </p>
   </div>
   <div class='ocr_carea' id='block_1_67' title="bbox 566 3651 2165 3724">
    <p class='ocr_par' dir='ltr' id='par_1_67' title="bbox 566 3651 2165 3724">
     <span class='ocr_line' id='line_1_67' title="bbox 566 3651 2165 3724; baseline 0.004 -20"><span class='ocrx_word' id='word_1_541' title='bbox 566 3651 856 3706; x_wconf 86' lang='lat' dir='ltr'><strong>Dominum</strong></span> <span class='ocrx_word' id='word_1_542' title='bbox 886 3651 1087 3707; x_wconf 84' lang='lat' dir='ltr'><strong>habere</strong></span> <span class='ocrx_word' id='word_1_543' title='bbox 1115 3653 1428 3718; x_wconf 87' lang='lat' dir='ltr'><strong>ministros,</strong></span> <span class='ocrx_word' id='word_1_544' title='bbox 1451 3653 1544 3724; x_wconf 86' lang='lat' dir='ltr'><strong>qui</strong></span> <span class='ocrx_word' id='word_1_545' title='bbox 1584 3652 1728 3708; x_wconf 87' lang='lat' dir='ltr'><strong>nulla</strong></span> <span class='ocrx_word' id='word_1_546' title='bbox 1765 3654 1948 3708; x_wconf 85' lang='lat' dir='ltr'><strong>carnis</strong></span> <span class='ocrx_word' id='word_1_547' title='bbox 1983 3665 2165 3710; x_wconf 83' lang='lat' dir='ltr'><strong>conta-</strong></span> 
     </span>
    </p>
   </div>
   <div class='ocr_carea' id='block_1_68' title="bbox 568 3740 2166 3816">
    <p class='ocr_par' dir='ltr' id='par_1_68' title="bbox 568 3740 2166 3816">
     <span class='ocr_line' id='line_1_68' title="bbox 568 3740 2166 3816; baseline 0.003 -20"><span class='ocrx_word' id='word_1_548' title='bbox 568 3741 731 3812; x_wconf 81' lang='lat' dir='ltr'><strong>gione</strong></span> <span class='ocrx_word' id='word_1_549' title='bbox 770 3740 934 3815; x_wconf 71' lang='lat' dir='ltr'><strong>[Ma.,</strong></span> <span class='ocrx_word' id='word_1_550' title='bbox 970 3742 1181 3798; x_wconf 86' lang='lat' dir='ltr'><strong>nullo...</strong></span> <span class='ocrx_word' id='word_1_551' title='bbox 1226 3744 1517 3816; x_wconf 76' lang='lat' dir='ltr'><strong>contagio]</strong></span> <span class='ocrx_word' id='word_1_552' title='bbox 1563 3755 2012 3814; x_wconf 88' lang='lat' dir='ltr'><strong>corrumpantur;</strong></span> <span class='ocrx_word' id='word_1_553' title='bbox 2071 3747 2166 3800; x_wconf 88' lang='lat' dir='ltr'><strong>sed</strong></span> 
     </span>
    </p>
   </div>
   <div class='ocr_carea' id='block_1_69' title="bbox 565 3833 2165 3904">
    <p class='ocr_par' dir='ltr' id='par_1_69' title="bbox 565 3833 2165 3904">
     <span class='ocr_line' id='line_1_69' title="bbox 565 3833 2165 3904; baseline 0.003 -18"><span class='ocrx_word' id='word_1_554' title='bbox 565 3833 748 3902; x_wconf 87' lang='lat' dir='ltr'><strong>potius</strong></span> <span class='ocrx_word' id='word_1_555' title='bbox 774 3834 1109 3888; x_wconf 88' lang='lat' dir='ltr'><strong>continentia</strong></span> <span class='ocrx_word' id='word_1_556' title='bbox 1138 3835 1408 3892; x_wconf 70' lang='lat' dir='ltr'><strong>castitatis</strong></span> <span class='ocrx_word' id='word_1_557' title='bbox 1437 3835 1762 3904; x_wconf 88' lang='lat' dir='ltr'><strong>splendeant</strong></span> <span class='ocrx_word' id='word_1_558' title='bbox 1785 3843 1843 3890; x_wconf 87' lang='lat' dir='ltr'><strong>et</strong></span> <span class='ocrx_word' id='word_1_559' title='bbox 1875 3836 2040 3891; x_wconf 86' lang='lat' dir='ltr'><strong>totius</strong></span> <span class='ocrx_word' id='word_1_560' title='bbox 2069 3837 2165 3891; x_wconf 81' lang='lat' dir='ltr'><strong>bo-</strong></span> 
     </span>
    </p>
   </div>
   <div class='ocr_carea' id='block_1_70' title="bbox 566 3923 1700 3997">
    <p class='ocr_par' dir='ltr' id='par_1_70' title="bbox 566 3923 1700 3997">
     <span class='ocr_line' id='line_1_70' title="bbox 566 3923 1700 3997; baseline 0.003 -18"><span class='ocrx_word' id='word_1_561' title='bbox 566 3923 799 3980; x_wconf 73' lang='lat' dir='ltr'><strong>aestatis</strong></span> <span class='ocrx_word' id='word_1_562' title='bbox 830 3924 1071 3997; x_wconf 82' lang='lat' dir='ltr'><strong>fulgeant</strong></span> <span class='ocrx_word' id='word_1_563' title='bbox 1094 3925 1149 3979; x_wconf 89' lang='lat' dir='ltr'><strong>in</strong></span> <span class='ocrx_word' id='word_1_564' title='bbox 1185 3924 1384 3996; x_wconf 86' lang='lat' dir='ltr'><strong>populo</strong></span> <span class='ocrx_word' id='word_1_565' title='bbox 1414 3924 1700 3996; x_wconf 76' lang='lat' dir='ltr'><strong>exemplis.</strong></span> 
     </span>
    </p>
   </div>
   <div class='ocr_carea' id='block_1_71' title="bbox 1060 4055 1671 4130">
    <p class='ocr_par' dir='ltr' id='par_1_71' title="bbox 1060 4055 1671 4130">
     <span class='ocr_line' id='line_1_71' title="bbox 1060 4055 1671 4130; baseline -0.013 -9"><span class='ocrx_word' id='word_1_566' title='bbox 1060 4058 1223 4130; x_wconf 78' lang='lat' dir='ltr'><strong>I38</strong></span> <span class='ocrx_word' id='word_1_567' title='bbox 1257 4057 1488 4116; x_wconf 76' lang='lat' dir='ltr'><strong>CAPUT</strong></span> <span class='ocrx_word' id='word_1_568' title='bbox 1530 4055 1671 4113; x_wconf 73' lang='lat' dir='ltr'><strong>XIX.</strong></span> 
     </span>
    </p>
   </div>
   <div class='ocr_carea' id='block_1_72' title="bbox 1079 4174 1645 4245">
    <p class='ocr_par' dir='ltr' id='par_1_72' title="bbox 1079 4174 1645 4245">
     <span class='ocr_line' id='line_1_72' title="bbox 1079 4174 1645 4245; baseline -0.002 -17"><span class='ocrx_word' id='word_1_569' title='bbox 1079 4174 1158 4229; x_wconf 85' lang='lat' dir='ltr'><strong>De</strong></span> <span class='ocrx_word' id='word_1_570' title='bbox 1177 4175 1369 4245; x_wconf 65' lang='lat' dir='ltr'><strong>fraude</strong></span> <span class='ocrx_word' id='word_1_571' title='bbox 1393 4175 1645 4229; x_wconf 74' lang='lat' dir='ltr'><strong>cavenda.</strong></span> 
     </span>
    </p>
   </div>
   <div class='ocr_carea' id='block_1_73' title="bbox 638 4303 2164 4384">
    <p class='ocr_par' dir='ltr' id='par_1_73' title="bbox 638 4303 2164 4384">
     <span class='ocr_line' id='line_1_73' title="bbox 638 4303 2164 4384; baseline -0.005 -12"><span class='ocrx_word' id='word_1_572' title='bbox 638 4313 900 4372; x_wconf 86' lang='lat' dir='ltr'><strong>Dominus</strong></span> <span class='ocrx_word' id='word_1_573' title='bbox 923 4304 1060 4384; x_wconf 84' lang='lat' dir='ltr'><strong>ipse,</strong></span> <span class='ocrx_word' id='word_1_574' title='bbox 1084 4303 1176 4382; x_wconf 85' lang='lat' dir='ltr'><strong>qui</strong></span> <span class='ocrx_word' id='word_1_575' title='bbox 1203 4323 1304 4366; x_wconf 90' lang='lat' dir='ltr'><strong>nos</strong></span> <span class='ocrx_word' id='word_1_576' title='bbox 1329 4311 1592 4383; x_wconf 78' lang='lat' dir='ltr'><strong>benignos</strong></span> <span class='ocrx_word' id='word_1_577' title='bbox 1612 4309 1870 4366; x_wconf 87' lang='lat' dir='ltr'><strong>admonet</strong></span> <span class='ocrx_word' id='word_1_578' title='bbox 1885 4309 1953 4366; x_wconf 90' lang='lat' dir='ltr'><strong>de</strong></span> <span class='ocrx_word' id='word_1_579' title='bbox 1978 4317 2164 4365; x_wconf 75' lang='lat' dir='ltr'><strong>nostra</strong></span> 
     </span>
    </p>
   </div>
   <div class='ocr_carea' id='block_1_74' title="bbox 566 4401 2164 4476">
    <p class='ocr_par' dir='ltr' id='par_1_74' title="bbox 566 4401 2164 4476">
     <span class='ocr_line' id='line_1_74' title="bbox 566 4401 2164 4476; baseline -0.003 -13"><span class='ocrx_word' id='word_1_580' title='bbox 566 4409 873 4465; x_wconf 78' lang='lat' dir='ltr'><strong>substantia</strong></span> <span class='ocrx_word' id='word_1_581' title='bbox 900 4405 1230 4476; x_wconf 87' lang='lat' dir='ltr'><strong>pauperibus</strong></span> <span class='ocrx_word' id='word_1_582' title='bbox 1252 4412 1307 4458; x_wconf 90' lang='lat' dir='ltr'><strong>et</strong></span> <span class='ocrx_word' id='word_1_583' title='bbox 1333 4404 1549 4459; x_wconf 88' lang='lat' dir='ltr'><strong>miseris</strong></span> <span class='ocrx_word' id='word_1_584' title='bbox 1578 4417 1701 4458; x_wconf 86' lang='lat' dir='ltr'><strong>esse</strong></span> <span class='ocrx_word' id='word_1_585' title='bbox 1725 4443 1739 4469; x_wconf 91' lang='lat'><strong>,</strong></span> <span class='ocrx_word' id='word_1_586' title='bbox 1772 4401 2024 4472; x_wconf 86' lang='lat' dir='ltr'><strong>prohibet</strong></span> <span class='ocrx_word' id='word_1_587' title='bbox 2062 4419 2164 4459; x_wconf 90' lang='lat' dir='ltr'><strong>nos</strong></span> 
     </span>
    </p>
   </div>
   <div class='ocr_carea' id='block_1_75' title="bbox 568 4492 2158 4565">
    <p class='ocr_par' dir='ltr' id='par_1_75' title="bbox 568 4492 2158 4565">
     <span class='ocr_line' id='line_1_75' title="bbox 568 4492 2158 4565; baseline -0.001 -15"><span class='ocrx_word' id='word_1_588' title='bbox 568 4501 638 4554; x_wconf 79' lang='lat' dir='ltr'><strong>ab</strong></span> <span class='ocrx_word' id='word_1_589' title='bbox 670 4498 819 4552; x_wconf 77' lang='lat' dir='ltr'><strong>enim</strong></span> <span class='ocrx_word' id='word_1_590' title='bbox 865 4495 1090 4550; x_wconf 79' lang='lat' dir='ltr'><strong>avaritia</strong></span> <span class='ocrx_word' id='word_1_591' title='bbox 1143 4503 1200 4548; x_wconf 89' lang='lat' dir='ltr'><strong>ct</strong></span> <span class='ocrx_word' id='word_1_592' title='bbox 1243 4492 1445 4563; x_wconf 85' lang='lat' dir='ltr'><strong>injusta</strong></span> <span class='ocrx_word' id='word_1_593' title='bbox 1498 4494 1742 4564; x_wconf 66' lang='lat' dir='ltr'><strong>pecuniae</strong></span> <span class='ocrx_word' id='word_1_594' title='bbox 1784 4494 2158 4565; x_wconf 88' lang='lat' dir='ltr'><strong>acquisitione.</strong></span> 
     </span>
    </p>
   </div>
   <div class='ocr_carea' id='block_1_76' title="bbox 2270 3302 3863 3375">
    <p class='ocr_par' dir='ltr' id='par_1_76' title="bbox 2270 3302 3863 3375">
     <span class='ocr_line' id='line_1_76' title="bbox 2270 3302 3863 3375; baseline 0.001 -17"><span class='ocrx_word' id='word_1_595' title='bbox 2270 3316 2486 3375; x_wconf 86' lang='lat' dir='ltr'><strong>semper</strong></span> <span class='ocrx_word' id='word_1_596' title='bbox 2511 3312 2567 3359; x_wconf 85' lang='lat' dir='ltr'><strong>et</strong></span> <span class='ocrx_word' id='word_1_597' title='bbox 2595 3307 2751 3375; x_wconf 88' lang='lat' dir='ltr'><strong>inops</strong></span> <span class='ocrx_word' id='word_1_598' title='bbox 2777 3316 2880 3360; x_wconf 87' lang='lat' dir='ltr'><strong>est.</strong></span> <span class='ocrx_word' id='word_1_599' title='bbox 2908 3303 3118 3360; x_wconf 81' lang='lat' dir='ltr'><strong>Avarus</strong></span> <span class='ocrx_word' id='word_1_600' title='bbox 3148 3305 3232 3359; x_wconf 87' lang='lat' dir='ltr'><strong>vir</strong></span> <span class='ocrx_word' id='word_1_601' title='bbox 3261 3305 3482 3362; x_wconf 68' lang='lat' dir='ltr'><strong>inferno</strong></span> <span class='ocrx_word' id='word_1_602' title='bbox 3520 3313 3606 3361; x_wconf 87' lang='lat' dir='ltr'><strong>est</strong></span> <span class='ocrx_word' id='word_1_603' title='bbox 3645 3302 3863 3370; x_wconf 77' lang='lat' dir='ltr'><strong>similis,</strong></span> 
     </span>
    </p>
   </div>
   <div class='ocr_carea' id='block_1_77' title="bbox 2269 3397 2970 3468">
    <p class='ocr_par' dir='ltr' id='par_1_77' title="bbox 2269 3397 2970 3468">
     <span class='ocr_line' id='line_1_77' title="bbox 2269 3397 2970 3468; baseline 0.006 -19"><span class='ocrx_word' id='word_1_604' title='bbox 2269 3397 2360 3466; x_wconf 85' lang='lat' dir='ltr'><strong>qui</strong></span> <span class='ocrx_word' id='word_1_605' title='bbox 2392 3412 2673 3467; x_wconf 73' lang='lat' dir='ltr'><strong>nunquam</strong></span> <span class='ocrx_word' id='word_1_606' title='bbox 2698 3397 2970 3468; x_wconf 86' lang='lat' dir='ltr'><strong>impletur.</strong></span> 
     </span>
    </p>
   </div>
   <div class='ocr_carea' id='block_1_78' title="bbox 2873 3527 3249 3586">
    <p class='ocr_par' dir='ltr' id='par_1_78' title="bbox 2873 3527 3249 3586">
     <span class='ocr_line' id='line_1_78' title="bbox 2873 3527 3249 3586; baseline 0 0"><span class='ocrx_word' id='word_1_607' title='bbox 2873 3528 3104 3586; x_wconf 73' lang='lat' dir='ltr'><strong>CAPUT</strong></span> <span class='ocrx_word' id='word_1_608' title='bbox 3131 3527 3249 3586; x_wconf 77' lang='lat' dir='ltr'><strong>XX.</strong></span> 
     </span>
    </p>
   </div>
   <div class='ocr_carea' id='block_1_79' title="bbox 2850 3643 3280 3717">
    <p class='ocr_par' dir='ltr' id='par_1_79' title="bbox 2850 3643 3280 3717">
     <span class='ocr_line' id='line_1_79' title="bbox 2850 3643 3280 3717; baseline 0 -17"><span class='ocrx_word' id='word_1_609' title='bbox 2850 3644 2930 3702; x_wconf 79' lang='lat' dir='ltr'><strong>De</strong></span> <span class='ocrx_word' id='word_1_610' title='bbox 2985 3643 3280 3717; x_wconf 79' lang='lat' dir='ltr'><strong>jadiribus.</strong></span> 
     </span>
    </p>
   </div>
   <div class='ocr_carea' id='block_1_80' title="bbox 2337 3751 3863 3830">
    <p class='ocr_par' dir='ltr' id='par_1_80' title="bbox 2337 3751 3863 3830">
     <span class='ocr_line' id='line_1_80' title="bbox 2337 3751 3863 3830; baseline -0.001 -14"><span class='ocrx_word' id='word_1_611' title='bbox 2337 3759 2527 3816; x_wconf 82' lang='lat' dir='ltr'><strong>Omnis</strong></span> <span class='ocrx_word' id='word_1_612' title='bbox 2553 3761 2647 3830; x_wconf 78' lang='lat' dir='ltr'><strong>qui</strong></span> <span class='ocrx_word' id='word_1_613' title='bbox 2674 3763 2823 3815; x_wconf 85' lang='lat' dir='ltr'><strong>recte</strong></span> <span class='ocrx_word' id='word_1_614' title='bbox 2845 3758 3076 3829; x_wconf 83' lang='lat' dir='ltr'><strong>judicat,</strong></span> <span class='ocrx_word' id='word_1_615' title='bbox 3105 3768 3367 3816; x_wconf 85' lang='lat' dir='ltr'><strong>stateram</strong></span> <span class='ocrx_word' id='word_1_616' title='bbox 3399 3751 3452 3814; x_wconf 86' lang='lat' dir='ltr'><strong>in</strong></span> <span class='ocrx_word' id='word_1_617' title='bbox 3481 3774 3642 3814; x_wconf 89' lang='lat' dir='ltr'><strong>manu</strong></span> <span class='ocrx_word' id='word_1_618' title='bbox 3663 3763 3863 3828; x_wconf 71' lang='lat' dir='ltr'><strong>gestat.</strong></span> 
     </span>
    </p>
   </div>
   <div class='ocr_carea' id='block_1_81' title="bbox 2266 3850 3868 3924">
    <p class='ocr_par' dir='ltr' id='par_1_81' title="bbox 2266 3850 3868 3924">
     <span class='ocr_line' id='line_1_81' title="bbox 2266 3850 3868 3924; baseline 0 -18"><span class='ocrx_word' id='word_1_619' title='bbox 2266 3850 2324 3906; x_wconf 80' lang='lat' dir='ltr'><strong>In</strong></span> <span class='ocrx_word' id='word_1_620' title='bbox 2357 3860 2590 3923; x_wconf 84' lang='lat' dir='ltr'><strong>utroque</strong></span> <span class='ocrx_word' id='word_1_621' title='bbox 2620 3864 2783 3906; x_wconf 88' lang='lat' dir='ltr'><strong>sensu</strong></span> <span class='ocrx_word' id='word_1_622' title='bbox 2820 3850 2974 3924; x_wconf 81' lang='lat' dir='ltr'><strong>[.lls.,</strong></span> <span class='ocrx_word' id='word_1_623' title='bbox 3014 3851 3209 3924; x_wconf 84' lang='lat' dir='ltr'><strong>pensu]</strong></span> <span class='ocrx_word' id='word_1_624' title='bbox 3245 3850 3517 3920; x_wconf 85' lang='lat' dir='ltr'><strong>justitiam</strong></span> <span class='ocrx_word' id='word_1_625' title='bbox 3557 3861 3613 3906; x_wconf 91' lang='lat' dir='ltr'><strong>ct</strong></span> <span class='ocrx_word' id='word_1_626' title='bbox 3650 3850 3868 3907; x_wconf 84' lang='lat' dir='ltr'><strong>miseri-</strong></span> 
     </span>
    </p>
   </div>
   <div class='ocr_carea' id='block_1_82' title="bbox 2267 3941 3865 4014">
    <p class='ocr_par' dir='ltr' id='par_1_82' title="bbox 2267 3941 3865 4014">
     <span class='ocr_line' id='line_1_82' title="bbox 2267 3941 3865 4014; baseline 0.001 -16"><span class='ocrx_word' id='word_1_627' title='bbox 2267 3943 2510 3998; x_wconf 83' lang='lat' dir='ltr'><strong>cordiam</strong></span> <span class='ocrx_word' id='word_1_628' title='bbox 2539 3950 2722 4013; x_wconf 88' lang='lat' dir='ltr'><strong>portat</strong></span> <span class='ocrx_word' id='word_1_629' title='bbox 2747 3961 2760 3996; x_wconf 89' lang='lat'><strong>:</strong></span> <span class='ocrx_word' id='word_1_630' title='bbox 2797 3951 2858 3996; x_wconf 92' lang='lat' dir='ltr'><strong>ut</strong></span> <span class='ocrx_word' id='word_1_631' title='bbox 2891 3956 2990 4014; x_wconf 85' lang='lat' dir='ltr'><strong>pro</strong></span> <span class='ocrx_word' id='word_1_632' title='bbox 3016 3941 3230 4011; x_wconf 87' lang='lat' dir='ltr'><strong>justitia</strong></span> <span class='ocrx_word' id='word_1_633' title='bbox 3264 3943 3456 3998; x_wconf 78' lang='lat' dir='ltr'><strong>reddat</strong></span> <span class='ocrx_word' id='word_1_634' title='bbox 3477 3944 3715 4013; x_wconf 78' lang='lat' dir='ltr'><strong>peccatis</strong></span> <span class='ocrx_word' id='word_1_635' title='bbox 3742 3959 3865 4000; x_wconf 51' lang='lat' dir='ltr'><strong>seu-</strong></span> 
     </span>
    </p>
   </div>
   <div class='ocr_carea' id='block_1_83' title="bbox 2267 4034 3858 4106">
    <p class='ocr_par' dir='ltr' id='par_1_83' title="bbox 2267 4034 3858 4106">
     <span class='ocr_line' id='line_1_83' title="bbox 2267 4034 3858 4106; baseline 0.001 -17"><span class='ocrx_word' id='word_1_636' title='bbox 2267 4036 2493 4090; x_wconf 85' lang='lat' dir='ltr'><strong>tentiam</strong></span> <span class='ocrx_word' id='word_1_637' title='bbox 2523 4049 2625 4106; x_wconf 91' lang='lat' dir='ltr'><strong>pro</strong></span> <span class='ocrx_word' id='word_1_638' title='bbox 2646 4035 3015 4091; x_wconf 84' lang='lat' dir='ltr'><strong>misericordia</strong></span> <span class='ocrx_word' id='word_1_639' title='bbox 3056 4034 3266 4106; x_wconf 86' lang='lat' dir='ltr'><strong>peccati</strong></span> <span class='ocrx_word' id='word_1_640' title='bbox 3317 4043 3579 4105; x_wconf 87' lang='lat' dir='ltr'><strong>temperet</strong></span> <span class='ocrx_word' id='word_1_641' title='bbox 3617 4049 3858 4106; x_wconf 78' lang='lat' dir='ltr'><strong>pmnam.</strong></span> 
     </span>
    </p>
   </div>
   <div class='ocr_carea' id='block_1_84' title="bbox 2266 4126 3867 4199">
    <p class='ocr_par' dir='ltr' id='par_1_84' title="bbox 2266 4126 3867 4199">
     <span class='ocr_line' id='line_1_84' title="bbox 2266 4126 3867 4199; baseline 0.002 -19"><span class='ocrx_word' id='word_1_642' title='bbox 2266 4128 2522 4196; x_wconf 69' lang='lat' dir='ltr'><strong>Quaedam</strong></span> <span class='ocrx_word' id='word_1_643' title='bbox 2550 4138 2679 4183; x_wconf 68' lang='lat' dir='ltr'><strong>tero</strong></span> <span class='ocrx_word' id='word_1_644' title='bbox 2713 4137 2843 4184; x_wconf 88' lang='lat' dir='ltr'><strong>sunt</strong></span> <span class='ocrx_word' id='word_1_645' title='bbox 2868 4143 2897 4184; x_wconf 86' lang='lat' dir='ltr'><strong>a</strong></span> <span class='ocrx_word' id='word_1_646' title='bbox 2915 4126 3101 4198; x_wconf 86' lang='lat' dir='ltr'><strong>judice</strong></span> <span class='ocrx_word' id='word_1_647' title='bbox 3124 4128 3268 4184; x_wconf 83' lang='lat' dir='ltr'><strong>bono</strong></span> <span class='ocrx_word' id='word_1_648' title='bbox 3291 4142 3392 4198; x_wconf 90' lang='lat' dir='ltr'><strong>per</strong></span> <span class='ocrx_word' id='word_1_649' title='bbox 3411 4127 3722 4199; x_wconf 63' lang='lat' dir='ltr'><strong>atquitatem</strong></span> <span class='ocrx_word' id='word_1_650' title='bbox 3751 4143 3867 4183; x_wconf 82' lang='lat' dir='ltr'><strong>cor-</strong></span> 
     </span>
    </p>
   </div>
   <div class='ocr_carea' id='block_1_85' title="bbox 2267 4219 3864 4294">
    <p class='ocr_par' dir='ltr' id='par_1_85' title="bbox 2267 4219 3864 4294">
     <span class='ocr_line' id='line_1_85' title="bbox 2267 4219 3864 4294; baseline -0.001 -18"><span class='ocrx_word' id='word_1_651' title='bbox 2267 4221 2510 4293; x_wconf 73' lang='lat' dir='ltr'><strong>rigentia,</strong></span> <span class='ocrx_word' id='word_1_652' title='bbox 2535 4225 2780 4294; x_wconf 65' lang='lat' dir='ltr'><strong>quietiam</strong></span> <span class='ocrx_word' id='word_1_653' title='bbox 2795 4230 2893 4292; x_wconf 82' lang='lat' dir='ltr'><strong>per</strong></span> <span class='ocrx_word' id='word_1_654' title='bbox 2916 4222 3340 4278; x_wconf 81' lang='lat' dir='ltr'><strong>misericordiam</strong></span> <span class='ocrx_word' id='word_1_655' title='bbox 3358 4219 3705 4293; x_wconf 75' lang='lat' dir='ltr'><strong>indulgentia.</strong></span> <span class='ocrx_word' id='word_1_656' title='bbox 3731 4219 3864 4276; x_wconf 84' lang='lat' dir='ltr'><strong>Sine</strong></span> 
     </span>
    </p>
   </div>
   <div class='ocr_carea' id='block_1_86' title="bbox 2263 4308 3864 4384">
    <p class='ocr_par' dir='ltr' id='par_1_86' title="bbox 2263 4308 3864 4384">
     <span class='ocr_line' id='line_1_86' title="bbox 2263 4308 3864 4384; baseline -0.001 -18"><span class='ocrx_word' id='word_1_657' title='bbox 2263 4319 2622 4384; x_wconf 85' lang='lat' dir='ltr'><strong>personarum</strong></span> <span class='ocrx_word' id='word_1_658' title='bbox 2662 4314 2980 4383; x_wconf 82' lang='lat' dir='ltr'><strong>acceptione</strong></span> <span class='ocrx_word' id='word_1_659' title='bbox 3033 4311 3234 4368; x_wconf 86' lang='lat' dir='ltr'><strong>debent</strong></span> <span class='ocrx_word' id='word_1_660' title='bbox 3272 4326 3396 4367; x_wconf 86' lang='lat' dir='ltr'><strong>esse</strong></span> <span class='ocrx_word' id='word_1_661' title='bbox 3439 4308 3661 4379; x_wconf 68' lang='lat' dir='ltr'><strong>judicia.</strong></span> <span class='ocrx_word' id='word_1_662' title='bbox 3720 4309 3864 4368; x_wconf 79' lang='lat' dir='ltr'><strong>Nihil</strong></span> 
     </span>
    </p>
   </div>
   <div class='ocr_carea' id='block_1_87' title="bbox 2263 4399 3859 4476">
    <p class='ocr_par' dir='ltr' id='par_1_87' title="bbox 2263 4399 3859 4476">
     <span class='ocr_line' id='line_1_87' title="bbox 2263 4399 3859 4476; baseline -0.002 -16"><span class='ocrx_word' id='word_1_663' title='bbox 2263 4405 2411 4460; x_wconf 90' lang='lat' dir='ltr'><strong>enim</strong></span> <span class='ocrx_word' id='word_1_664' title='bbox 2436 4405 2674 4476; x_wconf 88' lang='lat' dir='ltr'><strong>iniquius</strong></span> <span class='ocrx_word' id='word_1_665' title='bbox 2697 4414 2803 4471; x_wconf 89' lang='lat' dir='ltr'><strong>est,</strong></span> <span class='ocrx_word' id='word_1_666' title='bbox 2830 4420 2995 4474; x_wconf 90' lang='lat' dir='ltr'><strong>quam</strong></span> <span class='ocrx_word' id='word_1_667' title='bbox 3020 4418 3246 4458; x_wconf 88' lang='lat' dir='ltr'><strong>munera</strong></span> <span class='ocrx_word' id='word_1_668' title='bbox 3273 4404 3518 4474; x_wconf 85' lang='lat' dir='ltr'><strong>accipere</strong></span> <span class='ocrx_word' id='word_1_669' title='bbox 3538 4404 3591 4458; x_wconf 88' lang='lat' dir='ltr'><strong>in</strong></span> <span class='ocrx_word' id='word_1_670' title='bbox 3607 4399 3859 4471; x_wconf 86' lang='lat' dir='ltr'><strong>judiciis:</strong></span> 
     </span>
    </p>
   </div>
   <div class='ocr_carea' id='block_1_88' title="bbox 2266 4493 3864 4569">
    <p class='ocr_par' dir='ltr' id='par_1_88' title="bbox 2266 4493 3864 4569">
     <span class='ocr_line' id='line_1_88' title="bbox 2266 4493 3864 4569; baseline -0.001 -17"><span class='ocrx_word' id='word_1_671' title='bbox 2266 4498 2394 4569; x_wconf 85' lang='lat' dir='ltr'><strong>quia</strong></span> <span class='ocrx_word' id='word_1_672' title='bbox 2430 4513 2652 4551; x_wconf 86' lang='lat' dir='ltr'><strong>munera</strong></span> <span class='ocrx_word' id='word_1_673' title='bbox 2697 4507 2965 4551; x_wconf 67' lang='lat' dir='ltr'><strong>exerceant</strong></span> <span class='ocrx_word' id='word_1_674' title='bbox 3013 4495 3174 4551; x_wconf 84' lang='lat' dir='ltr'><strong>corda</strong></span> <span class='ocrx_word' id='word_1_675' title='bbox 3213 4493 3362 4568; x_wconf 58' lang='grc' dir='ltr'><strong>[Ἀθη</strong></span> <span class='ocrx_word' id='word_1_676' title='bbox 3393 4495 3599 4568; x_wconf 72' lang='lat' dir='ltr'><strong>oculos]</strong></span> <span class='ocrx_word' id='word_1_677' title='bbox 3631 4498 3864 4568; x_wconf 65' lang='lat' dir='ltr'><strong>prndeno</strong></span> 
     </span>
    </p>
   </div>
   <div class='ocr_carea' id='block_1_89' title="bbox 567 4559 3859 4662">
    <p class='ocr_par' dir='ltr' id='par_1_89' title="bbox 567 4559 3859 4662">
     <span class='ocr_line' id='line_1_89' title="bbox 567 4559 3859 4662; baseline -0.001 -17"><span class='ocrx_word' id='word_1_678' title='bbox 567 4590 670 4659; x_wconf 77' lang='lat' dir='ltr'><strong>Qui</strong></span> <span class='ocrx_word' id='word_1_679' title='bbox 697 4606 830 4645; x_wconf 87' lang='lat' dir='ltr'><strong>vero</strong></span> <span class='ocrx_word' id='word_1_680' title='bbox 857 4590 934 4643; x_wconf 85' lang='lat' dir='ltr'><strong>ait</strong></span> <span class='ocrx_word' id='word_1_681' title='bbox 958 4606 971 4642; x_wconf 90' lang='lat'><strong>:</strong></span> <span class='ocrx_word' id='word_1_682' title='bbox 999 4587 1076 4642; x_wconf 83' lang='lat' dir='ltr'><strong>De</strong></span> <span class='ocrx_word' id='word_1_683' title='bbox 1107 4588 1270 4655; x_wconf 82' lang='lat' dir='ltr'><strong>justis</strong></span> <span class='ocrx_word' id='word_1_684' title='bbox 1297 4559 1574 4642; x_wconf 65' lang='lat' dir='ltr'><strong>laboribus</strong></span> <span class='ocrx_word' id='word_1_685' title='bbox 1616 4587 1722 4642; x_wconf 81' lang='lat' dir='ltr'><strong>tuis</strong></span> <span class='ocrx_word' id='word_1_686' title='bbox 1757 4588 1845 4657; x_wconf 78' lang='lat' dir='ltr'><strong>[ac</strong></span> <span class='ocrx_word' id='word_1_687' title='bbox 1866 4559 2164 4659; x_wconf 34' lang='lat' dir='ltr'><strong>‘eleemosy-</strong></span> <span class='ocrx_word' id='word_1_688' title='bbox 2190 4559 2242 4620; x_wconf 69' lang='grc' dir='ltr'>υ</span> <span class='ocrx_word' id='word_1_689' title='bbox 2267 4559 2419 4654; x_wconf 73' lang='lat' dir='ltr'><strong>tium,</strong></span> <span class='ocrx_word' id='word_1_690' title='bbox 2440 4599 2489 4644; x_wconf 88' lang='lat' dir='ltr'><strong>et</strong></span> <span class='ocrx_word' id='word_1_691' title='bbox 2508 4588 2808 4644; x_wconf 72' lang='lat' dir='ltr'><strong>subvertant</strong></span> <span class='ocrx_word' id='word_1_692' title='bbox 2835 4588 2995 4644; x_wconf 83' lang='lat' dir='ltr'><strong>corda</strong></span> <span class='ocrx_word' id='word_1_693' title='bbox 3021 4587 3171 4660; x_wconf 68' lang='lat' dir='ltr'><strong>[Hs.,</strong></span> <span class='ocrx_word' id='word_1_694' title='bbox 3193 4559 3372 4661; x_wconf 60' lang='lat' dir='ltr'><strong>verba]</strong></span> <span class='ocrx_word' id='word_1_695' title='bbox 3385 4559 3656 4659; x_wconf 55' lang='lat' dir='ltr'><strong>fastorum</strong></span> <span class='ocrx_word' id='word_1_696' title='bbox 3677 4587 3859 4662; x_wconf 80' lang='lat' dir='ltr'><strong>(Deut.</strong></span> 
     </span>
    </p>
   </div>
   <div class='ocr_carea' id='block_1_90' title="bbox 568 4679 2163 4754">
    <p class='ocr_par' dir='ltr' id='par_1_90' title="bbox 568 4679 2163 4754">
     <span class='ocr_line' id='line_1_90' title="bbox 568 4679 2163 4754; baseline -0.001 -17"><span class='ocrx_word' id='word_1_697' title='bbox 568 4700 692 4738; x_wconf 83' lang='lat' dir='ltr'><strong>nam</strong></span> <span class='ocrx_word' id='word_1_698' title='bbox 723 4679 874 4754; x_wconf 87' lang='lat' dir='ltr'><strong>(Tob.</strong></span> <span class='ocrx_word' id='word_1_699' title='bbox 919 4697 994 4746; x_wconf 81' lang='lat' dir='ltr'><strong>tv,</strong></span> <span class='ocrx_word' id='word_1_700' title='bbox 1021 4680 1098 4751; x_wconf 86' lang='lat'><strong>7),</strong></span> <span class='ocrx_word' id='word_1_701' title='bbox 1126 4682 1242 4750; x_wconf 88' lang='lat' dir='ltr'><strong>ipse</strong></span> <span class='ocrx_word' id='word_1_702' title='bbox 1271 4695 1373 4750; x_wconf 88' lang='lat' dir='ltr'><strong>per</strong></span> <span class='ocrx_word' id='word_1_703' title='bbox 1396 4679 1698 4749; x_wconf 89' lang='lat' dir='ltr'><strong>apostolum</strong></span> <span class='ocrx_word' id='word_1_704' title='bbox 1725 4694 1884 4734; x_wconf 91' lang='lat' dir='ltr'><strong>suum</strong></span> <span class='ocrx_word' id='word_1_705' title='bbox 1909 4680 2163 4735; x_wconf 86' lang='lat' dir='ltr'><strong>hortatur</strong></span> 
     </span>
    </p>
   </div>
   <div class='ocr_carea' id='block_1_91' title="bbox 569 4769 2164 4842">
    <p class='ocr_par' dir='ltr' id='par_1_91' title="bbox 569 4769 2164 4842">
     <span class='ocr_line' id='line_1_91' title="bbox 569 4769 2164 4842; baseline -0.001 -14"><span class='ocrx_word' id='word_1_706' title='bbox 569 4788 700 4838; x_wconf 85' lang='lat' dir='ltr'><strong>nos,</strong></span> <span class='ocrx_word' id='word_1_707' title='bbox 752 4773 942 4827; x_wconf 86' lang='lat' dir='ltr'><strong>dicens</strong></span> <span class='ocrx_word' id='word_1_708' title='bbox 987 4791 1000 4825; x_wconf 88' lang='lat'>:</span> <span class='ocrx_word' id='word_1_709' title='bbox 1050 4769 1229 4826; x_wconf 75' lang='lat' dir='ltr'><strong>Nolite</strong></span> <span class='ocrx_word' id='word_1_710' title='bbox 1275 4770 1522 4841; x_wconf 79' lang='lat' dir='ltr'><strong>fraudem</strong></span> <span class='ocrx_word' id='word_1_711' title='bbox 1567 4771 1741 4841; x_wconf 73' lang='lat' dir='ltr'><strong>facere</strong></span> <span class='ocrx_word' id='word_1_712' title='bbox 1781 4769 1948 4842; x_wconf 80' lang='lat' dir='ltr'><strong>[Ms.,</strong></span> <span class='ocrx_word' id='word_1_713' title='bbox 2002 4771 2164 4827; x_wconf 67' lang='lat' dir='ltr'><strong>noiite</strong></span> 
     </span>
    </p>
   </div>
   <div class='ocr_carea' id='block_1_92' title="bbox 566 4861 2165 4938">
    <p class='ocr_par' dir='ltr' id='par_1_92' title="bbox 566 4861 2165 4938">
     <span class='ocr_line' id='line_1_92' title="bbox 566 4861 2165 4938; baseline 0 -20"><span class='ocrx_word' id='word_1_714' title='bbox 566 4864 841 4938; x_wconf 73' lang='lat' dir='ltr'><strong>fraudare]</strong></span> <span class='ocrx_word' id='word_1_715' title='bbox 870 4866 1085 4920; x_wconf 79' lang='lat' dir='ltr'><strong>invicem</strong></span> <span class='ocrx_word' id='word_1_716' title='bbox 1116 4863 1309 4930; x_wconf 79' lang='lat' dir='ltr'><strong>(.‘lfarc.</strong></span> <span class='ocrx_word' id='word_1_717' title='bbox 1336 4880 1391 4928; x_wconf 68' lang='grc' dir='ltr'><strong>κ,</strong></span> <span class='ocrx_word' id='word_1_718' title='bbox 1417 4861 1523 4934; x_wconf 86' lang='grc'><strong>19).</strong></span> <span class='ocrx_word' id='word_1_719' title='bbox 1564 4861 1667 4930; x_wconf 90' lang='lat' dir='ltr'><strong>Qui</strong></span> <span class='ocrx_word' id='word_1_720' title='bbox 1704 4861 1892 4918; x_wconf 89' lang='lat' dir='ltr'><strong>fraude</strong></span> <span class='ocrx_word' id='word_1_721' title='bbox 1924 4863 2165 4933; x_wconf 85' lang='lat' dir='ltr'><strong>qualibet</strong></span> 
     </span>
    </p>
   </div>
   <div class='ocr_carea' id='block_1_93' title="bbox 565 4951 2160 5029">
    <p class='ocr_par' dir='ltr' id='par_1_93' title="bbox 565 4951 2160 5029">
     <span class='ocr_line' id='line_1_93' title="bbox 565 4951 2160 5029; baseline -0.003 -17"><span class='ocrx_word' id='word_1_722' title='bbox 565 4957 772 5029; x_wconf 74' lang='lat' dir='ltr'><strong>aliquid</strong></span> <span class='ocrx_word' id='word_1_723' title='bbox 803 4956 1152 5026; x_wconf 85' lang='lat' dir='ltr'><strong>acquisierit,</strong></span> <span class='ocrx_word' id='word_1_724' title='bbox 1199 4953 1382 5024; x_wconf 88' lang='lat' dir='ltr'><strong>perdit</strong></span> <span class='ocrx_word' id='word_1_725' title='bbox 1423 4951 1695 5021; x_wconf 85' lang='lat' dir='ltr'><strong>justitiam</strong></span> <span class='ocrx_word' id='word_1_726' title='bbox 1748 4960 1807 5006; x_wconf 86' lang='lat' dir='ltr'><strong>et</strong></span> <span class='ocrx_word' id='word_1_727' title='bbox 1847 4953 2160 5022; x_wconf 55' lang='lat' dir='ltr'><strong>aequitatem</strong></span> 
     </span>
    </p>
   </div>
   <div class='ocr_carea' id='block_1_94' title="bbox 567 5044 2164 5127">
    <p class='ocr_par' dir='ltr' id='par_1_94' title="bbox 567 5044 2164 5127">
     <span class='ocr_line' id='line_1_94' title="bbox 567 5044 2164 5127; baseline -0.003 -22"><span class='ocrx_word' id='word_1_728' title='bbox 567 5050 721 5127; x_wconf 58' lang='grc' dir='ltr'><strong>ιρις..</strong></span> <span class='ocrx_word' id='word_1_729' title='bbox 738 5048 966 5119; x_wconf 74' lang='lat' dir='ltr'><strong>iustitia:</strong></span> <span class='ocrx_word' id='word_1_730' title='bbox 994 5045 1348 5118; x_wconf 69' lang='lat' dir='ltr'><strong>:equitatcm}.</strong></span> <span class='ocrx_word' id='word_1_731' title='bbox 1383 5045 1478 5100; x_wconf 88' lang='lat' dir='ltr'><strong>Dic</strong></span> <span class='ocrx_word' id='word_1_732' title='bbox 1503 5059 1690 5108; x_wconf 75' lang='lat' dir='ltr'><strong>avare,</strong></span> <span class='ocrx_word' id='word_1_733' title='bbox 1721 5044 1807 5099; x_wconf 88' lang='lat' dir='ltr'><strong>dic</strong></span> <span class='ocrx_word' id='word_1_734' title='bbox 1830 5045 2042 5114; x_wconf 87' lang='lat' dir='ltr'><strong>cupide,</strong></span> <span class='ocrx_word' id='word_1_735' title='bbox 2074 5046 2164 5101; x_wconf 76' lang='lat' dir='ltr'><strong>dic</strong></span> 
     </span>
    </p>
   </div>
   <div class='ocr_carea' id='block_1_95' title="bbox 563 5134 2160 5213">
    <p class='ocr_par' dir='ltr' id='par_1_95' title="bbox 563 5134 2160 5213">
     <span class='ocr_line' id='line_1_95' title="bbox 563 5134 2160 5213; baseline -0.004 -12"><span class='ocrx_word' id='word_1_736' title='bbox 563 5146 851 5208; x_wconf 79' lang='lat' dir='ltr'><strong>scelerate,</strong></span> <span class='ocrx_word' id='word_1_737' title='bbox 888 5143 1020 5213; x_wconf 82' lang='lat' dir='ltr'><strong>quid</strong></span> <span class='ocrx_word' id='word_1_738' title='bbox 1051 5141 1368 5212; x_wconf 78' lang='lat' dir='ltr'><strong>acquisisti?</strong></span> <span class='ocrx_word' id='word_1_739' title='bbox 1409 5134 1574 5196; x_wconf 78' lang='lat' dir='ltr'><strong>Forte</strong></span> <span class='ocrx_word' id='word_1_740' title='bbox 1621 5139 1797 5196; x_wconf 88' lang='lat' dir='ltr'><strong>dicis:</strong></span> <span class='ocrx_word' id='word_1_741' title='bbox 1829 5139 2034 5193; x_wconf 76' lang='lat' dir='ltr'><strong>Aurum</strong></span> <span class='ocrx_word' id='word_1_742' title='bbox 2071 5155 2160 5196; x_wconf 89' lang='lat' dir='ltr'><strong>ac-</strong></span> 
     </span>
    </p>
   </div>
   <div class='ocr_carea' id='block_1_96' title="bbox 563 5232 2162 5306">
    <p class='ocr_par' dir='ltr' id='par_1_96' title="bbox 563 5232 2162 5306">
     <span class='ocr_line' id='line_1_96' title="bbox 563 5232 2162 5306; baseline -0.003 -16"><span class='ocrx_word' id='word_1_743' title='bbox 563 5235 799 5306; x_wconf 79' lang='lat' dir='ltr'><strong>quisivi?</strong></span> <span class='ocrx_word' id='word_1_744' title='bbox 832 5243 888 5289; x_wconf 88' lang='lat' dir='ltr'><strong>et</strong></span> <span class='ocrx_word' id='word_1_745' title='bbox 921 5249 1107 5287; x_wconf 83' lang='lat' dir='ltr'><strong>verum</strong></span> <span class='ocrx_word' id='word_1_746' title='bbox 1144 5234 1302 5287; x_wconf 85' lang='lat' dir='ltr'><strong>dicis.</strong></span> <span class='ocrx_word' id='word_1_747' title='bbox 1342 5233 1480 5288; x_wconf 59' lang='lat' dir='ltr'><strong>l‘lcrc</strong></span> <span class='ocrx_word' id='word_1_748' title='bbox 1519 5248 1710 5286; x_wconf 87' lang='lat' dir='ltr'><strong>aurum</strong></span> <span class='ocrx_word' id='word_1_749' title='bbox 1751 5232 2032 5302; x_wconf 65' lang='lat' dir='ltr'><strong>acquisisti</strong></span> <span class='ocrx_word' id='word_1_750' title='bbox 2064 5247 2162 5301; x_wconf 87' lang='lat' dir='ltr'><strong>per</strong></span> 
     </span>
    </p>
   </div>
   <div class='ocr_carea' id='block_1_97' title="bbox 565 5319 2158 5395">
    <p class='ocr_par' dir='ltr' id='par_1_97' title="bbox 565 5319 2158 5395">
     <span class='ocr_line' id='line_1_97' title="bbox 565 5319 2158 5395; baseline 0 -19"><span class='ocrx_word' id='word_1_751' title='bbox 565 5319 844 5388; x_wconf 70' lang='lat' dir='ltr'><strong>frmtdcm,</strong></span> <span class='ocrx_word' id='word_1_752' title='bbox 875 5330 935 5377; x_wconf 85' lang='lat' dir='ltr'><strong>et</strong></span> <span class='ocrx_word' id='word_1_753' title='bbox 978 5322 1137 5376; x_wconf 83' lang='lat' dir='ltr'><strong>iidem</strong></span> <span class='ocrx_word' id='word_1_754' title='bbox 1174 5322 1454 5395; x_wconf 81' lang='lat' dir='ltr'><strong>perdilisti</strong></span> <span class='ocrx_word' id='word_1_755' title='bbox 1489 5337 1588 5392; x_wconf 83' lang='lat' dir='ltr'><strong>per</strong></span> <span class='ocrx_word' id='word_1_756' title='bbox 1622 5321 1964 5390; x_wconf 70' lang='lat' dir='ltr'><strong>iniustitiam.</strong></span> <span class='ocrx_word' id='word_1_757' title='bbox 2011 5323 2067 5376; x_wconf 77' lang='lat' dir='ltr'><strong>Si</strong></span> <span class='ocrx_word' id='word_1_758' title='bbox 2102 5322 2158 5376; x_wconf 88' lang='lat' dir='ltr'><strong>in</strong></span> 
     </span>
    </p>
   </div>
   <div class='ocr_carea' id='block_1_98' title="bbox 563 5414 2157 5477">
    <p class='ocr_par' dir='ltr' id='par_1_98' title="bbox 563 5414 2157 5477">
     <span class='ocr_line' id='line_1_98' title="bbox 563 5414 2157 5477; baseline -0.002 -4"><span class='ocrx_word' id='word_1_759' title='bbox 563 5427 809 5473; x_wconf 78' lang='lat' dir='ltr'><strong>mercato</strong></span> <span class='ocrx_word' id='word_1_760' title='bbox 849 5415 1009 5472; x_wconf 77' lang='lat' dir='ltr'><strong>ﬁdem</strong></span> <span class='ocrx_word' id='word_1_761' title='bbox 1057 5415 1332 5470; x_wconf 73' lang='lat' dir='ltr'><strong>invenires</strong></span> <span class='ocrx_word' id='word_1_762' title='bbox 1366 5414 1613 5470; x_wconf 72' lang='lat' dir='ltr'><strong>venalem</strong></span> <span class='ocrx_word' id='word_1_763' title='bbox 1641 5427 1655 5469; x_wconf 70' lang='grc' dir='ltr'><strong>ι</strong></span> <span class='ocrx_word' id='word_1_764' title='bbox 1686 5415 1733 5469; x_wconf 87' lang='lat' dir='ltr'><strong>si</strong></span> <span class='ocrx_word' id='word_1_765' title='bbox 1769 5414 1944 5469; x_wconf 85' lang='lat' dir='ltr'><strong>bonus</strong></span> <span class='ocrx_word' id='word_1_766' title='bbox 1974 5429 2157 5477; x_wconf 84' lang='lat' dir='ltr'><strong>esses,</strong></span> 
     </span>
    </p>
   </div>
   <div class='ocr_carea' id='block_1_99' title="bbox 563 5505 2161 5581">
    <p class='ocr_par' dir='ltr' id='par_1_99' title="bbox 563 5505 2161 5581">
     <span class='ocr_line' id='line_1_99' title="bbox 563 5505 2161 5581; baseline 0 -19"><span class='ocrx_word' id='word_1_767' title='bbox 563 5509 841 5579; x_wconf 72' lang='lat' dir='ltr'><strong>qztomodo</strong></span> <span class='ocrx_word' id='word_1_768' title='bbox 905 5523 1285 5578; x_wconf 83' lang='lat' dir='ltr'><strong>comparasscs</strong></span> <span class='ocrx_word' id='word_1_769' title='bbox 1337 5505 1504 5581; x_wconf 48' lang='lat' dir='ltr'><strong>[.ifs&quot;</strong></span> <span class='ocrx_word' id='word_1_770' title='bbox 1566 5507 1952 5579; x_wconf 74' lang='lat' dir='ltr'><strong>comparares]</strong></span> <span class='ocrx_word' id='word_1_771' title='bbox 2004 5510 2161 5562; x_wconf 86' lang='lat' dir='ltr'><strong>eam?</strong></span> 
     </span>
    </p>
   </div>
   <div class='ocr_carea' id='block_1_100' title="bbox 566 5599 2156 5675">
    <p class='ocr_par' dir='ltr' id='par_1_100' title="bbox 566 5599 2156 5675">
     <span class='ocr_line' id='line_1_100' title="bbox 566 5599 2156 5675; baseline 0.001 -21"><span class='ocrx_word' id='word_1_772' title='bbox 566 5605 747 5668; x_wconf 71' lang='lat' dir='ltr'><strong>Quare</strong></span> <span class='ocrx_word' id='word_1_773' title='bbox 770 5615 878 5656; x_wconf 88' lang='lat' dir='ltr'><strong>non</strong></span> <span class='ocrx_word' id='word_1_774' title='bbox 907 5601 1066 5657; x_wconf 85' lang='lat' dir='ltr'><strong>times</strong></span> <span class='ocrx_word' id='word_1_775' title='bbox 1092 5603 1318 5674; x_wconf 61' lang='lat' dir='ltr'><strong>periere</strong></span> <span class='ocrx_word' id='word_1_776' title='bbox 1350 5617 1412 5656; x_wconf 89' lang='lat' dir='ltr'><strong>ea</strong></span> <span class='ocrx_word' id='word_1_777' title='bbox 1431 5644 1445 5664; x_wconf 95' lang='lat'><strong>,</strong></span> <span class='ocrx_word' id='word_1_778' title='bbox 1472 5615 1594 5675; x_wconf 68' lang='lat' dir='ltr'><strong>qua:</strong></span> <span class='ocrx_word' id='word_1_779' title='bbox 1619 5599 1772 5673; x_wconf 51' lang='grc' dir='ltr'><strong>μὴ,</strong></span> <span class='ocrx_word' id='word_1_780' title='bbox 1799 5615 1942 5666; x_wconf 85' lang='lat' dir='ltr'><strong>eam,</strong></span> <span class='ocrx_word' id='word_1_781' title='bbox 1970 5601 2156 5675; x_wconf 80' lang='lat' dir='ltr'><strong>quam]</strong></span> 
     </span>
    </p>
   </div>
   <div class='ocr_carea' id='block_1_101' title="bbox 566 5692 2156 5750">
    <p class='ocr_par' dir='ltr' id='par_1_101' title="bbox 566 5692 2156 5750">
     <span class='ocr_line' id='line_1_101' title="bbox 566 5692 2156 5750; baseline 0.002 -5"><span class='ocrx_word' id='word_1_782' title='bbox 566 5703 621 5746; x_wconf 74' lang='lat' dir='ltr'><strong>re</strong></span> <span class='ocrx_word' id='word_1_783' title='bbox 648 5692 790 5750; x_wconf 84' lang='lat' dir='ltr'><strong>Deus</strong></span> <span class='ocrx_word' id='word_1_784' title='bbox 822 5695 990 5749; x_wconf 81' lang='lat' dir='ltr'><strong>voluit</strong></span> <span class='ocrx_word' id='word_1_785' title='bbox 1034 5694 1235 5750; x_wconf 79' lang='lat' dir='ltr'><strong>habere</strong></span> <span class='ocrx_word' id='word_1_786' title='bbox 1271 5696 1322 5748; x_wconf 88' lang='lat' dir='ltr'><strong>in</strong></span> <span class='ocrx_word' id='word_1_787' title='bbox 1365 5695 1562 5750; x_wconf 65' lang='lat' dir='ltr'><strong>corde?</strong></span> <span class='ocrx_word' id='word_1_788' title='bbox 1604 5693 1813 5748; x_wconf 72' lang='lat' dir='ltr'><strong>Aurum</strong></span> <span class='ocrx_word' id='word_1_789' title='bbox 1861 5695 2030 5749; x_wconf 80' lang='lat' dir='ltr'><strong>habes</strong></span> <span class='ocrx_word' id='word_1_790' title='bbox 2071 5694 2156 5750; x_wconf 79' lang='lat' dir='ltr'><strong>vel</strong></span> 
     </span>
    </p>
   </div>
   <div class='ocr_carea' id='block_1_102' title="bbox 565 5787 2156 5858">
    <p class='ocr_par' dir='ltr' id='par_1_102' title="bbox 565 5787 2156 5858">
     <span class='ocr_line' id='line_1_102' title="bbox 565 5787 2156 5858; baseline 0.003 -19"><span class='ocrx_word' id='word_1_791' title='bbox 565 5796 878 5858; x_wconf 66' lang='lat' dir='ltr'><strong>argentum,</strong></span> <span class='ocrx_word' id='word_1_792' title='bbox 931 5789 1012 5842; x_wconf 65' lang='lat' dir='ltr'><strong>vel</strong></span> <span class='ocrx_word' id='word_1_793' title='bbox 1067 5788 1209 5843; x_wconf 81' lang='lat' dir='ltr'><strong>aliud</strong></span> <span class='ocrx_word' id='word_1_794' title='bbox 1260 5787 1389 5857; x_wconf 81' lang='lat' dir='ltr'><strong>quid</strong></span> <span class='ocrx_word' id='word_1_795' title='bbox 1439 5787 1728 5857; x_wconf 71' lang='lat' dir='ltr'><strong>pretiosi-&#39;5</strong></span> <span class='ocrx_word' id='word_1_796' title='bbox 1776 5787 1828 5841; x_wconf 89' lang='lat' dir='ltr'><strong>in</strong></span> <span class='ocrx_word' id='word_1_797' title='bbox 1865 5803 2020 5852; x_wconf 86' lang='lat' dir='ltr'><strong>arca;</strong></span> <span class='ocrx_word' id='word_1_798' title='bbox 2063 5788 2156 5843; x_wconf 63' lang='lat' dir='ltr'><strong>sed</strong></span> 
     </span>
    </p>
   </div>
   <div class='ocr_carea' id='block_1_103' title="bbox 2269 4681 3864 4754">
    <p class='ocr_par' dir='ltr' id='par_1_103' title="bbox 2269 4681 3864 4754">
     <span class='ocr_line' id='line_1_103' title="bbox 2269 4681 3864 4754; baseline -0.003 -15"><span class='ocrx_word' id='word_1_799' title='bbox 2269 4701 2381 4750; x_wconf 75' lang='lat' dir='ltr'><strong>xw,</strong></span> <span class='ocrx_word' id='word_1_800' title='bbox 2410 4683 2520 4754; x_wconf 86' lang='grc'><strong>19).</strong></span> <span class='ocrx_word' id='word_1_801' title='bbox 2551 4682 2618 4738; x_wconf 86' lang='lat' dir='ltr'><strong>In</strong></span> <span class='ocrx_word' id='word_1_802' title='bbox 2644 4698 2748 4754; x_wconf 85' lang='lat' dir='ltr'><strong>quo</strong></span> <span class='ocrx_word' id='word_1_803' title='bbox 2771 4684 2908 4736; x_wconf 88' lang='lat' dir='ltr'><strong>enim</strong></span> <span class='ocrx_word' id='word_1_804' title='bbox 2923 4682 3157 4754; x_wconf 86' lang='lat' dir='ltr'><strong>judicio,</strong></span> <span class='ocrx_word' id='word_1_805' title='bbox 3181 4681 3314 4737; x_wconf 90' lang='lat' dir='ltr'><strong>dicit</strong></span> <span class='ocrx_word' id='word_1_806' title='bbox 3337 4681 3627 4743; x_wconf 87' lang='lat' dir='ltr'><strong>Dominus,</strong></span> <span class='ocrx_word' id='word_1_807' title='bbox 3645 4681 3864 4752; x_wconf 76' lang='lat' dir='ltr'><strong>judica-</strong></span> 
     </span>
    </p>
   </div>
   <div class='ocr_carea' id='block_1_104' title="bbox 2270 4772 3860 4848">
    <p class='ocr_par' dir='ltr' id='par_1_104' title="bbox 2270 4772 3860 4848">
     <span class='ocr_line' id='line_1_104' title="bbox 2270 4772 3860 4848; baseline -0.001 -18"><span class='ocrx_word' id='word_1_808' title='bbox 2270 4777 2422 4842; x_wconf 80' lang='lat' dir='ltr'><strong>bitis;</strong></span> <span class='ocrx_word' id='word_1_809' title='bbox 2443 4775 2774 4847; x_wconf 80' lang='lat' dir='ltr'><strong>judicabitur</strong></span> <span class='ocrx_word' id='word_1_810' title='bbox 2800 4773 2909 4848; x_wconf 88' lang='lat' dir='ltr'><strong>[de]</strong></span> <span class='ocrx_word' id='word_1_811' title='bbox 2938 4775 3082 4831; x_wconf 79' lang='lat' dir='ltr'><strong>vobis</strong></span> <span class='ocrx_word' id='word_1_812' title='bbox 3106 4773 3323 4847; x_wconf 71' lang='lat' dir='ltr'><strong>(.llattlt.</strong></span> <span class='ocrx_word' id='word_1_813' title='bbox 3345 4789 3454 4838; x_wconf 84' lang='lat' dir='ltr'><strong>vn,</strong></span> <span class='ocrx_word' id='word_1_814' title='bbox 3489 4772 3568 4844; x_wconf 75' lang='lat'><strong>2).</strong></span> <span class='ocrx_word' id='word_1_815' title='bbox 3609 4772 3860 4847; x_wconf 63' lang='lat' dir='ltr'><strong>Quapro»</strong></span> 
     </span>
    </p>
   </div>
   <div class='ocr_carea' id='block_1_105' title="bbox 2269 4864 3863 4938">
    <p class='ocr_par' dir='ltr' id='par_1_105' title="bbox 2269 4864 3863 4938">
     <span class='ocr_line' id='line_1_105' title="bbox 2269 4864 3863 4938; baseline -0.001 -16"><span class='ocrx_word' id='word_1_816' title='bbox 2269 4876 2388 4938; x_wconf 88' lang='lat' dir='ltr'><strong>pter</strong></span> <span class='ocrx_word' id='word_1_817' title='bbox 2406 4867 2572 4937; x_wconf 72' lang='lat' dir='ltr'><strong>judex</strong></span> <span class='ocrx_word' id='word_1_818' title='bbox 2600 4867 2769 4922; x_wconf 91' lang='lat' dir='ltr'><strong>Deum</strong></span> <span class='ocrx_word' id='word_1_819' title='bbox 2790 4865 3029 4937; x_wconf 74' lang='lat' dir='ltr'><strong>iudicem</strong></span> <span class='ocrx_word' id='word_1_820' title='bbox 3057 4868 3269 4932; x_wconf 89' lang='lat' dir='ltr'><strong>timeat,</strong></span> <span class='ocrx_word' id='word_1_821' title='bbox 3295 4881 3364 4922; x_wconf 90' lang='lat' dir='ltr'><strong>ne</strong></span> <span class='ocrx_word' id='word_1_822' title='bbox 3403 4864 3544 4920; x_wconf 88' lang='lat' dir='ltr'><strong>forte</strong></span> <span class='ocrx_word' id='word_1_823' title='bbox 3577 4865 3691 4921; x_wconf 81' lang='lat' dir='ltr'><strong>Deo</strong></span> <span class='ocrx_word' id='word_1_824' title='bbox 3717 4865 3863 4937; x_wconf 79' lang='lat' dir='ltr'><strong>judi-</strong></span> 
     </span>
    </p>
   </div>
   <div class='ocr_carea' id='block_1_106' title="bbox 2269 4957 3860 5029">
    <p class='ocr_par' dir='ltr' id='par_1_106' title="bbox 2269 4957 3860 5029">
     <span class='ocr_line' id='line_1_106' title="bbox 2269 4957 3860 5029; baseline 0 -15"><span class='ocrx_word' id='word_1_825' title='bbox 2269 4969 2429 5014; x_wconf 88' lang='lat' dir='ltr'><strong>caute</strong></span> <span class='ocrx_word' id='word_1_826' title='bbox 2455 4960 2762 5015; x_wconf 87' lang='lat' dir='ltr'><strong>damnetur.</strong></span> <span class='ocrx_word' id='word_1_827' title='bbox 2797 4959 2898 5028; x_wconf 88' lang='lat' dir='ltr'><strong>Qui</strong></span> <span class='ocrx_word' id='word_1_828' title='bbox 2927 4959 3247 5015; x_wconf 85' lang='lat' dir='ltr'><strong>innocentes</strong></span> <span class='ocrx_word' id='word_1_829' title='bbox 3281 4958 3525 5024; x_wconf 86' lang='lat' dir='ltr'><strong>damnat,</strong></span> <span class='ocrx_word' id='word_1_830' title='bbox 3548 4957 3634 5014; x_wconf 88' lang='lat' dir='ltr'><strong>vel</strong></span> <span class='ocrx_word' id='word_1_831' title='bbox 3664 4957 3860 5029; x_wconf 81' lang='lat' dir='ltr'><strong>impios</strong></span> 
     </span>
    </p>
   </div>
   <div class='ocr_carea' id='block_1_107' title="bbox 2259 5049 3861 5125">
    <p class='ocr_par' dir='ltr' id='par_1_107' title="bbox 2259 5049 3861 5125">
     <span class='ocr_line' id='line_1_107' title="bbox 2259 5049 3861 5125; baseline 0.004 -21"><span class='ocrx_word' id='word_1_832' title='bbox 2259 5049 2530 5118; x_wconf 76' lang='lat' dir='ltr'><strong>jzistilirat</strong></span> <span class='ocrx_word' id='word_1_833' title='bbox 2579 5067 2682 5123; x_wconf 85' lang='lat' dir='ltr'><strong>pro</strong></span> <span class='ocrx_word' id='word_1_834' title='bbox 2735 5053 3083 5118; x_wconf 86' lang='lat' dir='ltr'><strong>muneribus;</strong></span> <span class='ocrx_word' id='word_1_835' title='bbox 3138 5051 3223 5107; x_wconf 82' lang='lat' dir='ltr'><strong>vel</strong></span> <span class='ocrx_word' id='word_1_836' title='bbox 3269 5051 3560 5120; x_wconf 84' lang='lat' dir='ltr'><strong>cujuslibet</strong></span> <span class='ocrx_word' id='word_1_837' title='bbox 3610 5066 3861 5125; x_wconf 68' lang='lat' dir='ltr'><strong>persona</strong></span> 
     </span>
    </p>
   </div>
   <div class='ocr_carea' id='block_1_108' title="bbox 2267 5142 3860 5216">
    <p class='ocr_par' dir='ltr' id='par_1_108' title="bbox 2267 5142 3860 5216">
     <span class='ocr_line' id='line_1_108' title="bbox 2267 5142 3860 5216; baseline 0.003 -18"><span class='ocrx_word' id='word_1_838' title='bbox 2267 5159 2450 5198; x_wconf 89' lang='lat' dir='ltr'><strong>amore</strong></span> <span class='ocrx_word' id='word_1_839' title='bbox 2482 5142 2567 5198; x_wconf 88' lang='lat' dir='ltr'><strong>vel</strong></span> <span class='ocrx_word' id='word_1_840' title='bbox 2599 5143 2723 5199; x_wconf 80' lang='lat' dir='ltr'><strong>odio</strong></span> <span class='ocrx_word' id='word_1_841' title='bbox 2748 5142 2956 5216; x_wconf 79' lang='lat' dir='ltr'><strong>[inique</strong></span> <span class='ocrx_word' id='word_1_842' title='bbox 2994 5143 3234 5214; x_wconf 88' lang='lat' dir='ltr'><strong>judicat,</strong></span> <span class='ocrx_word' id='word_1_843' title='bbox 3266 5145 3320 5201; x_wconf 90' lang='lat' dir='ltr'><strong>in</strong></span> <span class='ocrx_word' id='word_1_844' title='bbox 3362 5144 3458 5200; x_wconf 88' lang='lat' dir='ltr'><strong>Dei</strong></span> <span class='ocrx_word' id='word_1_845' title='bbox 3493 5143 3703 5214; x_wconf 87' lang='lat' dir='ltr'><strong>judicio</strong></span> <span class='ocrx_word' id='word_1_846' title='bbox 3733 5143 3860 5202; x_wconf 77' lang='lat' dir='ltr'><strong>vin-</strong></span> 
     </span>
    </p>
   </div>
   <div class='ocr_carea' id='block_1_109' title="bbox 2265 5235 3861 5309">
    <p class='ocr_par' dir='ltr' id='par_1_109' title="bbox 2265 5235 3861 5309">
     <span class='ocr_line' id='line_1_109' title="bbox 2265 5235 3861 5309; baseline 0.003 -19"><span class='ocrx_word' id='word_1_847' title='bbox 2265 5235 2466 5290; x_wconf 86' lang='lat' dir='ltr'><strong>dictam</strong></span> <span class='ocrx_word' id='word_1_848' title='bbox 2491 5236 2824 5309; x_wconf 83' lang='lat' dir='ltr'><strong>sustinebit].</strong></span> <span class='ocrx_word' id='word_1_849' title='bbox 2843 5235 3012 5292; x_wconf 87' lang='lat' dir='ltr'><strong>Nemo</strong></span> <span class='ocrx_word' id='word_1_850' title='bbox 3032 5237 3339 5309; x_wconf 84' lang='lat' dir='ltr'><strong>principum</strong></span> <span class='ocrx_word' id='word_1_851' title='bbox 3355 5236 3550 5295; x_wconf 82' lang='lat' dir='ltr'><strong>stultos</strong></span> <span class='ocrx_word' id='word_1_852' title='bbox 3563 5236 3648 5292; x_wconf 84' lang='lat' dir='ltr'><strong>vel</strong></span> <span class='ocrx_word' id='word_1_853' title='bbox 3660 5235 3861 5309; x_wconf 75' lang='lat' dir='ltr'><strong>impr</strong></span> 
     </span>
    </p>
   </div>
   <div class='ocr_carea' id='block_1_110' title="bbox 2264 5324 3858 5400">
    <p class='ocr_par' dir='ltr' id='par_1_110' title="bbox 2264 5324 3858 5400">
     <span class='ocr_line' id='line_1_110' title="bbox 2264 5324 3858 5400; baseline 0.003 -21"><span class='ocrx_word' id='word_1_854' title='bbox 2264 5325 2363 5379; x_wconf 83' lang='lat' dir='ltr'><strong>hos</strong></span> <span class='ocrx_word' id='word_1_855' title='bbox 2385 5324 2596 5395; x_wconf 83' lang='lat' dir='ltr'><strong>judiccs</strong></span> <span class='ocrx_word' id='word_1_856' title='bbox 2625 5340 2828 5394; x_wconf 87' lang='lat' dir='ltr'><strong>ponere</strong></span> <span class='ocrx_word' id='word_1_857' title='bbox 2853 5326 3032 5383; x_wconf 86' lang='lat' dir='ltr'><strong>debet.</strong></span> <span class='ocrx_word' id='word_1_858' title='bbox 3060 5326 3196 5381; x_wconf 74' lang='lat' dir='ltr'><strong>Nam</strong></span> <span class='ocrx_word' id='word_1_859' title='bbox 3227 5326 3426 5383; x_wconf 91' lang='lat' dir='ltr'><strong>stultus</strong></span> <span class='ocrx_word' id='word_1_860' title='bbox 3454 5342 3554 5398; x_wconf 85' lang='lat' dir='ltr'><strong>per</strong></span> <span class='ocrx_word' id='word_1_861' title='bbox 3585 5326 3858 5400; x_wconf 79' lang='lat' dir='ltr'><strong>ignaviam</strong></span> 
     </span>
    </p>
   </div>
   <div class='ocr_carea' id='block_1_111' title="bbox 2265 5415 3859 5492">
    <p class='ocr_par' dir='ltr' id='par_1_111' title="bbox 2265 5415 3859 5492">
     <span class='ocr_line' id='line_1_111' title="bbox 2265 5415 3859 5492; baseline 0.001 -20"><span class='ocrx_word' id='word_1_862' title='bbox 2265 5415 2783 5489; x_wconf 79' lang='lat' dir='ltr'><strong>ignoratjustitiam,</strong></span> <span class='ocrx_word' id='word_1_863' title='bbox 2820 5418 3100 5492; x_wconf 86' lang='lat' dir='ltr'><strong>improbus</strong></span> <span class='ocrx_word' id='word_1_864' title='bbox 3139 5427 3320 5476; x_wconf 88' lang='lat' dir='ltr'><strong>autem</strong></span> <span class='ocrx_word' id='word_1_865' title='bbox 3365 5435 3465 5492; x_wconf 88' lang='lat' dir='ltr'><strong>per</strong></span> <span class='ocrx_word' id='word_1_866' title='bbox 3502 5418 3859 5492; x_wconf 84' lang='lat' dir='ltr'><strong>cupiditatem</strong></span> 
     </span>
    </p>
   </div>
   <div class='ocr_carea' id='block_1_112' title="bbox 2261 5507 3861 5589">
    <p class='ocr_par' dir='ltr' id='par_1_112' title="bbox 2261 5507 3861 5589">
     <span class='ocr_line' id='line_1_112' title="bbox 2261 5507 3861 5589; baseline 0.002 -26"><span class='ocrx_word' id='word_1_867' title='bbox 2261 5511 2530 5567; x_wconf 79' lang='lat' dir='ltr'><strong>subvertit</strong></span> <span class='ocrx_word' id='word_1_868' title='bbox 2558 5513 2733 5584; x_wconf 90' lang='lat' dir='ltr'><strong>ipsam</strong></span> <span class='ocrx_word' id='word_1_869' title='bbox 2758 5527 2925 5589; x_wconf 83' lang='lat' dir='ltr'><strong>quam</strong></span> <span class='ocrx_word' id='word_1_870' title='bbox 2968 5511 3162 5568; x_wconf 88' lang='lat' dir='ltr'><strong>didicit</strong></span> <span class='ocrx_word' id='word_1_871' title='bbox 3199 5512 3509 5567; x_wconf 83' lang='lat' dir='ltr'><strong>veritatem.</strong></span> <span class='ocrx_word' id='word_1_872' title='bbox 3552 5507 3700 5566; x_wconf 80' lang='lat' dir='ltr'><strong>Pene</strong></span> <span class='ocrx_word' id='word_1_873' title='bbox 3740 5525 3861 5582; x_wconf 73' lang='lat' dir='ltr'><strong>gra-</strong></span> 
     </span>
    </p>
   </div>
   <div class='ocr_carea' id='block_1_113' title="bbox 2261 5602 3857 5683">
    <p class='ocr_par' dir='ltr' id='par_1_113' title="bbox 2261 5602 3857 5683">
     <span class='ocr_line' id='line_1_113' title="bbox 2261 5602 3857 5683; baseline 0.001 -28"><span class='ocrx_word' id='word_1_874' title='bbox 2261 5604 2383 5657; x_wconf 72' lang='lat' dir='ltr'><strong>ri-is</strong></span> <span class='ocrx_word' id='word_1_875' title='bbox 2405 5602 2714 5660; x_wconf 69' lang='lat' dir='ltr'><strong>lacerantur</strong></span> <span class='ocrx_word' id='word_1_876' title='bbox 2737 5619 3006 5678; x_wconf 83' lang='lat' dir='ltr'><strong>pauperes</strong></span> <span class='ocrx_word' id='word_1_877' title='bbox 3033 5621 3068 5662; x_wconf 88' lang='lat' dir='ltr'><strong>a</strong></span> <span class='ocrx_word' id='word_1_878' title='bbox 3088 5607 3273 5676; x_wconf 87' lang='lat' dir='ltr'><strong>pravis</strong></span> <span class='ocrx_word' id='word_1_879' title='bbox 3296 5604 3606 5677; x_wconf 82' lang='lat' dir='ltr'><strong>judieibus,</strong></span> <span class='ocrx_word' id='word_1_880' title='bbox 3628 5619 3795 5683; x_wconf 81' lang='lat' dir='ltr'><strong>quam</strong></span> <span class='ocrx_word' id='word_1_881' title='bbox 3827 5619 3857 5657; x_wconf 79' lang='lat' dir='ltr'><strong>a</strong></span> 
     </span>
    </p>
   </div>
   <div class='ocr_carea' id='block_1_114' title="bbox 2259 5695 3856 5769">
    <p class='ocr_par' dir='ltr' id='par_1_114' title="bbox 2259 5695 3856 5769">
     <span class='ocr_line' id='line_1_114' title="bbox 2259 5695 3856 5769; baseline 0.003 -22"><span class='ocrx_word' id='word_1_882' title='bbox 2259 5695 2658 5751; x_wconf 75' lang='lat' dir='ltr'><strong>cruentissimis</strong></span> <span class='ocrx_word' id='word_1_883' title='bbox 2688 5696 2954 5752; x_wconf 84' lang='lat' dir='ltr'><strong>hostibus.</strong></span> <span class='ocrx_word' id='word_1_884' title='bbox 2979 5696 3168 5752; x_wconf 70' lang='lat' dir='ltr'><strong>Nullus</strong></span> <span class='ocrx_word' id='word_1_885' title='bbox 3187 5699 3330 5754; x_wconf 88' lang='lat' dir='ltr'><strong>enim</strong></span> <span class='ocrx_word' id='word_1_886' title='bbox 3352 5697 3535 5769; x_wconf 64' lang='lat' dir='ltr'><strong>praedo</strong></span> <span class='ocrx_word' id='word_1_887' title='bbox 3573 5705 3684 5753; x_wconf 87' lang='lat' dir='ltr'><strong>tam</strong></span> <span class='ocrx_word' id='word_1_888' title='bbox 3705 5698 3856 5767; x_wconf 84' lang='lat' dir='ltr'><strong>cupi-</strong></span> 
     </span>
    </p>
   </div>
   <div class='ocr_carea' id='block_1_115' title="bbox 2259 5783 3858 5862">
    <p class='ocr_par' dir='ltr' id='par_1_115' title="bbox 2259 5783 3858 5862">
     <span class='ocr_line' id='line_1_115' title="bbox 2259 5783 3858 5862; baseline 0.001 -22"><span class='ocrx_word' id='word_1_889' title='bbox 2259 5783 2361 5840; x_wconf 82' lang='lat' dir='ltr'><strong>dus</strong></span> <span class='ocrx_word' id='word_1_890' title='bbox 2387 5787 2440 5843; x_wconf 86' lang='lat' dir='ltr'><strong>in</strong></span> <span class='ocrx_word' id='word_1_891' title='bbox 2475 5786 2687 5852; x_wconf 69' lang='lat' dir='ltr'><strong>alienis,</strong></span> <span class='ocrx_word' id='word_1_892' title='bbox 2728 5803 2892 5858; x_wconf 69' lang='lat' dir='ltr'><strong>quam</strong></span> <span class='ocrx_word' id='word_1_893' title='bbox 2925 5789 3091 5860; x_wconf 63' lang='lat' dir='ltr'><strong>iudex</strong></span> <span class='ocrx_word' id='word_1_894' title='bbox 3118 5790 3334 5862; x_wconf 79' lang='lat' dir='ltr'><strong>iniquus</strong></span> <span class='ocrx_word' id='word_1_895' title='bbox 3364 5790 3420 5846; x_wconf 85' lang='lat' dir='ltr'><strong>in</strong></span> <span class='ocrx_word' id='word_1_896' title='bbox 3457 5790 3591 5847; x_wconf 76' lang='lat' dir='ltr'><strong>suis.</strong></span> <span class='ocrx_word' id='word_1_897' title='bbox 3633 5787 3858 5858; x_wconf 75' lang='lat' dir='ltr'><strong>Pejorcs</strong></span> 
     </span>
    </p>
   </div>
  </div>
