4112 6642
237 513 338 569 6:29

1042 512 1368 569 MORAIJA.
1409 542 1478 553 υ-
1518 512 1717 566 LIBER
1758 513 1843 565 DE
1882 510 2299 569 V'IRTUTIBIJS
2334 513 2423 567 ET
2465 512 2685 568 VITIIS.

3408 518 3513 573 ϐῖο

236 643 360 693 sunt
396 633 865 701 liostibusjudiccs
889 633 1078 703 iniqui.
1113 630 1307 689 Hostes
1332 646 1473 705 δεῖνρο
1499 634 1622 703 fuga
1652 634 1823 686 vitun-
1855 635 1894 693 Α
1920 631 2305 701 judicabantur
2336 648 2365 686 a
2395 633 2570 688 bonis.
2628 634 2780 704 Srepe
2812 636 2977 690 etiam
3008 646 3061 690 ct
3089 639 3177 693 hic
3206 639 3329 693 boni
3384 641 3514 695 iuiu-

233 735 324 783 tur
347 746 360 781 :
381 727 589 795 judices
613 725 785 798 [vero]
818 736 1038 795 propter
1064 727 1360 794 potentiam
1383 726 1541 797 eﬂ‘ugi
1570 742 1672 779 non
1699 742 1819 795 pus-

234 828 391 881 sunt,
426 818 516 887 qui
547 817 760 871 divitias
786 826 841 872 et
877 816 1077 871 civium
1109 819 1463 886 oppressione
1488 831 1819 886 congregare

232 910 471 965 Student.
500 907 1031 979 Aliquotics-judiccs
1062 907 1186 961 boni
1219 909 1499 962 ministros
1531 910 1690 979 £39
1727 910 1821 961 lia-

231 1003 363 1058 bent
390 1017 633 1072 rapaces,
657 1017 884 1071 quorum
911 1002 1117 1055 scelere
1150 1002 1590 1072 coicquinantur,
1626 1004 1670 1055 si
1712 1019 1818 1056 non

230 1093 519 1163 prohibent
542 1093 891 1163 rapacitatem
921 1093 1156 1146 iliorum.
1184 1092 1246 1147 IIi
1278 1095 1330 1147 iu
1367 1094 1559 1149 alienis
1593 1102 1823 1165 parcunt

227 1185 467 1255 peccatis
486 1226 499 1245 ,
522 1184 645 1252 quia
675 1201 775 1237 non
806 1184 975 1236 solum
996 1227 1010 1248 ,
1043 1193 1104 1240 ut
1130 1187 1379 1256 egregius
1412 1187 1600 1240 mundi
1634 1186 1823 1239 doctor

231 1274 327 1337 ait,
354 1277 442 1346 qui
476 1275 699 1344 faciunt,
731 1275 821 1328 scd
850 1276 938 1346 qui
963 1277 1291 1329 consentiunt
1319 1276 1653 1342 facientibus,
1675 1276 1820 1343 digni

225 1366 523 1434 efﬁciuntur
546 1376 711 1419 morte
737 1376 986 1435 perpetua
1016 1364 1193 1436 (Rom.
1220 1382 1257 1431 I,
1285 1367 1396 1438 3'2).
1426 1365 1578 1435 Sit'pe
1610 1364 1817 1433 judiccs

224 1456 377 1524 pravi
411 1455 722 1524 cupiditatis
749 1470 913 1509 causa
948 1454 1349 1519 autdiil‘eruut,
1380 1466 1470 1509 aut
1505 1463 1821 1525 pervertunt

214 1544 441 1614 judicia.
470 1546 579 1601 Nec
604 1546 799 1600 ﬁniunt
836 1561 1050 1609 causas,
1087 1558 1371 1616 quousque
1404 1546 1607 1601 saeculi
1632 1560 1820 1600 eorum

223 1635 572 1705 impleantur.
604 1636 829 1703 Quando
854 1639 996 1691 enim
1025 1635 1301 1702 judiCaut,
1331 1650 1437 1691 non
1465 1650 1694 1698 causas,
1725 1636 1819 1690 sed

220 1729 363 1783 dona
417 1731 786 1785 considerant.
840 1728 1059 1784 Iudices
1105 1734 1286 1801 prari,
1334 1731 1487 1799 juxta
1537 1730 1820 1800 Prophetas

220 1823 471 1888 verbum,
497 1824 648 1894 quasi
680 1823 793 1893 lupi
813 1839 1021 1892 vespere
1050 1837 1065 1874 :
1102 1840 1205 1877 non
1246 1821 1543 1894 relinquunt
1579 1825 1632 1876 in
1667 1838 1820 1877 mane

219 1912 479 1987 (Sophon.
522 1931 621 1979 ιιι,
659 1913 745 1982 5),
788 1916 889 1969 hoc
924 1923 1038 1979 est,
1070 1916 1136 1969 de
1179 1916 1466 1986 praasentis
1499 1915 1623 1971 vitre
1665 1931 1815 1971 com-

215 2008 384 2063 modo
414 2017 626 2065 tantum
651 2008 909 2077 cogitant,
938 2007 1001 2061 de.
1026 2006 1208 2063 futuro
1242 2015 1425 2061 autem
1453 2008 1585 2062 nihil
1618 2026 1627 2060 :
1665 2007 1815 2078 lupo-
1852 2006 1891 2058 Β

215 2106 340 2153 rum
370 2109 521 2153 more
543 2108 738 2153 cuncta
764 2098 1056 2169 rapientes,
1094 2107 1152 2152 et
1184 2097 1271 2151 vix
1298 2099 1625 2167 pauperibus
1650 2112 1819 2169 pauca

226 2190 619 2260 relinquentes.
648 2190 947 2245 Iracundus
984 2189 1147 2258 judex
1178 2189 1364 2259 iudicii
1399 2201 1628 2247 examen
1664 2192 1821 2261 plene

216 2285 466 2338 contueri
495 2299 605 2341 non
628 2285 792 2349 valet,
837 2286 963 2354 quia
999 2284 1233 2354 caligine
1279 2283 1487 2339 furoris
1526 2300 1633 2339 non
1676 2286 1822 2340 videt

214 2378 520 2434 claritatem
545 2378 791 2447 justitizc.
821 2380 937 2434 Non
976 2390 1062 2434 est
1092 2392 1321 2450 perscria
1363 2381 1416 2435 in
1446 2378 1653 2447 judicio
1688 2394 1822 2434 con-

214 2469 529 2535 sideranda,
569 2472 663 2525 sed
689 2486 872 2526 causa.
906 2468 1183 2540 Scriptum
1221 2479 1307 2526 est
1346 2472 1534 2525 enim:
1568 2469 1693 2524 Non
1728 2487 1818 2524 ac-

213 2562 373 2632 cipies
394 2578 672 2632 personam
697 2564 750 2615 in
768 2562 975 2632 judicio
1000 2562 1182 2634 (Deut.
1211 2578 1250 2627 l,
1278 2563 1386 2634 i7).
1414 2559 1816 2633 Iniquijudices

212 2664 401 2709 errant
431 2656 486 2710 in
512 2656 757 2710 veritatis
782 2657 1073 2716 sententia,
1102 2656 1229 2711 dum
1260 2656 1550 2710 intendunt
1583 2655 1817 2726 qualita-

214 2753 324 2802 tem
368 2760 655 2818 persona}:
690 2758 747 2804 et
779 2756 978 2803 nocent
1007 2761 1150 2820 Sthe
1186 2747 1372 2817 justis,
1416 2747 1543 2802 dum
1570 2748 1815 2817 improbe

212 2839 515 2896 del‘eadunt
556 2842 771 2912 impios.
824 2841 1083 2912 Acceptio
1136 2853 1422 2896 munerum
1479 2841 1532 2896 in
1574 2839 1809 2908 judiciis,

211 2932 592 3005 praevaricatio
620 2942 705 2990 est
730 2935 997 2990 veritatis.
1033 2934 1137 3002 Qui
1179 2934 1347 2990 Deum
1387 2935 1640 2989 timentes
1664 2935 1814 3003 jus-te

210 3022 478 3093 Indicant,
513 3031 717 3081 aeterna
754 3038 783 3079 a
821 3026 1051 3081 Domino
1083 3026 1357 3096 accepturi
1395 3034 1523 3080 sunt
1566 3026 1808 3097 prwmia.

819 3156 1219 3214 CAPUTVXXI.

740 3266 820 3323 De
842 3268 994 3339 falsis
1017 3270 1252 3325 testibus.

286 3375 483 3433 Falsus
512 3380 681 3444 testis,
731 3381 865 3436 dicit
918 3380 1199 3447 Salomon,
1232 3398 1337 3437 non
1378 3384 1476 3437 erit
1522 3380 1812 3453 impunitus

210 3468 397 3542 (Prov.
431 3488 545 3537 ιιι,
573 3471 648 3541 9).
682 3472 781 3541 Qui
808 3472 1003 3529 falsum
1036 3474 1407 3529 testimonia-.1
1451 3474 1659 3546 profert
1683 3490 1814 3529 con-

211 3572 298 3617 tra
340 3565 651 3633 proximum
699 3581 878 3630 suum,
926 3566 1305 3636 cxstiuguetur
1351 3566 1574 3621 lucerna
1618 3565 1735 3635 ejus
1759 3565 1811 3618 in

211 3655 301 3710 die
330 3655 537 3713 ultimo.
569 3656 671 3725 Qui
700 3667 845 3713 metu
878 3658 1163 3727 cujuslibet
1209 3660 1495 3731 potestatis
1522 3658 1811 3713 veritatem

210 3750 475 3815 occultat.
528 3750 867 3806 iracundiam
921 3752 1015 3807 Dei
1046 3768 1211 3822 super
1252 3768 1312 3808 se
1358 3761 1640 3823 provocat,
1684 3752 1823 3822 quia.

210 3841 388 3911 magis
421 3842 573 3897 timet
600 3844 875 3898 hominem
899 3859 1062 3914 quam
1105 3844 1295 3899 Deum.
1324 3842 1626 3899 Falsidicus
1658 3845 1815 3899 testis

212 3934 389 3989 tribus
431 3944 516 3990 est
540 3938 792 4006 personis
845 3937 1417 4007 obnoxiuszprimum
1472 3937 1605 4000 Deo,
1659 3935 1814 4004 cujus

206 4029 565 4098 praesentiam
599 4029 940 4093 contemnit;
981 4030 1175 4084 deinde
1199 4030 1392 4100 judici,
1426 4044 1586 4099 quem
1618 4028 1814 4082 menti-

211 4122 357 4178 endo
385 4120 558 4187 fallit;
591 4131 870 4193 postremo
892 4123 1190 4186 innocenti,
1222 4137 1383 4192 quem
1404 4120 1543 4176 falso
1575 4120 1815 4175 testimo-

211 4213 306 4268 nio
336 4211 497 4268 laedit.
531 4212 593 4268 Si
620 4212 739 4269 falsi
776 4222 943 4269 testes
973 4223 1320 4283 separantur,
1352 4228 1478 4267 mox
1522 4210 1814 4265 mendaces

110 4310 116 4316 '
213 4302 586 4358 inveniuntur.
622 4302 864 4373 Uterque
899 4302 1098 4375 [mque]
1128 4318 1255 4357 reus
1280 4310 1384 4366 est,
1417 4310 1472 4355 et
1499 4300 1591 4371 qui
1618 4300 1817 4353 verita—

215 4401 325 4448 tem
352 4394 615 4459 occultat,
648 4405 705 4449 et
732 4396 824 4465 qui
873 4395 1219 4450 mendacium
1267 4393 1431 4448 dicit:
1464 4392 1593 4462 quia
1638 4400 1695 4445 et
1725 4390 1816 4447 ille

214 4487 478 4559 prodesse
503 4502 613 4541 non
664 4486 799 4552 vult,
828 4497 884 4543 et
910 4487 1011 4541 iste
1042 4500 1242 4541 nocere
1291 4484 1582 4540 desiderat.
1617 4482 1817 4538 Beatus

217 4579 377 4650 cujus
407 4579 777 4634 testimonium
822 4580 875 4634 in
905 4587 1197 4649 conspectu
1227 4576 1320 4631 Dei
1357 4575 1638 4647 probabile
1668 4575 1819 4629 inve-

215 4672 415 4729 nietur.
447 4670 691 4738 Quatuor
733 4670 908 4726 modis
930 4669 1143 4740 justitia
1183 4668 1237 4723 in
1287 4667 1508 4737 judiciis
1550 4664 1817 4721 subverti-

216 4770 349 4817 tur:
386 4762 597 4826 timore,
630 4762 952 4831 cupiditate,
1003 4759 1150 4824 odio,
1180 4773 1385 4813 amore.
1421 4757 1659 4818 Timore,
1689 4754 1813 4808 dum

218 4863 367 4909 metu
391 4854 677 4925 potestatis
703 4854 932 4925 alicujus
979 4844 1263 4906 veritatem
1315 4849 1520 4922 [dicere
1547 4845 1654 4919 vel]
1681 4846 1822 4915 judi-

218 4963 349 5004 care
376 4947 631 5019 quislibet
650 4948 925 5019 pavescit;
956 4946 1272 5016 cupiditate,
1299 4945 1423 4999 dum
1457 4942 1682 5013 prmmio
1706 4956 1820 4994 mu-

221 5043 373 5100 neris
416 5042 646 5113 alicujus
674 5041 1037 5111 corrumpitur
1059 5040 1227 5109 judex
1253 5055 1269 5102 ;
1299 5038 1444 5102 odio,
1485 5037 1614 5091 dum
1644 5032 1823 5105 cujus.

219 5135 355 5189 libet
380 5134 678 5189 inimicitize
719 5148 884 5188 causa
914 5145 1113 5187 nocere
1143 5129 1301 5185 alteri
1327 5126 1641 5187 desiderat;
1675 5132 1821 5179 amo—

221 5245 304 5292 re,
338 5228 467 5282 dum
491 5227 696 5283 amicos
725 5225 809 5280 vel
834 5225 1169 5297 propinquos
1216 5230 1405 5278 contra
1430 5220 1703 5292 justitiam
1731 5217 1817 5271 de-

214 5320 401 5377 fendit
423 5320 717 5391 potentior.
774 5318 869 5374 liis
901 5326 1136 5388 quatuor
1177 5315 1353 5371 modis
1406 5329 1548 5383 smpe
1586 5310 1817 5382 aequitas

220 5410 410 5484 judicii
440 5410 795 5474 subvertitur,
826 5418 882 5465 et
909 5407 1220 5463 innocentia
1266 5405 1496 5459 lmditur.
1523 5400 1699 5472 Magis
1728 5401 1818 5451 do-

224 5502 371 5560 lendi
390 5510 520 5559 sunt
544 5502 636 5573 qui
665 5502 975 5571 Opprimunt
994 5514 1279 5571 pauperes,
1304 5510 1467 5567 quam
1487 5494 1575 5565 qui
1605 5490 1818 5562 patiun—

226 5598 331 5651 tur
356 5591 629 5664 iujuriam.
662 5593 739 5647 Illi
781 5592 927 5647 enim
975 5592 1066 5661 qui
1118 5591 1515 5662 opprimuntur,
1544 5594 1817 5652 tempora-

228 5686 336 5743 Iern
362 5685 638 5740 miseriam
670 5684 781 5740 cito
813 5681 1011 5738 finiunt
1033 5677 1166 5755 (AL,
1204 5675 1511 5749 transeunt]
1539 5694 1551 5729 :
1585 5675 1660 5729 illi
1687 5686 1821 5727 vero

230 5778 325 5849 qui
354 5776 667 5849 opprimunt
704 5790 799 5833 eos
825 5791 924 5848 per
948 5773 1291 5843 iniustitiam,
1337 5769 1561 5826 arternis
1589 5763 1824 5820 ﬂammis

232 5868 637 5939 deputabuntur
684 5865 841 5940 illa,
895 5862 1267 5936 deputantur}.
1317 5860 1417 5916 Iiic
1464 5873 1595 5916 vero
1617 5869 1759 5925 stupe
1791 5867 1824 5905 a

233 5958 394 6017 malis
422 5956 549 6015 boni
593 5959 908 6031 judicantur
933 5976 945 6013 :
982 5958 1036 6013 in
1064 5956 1245 6012 futura
1276 5954 1542 6024 siquidem
1569 5952 1679 6005 vita
1701 5944 1825 6003 mali

1926 723 2055 777 lices
2085 732 2292 778 suntet
2331 725 2514 779 miseri
2564 740 2747 779 coram
2797 727 3125 793 hominibus,
3169 739 3225 783 et
3253 734 3377 785 mati
3405 736 3516 788 lcti-

1924 830 2034 869 ces.
2084 814 2142 868 In
2173 816 2261 870 illa
2293 818 2473 885 itaque
2519 827 2722 872 icterua
2767 818 3122 874 retributione
3150 836 3362 891 semper
3387 822 3513 877 boni

1925 905 2110 959 felices
2136 917 2315 969 erunt,
2350 918 2402 961 et
2449 908 2574 961 mali
2604 923 2818 978 semper
2870 910 3050 964 miseri
3083 921 3261 965 erunt.
3300 912 3359 966 lii
3390 913 3513 983 qni-

1922 999 2021 1053 bzzs
2043 999 2185 1054 bona
2224 1012 2351 1054 sunt
2377 1001 2527 1071 [δίδη
2559 1002 2698 1057 bene
2727 1003 2818 1075 sit]
2846 1004 2896 1057 in
2922 1005 3024 1058 hoc
3048 1004 3266 1069 szcculo,
3290 1015 3515 1062 center.-

1923 1091 2048 1145 dant
2084 1094 2316 1146 maxime
2348 1110 2414 1148 ne
2445 1094 2582 1147 bona
2617 1095 2844 1165 perdant
2872 1105 3132 1167 perpetua
3162 1116 3172 1150 :
3206 1106 3263 1152 et
3290 1099 3382 1170 qui
3406 1115 3512 1153 nio-

1922 1183 2107 1238 lestias
2155 1185 2452 1254 patiuntur,
2508 1185 2717 1239 fortiter
2769 1203 2862 1240 eas
2915 1186 3194 1253 sulTerant,
3229 1197 3288 1243 ut
3310 1197 3513 1245 :etema

1923 1276 2253 1330 beatitudine
2283 1278 2429 1348 digni
2461 1278 2823 1334 inveniantur.

2496 1388 2726 1447 CAPUT
2773 1392 2934 1450 XXII.

2561 1480 2636 1535 De
2667 1484 2884 1538 invidia.

1995 1592 2206 1649 Invidia
2237 1596 2437 1649 diaboli
2468 1614 2607 1652 mors
2653 1598 2888 1654 introivit
2943 1603 2998 1655 in
3024 1603 3198 1657 orbem
3251 1615 3514 1662 terrarum

1923 1682 2074 1756 (Sap.
2109 1704 2167 1751 ιι,
2205 1686 2317 1754 ει).
2381 1688 2517 1742 Dum
2575 1687 2853 1744 invidebat
2905 1690 3107 1747 homini
3153 1702 3370 1750 terreno
3405 1711 3515 1754 cro-

1922 1776 2056 1842 lum,
2106 1778 2383 1849 quaerebat
2436 1780 2705 1851 quomolo
2751 1798 2872 1837 eum
2908 1784 3159 1854 perderet
3210 1802 3307 1857 per
3342 1796 3514 1844 trans-

1924 1871 2257 1940 gressionem
2283 1871 2428 1927 illius
2452 1872 2717 1938 mandati,
2747 1877 2889 1945 quod
2924 1876 3151 1934 Creator
3182 1880 3383 1935 homini
3410 1892 3514 1937 sta-

1924 1962 2042 2015 tuit.
2085 1961 2223 2016 .‘v‘ihil
2258 1963 2488 2033 nequius
2523 1973 2703 2033 potest
2740 1979 2864 2021 esse
2895 1966 3118 2033 invidia,
3156 1985 3277 2040 qua:
3325 1971 3514 2027 alienis

1923 2063 2207 2122 torquetur
2238 2055 2435 2111 bonis:
2471 2064 2529 2111 et
2565 2058 2709 2126 quod
2746 2058 2860 2128 ipsa
2897 2075 3006 2115 non
3050 2062 3236 2127 habet,
3267 2063 3401 2119 alios
3426 2064 3511 2119 in-

1921 2147 2068 2201 videt
2104 2146 2325 2203 habere.
2382 2147 2648 2204 Omnibus
2694 2150 2913 2206 inimica
2963 2160 3049 2207 est
3079 2153 3238 2208 bonis
3288 2155 3508 2211 invidia.

1924 2239 2027 2293 Ubi
2048 2249 2135 2294 est
2161 2240 2384 2305 invidia,
2410 2241 2646 2297 ebaritas
2669 2257 2791 2296 esse
2818 2259 2925 2297 non
2957 2253 3155 2315 potest.
3188 2246 3253 2300 Et
3276 2246 3362 2302 ubi
3388 2249 3520 2303 chao

1920 2332 2056 2385 ritas
2080 2348 2187 2385 non
2212 2340 2316 2395 est,
2353 2333 2423 2387 ibi
2464 2333 2601 2387 nihil
2632 2334 2758 2389 boni
2804 2352 2926 2390 esse
2959 2339 3176 2406 poterit.
3219 2340 3319 2405 Qui
3375 2340 3512 2395 invi-

1920 2423 2032 2489 det,
2065 2422 2277 2479 diabolo
2304 2424 2498 2480 similis
2550 2434 2654 2491 est,
2683 2428 2775 2495 qui
2807 2443 2904 2498 per
2942 2430 3198 2485 invidiam
3236 2431 3511 2487 hominem

1918 2513 1985 2568 de
2010 2513 2250 2582 paradisi
2303 2514 2562 2570 felicitate
2609 2517 2822 2587 dejeeit.
2867 2518 3091 2588 Magnus
3128 2520 3208 2574 vir
3256 2530 3362 2584 est,
3414 2522 3508 2592 qui

1920 2603 2180 2658 invidiam
2213 2604 2524 2660 humilitate
2572 2617 2815 2677 superat,
2859 2609 3187 2665 discordiam
3245 2612 3514 2668 charitate

1918 2697 2169 2753 destruit.
2210 2697 2349 2766 Quid
2406 2698 2677 2755 infelicius
2706 2711 2791 2756 est
2815 2703 3042 2768 homini,
3084 2720 3247 2773 quam
3285 2705 3511 2760 alterius

1918 2788 2119 2843 bonum
2147 2804 2302 2843 suum
2341 2791 2518 2861 egisse
2550 2792 2923 2863 supplicium?
2959 2793 3148 2849 Omnis
3195 2796 3340 2850 enim
3372 2796 3510 2850 invi-

1916 2878 2019 2933 dus
2063 2880 2246 2934 animo
2277 2888 2582 2949 torquetur.
2624 2880 2781 2938 Unde
2834 2883 2998 2953 igitur
3048 2886 3223 2938 bonus
3275 2884 3509 2954 proiicit.

1918 2969 2043 3025 inde
2077 2970 2290 3026 invidus
2313 2969 2670 3026 contabescit.
2701 2970 2890 3027 Melius
2922 2982 3006 3028 est
3046 2972 3209 3045 140
3244 2973 3510 3031 bonorum

1918 3062 2119 3116 imitari
2152 3061 2425 3133 exempla,
2463 3078 2626 3133 quam
2651 3077 2745 3117 eos
2776 3062 2992 3118 invidize
3023 3065 3243 3119 stimulo
3273 3065 3504 3136 agitare.

1914 3149 2122 3207 Invidia
2147 3168 2367 3210 sensum
2391 3153 2625 3218 mordet,
2661 3163 2853 3225 pectus
2887 3156 3015 3220 urit,
3040 3164 3276 3220 montem
3303 3156 3507 3229 alnigit.

1917 3242 2107 3300 Nullus
2141 3246 2208 3301 de
2240 3245 2465 3301 alterius
2487 3244 2775 3315 cujuslibet
2809 3246 2991 3301 doleat
3015 3247 3182 3313 bono,
3222 3248 3302 3303 vel
3347 3248 3511 3304 felici-

1841 3346 1888 3408 (ς
1923 3342 2031 3388 tate
2057 3334 2230 3389 aliena
2259 3336 2634 3391 contristetur.
2668 3335 2855 3392 Potest
2888 3338 3067 3408 itaque
3096 3338 3259 3394 homo
3286 3340 3512 3395 alterius

1921 3423 2123 3479 bonum
2148 3442 2305 3480 suum
2331 3423 2531 3488 facere,
2561 3426 2689 3480 dum
2718 3436 2867 3481 amat
2889 3429 2942 3481 in
2980 3428 3175 3493 altero,
3203 3429 3347 3499 quod
3370 3429 3422 3483 in
3451 3444 3521 3483 se“

1921 3517 2072 3590 (Ma,
2108 3518 2250 3588 quod
2271 3518 2408 3591 ipse]
2435 3533 2544 3573 non
2580 3516 2728 3572 facit.

2478 3632 2709 3690 CAPUT
2751 3633 2933 3689 XXIII.

2527 3724 2605 3779 De
2632 3725 2902 3795 superbia.

1989 3836 2236 3909 Superbi;
2258 3837 2403 3893 Deus
2428 3839 2640 3904 resistit,
2668 3838 2954 3893 humilibus
2972 3849 3145 3893 autem
3167 3839 3263 3894 dat
3284 3842 3511 3911 gratiam

1916 3929 2057 4000 (Jac.
2089 3928 2210 3993 rv,6
2240 3945 2254 3994 ;
2285 3926 2312 3981 1
2333 3925 2477 3981 Ρριν.
2510 3929 2656 4001 v,:'i).
2686 3929 2977 3984 Maximum
3001 3930 3196 3985 diaboli
3225 3941 3509 4001 peccatum

1914 4021 2016 4075 fuit
2049 4019 2321 4091 superbia.
2363 4020 2701 4092 Quapropter
2747 4023 2896 4077 omni
2933 4023 3062 4077 vitio
3094 4022 3330 4078 deterior
3353 4022 3509 4098 [5!s.,

1916 4112 2160 4167 omnium
2193 4112 2458 4167 malorum
2501 4111 2677 4185 pejor]
2709 4121 2796 4167 est
2824 4113 3096 4184 superbia,
3145 4127 3266 4183 quae
3292 4126 3433 4184 smpe
3456 4120 3513 4168 et

1917 4203 2161 4259 debonis
2195 4204 2438 4258 nascitur
2469 4203 2698 4269 actibus,
2752 4203 2881 4258 dum
2928 4204 3092 4259 homo
3121 4206 3173 4259 in
3204 4204 3316 4259 suis
3352 4205 3511 4260 bonis

1915 4295 2171 4366 operibus
2206 4297 2492 4367 superbit:
2530 4303 2587 4352 et
2640 4296 2745 4351 hac
2801 4297 2978 4365 perdit
3024 4312 3124 4367 per
3174 4298 3507 4369 superbiam,

1914 4389 2062 4458 quod
2085 4387 2273 4443 habuit
2306 4402 2404 4459 per
2451 4389 2799 4444 charitatem.
2840 4387 3095 4443 Omnium
3132 4390 3388 4445 vitiorum
3413 4405 3511 4445 no-

1918 4480 2200 4534 vissimum
2224 4488 2308 4533 est
2336 4480 2610 4549 superbia,
2645 4480 2773 4535 dum
2812 4480 2973 4535 homo
3023 4481 3318 4536 virtutibus
3352 4495 3513 4536 orna-

1921 4580 2027 4637 tur,
2058 4574 2190 4628 etin
2228 4574 2313 4629 his
2340 4573 2621 4645 superbire
2681 4577 2848 4646 carpit
2884 4575 3038 4647 (115.,
3088 4578 3354 4647 coeperit;
3396 4578 3507 4641 AL,

1921 4664 2116 4739 cupit].
2157 4663 2344 4720 Omnis
2399 4681 2615 4737 quoque
2654 4667 2854 4737 peccati
2900 4668 3110 4721 initium
3156 4668 3402 4737 superbia
3427 4681 3502 4724 est

1923 4757 2132 4828 (Eccle.
2188 4773 2246 4823 ι,
2291 4757 2405 4828 15),
2455 4758 2581 4812 dum
2635 4759 2815 4813 anima
2874 4767 3143 4829 prrecepta
3208 4761 3511 4815 contemnit

1921 4848 2217 4916 Creatoris,
2248 4859 2373 4904 mox
2400 4849 2452 4904 in
2481 4846 2768 4921 cujuslibet
2797 4851 3004 4921 peccati
3028 4850 3233 4905 corruit
3265 4849 3500 4905 foveam.

1921 4943 2111 4999 Omnis
2132 4943 2385 5013 superbia
2410 4950 2561 4997 tanto
2596 4942 2650 4996 in
2683 4940 2792 4996 imo
2832 4942 3003 5012 jacet,
3037 4950 3239 5012 quanto
3262 4960 3321 5000 sc
3346 4944 3509 5014 erigit

1920 5034 1977 5088 in
2004 5033 2133 5088 alto.
2174 5031 2457 5103 Tantoque
2484 5032 2803 5103 profundius
2826 5032 3044 5099 labitur,
3096 5043 3304 5104 quanto
3336 5034 3512 5090 excel-

1922 5123 2038 5177 sius
2072 5122 2334 5178 elevatur.
2362 5121 2461 5189 Qui
2490 5123 2634 5178 enim
2661 5137 2758 5192 per
2791 5124 3064 5194 propriam
3101 5125 3410 5195 superbiam
3436 5134 3512 5180 at-

1926 5216 2153 5281 tollitur,
2182 5229 2281 5287 per
2322 5215 2415 5269 Dei
2449 5212 2717 5285 justitiam
2767 5216 3072 5270 damnatur.
3108 5215 3249 5271 Ante
3292 5218 3507 5272 ruinam

1924 5305 2159 5359 hominis
2190 5305 2462 5360 cxaltatur
2512 5305 2737 5377 spiritus
2763 5305 2899 5376 ejus.
2953 5303 3097 5360 Nihil
3144 5307 3320 5377 magis
3353 5306 3510 5363 Chri-

1923 5402 2106 5455 stiauo
2136 5400 2414 5454 vitandum
2452 5408 2537 5455 est
2569 5414 2733 5468 quam
2770 5398 3044 5468 superbia,
3078 5414 3197 5469 qua:
3244 5401 3379 5454 iram
3413 5399 3511 5457 Dei

1922 5496 2204 5561 provocat.
2241 5490 2373 5545 Nam
2400 5490 2651 5560 superbia
2682 5506 2749 5544 ex
2788 5489 2997 5559 angelis
3035 5491 3313 5547 daemones
3340 5491 3509 5547 l'ecit:

1922 5584 2201 5639 humilitas
2224 5591 2402 5638 autem
2427 5582 2673 5637 homines
2702 5583 2909 5637 sanctis
2938 5581 3143 5653 angelis
3167 5583 3371 5638 similes
3393 5583 3516 5640 red-

1919 5675 2018 5729 dit.
2045 5674 2275 5744 Superbi
2292 5674 2582 5744 cupiuntin
2600 5689 2657 5730 se
2676 5672 2959 5744 praedicari
2985 5673 3128 5743 quod
3143 5690 3252 5729 non
3269 5674 3509 5731 faciunt:

1928 5766 2160 5822 humiles
2186 5765 2758 5839 refugiunt,quidquid
2780 5762 3245 5838 bonioperantur,
3272 5770 3515 5837 agnosci.

1930 5858 2047 5915 Non
2074 5858 2316 5915 elevatur
2370 5860 2535 5915 homo
2567 5858 2623 5915 in
2653 5859 2799 5915 bono
2848 5876 2969 5927 suo,
3006 5873 3108 5915 nec
3163 5858 3377 5915 laudem
3414 5861 3519 5916 sibi

1934 5958 2159 6021 quaerat,
2195 5949 2443 6021 quamvis
2467 5949 2668 6022 aliquid
2694 5949 2819 6007 boni
2846 5949 3009 6006 faciat
3039 5970 3050 6005 :
3084 5950 3180 6008 sed
3212 5951 3381 6007 Deum
3408 5949 3523 6004 Iam
