4112 6586
669 348 776 403 631

1494 338 1554 400 B.
1597 346 1659 400 F.
1702 343 1926 398 ALlllNl
1966 338 2101 396 SEU
2135 335 2409 393 ALCL‘lNl
2466 333 2753 391 OI'ERL'M
2793 331 2974 387 PARS
3014 329 3098 385 IV.

3864 324 3960 379 63:!

676 467 807 518 dare
835 462 849 534 ί
866 460 987 526 ιιι,
1028 459 1259 532 laudari]
1290 459 1473 529 cupiat
1518 460 1572 513 iu
1607 459 1766 515 donis
1803 459 1935 523 suis,
1962 456 2089 528 quia
2126 454 2261 509 nihil
2291 457 2336 514 Α
2367 448 2584 522 (Matth.
2626 463 2785 512 χχιιι,
2820 446 2908 519 15)
2939 448 2953 501 ε
2996 443 3129 519 [Nos
3166 453 3347 500 autem
3372 461 3479 501 non
3517 460 3612 502 eos
3640 442 3961 514 imitemur],

674 558 799 612 boni
853 557 982 612 facit
1037 553 1166 627 (Ms.
1245 550 1418 625 fecit],
1454 553 1559 608 nisi
1588 552 1733 623 quod
1768 551 1914 607 Deus
1952 549 2174 605 donavit
2208 548 2257 601 ci

676 651 879 705 facere.

1221 757 1449 816 CAPUT
1484 756 1651 813 XXIV

1254 872 1332 926 De
1366 870 1666 926 iracundia.

752 989 1013 1064 Egregius
1066 985 1257 1042 mundi
1294 983 1628 1039 Praedicator
1669 982 1843 1036 dicit:
1891 980 2076 1034 Omnis
2127 979 2264 1031 enim

682 1082 1007 1146 amaritudo,
1040 1090 1089 1134 et
1122 1080 1224 1142 ira,
1255 1087 1303 1132 et
1349 1076 1666 1146 indignatio,
1730 1084 1776 1129 et
1804 1073 2007 1127 clamor
2052 1083 2099 1126 et
2128 1070 2267 1125 blas-

678 1175 887 1247 phemia
911 1172 1129 1226 tollatur
1159 1188 1190 1223 a
1214 1168 1354 1224 vobis
1383 1167 1597 1237 (Epltcs.
1629 1182 1703 1230 tv,
1731 1165 1843 1235 5|).
1880 1162 1988 1219 Nec
2014 1164 2159 1218 enim
2188 1163 2266 1217 ira

678 1266 782 1321 viri
809 1263 1077 1336 justitiam
1130 1262 1227 1316 Dei
1284 1254 1497 1329 operari
1544 1257 1746 1327 poterit
1787 1255 1928 1327 (Jac.
1961 1272 1996 1317 ι,
2030 1254 2150 1324 20).
2182 1252 2267 1308 lra

680 1359 802 1413 sine
849 1361 1277 1426 temperamento
1306 1366 1500 1421 expers
1545 1358 1631 1405 est
1680 1348 1927 1404 rationis.
1963 1346 2269 1416 Responsio

680 1448 858 1505 mollis
882 1448 1095 1515 mitigat
1124 1445 1283 1508 iram,
1317 1458 1496 1497 sermo
1542 1442 1711 1497 durus
1744 1441 1974 1495 suscitat
2007 1437 2265 1493 furorem.

690 1540 788 1594 Vir
820 1533 1128 1599 iracundus,
1166 1544 1227 1590 ut
1255 1536 1333 1590 ait
1365 1533 1644 1596 Salomon,
1693 1535 1935 1601 provocat
1968 1529 2111 1582 rixas
2135 1542 2155 1579 :
2180 1528 2269 1598 qui

681 1632 889 1703 patiens
924 1638 1023 1695 est,
1050 1628 1252 1698 mitigat
1276 1622 1556 1682 suscitatus
1593 1620 1776 1692 (Prov.
1807 1633 1899 1689 tv,
1939 1620 2048 1693 18).
2092 1619 2267 1691 Spiri—

685 1721 845 1774 rltum
872 1733 1001 1773 vero
1027 1717 1096 1770 ad
1128 1715 1459 1770 irascendum
1497 1713 1705 1782 facilem
1745 1710 1861 1782 quis
1888 1712 2143 1765 sustinere
2176 1724 2269 1779 po-

2363 540 2458 594 sed
2488 541 2786 594 secundum
2809 536 3125 608 Apostolum
3157 555 3169 590 :
3203 536 3307 602 Qui
3338 538 3622 608 gloriatur,
3659 538 3718 590 in
3741 534 3960 590 Domino

2361 631 2614 703 glorietur
2647 630 2697 702 (Ι
2722 628 2844 685 Cor.
2876 646 2913 695 ι,
2940 630 3051 700 51).
3088 630 3189 695 Qui
3226 628 3439 683 laudem
3462 645 3569 685 non
3603 629 3842 700 appetit,
3868 643 3963 683 nec

2362 740 2460 795 pro
2489 721 2817 779 contumelia
2851 720 3224 776 conturbatur.
3255 718 3367 775 Nec
3395 719 3517 775 ideo
3538 736 3599 776 se
3621 720 3834 775 bonum
3861 721 3965 773 exi-

2362 814 2547 869 stimet
2575 814 2755 876 homo,
2788 811 3040 881 quamvis
3084 810 3154 864 ab
3184 810 3292 864 alio
3336 810 3608 875 laudetur,
3646 810 3784 880 quia
3825 808 3961 863 Deus

2366 903 2647 972 inspector
2682 908 2766 955 est
2801 900 2999 954 cordis.
3038 898 3176 965 Quid
3220 898 3367 952 enim
3414 899 3640 969 prodest
3696 896 3848 953 malo
3876 897 3965 951 bo-

2365 995 2518 1058 mini,
2544 994 2587 1047 si
2616 994 2791 1047 bonus
2819 991 3146 1061 prwdieetur
3168 988 3191 1043 ?
3214 988 3366 1044 Tunc
3393 990 3667 1045 veraciter
3690 990 3803 1043 hoc
3828 988 3966 1059 quod

2366 1088 2477 1156 agit
2498 1088 2659 1140 homo
2686 1086 2888 1139 bonum
2916 1093 3020 1147 est,
3047 1083 3266 1153 quando
3293 1081 3403 1136 Deo
3426 1081 3645 1151 placere
3668 1081 3963 1139 desiderat,

2368 1194 2398 1231 a
2433 1194 2541 1249 quo
2564 1176 2726 1231 habet
2754 1174 3014 1245 quidquid
3038 1173 3163 1227 boni
3193 1173 3357 1227 habet
3391 1171 3473 1227 vel
3500 1170 3648 1226 facit.
3689 1170 3801 1239 Qui
3830 1170 3965 1225 bona

2368 1286 2529 1341 agere
2554 1270 2789 1332 videtur,
2815 1275 2873 1322 et
2898 1281 2996 1337 per
3022 1266 3139 1321 hate
3180 1281 3288 1320 non
3334 1263 3466 1330 Deo,
3515 1265 3610 1320 sed
3653 1262 3966 1319 hominibus

2368 1364 2585 1434 placere
2639 1360 2807 1429 cupit,
2844 1358 2901 1412 in
2947 1372 3147 1411 vanum
3181 1356 3412 1421 laborat,
3439 1365 3497 1411 et
3545 1356 3600 1410 in
3636 1363 3869 1410 ventum
3891 1370 3965 1409 se-

2370 1455 2559 1509 minat.
2594 1450 2845 1520 Magnum
2874 1462 2935 1503 se
2957 1448 3329 1517 unusquisque
3380 1462 3503 1501 esse
3525 1446 3751 1501 studeat
3779 1446 3835 1500 in
3859 1446 3965 1501 suis

2368 1544 2663 1615 operibus;
2699 1540 2796 1595 sed
2842 1539 2910 1593 de
2935 1538 3309 1609 magnitudine
3359 1553 3456 1592 sua
3511 1538 3820 1593 humanum
3863 1552 3963 1591 non

2366 1642 2576 1705 quterat
2608 1633 2866 1696 favorem,
2896 1648 2966 1687 ne
2993 1632 3180 1701 perdat
3196 1631 3337 1701 quod
3364 1630 3569 1692 habuit,
3586 1638 3642 1684 et
3658 1630 3740 1683 sit
3762 1643 3962 1699 parvus

2368 1724 2545 1780 factus
2561 1723 2717 1795 [Λίδη
2742 1732 2794 1777 et
2810 1737 3009 1792 parvus
3021 1719 3333 1793 efﬁciatur].
3359 1720 3797 1791 Quidquidenim
3812 1720 3966 1774 homo

685 1810 1015 1885 terit(Prov.
1045 1822 1202 1874 ιιι-ιιι,
1235 1804 1323 1879 14)
1350 1809 1375 1861 ?
1406 1807 1434 1860 I
1442 1824 1498 1859 ra
1524 1823 1627 1859 non
1657 1806 1807 1859 habet
1829 1800 2267 1865 misericordiam,
2301 1810 2349 1872 Β
2376 1816 2502 1871 boni
2528 1817 2710 1881 facim,
2729 1816 2832 1870 hoc
2860 1831 2921 1870 se
2943 1814 3080 1869 sciat
3107 1814 3308 1869 habere
3339 1830 3449 1869 non
3477 1830 3508 1869 a
3532 1828 3614 1878 se,
3651 1813 3755 1869 sed
3782 1828 3817 1868 a
3838 1812 3961 1867 Deo.

687 1916 785 1959 nec
836 1912 1111 1973 erumpens
1166 1901 1316 1970 furor
1374 1898 1536 1952 ﬁnem
1572 1897 1828 1952 vindictm
1882 1894 2034 1950 novit
2090 1892 2274 1965 (Prov.

684 2007 859 2060 xxvrt,
889 1996 966 2066 4).
1010 1992 1068 2049 Si
1096 2002 1166 2057 te,
1198 2009 1231 2048 o
1262 1993 1442 2055 homo,
1467 1989 1925 2060 przeoccupaverit
1953 1988 2055 2048 ira,
2088 1986 2276 2054 mitiga

689 2103 832 2146 eam.
866 2089 959 2144 Illa
989 2089 1068 2142 ira
1106 2087 1249 2141 mala
1280 2093 1383 2147 est,
1419 2098 1540 2152 quae
1588 2091 1827 2137 mentem
1879 2080 2083 2142 turbat,
2111 2086 2170 2132 ut
2196 2092 2280 2131 re—

688 2189 837 2235 ctum
868 2178 1153 2235 consilium
1182 2176 1392 2247 perdat.
1422 2174 1514 2228 llla
1544 2174 1624 2228 ira
1648 2182 1735 2228 est
1753 2171 1899 2239 justa
1924 2180 1980 2225 et
2024 2184 2277 2224 necessa-

687 2272 789 2335 ria,
823 2269 1041 2341 quando
1067 2269 1229 2323 homo
1265 2274 1455 2321 contra
1479 2264 1700 2335 propria
1748 2262 2004 2317 irascitur
2027 2268 2274 2331 peccata,

687 2374 746 2421 et
771 2373 959 2420 contra
991 2363 1228 2432 seipsum
1267 2356 1598 2430 indignatur,
1636 2360 1764 2413 dum
1808 2357 1952 2412 male
1979 2356 2106 2426 agit.
2136 2355 2280 2410 Dicit

687 2457 835 2511 enim
857 2454 1119 2525 prOpheta
1150 2473 1161 2506 :
1196 2448 1518 2513 Irascimini,
1570 2460 1618 2503 et
1647 2442 1807 2503 nolite
1856 2462 2074 2517 peccare
2103 2444 2274 2515 (Psal.

688 2556 765 2609 tv,
799 2545 876 2614 5).
910 2544 1195 2601 Concessit
1214 2544 1356 2614 quod
1385 2548 1593 2598 naturre
1629 2549 1738 2604 est,
1779 2540 1901 2594 tulit
1933 2538 2075 2607 quod
2105 2538 2279 2607 culpa:

688 2647 791 2693 est.
832 2639 915 2692 Ira
944 2637 1167 2691 alterius
1198 2642 1286 2690 tua
1318 2633 1542 2689 liniatur
1590 2633 1875 2704 patientia.
1916 2629 2043 2684 Noli
2084 2631 2275 2684 vincia

690 2729 855 2794 malo,
884 2731 976 2785 sed
1008 2730 1150 2785 vince
1169 2729 1225 2784 in
1250 2728 1382 2783 bono
1413 2728 1613 2782 malum
1644 2725 1816 2798 (Rom.
1858 2742 1959 2790 xu,
1988 2724 2100 2795 21).
2135 2724 2280 2777 Alte-

690 2821 865 2877 terius
889 2830 1173 2892 peccatum
1223 2828 1376 2876 tuum
1423 2818 1495 2875 sit
1531 2820 1829 2890 prteminm.
1868 2818 2129 2889 Displicet
2182 2813 2276 2873 tibi

692 2912 921 2967 alterius
943 2912 1023 2966 ira
1048 2912 1072 2965 ἲ
1105 2911 1259 2979 Quod
1289 2911 1385 2965 tibi
1414 2911 1469 2965 in
1504 2910 1675 2965 altero
1701 2910 1967 2980 displicet,
2017 2910 2069 2963 in
2102 2909 2277 2978 teipso

690 3017 909 3072 quoque
954 2987 1255 3074 displiceat.
1296 3002 1415 3057 Noli
1448 2995 1894 3072 tranquillitatem
1940 3001 2140 3056 mentis
2172 3006 2277 3054 tum

694 3091 919 3147 alterius
968 3093 1377 3162 perturbatione
1429 3094 1722 3147 maculare.
1759 3088 1874 3147 Noli
1917 3101 1969 3148 te
2012 3092 2274 3162 aequalem

690 3181 860 3238 stulto
884 3179 1083 3246 facere,
1106 3184 1232 3252 quia
1261 3183 1341 3237 ira
1374 3184 1427 3236 in
1448 3180 1565 3237 sinu
1595 3182 1742 3235 stulti
1780 3182 2091 3253 requiescit(

689 3282 791 3336 tm,
828 3272 935 3345 10).
975 3272 1032 3328 Si
1058 3283 1111 3327 tu
1150 3274 1405 3329 irasceris
1441 3282 1632 3328 contra
1659 3290 1802 3338 eum,
1828 3281 1990 3328 erunt
2015 3272 2145 3345 [Αι.,
2176 3273 2282 3326 cri-

694 3361 789 3435 tis]
828 3365 934 3418 duo
962 3364 1112 3427 mali,
1164 3372 1218 3417 tu
1256 3374 1311 3418 ct
1337 3365 1443 3419 ille.
1480 3365 1668 3420 Melius
1708 3373 1795 3421 est
1829 3363 1983 3437 [Ms.,
2022 3364 2191 3436 esset]
2231 3374 2282 3419 te

697 3470 821 3511 esse
851 3454 1072 3521 bonum,
1103 3471 1412 3526 quanquam
1440 3456 1527 3512 ille
1553 3459 1624 3513 sit
1653 3458 1845 3514 malus.
1899 3456 2009 3513 Cur
2034 3466 2087 3512 tu
2117 3472 2181 3511 ex
2211 3457 2283 3510 al-

697 3546 865 3602 terius
890 3545 1093 3601 malitia
1128 3548 1302 3603 malus
1328 3548 1608 3604 el‘ticeris?

1286 3683 1512 3740 CAPUT
1550 3683 1713 3739 XXV.

990 3794 1067 3851 De
1092 3793 1321 3851 humana
1355 3796 1511 3853 laude
1547 3814 1649 3852 non
1668 3799 1972 3869 qutcrenda.

769 3926 1031 3981 Dominus
1054 3927 1186 3980 dicit
1216 3927 1269 3981 in
1314 3927 1644 3997 Evnngelio:
1681 3928 1963 3991 Attentlite,
2014 3944 2075 3980 ne
2119 3927 2283 3997 justi-

697 4021 829 4074 tiam
865 4029 1083 4071 vestram
1118 4018 1328 4089 faciatis
1358 4036 1534 4072 coram
1558 4020 1872 4082 hominibus,
1906 4028 1960 4072 ut
2001 4019 2282 4072 videamini

697 4109 762 4162 ab
793 4110 866 4162 eis
906 4108 1116 4181 (uana,
1156 4126 1229 4175 vi,
1272 4109 1346 4179 l),
1384 4110 1435 4164 id
1480 4119 1587 4174 est,
1624 4119 1685 4165 ut
1733 4124 1796 4164 ea
1834 4110 2137 4164 intentione
2173 4125 2281 4164 non

700 4198 917 4253 faciatis
952 4198 1116 4264 bona,
1154 4208 1214 4253 ut
1247 4200 1314 4253 ab
1361 4200 1666 4255 hominibus
1693 4215 1892 4254 vanam
1942 4199 2155 4253 laudem
2185 4200 2281 4254 ha-

698 4290 873 4344 beatis
901 4306 915 4353 ;
950 4290 1043 4344 sed
1066 4290 1327 4359 quidquid
1348 4290 1508 4345 homo
1532 4290 1663 4344 facit
1679 4291 1829 4355 boni,
1854 4305 1952 4361 pro
1979 4291 2073 4344 Dei
2095 4306 2281 4345 amore

698 4390 756 4433 ct
777 4382 948 4435 salute
981 4383 1172 4435 animzc
1219 4397 1349 4444 sine,
1405 4390 1462 4436 et
1504 4380 1743 4437 fraterna
1792 4382 2057 4437 charitate
2092 4380 2276 4436 faciat.

699 4475 827 4529 lleo
856 4475 969 4543 ipse
990 4471 1248 4529 Dominus
1278 4473 1413 4529 dixit
1442 4476 1507 4528 de
1557 4474 1899 4545 quibusdam,
1931 4474 2021 4545 qui
2046 4476 2281 4530 eleemo-

700 4581 865 4636 synas
897 4564 1121 4630 faciunt,
1154 4564 1235 4619 vel
1284 4566 1558 4621 orationes
1589 4574 1641 4621 et
1667 4563 1891 4634 jejunio,
1921 4575 1981 4619 ut
2012 4566 2081 4620 ab
2106 4566 2282 4621 homi-

699 4660 862 4714 nibus
889 4659 1101 4714 laudem
1158 4659 1470 4728 accipiant:
1510 4658 1673 4713 Amen
1716 4659 1833 4712 dico
1886 4658 2049 4723 vobis,
2085 4676 2285 4729 recepe-

703 4761 821 4805 runt
850 4749 1135 4804 mercedem
1171 4766 1323 4803 suam
1361 4749 1574 4819 (Matth.
1603 4766 1677 4815 vr,
1718 4749 1793 4822 2).
1846 4751 1944 4818 Qui
1972 4767 2069 4822 pro
2102 4767 2169 4806 eo
2194 4753 2285 4806 lio-

700 4860 828 4899 num
863 4844 1140 4913 quodlibet
1162 4841 1309 4907 facit,
1337 4852 1398 4895 ut
1420 4842 1487 4896 ab
1511 4840 1818 4897 hominibus
1864 4842 2132 4907 laudetur,
2166 4843 2283 4896 hcce

698 4944 783 4986 cst
810 4950 1019 4989 merces
1078 4934 1219 4988 illius
1278 4948 1437 5001 quam
1484 4933 1753 5002 quaesivit,
1788 4942 1843 4987 et
1870 4934 2072 4989 nullam
2103 4950 2131 4987 a
2171 4933 2281 4987 Deo

698 5041 916 5093 sperare
945 5025 1105 5080 habet
1156 5024 1564 5077 retributionem
1592 5040 1605 5088 ;
1642 5023 1767 5093 quia
1800 5041 1896 5095 pro
1944 5026 2061 5095 cjus
2094 5041 2279 5079 amore

701 5116 853 5187 141
894 5132 1000 5169 non
1067 5113 1214 5178 fecit,
1261 5113 1355 5167 sed
1390 5129 1489 5181 pro
1528 5130 1665 5167 vana
1717 5115 1965 5168 liumanze
1996 5115 2167 5169 laudis
2199 5116 2280 5185 ja-

695 5209 923 5271 ctantia,
952 5208 1096 5261 sicut
1123 5205 1419 5276 liypocriue
1445 5204 1624 5259 facere
1656 5204 1851 5260 solent.
1885 5205 2039 5272 Quod
2088 5208 2274 5261 vitium

696 5299 1008 5355 hominibus
1029 5298 1273 5370 placendi
1294 5297 1517 5353 inbonis
1542 5297 1817 5367 operibus,
1836 5297 2098 5353 Dominus
2120 5298 2279 5354 Jesus

693 5390 945 5445 Christus
1000 5387 1225 5443 nmltum
1270 5386 1591 5451 detestatur,
1637 5396 1693 5441 et
1720 5387 1916 5457 smpins
1948 5387 2272 5453 Pharisazos,

694 5481 787 5550 qui
813 5480 946 5534 tales
1001 5478 1217 5533 fuerunt
1248 5478 1301 5532 in
1330 5476 1535 5542 Judtea,
1567 5477 1791 5531 terribili
1844 5477 1975 5549 [Al.,
2008 5478 2123 5550 tali]
2160 5494 2277 5549 per-

692 5573 830 5625 cutit
884 5570 1280 5627 maledictione.
1320 5569 1561 5625 dicens:
1624 5566 1715 5622 Va:
1774 5568 1932 5629 vobis.
1990 5570 2275 5637 hypocrita:

770 5717 788 5739 τι
822 5699 959 5757 Sunt
982 5702 1070 5770 qui
1103 5700 1336 5755 libellum
1382 5701 1608 5754 alterum
1640 5712 1702 5752 ex
1738 5714 1888 5770 capp.
1924 5714 2073 5769 seqq.
2109 5701 2275 5753 conﬁ-

696 5784 861 5839 uunt,
910 5782 963 5827 et
993 5790 1019 5827 a
1052 5772 1373 5842 przecczlenti
1437 5780 1706 5839 separant.
1771 5770 1965 5825 Verum
2020 5770 2276 5826 series-ac

2377 1908 2625 1978 Increpat
2650 1922 2745 1961 eos
2800 1906 2994 1959 beatus
3039 1903 3240 1959 Paulus
3294 1904 3575 1974 apostolus
3624 1904 3726 1974 qui
3774 1902 3832 1958 in
3856 1904 3962 1959 suis

2377 2002 2677 2072 gloriantur
2705 1999 3027 2064 benefactis,
3054 2000 3244 2055 dicens
3276 2018 3289 2053 :
3329 1998 3468 2065 Quid
3494 2000 3675 2063 habes,
3700 1997 3847 2070 quod
3870 2013 3964 2051 non

2377 2093 2676 2163 accepisti?
2717 2090 2775 2145 Si
2822 2100 2997 2145 autem
3042 2091 3313 2159 accepisti,
3356 2090 3481 2162 quid
3506 2089 3783 2161 gloriaris,
3820 2087 3965 2159 quasi

2380 2199 2484 2236 non
2521 2184 2773 2252 receperis
2799 2181 2848 2253 (ι
2876 2180 2998 2235 Cor.
3034 2196 3110 2245 iv,
3139 2180 3239 2252 7)?
3270 2179 3372 2246 Qui
3398 2179 3616 2250 aliquod
3642 2180 3853 2234 donum
3877 2179 3964 2233 Dei

2377 2274 2521 2345 quod
2544 2274 2764 2336 meruit,
2794 2273 2847 2327 in
2876 2288 3029 2327 suam
3057 2272 3272 2326 laudem
3319 2273 3613 2336 convertit,
3658 2272 3856 2343 procul
3881 2272 3970 2326 du-

2379 2364 2469 2418 bio
2493 2364 2749 2417 virtutem
2778 2363 2833 2417 in
2866 2364 3057 2417 vitium
3085 2361 3366 2427 transfert,
3398 2372 3456 2418 et
3481 2364 3687 2418 bonum
3721 2362 3870 2433 quod
3892 2360 3965 2415 fe-

2380 2456 2472 2520 cit,
2514 2456 2568 2509 in
2592 2462 2901 2524 peccatum.
2931 2453 3069 2509 Cum
3106 2454 3253 2508 enim
3288 2469 3455 2508 causa
3486 2454 3775 2525 jactantia:
3801 2452 3968 2523 pasci-

2381 2555 2468 2600 tur
2500 2560 2729 2615 pauper,
2760 2545 2927 2599 etiam
2964 2545 3140 2615 ipsum
3184 2544 3571 2600 misericordia:
3595 2560 3734 2615 opus
3762 2546 3818 2599 in
3854 2558 3968 2615 pce-

2380 2645 2564 2691 catum
2596 2636 2955 2691 convertitur.
2988 2634 3257 2706 Quidquid
3309 2635 3472 2691 homo
3508 2634 3633 2692 boni
3691 2636 3829 2708 agit,
3863 2634 3968 2691 Deo

2378 2735 2591 2797 quierat
2643 2727 2880 2791 laudem,
2918 2742 3027 2781 non
3078 2726 3201 2793 sibi,
3257 2726 3401 2782 sicut
3447 2724 3564 2797 ipse
3610 2726 3875 2782 Dominus
3915 2725 3965 2779 in

2379 2818 2676 2889 Evangelio
2700 2818 2813 2873 ait:
2842 2816 2931 2873 Sic
2955 2818 3126 2874 luceat
3148 2818 3241 2873 lux
3260 2828 3429 2874 vestra
3452 2836 3630 2874 coram
3652 2818 3963 2876 hominibus.

2378 2921 2436 2964 ut
2468 2911 2676 2966 uideant
2704 2928 2863 2982 opera
2912 2920 3082 2967 vestra
3119 2912 3279 2978 bona,
3336 2922 3386 2968 et
3410 2912 3706 2984 gloriﬁcent
3756 2909 3965 2969 Patch

2380 3013 2625 3067 vestrum,
2659 3004 2749 3075 qui
2778 3004 2833 3059 in
2863 3002 3002 3059 caelis
3034 3013 3109 3059 est
3132 3002 3349 3075 (Matth.
3375 3019 3429 3071 ν,
3466 3004 3577 3078 16).

2916 3115 3146 3175 CAPUT
3179 3118 3363 3174 XXVI.

2103 3180 2272 3282 Είτίίξ·
2302 3172 2349 3232 C
2386 3211 2462 3266 De
2489 3213 2876 3283 perseverantia
2990 3172 3137 3266 bouis
3165 3172 3406 3282 operibus
3439 3210 3585 3285 [Ms.,
3609 3212 3730 3267 boni
3757 3212 3963 3285 operis].
4016 3224 4019 3225 '

2458 3329 2570 3385 Non
2604 3331 2868 3401 quzcritur
2913 3330 2969 3385 in
2996 3328 3307 3387 Christiano
3351 3332 3565 3388 initium
3608 3328 3736 3388 boni
3771 3326 3961 3403 operis,

2383 3424 2479 3477 sed
2517 3422 2639 3476 ﬁnis
2670 3441 2683 3477 :
2712 3422 2839 3493 quia
2865 3421 2934 3476 de
2963 3420 3069 3477 ﬁne
3096 3437 3196 3477 suo
3222 3424 3595 3492 unusquisque
3617 3421 3959 3491 iudicabitur.

2382 3512 2525 3565 Sunt
2546 3512 2691 3566 enim
2735 3511 2827 3581 qui
2860 3511 2997 3565 bene
3044 3511 3329 3581 incipiunt,
3364 3520 3422 3566 et
3449 3510 3591 3567 male
3626 3510 3827 3566 ﬁniunt
3850 3528 3965 3567 con-

2383 3603 2744 3657 versationem
2779 3618 2930 3657 suam
2956 3618 2969 3667 ;
3001 3602 3145 3656 sicut
3176 3600 3343 3656 Judas
3372 3602 3550 3673 primo
3592 3603 3890 3672 apostolus,
3914 3609 3964 3654 ct

2384 3703 2570 3764 postea
2594 3696 2839 3765 proditor
2869 3693 3102 3757 Domini,
3129 3701 3184 3748 et
3211 3692 3340 3747 facti
3368 3693 3452 3748 sui
3496 3693 3750 3748 conscius
3776 3692 3962 3762 laqueo

2383 3801 2441 3841 se
2476 3785 2759 3855 suspendit
2783 3784 2921 3855 (Act.
2962 3783 3022 3855 ι).
3057 3782 3253 3838 Saulus
3283 3780 3417 3854 [Αι.,
3449 3782 3671 3856 Paulus}
3697 3783 3839 3838 male
3860 3797 3962 3836 cce-

2382 3880 2483 3951 pit,
2514 3878 2609 3932 sed
2632 3878 2768 3931 bene
2795 3877 3003 3931 ﬁnivit:
3036 3875 3213 3946 primo
3256 3884 3594 3947 persecutor,
3623 3884 3811 3945 postea
3841 3891 3963 3945 pra»

2384 3970 2613 4023 dicator.
2649 3966 2834 4020 Virtus
2880 3964 3006 4020 boni
3039 3966 3223 4036 Operis
3271 3973 3359 4019 est
3391 3965 3820 4035 perseverantia,
3853 3965 3961 4033 ipso

2383 4062 2613 4117 Domino
2638 4062 2886 4115 dicente:
2920 4058 3022 4124 Qui
3054 4059 3452 4130 perseveraverit
3492 4069 3657 4129 usque
3704 4058 3761 4110 in
3789 4058 3957 4127 (inciti,

2383 4155 2467 4207 hic
2501 4152 2676 4207 sali-us
2724 4154 2839 4206 erit.
2879 4150 3095 4221 (Matth.
3134 4166 3189 4213 ιι.
3220 4149 3334 4219 22).
3380 4147 3497 4205 Non
3536 4149 3701 4220 igitur
3748 4149 3839 4218 qui
3866 4161 3963 4200 ca:-

2383 4244 2763 4315 peritbonum,
2820 4244 2915 4298 sed
2948 4242 3039 4312 qui
3094 4240 3525 4312 perseveraverit
3581 4240 3636 4294 in
3682 4238 3850 4303 bono,
3883 4239 3960 4292 hic

2382 4337 2564 4392 salvus
2590 4337 2712 4391 erit.
2747 4334 2900 4389 Tunc
2936 4335 3080 4390 enim
3116 4333 3296 4402 placet
3334 4332 3654 4388 Deonostra
3683 4346 3961 4387 conversa.

2384 4429 2480 4493 tio,
2509 4428 2727 4497 quando
2771 4426 2971 4482 bonum
3012 4426 3155 4495 quod
3206 4423 3543 4491 inchoamus,
3594 4422 3958 4495 perseveranti

2312 4539 2362 4600 ο
2388 4522 2493 4577 ﬁne
2525 4521 2912 4591 complebimus
2965 4519 3118 4593 [Ms.,
3171 4516 3548 4591 complemus].
3582 4516 3792 4572 Bonum
3841 4529 3959 4586 ergo

2385 4632 2491 4671 non
2520 4617 2771 4686 coepisse,
2800 4616 2892 4670 sed
2931 4612 3244 4687 perfecisse,
3283 4614 3456 4669 virtus
3482 4620 3585 4668 est.
3617 4610 3734 4667 Non
3783 4612 3959 4666 incho-

2384 4707 2602 4761 antibus
2631 4706 2911 4777 prazmium
2948 4705 3301 4775 promittitur,
3347 4703 3444 4758 sed
3493 4700 3957 4774 perseverantibus

2385 4799 2561 4853 datur.
2596 4797 2823 4867 Semper
2851 4797 2903 4850 in
2930 4797 3041 4851 vita
3081 4795 3318 4850 hominis
3370 4794 3495 4851 ﬁnis
3524 4795 3808 4865 quieritur,
3834 4803 3957 4865 qua-

2383 4884 2449 4944 lis
2481 4890 2552 4944 sit
2596 4896 2839 4943 cxtremo
2870 4897 3112 4957 tempore
3138 4889 3263 4942 vitae
3301 4902 3450 4942 sure:
3482 4887 3609 4957 quia
3636 4884 3702 4942 de
3729 4886 3839 4942 ﬁne
3866 4896 3955 4941 suo

2382 4978 2756 5049 unusquisque
2783 4987 2877 5031 aut
2889 4978 3244 5048 jnstiﬁcatnr,
3267 4981 3363 5031 aut
3389 4978 3802 5033 condemnatur.
3840 4976 3951 5031 Ideo

2382 5074 2752 5142 unusquisque
2782 5072 3171 5127 instantissime
3190 5071 3333 5125 bona
3355 5085 3475 5141 qua:
3494 5070 3680 5141 capit,
3703 5069 3952 5140 perﬁcere

2382 5162 2697 5226 contendat,
2733 5170 2793 5214 ut
2825 5169 3144 5231 perpetuam
3178 5177 3207 5214 a
3240 5159 3472 5216 Domino
3500 5168 3774 5216 mereatur
3822 5173 3953 5215 mer-

2384 5254 2566 5309 cedem
2591 5254 2855 5323 accipere.

2889 5377 2912 5405 ⁸
2946 5363 3174 5422 CAPUT
3224 5365 3436 5421 XXVII.

2385 5450 2461 5510 De
2506 5465 2619 5510 octo
2685 5457 2823 5510 vitiis
2866 5457 3265 5529 principalibus,
3316 5467 3364 5512 ct
3410 5453 3575 5529 primo
3610 5455 3675 5510 de
3697 5455 3948 5526 superbia.

2455 5568 2587 5623 Octo
2614 5576 2741 5622 sunt
2766 5569 2891 5622 vitia
2929 5570 3245 5641 principalia
3278 5570 3361 5625 vel
3393 5566 3679 5640 originalia
3711 5570 3947 5621 omnium

2384 5701 2888 5773 materiaipsorum
2917 5702 3270 5773 capitulorum
3303 5702 3401 5757 hoc
3446 5700 3693 5773 revincit,
3746 5708 3946 5773 (ιιιιςς.

2385 5773 2538 5828 codd.
2573 5771 2703 5825 ﬁdes
2752 5788 2856 5827 una
2904 5771 3023 5828 cuin
3068 5774 3303 5829 auctoris
3352 5771 3649 5827 intentione
3681 5772 3951 5825 mani'cste
