  <div class='ocr_page' id='page_1' title='image "/cluster/home/n/w/nwhite01/storage/ocr_20150623/101/umn.31951002477394h/330.png"; bbox 0 0 4112 6644; ppageno 0'>
   <div class='ocr_carea' id='block_1_1' title="bbox 296 520 423 579">
    <p class='ocr_par' dir='ltr' id='par_1_1' title="bbox 296 520 423 579">
     <span class='ocr_line' id='line_1_1' title="bbox 296 520 423 579; baseline -0.047 0"><span class='ocrx_word' id='word_1_1' title='bbox 296 550 303 555; x_wconf 93' lang='grc'><strong>·</strong></span> <span class='ocrx_word' id='word_1_2' title='bbox 319 520 423 579; x_wconf 67' lang='grc'>633</span> 
     </span>
    </p>
   </div>
   <div class='ocr_carea' id='block_1_2' title="bbox 1106 514 2767 577">
    <p class='ocr_par' dir='ltr' id='par_1_2' title="bbox 1106 514 2767 577">
     <span class='ocr_line' id='line_1_2' title="bbox 1106 514 2767 577; baseline -0.001 0"><span class='ocrx_word' id='word_1_3' title='bbox 1106 520 1437 577; x_wconf 71' lang='lat' dir='ltr'><strong>MORALIA.</strong></span> <span class='ocrx_word' id='word_1_4' title='bbox 1474 554 1545 564; x_wconf 90' lang='lat'><strong><em>—</em></strong></span> <span class='ocrx_word' id='word_1_5' title='bbox 1584 518 1785 577; x_wconf 73' lang='lat' dir='ltr'><strong>LIBER</strong></span> <span class='ocrx_word' id='word_1_6' title='bbox 1822 519 1911 573; x_wconf 78' lang='lat' dir='ltr'><strong>DE</strong></span> <span class='ocrx_word' id='word_1_7' title='bbox 1948 514 2375 574; x_wconf 69' lang='lat' dir='ltr'><strong>“RTL&#39;TIBL&#39;S</strong></span> <span class='ocrx_word' id='word_1_8' title='bbox 2415 519 2501 573; x_wconf 80' lang='grc' dir='ltr'><strong>ΕΤ</strong></span> <span class='ocrx_word' id='word_1_9' title='bbox 2544 519 2767 576; x_wconf 75' lang='lat' dir='ltr'><strong>\&#39;ITIlS.</strong></span> 
     </span>
    </p>
   </div>
   <div class='ocr_carea' id='block_1_3' title="bbox 3486 523 3595 584">
    <p class='ocr_par' dir='ltr' id='par_1_3' title="bbox 3486 523 3595 584">
     <span class='ocr_line' id='line_1_3' title="bbox 3486 523 3595 584; baseline -0.009 -1"><span class='ocrx_word' id='word_1_10' title='bbox 3486 523 3595 584; x_wconf 66' lang='lat'><strong>63!.</strong></span> 
     </span>
    </p>
   </div>
   <div class='ocr_carea' id='block_1_4' title="bbox 316 630 3596 709">
    <p class='ocr_par' dir='ltr' id='par_1_4' title="bbox 316 630 3596 709">
     <span class='ocr_line' id='line_1_4' title="bbox 316 630 3596 709; baseline 0.001 -17"><span class='ocrx_word' id='word_1_11' title='bbox 316 639 595 703; x_wconf 88' lang='lat' dir='ltr'><strong>vitiorum,</strong></span> <span class='ocrx_word' id='word_1_12' title='bbox 633 653 699 693; x_wconf 80' lang='lat' dir='ltr'><strong>ex</strong></span> <span class='ocrx_word' id='word_1_13' title='bbox 739 638 935 709; x_wconf 82' lang='lat' dir='ltr'><strong>quibus</strong></span> <span class='ocrx_word' id='word_1_14' title='bbox 965 638 1123 709; x_wconf 89' lang='lat' dir='ltr'><strong>quasi</strong></span> <span class='ocrx_word' id='word_1_15' title='bbox 1157 636 1434 695; x_wconf 82' lang='lat' dir='ltr'><strong>radicibus</strong></span> <span class='ocrx_word' id='word_1_16' title='bbox 1483 638 1667 693; x_wconf 85' lang='lat' dir='ltr'><strong>omnia</strong></span> <span class='ocrx_word' id='word_1_17' title='bbox 1709 650 1895 691; x_wconf 82' lang='lat' dir='ltr'><strong>corru-</strong></span> <span class='ocrx_word' id='word_1_18' title='bbox 1922 640 1972 697; x_wconf 80' lang='grc' dir='ltr'>Α</span> <span class='ocrx_word' id='word_1_19' title='bbox 2001 630 2221 687; x_wconf 89' lang='lat' dir='ltr'><strong>domina</strong></span> <span class='ocrx_word' id='word_1_20' title='bbox 2260 632 2422 689; x_wconf 87' lang='lat' dir='ltr'><strong>debet</strong></span> <span class='ocrx_word' id='word_1_21' title='bbox 2448 650 2592 700; x_wconf 87' lang='lat' dir='ltr'><strong>esse,</strong></span> <span class='ocrx_word' id='word_1_22' title='bbox 2625 644 2682 691; x_wconf 91' lang='lat' dir='ltr'><strong>et</strong></span> <span class='ocrx_word' id='word_1_23' title='bbox 2728 637 2998 707; x_wconf 87' lang='lat' dir='ltr'><strong>imperare</strong></span> <span class='ocrx_word' id='word_1_24' title='bbox 3050 638 3200 692; x_wconf 88' lang='lat' dir='ltr'><strong>carni</strong></span> <span class='ocrx_word' id='word_1_25' title='bbox 3228 655 3241 702; x_wconf 90' lang='lat'><strong>;</strong></span> <span class='ocrx_word' id='word_1_26' title='bbox 3272 645 3331 694; x_wconf 89' lang='lat' dir='ltr'><strong>et</strong></span> <span class='ocrx_word' id='word_1_27' title='bbox 3359 651 3487 693; x_wconf 65' lang='lat' dir='ltr'><strong>:aro</strong></span> <span class='ocrx_word' id='word_1_28' title='bbox 3520 640 3596 695; x_wconf 86' lang='lat' dir='ltr'><strong>fa-</strong></span> 
     </span>
    </p>
   </div>
   <div class='ocr_carea' id='block_1_5' title="bbox 317 729 1899 801">
    <p class='ocr_par' dir='ltr' id='par_1_5' title="bbox 317 729 1899 801">
     <span class='ocr_line' id='line_1_5' title="bbox 317 729 1899 801; baseline -0.001 -16"><span class='ocrx_word' id='word_1_29' title='bbox 317 742 423 801; x_wconf 77' lang='lat' dir='ltr'><strong>ptae</strong></span> <span class='ocrx_word' id='word_1_30' title='bbox 457 730 656 786; x_wconf 88' lang='lat' dir='ltr'><strong>mentis</strong></span> <span class='ocrx_word' id='word_1_31' title='bbox 702 730 790 785; x_wconf 93' lang='lat' dir='ltr'><strong>vel</strong></span> <span class='ocrx_word' id='word_1_32' title='bbox 843 730 1035 786; x_wconf 89' lang='lat' dir='ltr'><strong>incasti</strong></span> <span class='ocrx_word' id='word_1_33' title='bbox 1086 730 1333 800; x_wconf 87' lang='lat' dir='ltr'><strong>corporis</strong></span> <span class='ocrx_word' id='word_1_34' title='bbox 1387 729 1727 785; x_wconf 89' lang='lat' dir='ltr'><strong>diversarum</strong></span> <span class='ocrx_word' id='word_1_35' title='bbox 1769 731 1899 785; x_wconf 88' lang='lat' dir='ltr'><strong>vitia</strong></span> 
     </span>
    </p>
   </div>
   <div class='ocr_carea' id='block_1_6' title="bbox 314 822 1899 896">
    <p class='ocr_par' dir='ltr' id='par_1_6' title="bbox 314 822 1899 896">
     <span class='ocr_line' id='line_1_6' title="bbox 314 822 1899 896; baseline 0 -19"><span class='ocrx_word' id='word_1_36' title='bbox 314 822 581 896; x_wconf 91' lang='lat' dir='ltr'><strong>pullulant</strong></span> <span class='ocrx_word' id='word_1_37' title='bbox 596 822 962 892; x_wconf 75' lang='lat' dir='ltr'><strong>iniquitatem.</strong></span> <span class='ocrx_word' id='word_1_38' title='bbox 994 822 1070 878; x_wconf 90' lang='lat' dir='ltr'><strong>De</strong></span> <span class='ocrx_word' id='word_1_39' title='bbox 1094 822 1292 892; x_wconf 87' lang='lat' dir='ltr'><strong>quibus</strong></span> <span class='ocrx_word' id='word_1_40' title='bbox 1310 836 1484 892; x_wconf 90' lang='lat' dir='ltr'><strong>pauca</strong></span> <span class='ocrx_word' id='word_1_41' title='bbox 1506 822 1691 877; x_wconf 84' lang='lat' dir='ltr'><strong>dicere</strong></span> <span class='ocrx_word' id='word_1_42' title='bbox 1720 830 1899 877; x_wconf 88' lang='lat' dir='ltr'><strong>ratum</strong></span> 
     </span>
    </p>
   </div>
   <div class='ocr_carea' id='block_1_7' title="bbox 315 912 1901 985">
    <p class='ocr_par' dir='ltr' id='par_1_7' title="bbox 315 912 1901 985">
     <span class='ocr_line' id='line_1_7' title="bbox 315 912 1901 985; baseline -0.001 -16"><span class='ocrx_word' id='word_1_43' title='bbox 315 915 591 980; x_wconf 74' lang='lat' dir='ltr'><strong>duximus,</strong></span> <span class='ocrx_word' id='word_1_44' title='bbox 614 914 698 970; x_wconf 89' lang='lat' dir='ltr'><strong>vel</strong></span> <span class='ocrx_word' id='word_1_45' title='bbox 720 930 786 969; x_wconf 78' lang='lat' dir='ltr'><strong>ex</strong></span> <span class='ocrx_word' id='word_1_46' title='bbox 815 912 1010 985; x_wconf 84' lang='lat' dir='ltr'><strong>quibus</strong></span> <span class='ocrx_word' id='word_1_47' title='bbox 1062 913 1336 969; x_wconf 81' lang='lat' dir='ltr'><strong>radicibus</strong></span> <span class='ocrx_word' id='word_1_48' title='bbox 1369 914 1461 983; x_wconf 87' lang='lat' dir='ltr'><strong>qui</strong></span> <span class='ocrx_word' id='word_1_49' title='bbox 1508 913 1646 968; x_wconf 89' lang='lat' dir='ltr'><strong>rami</strong></span> <span class='ocrx_word' id='word_1_50' title='bbox 1694 914 1901 968; x_wconf 72' lang='lat' dir='ltr'><strong>vitiosae</strong></span> 
     </span>
    </p>
   </div>
   <div class='ocr_carea' id='block_1_8' title="bbox 316 1002 1901 1077">
    <p class='ocr_par' dir='ltr' id='par_1_8' title="bbox 316 1002 1901 1077">
     <span class='ocr_line' id='line_1_8' title="bbox 316 1002 1901 1077; baseline -0.003 -18"><span class='ocrx_word' id='word_1_51' title='bbox 316 1004 728 1077; x_wconf 77' lang='lat' dir='ltr'><strong>geminationis</strong></span> <span class='ocrx_word' id='word_1_52' title='bbox 752 1018 1004 1058; x_wconf 85' lang='lat' dir='ltr'><strong>crescere</strong></span> <span class='ocrx_word' id='word_1_53' title='bbox 1028 1002 1346 1068; x_wconf 90' lang='lat' dir='ltr'><strong>videantur;</strong></span> <span class='ocrx_word' id='word_1_54' title='bbox 1368 1009 1429 1056; x_wconf 90' lang='lat' dir='ltr'><strong>ut</strong></span> <span class='ocrx_word' id='word_1_55' title='bbox 1451 1002 1591 1057; x_wconf 88' lang='lat' dir='ltr'><strong>sciat</strong></span> <span class='ocrx_word' id='word_1_56' title='bbox 1610 1003 1901 1071; x_wconf 82' lang='lat' dir='ltr'><strong>unusquis-</strong></span> 
     </span>
    </p>
   </div>
   <div class='ocr_carea' id='block_1_9' title="bbox 316 1093 1900 1167">
    <p class='ocr_par' dir='ltr' id='par_1_9' title="bbox 316 1093 1900 1167">
     <span class='ocr_line' id='line_1_9' title="bbox 316 1093 1900 1167; baseline -0.001 -17"><span class='ocrx_word' id='word_1_57' title='bbox 316 1111 424 1167; x_wconf 92' lang='lat' dir='ltr'><strong>que</strong></span> <span class='ocrx_word' id='word_1_58' title='bbox 445 1096 717 1151; x_wconf 86' lang='lat' dir='ltr'><strong>radicibus</strong></span> <span class='ocrx_word' id='word_1_59' title='bbox 758 1095 1091 1166; x_wconf 79' lang='lat' dir='ltr'><strong>exstirpatis,</strong></span> <span class='ocrx_word' id='word_1_60' title='bbox 1144 1093 1357 1149; x_wconf 80' lang='lat' dir='ltr'><strong>facilius</strong></span> <span class='ocrx_word' id='word_1_61' title='bbox 1388 1108 1570 1149; x_wconf 87' lang='lat' dir='ltr'><strong>ramos</strong></span> <span class='ocrx_word' id='word_1_62' title='bbox 1603 1094 1900 1165; x_wconf 78' lang='lat' dir='ltr'><strong>praecidere</strong></span> 
     </span>
    </p>
   </div>
   <div class='ocr_carea' id='block_1_10' title="bbox 316 1186 1900 1260">
    <p class='ocr_par' dir='ltr' id='par_1_10' title="bbox 316 1186 1900 1260">
     <span class='ocr_line' id='line_1_10' title="bbox 316 1186 1900 1260; baseline 0 -17"><span class='ocrx_word' id='word_1_63' title='bbox 316 1204 497 1260; x_wconf 82' lang='lat' dir='ltr'><strong>posse.</strong></span> <span class='ocrx_word' id='word_1_64' title='bbox 536 1186 776 1243; x_wconf 88' lang='lat' dir='ltr'><strong>Primum</strong></span> <span class='ocrx_word' id='word_1_65' title='bbox 828 1188 1020 1242; x_wconf 82' lang='lat' dir='ltr'><strong>vitium</strong></span> <span class='ocrx_word' id='word_1_66' title='bbox 1062 1194 1147 1241; x_wconf 89' lang='lat' dir='ltr'><strong>est</strong></span> <span class='ocrx_word' id='word_1_67' title='bbox 1177 1187 1476 1257; x_wconf 88' lang='lat' dir='ltr'><strong>spirituale,</strong></span> <span class='ocrx_word' id='word_1_68' title='bbox 1531 1187 1803 1256; x_wconf 88' lang='lat' dir='ltr'><strong>superbia,</strong></span> <span class='ocrx_word' id='word_1_69' title='bbox 1830 1187 1900 1243; x_wconf 91' lang='lat' dir='ltr'><strong>de</strong></span> 
     </span>
    </p>
   </div>
   <div class='ocr_carea' id='block_1_11' title="bbox 317 1275 1895 1348">
    <p class='ocr_par' dir='ltr' id='par_1_11' title="bbox 317 1275 1895 1348">
     <span class='ocr_line' id='line_1_11' title="bbox 317 1275 1895 1348; baseline 0.001 -17"><span class='ocrx_word' id='word_1_70' title='bbox 317 1294 425 1346; x_wconf 87' lang='lat' dir='ltr'><strong>qua</strong></span> <span class='ocrx_word' id='word_1_71' title='bbox 452 1278 687 1333; x_wconf 91' lang='lat' dir='ltr'><strong>dicitur:</strong></span> <span class='ocrx_word' id='word_1_72' title='bbox 728 1277 950 1332; x_wconf 78' lang='lat' dir='ltr'><strong>Initium</strong></span> <span class='ocrx_word' id='word_1_73' title='bbox 976 1279 1144 1332; x_wconf 84' lang='lat' dir='ltr'><strong>omnis</strong></span> <span class='ocrx_word' id='word_1_74' title='bbox 1192 1278 1391 1348; x_wconf 83' lang='lat' dir='ltr'><strong>peccati</strong></span> <span class='ocrx_word' id='word_1_75' title='bbox 1426 1278 1672 1347; x_wconf 80' lang='lat' dir='ltr'><strong>superbia</strong></span> <span class='ocrx_word' id='word_1_76' title='bbox 1725 1275 1895 1348; x_wconf 75' lang='lat' dir='ltr'><strong>(Eccl.</strong></span> 
     </span>
    </p>
   </div>
   <div class='ocr_carea' id='block_1_12' title="bbox 316 1367 1898 1441">
    <p class='ocr_par' dir='ltr' id='par_1_12' title="bbox 316 1367 1898 1441">
     <span class='ocr_line' id='line_1_12' title="bbox 316 1367 1898 1441; baseline 0.001 -18"><span class='ocrx_word' id='word_1_77' title='bbox 316 1383 372 1432; x_wconf 76' lang='grc' dir='ltr'><strong>ι,</strong></span> <span class='ocrx_word' id='word_1_78' title='bbox 411 1367 520 1439; x_wconf 80' lang='lat' dir='ltr'><strong>l5),</strong></span> <span class='ocrx_word' id='word_1_79' title='bbox 557 1385 677 1440; x_wconf 80' lang='lat' dir='ltr'><strong>quae</strong></span> <span class='ocrx_word' id='word_1_80' title='bbox 697 1370 889 1441; x_wconf 80' lang='lat' dir='ltr'><strong>regina</strong></span> <span class='ocrx_word' id='word_1_81' title='bbox 916 1377 1001 1425; x_wconf 90' lang='lat' dir='ltr'><strong>est</strong></span> <span class='ocrx_word' id='word_1_82' title='bbox 1024 1370 1266 1426; x_wconf 90' lang='lat' dir='ltr'><strong>omnium</strong></span> <span class='ocrx_word' id='word_1_83' title='bbox 1292 1368 1579 1437; x_wconf 88' lang='lat' dir='ltr'><strong>malorum,</strong></span> <span class='ocrx_word' id='word_1_84' title='bbox 1606 1385 1706 1440; x_wconf 91' lang='lat' dir='ltr'><strong>per</strong></span> <span class='ocrx_word' id='word_1_85' title='bbox 1734 1386 1898 1440; x_wconf 89' lang='lat' dir='ltr'><strong>quam</strong></span> 
     </span>
    </p>
   </div>
   <div class='ocr_carea' id='block_1_13' title="bbox 317 1459 1899 1533">
    <p class='ocr_par' dir='ltr' id='par_1_13' title="bbox 317 1459 1899 1533">
     <span class='ocr_line' id='line_1_13' title="bbox 317 1459 1899 1533; baseline 0.003 -21"><span class='ocrx_word' id='word_1_86' title='bbox 317 1459 496 1530; x_wconf 77' lang='lat' dir='ltr'><strong>angeli</strong></span> <span class='ocrx_word' id='word_1_87' title='bbox 549 1461 870 1516; x_wconf 90' lang='lat' dir='ltr'><strong>ceciderunt</strong></span> <span class='ocrx_word' id='word_1_88' title='bbox 917 1462 987 1517; x_wconf 91' lang='lat' dir='ltr'><strong>de</strong></span> <span class='ocrx_word' id='word_1_89' title='bbox 1033 1461 1195 1528; x_wconf 65' lang='lat' dir='ltr'><strong>coelo,</strong></span> <span class='ocrx_word' id='word_1_90' title='bbox 1249 1477 1370 1533; x_wconf 80' lang='lat' dir='ltr'><strong>quae</strong></span> <span class='ocrx_word' id='word_1_91' title='bbox 1398 1461 1460 1515; x_wconf 92' lang='lat' dir='ltr'><strong>fit</strong></span> <span class='ocrx_word' id='word_1_92' title='bbox 1485 1477 1552 1517; x_wconf 80' lang='lat' dir='ltr'><strong>ex</strong></span> <span class='ocrx_word' id='word_1_93' title='bbox 1584 1471 1899 1533; x_wconf 89' lang='lat' dir='ltr'><strong>contemptu</strong></span> 
     </span>
    </p>
   </div>
   <div class='ocr_carea' id='block_1_14' title="bbox 316 1550 1899 1623">
    <p class='ocr_par' dir='ltr' id='par_1_14' title="bbox 316 1550 1899 1623">
     <span class='ocr_line' id='line_1_14' title="bbox 316 1550 1899 1623; baseline 0.003 -20"><span class='ocrx_word' id='word_1_94' title='bbox 316 1550 699 1609; x_wconf 85' lang='lat' dir='ltr'><strong>mandatorum</strong></span> <span class='ocrx_word' id='word_1_95' title='bbox 734 1551 851 1607; x_wconf 88' lang='lat' dir='ltr'><strong>Dei.</strong></span> <span class='ocrx_word' id='word_1_96' title='bbox 885 1551 974 1608; x_wconf 90' lang='lat' dir='ltr'><strong>Fit</strong></span> <span class='ocrx_word' id='word_1_97' title='bbox 997 1554 1187 1619; x_wconf 82' lang='lat' dir='ltr'><strong>etiam,</strong></span> <span class='ocrx_word' id='word_1_98' title='bbox 1209 1552 1427 1623; x_wconf 86' lang='lat' dir='ltr'><strong>quando</strong></span> <span class='ocrx_word' id='word_1_99' title='bbox 1454 1551 1719 1607; x_wconf 87' lang='lat' dir='ltr'><strong>attollitur</strong></span> <span class='ocrx_word' id='word_1_100' title='bbox 1742 1567 1899 1607; x_wconf 89' lang='lat' dir='ltr'><strong>mens</strong></span> 
     </span>
    </p>
   </div>
   <div class='ocr_carea' id='block_1_15' title="bbox 314 1642 1902 1719">
    <p class='ocr_par' dir='ltr' id='par_1_15' title="bbox 314 1642 1902 1719">
     <span class='ocr_line' id='line_1_15' title="bbox 314 1642 1902 1719; baseline 0.002 -23"><span class='ocrx_word' id='word_1_101' title='bbox 314 1642 382 1697; x_wconf 91' lang='lat' dir='ltr'><strong>de</strong></span> <span class='ocrx_word' id='word_1_102' title='bbox 420 1644 579 1700; x_wconf 84' lang='lat' dir='ltr'><strong>bonis</strong></span> <span class='ocrx_word' id='word_1_103' title='bbox 628 1647 903 1716; x_wconf 86' lang='lat' dir='ltr'><strong>operibus,</strong></span> <span class='ocrx_word' id='word_1_104' title='bbox 964 1645 1122 1719; x_wconf 61' lang='lat'><strong>152</strong></span> <span class='ocrx_word' id='word_1_105' title='bbox 1158 1654 1295 1702; x_wconf 90' lang='lat' dir='ltr'><strong>etse</strong></span> <span class='ocrx_word' id='word_1_106' title='bbox 1344 1646 1626 1703; x_wconf 91' lang='lat' dir='ltr'><strong>meliorem</strong></span> <span class='ocrx_word' id='word_1_107' title='bbox 1668 1647 1902 1701; x_wconf 80' lang='lat' dir='ltr'><strong>aestimat</strong></span> 
     </span>
    </p>
   </div>
   <div class='ocr_carea' id='block_1_16' title="bbox 230 1732 1898 1807">
    <p class='ocr_par' dir='ltr' id='par_1_16' title="bbox 230 1732 1898 1807">
     <span class='ocr_line' id='line_1_16' title="bbox 230 1732 1898 1807; baseline 0.002 -21"><span class='ocrx_word' id='word_1_108' title='bbox 230 1741 237 1747; x_wconf 90' lang='lat'>&#39;</span> <span class='ocrx_word' id='word_1_109' title='bbox 315 1732 459 1801; x_wconf 82' lang='lat' dir='ltr'><strong>aliis,</strong></span> <span class='ocrx_word' id='word_1_110' title='bbox 488 1735 618 1791; x_wconf 90' lang='lat' dir='ltr'><strong>dum</strong></span> <span class='ocrx_word' id='word_1_111' title='bbox 640 1735 694 1791; x_wconf 91' lang='lat' dir='ltr'><strong>in</strong></span> <span class='ocrx_word' id='word_1_112' title='bbox 717 1750 784 1791; x_wconf 85' lang='lat' dir='ltr'><strong>eo</strong></span> <span class='ocrx_word' id='word_1_113' title='bbox 810 1737 926 1806; x_wconf 88' lang='lat' dir='ltr'><strong>ipse</strong></span> <span class='ocrx_word' id='word_1_114' title='bbox 946 1736 1099 1807; x_wconf 82' lang='lat' dir='ltr'><strong>pejor</strong></span> <span class='ocrx_word' id='word_1_115' title='bbox 1122 1735 1243 1791; x_wconf 91' lang='lat' dir='ltr'><strong>aliis</strong></span> <span class='ocrx_word' id='word_1_116' title='bbox 1269 1744 1372 1802; x_wconf 88' lang='lat' dir='ltr'><strong>est,</strong></span> <span class='ocrx_word' id='word_1_117' title='bbox 1403 1749 1513 1806; x_wconf 89' lang='lat' dir='ltr'><strong>quo</strong></span> <span class='ocrx_word' id='word_1_118' title='bbox 1538 1751 1597 1791; x_wconf 91' lang='lat' dir='ltr'><strong>se</strong></span> <span class='ocrx_word' id='word_1_119' title='bbox 1618 1735 1898 1790; x_wconf 85' lang='lat' dir='ltr'><strong>meliorem</strong></span> 
     </span>
    </p>
   </div>
   <div class='ocr_carea' id='block_1_17' title="bbox 312 1826 1899 1899">
    <p class='ocr_par' dir='ltr' id='par_1_17' title="bbox 312 1826 1899 1899">
     <span class='ocr_line' id='line_1_17' title="bbox 312 1826 1899 1899; baseline 0.003 -20"><span class='ocrx_word' id='word_1_120' title='bbox 312 1834 488 1895; x_wconf 86' lang='lat' dir='ltr'><strong>putat.</strong></span> <span class='ocrx_word' id='word_1_121' title='bbox 519 1826 602 1882; x_wconf 82' lang='lat' dir='ltr'><strong>Fit</strong></span> <span class='ocrx_word' id='word_1_122' title='bbox 631 1828 795 1883; x_wconf 84' lang='lat' dir='ltr'><strong>etiam</strong></span> <span class='ocrx_word' id='word_1_123' title='bbox 824 1844 921 1899; x_wconf 90' lang='lat' dir='ltr'><strong>per</strong></span> <span class='ocrx_word' id='word_1_124' title='bbox 944 1829 1344 1884; x_wconf 87' lang='lat' dir='ltr'><strong>contumaciam</strong></span> <span class='ocrx_word' id='word_1_125' title='bbox 1380 1828 1654 1899; x_wconf 87' lang='lat' dir='ltr'><strong>superbia,</strong></span> <span class='ocrx_word' id='word_1_126' title='bbox 1681 1829 1899 1899; x_wconf 90' lang='lat' dir='ltr'><strong>quando</strong></span> 
     </span>
    </p>
   </div>
   <div class='ocr_carea' id='block_1_18' title="bbox 315 1918 1897 1991">
    <p class='ocr_par' dir='ltr' id='par_1_18' title="bbox 315 1918 1897 1991">
     <span class='ocr_line' id='line_1_18' title="bbox 315 1918 1897 1991; baseline 0.001 -19"><span class='ocrx_word' id='word_1_127' title='bbox 315 1918 622 1989; x_wconf 90' lang='lat' dir='ltr'><strong>despiciunt</strong></span> <span class='ocrx_word' id='word_1_128' title='bbox 653 1923 900 1978; x_wconf 86' lang='lat' dir='ltr'><strong>homines</strong></span> <span class='ocrx_word' id='word_1_129' title='bbox 928 1923 1233 1979; x_wconf 88' lang='lat' dir='ltr'><strong>senioribus</strong></span> <span class='ocrx_word' id='word_1_130' title='bbox 1255 1923 1476 1979; x_wconf 84' lang='lat' dir='ltr'><strong>obedire</strong></span> <span class='ocrx_word' id='word_1_131' title='bbox 1512 1924 1645 1979; x_wconf 91' lang='lat' dir='ltr'><strong>suis.</strong></span> <span class='ocrx_word' id='word_1_132' title='bbox 1678 1923 1757 1977; x_wconf 80' lang='lat' dir='ltr'><strong>Ex</strong></span> <span class='ocrx_word' id='word_1_133' title='bbox 1781 1920 1897 1991; x_wconf 89' lang='lat' dir='ltr'><strong>ipsa</strong></span> 
     </span>
    </p>
   </div>
   <div class='ocr_carea' id='block_1_19' title="bbox 314 2013 1899 2083">
    <p class='ocr_par' dir='ltr' id='par_1_19' title="bbox 314 2013 1899 2083">
     <span class='ocr_line' id='line_1_19' title="bbox 314 2013 1899 2083; baseline 0.002 -21"><span class='ocrx_word' id='word_1_134' title='bbox 314 2022 446 2065; x_wconf 89' lang='lat' dir='ltr'><strong>vero</strong></span> <span class='ocrx_word' id='word_1_135' title='bbox 474 2013 719 2068; x_wconf 88' lang='lat' dir='ltr'><strong>nascitur</strong></span> <span class='ocrx_word' id='word_1_136' title='bbox 738 2015 916 2069; x_wconf 89' lang='lat' dir='ltr'><strong>omnis</strong></span> <span class='ocrx_word' id='word_1_137' title='bbox 943 2015 1330 2080; x_wconf 88' lang='lat' dir='ltr'><strong>inobedientia,</strong></span> <span class='ocrx_word' id='word_1_138' title='bbox 1359 2021 1413 2069; x_wconf 90' lang='lat' dir='ltr'><strong>et</strong></span> <span class='ocrx_word' id='word_1_139' title='bbox 1443 2014 1621 2068; x_wconf 89' lang='lat' dir='ltr'><strong>omnis</strong></span> <span class='ocrx_word' id='word_1_140' title='bbox 1642 2027 1899 2083; x_wconf 80' lang='lat' dir='ltr'><strong>praesum-</strong></span> 
     </span>
    </p>
   </div>
   <div class='ocr_carea' id='block_1_20' title="bbox 314 2101 1894 2178">
    <p class='ocr_par' dir='ltr' id='par_1_20' title="bbox 314 2101 1894 2178">
     <span class='ocr_line' id='line_1_20' title="bbox 314 2101 1894 2178; baseline -0.001 -21"><span class='ocrx_word' id='word_1_141' title='bbox 314 2101 451 2171; x_wconf 88' lang='lat' dir='ltr'><strong>ptio,</strong></span> <span class='ocrx_word' id='word_1_142' title='bbox 492 2112 548 2158; x_wconf 89' lang='lat' dir='ltr'><strong>et</strong></span> <span class='ocrx_word' id='word_1_143' title='bbox 595 2107 773 2161; x_wconf 90' lang='lat' dir='ltr'><strong>omnis</strong></span> <span class='ocrx_word' id='word_1_144' title='bbox 815 2107 1143 2178; x_wconf 87' lang='lat' dir='ltr'><strong>pertinacia,</strong></span> <span class='ocrx_word' id='word_1_145' title='bbox 1194 2106 1589 2171; x_wconf 85' lang='lat' dir='ltr'><strong>contentiones,</strong></span> <span class='ocrx_word' id='word_1_146' title='bbox 1636 2104 1894 2168; x_wconf 77' lang='lat' dir='ltr'><strong>haereses,</strong></span> 
     </span>
    </p>
   </div>
   <div class='ocr_carea' id='block_1_21' title="bbox 315 2194 1900 2269">
    <p class='ocr_par' dir='ltr' id='par_1_21' title="bbox 315 2194 1900 2269">
     <span class='ocr_line' id='line_1_21' title="bbox 315 2194 1900 2269; baseline 0.002 -22"><span class='ocrx_word' id='word_1_147' title='bbox 315 2195 649 2264; x_wconf 76' lang='lat' dir='ltr'><strong>arrogantia.</strong></span> <span class='ocrx_word' id='word_1_148' title='bbox 675 2194 755 2269; x_wconf 90' lang='lat' dir='ltr'><strong>[In</strong></span> <span class='ocrx_word' id='word_1_149' title='bbox 778 2197 991 2268; x_wconf 89' lang='lat' dir='ltr'><strong>loquela</strong></span> <span class='ocrx_word' id='word_1_150' title='bbox 1020 2198 1247 2264; x_wconf 89' lang='lat' dir='ltr'><strong>clamor,</strong></span> <span class='ocrx_word' id='word_1_151' title='bbox 1273 2198 1326 2253; x_wconf 91' lang='lat' dir='ltr'><strong>in</strong></span> <span class='ocrx_word' id='word_1_152' title='bbox 1361 2198 1733 2254; x_wconf 87' lang='lat' dir='ltr'><strong>taciturnitate</strong></span> <span class='ocrx_word' id='word_1_153' title='bbox 1755 2211 1900 2250; x_wconf 85' lang='lat' dir='ltr'><strong>ama-</strong></span> 
     </span>
    </p>
   </div>
   <div class='ocr_carea' id='block_1_22' title="bbox 312 2281 1899 2355">
    <p class='ocr_par' dir='ltr' id='par_1_22' title="bbox 312 2281 1899 2355">
     <span class='ocr_line' id='line_1_22' title="bbox 312 2281 1899 2355; baseline 0.004 -19"><span class='ocrx_word' id='word_1_154' title='bbox 312 2281 515 2350; x_wconf 88' lang='lat' dir='ltr'><strong>ritudo,</strong></span> <span class='ocrx_word' id='word_1_155' title='bbox 544 2287 793 2343; x_wconf 78' lang='lat' dir='ltr'><strong>excelsus</strong></span> <span class='ocrx_word' id='word_1_156' title='bbox 820 2298 875 2344; x_wconf 89' lang='lat' dir='ltr'><strong>et</strong></span> <span class='ocrx_word' id='word_1_157' title='bbox 895 2289 1099 2345; x_wconf 82' lang='lat' dir='ltr'><strong>effusus</strong></span> <span class='ocrx_word' id='word_1_158' title='bbox 1122 2291 1177 2344; x_wconf 90' lang='lat' dir='ltr'><strong>in</strong></span> <span class='ocrx_word' id='word_1_159' title='bbox 1203 2290 1389 2345; x_wconf 83' lang='lat' dir='ltr'><strong>laetitia</strong></span> <span class='ocrx_word' id='word_1_160' title='bbox 1416 2291 1578 2355; x_wconf 90' lang='lat' dir='ltr'><strong>risus,</strong></span> <span class='ocrx_word' id='word_1_161' title='bbox 1612 2290 1899 2344; x_wconf 88' lang='lat' dir='ltr'><strong>irrationa-</strong></span> 
     </span>
    </p>
   </div>
   <div class='ocr_carea' id='block_1_23' title="bbox 312 2370 1894 2450">
    <p class='ocr_par' dir='ltr' id='par_1_23' title="bbox 312 2370 1894 2450">
     <span class='ocr_line' id='line_1_23' title="bbox 312 2370 1894 2450; baseline 0.006 -26"><span class='ocrx_word' id='word_1_162' title='bbox 312 2370 438 2427; x_wconf 91' lang='lat' dir='ltr'><strong>bilis</strong></span> <span class='ocrx_word' id='word_1_163' title='bbox 471 2374 527 2428; x_wconf 91' lang='lat' dir='ltr'><strong>in</strong></span> <span class='ocrx_word' id='word_1_164' title='bbox 558 2378 856 2432; x_wconf 86' lang='lat' dir='ltr'><strong>serenitate</strong></span> <span class='ocrx_word' id='word_1_165' title='bbox 876 2380 1121 2445; x_wconf 88' lang='lat' dir='ltr'><strong>tristitia,</strong></span> <span class='ocrx_word' id='word_1_166' title='bbox 1156 2380 1211 2434; x_wconf 90' lang='lat' dir='ltr'><strong>in</strong></span> <span class='ocrx_word' id='word_1_167' title='bbox 1268 2381 1624 2450; x_wconf 89' lang='lat' dir='ltr'><strong>responsione</strong></span> <span class='ocrx_word' id='word_1_168' title='bbox 1676 2394 1894 2444; x_wconf 89' lang='lat' dir='ltr'><strong>rancor,</strong></span> 
     </span>
    </p>
   </div>
   <div class='ocr_carea' id='block_1_24' title="bbox 313 2459 1897 2541">
    <p class='ocr_par' dir='ltr' id='par_1_24' title="bbox 313 2459 1897 2541">
     <span class='ocr_line' id='line_1_24' title="bbox 313 2459 1897 2541; baseline 0.005 -25"><span class='ocrx_word' id='word_1_169' title='bbox 313 2459 529 2520; x_wconf 88' lang='lat' dir='ltr'><strong>falsitas</strong></span> <span class='ocrx_word' id='word_1_170' title='bbox 549 2466 604 2521; x_wconf 93' lang='lat' dir='ltr'><strong>in</strong></span> <span class='ocrx_word' id='word_1_171' title='bbox 635 2483 904 2524; x_wconf 91' lang='lat' dir='ltr'><strong>sermone.</strong></span> <span class='ocrx_word' id='word_1_172' title='bbox 938 2469 1116 2525; x_wconf 81' lang='lat' dir='ltr'><strong>Verba</strong></span> <span class='ocrx_word' id='word_1_173' title='bbox 1146 2471 1351 2541; x_wconf 90' lang='lat' dir='ltr'><strong>passim</strong></span> <span class='ocrx_word' id='word_1_174' title='bbox 1400 2472 1518 2526; x_wconf 90' lang='lat' dir='ltr'><strong>sine</strong></span> <span class='ocrx_word' id='word_1_175' title='bbox 1559 2470 1667 2525; x_wconf 90' lang='lat' dir='ltr'><strong>ulla</strong></span> <span class='ocrx_word' id='word_1_176' title='bbox 1717 2470 1897 2524; x_wconf 86' lang='lat' dir='ltr'><strong>cordis</strong></span> 
     </span>
    </p>
   </div>
   <div class='ocr_carea' id='block_1_25' title="bbox 315 2557 1898 2630">
    <p class='ocr_par' dir='ltr' id='par_1_25' title="bbox 315 2557 1898 2630">
     <span class='ocr_line' id='line_1_25' title="bbox 315 2557 1898 2630; baseline 0.003 -20"><span class='ocrx_word' id='word_1_177' title='bbox 315 2557 587 2627; x_wconf 74' lang='lat' dir='ltr'><strong>gravitate</strong></span> <span class='ocrx_word' id='word_1_178' title='bbox 609 2562 969 2630; x_wconf 87' lang='lat' dir='ltr'><strong>erumpentia,</strong></span> <span class='ocrx_word' id='word_1_179' title='bbox 994 2563 1220 2617; x_wconf 85' lang='lat' dir='ltr'><strong>audacia</strong></span> <span class='ocrx_word' id='word_1_180' title='bbox 1256 2562 1326 2616; x_wconf 88' lang='lat' dir='ltr'><strong>ad</strong></span> <span class='ocrx_word' id='word_1_181' title='bbox 1363 2561 1724 2617; x_wconf 83' lang='lat' dir='ltr'><strong>contumelias</strong></span> <span class='ocrx_word' id='word_1_182' title='bbox 1759 2561 1898 2614; x_wconf 92' lang='lat' dir='ltr'><strong>irro-</strong></span> 
     </span>
    </p>
   </div>
   <div class='ocr_carea' id='block_1_26' title="bbox 314 2648 1897 2724">
    <p class='ocr_par' dir='ltr' id='par_1_26' title="bbox 314 2648 1897 2724">
     <span class='ocr_line' id='line_1_26' title="bbox 314 2648 1897 2724; baseline 0.003 -23"><span class='ocrx_word' id='word_1_183' title='bbox 314 2648 544 2717; x_wconf 88' lang='lat' dir='ltr'><strong>gandas,</strong></span> <span class='ocrx_word' id='word_1_184' title='bbox 576 2651 644 2704; x_wconf 90' lang='lat' dir='ltr'><strong>ad</strong></span> <span class='ocrx_word' id='word_1_185' title='bbox 683 2651 993 2708; x_wconf 87' lang='lat' dir='ltr'><strong>tolerandas</strong></span> <span class='ocrx_word' id='word_1_186' title='bbox 1037 2652 1498 2724; x_wconf 86' lang='lat' dir='ltr'><strong>pusillanimitas.|</strong></span> <span class='ocrx_word' id='word_1_187' title='bbox 1532 2653 1662 2720; x_wconf 79' lang='lat' dir='ltr'><strong>Quae</strong></span> <span class='ocrx_word' id='word_1_188' title='bbox 1712 2652 1897 2706; x_wconf 88' lang='lat' dir='ltr'><strong>omnia</strong></span> 
     </span>
    </p>
   </div>
   <div class='ocr_carea' id='block_1_27' title="bbox 314 2740 1898 2817">
    <p class='ocr_par' dir='ltr' id='par_1_27' title="bbox 314 2740 1898 2817">
     <span class='ocr_line' id='line_1_27' title="bbox 314 2740 1898 2817; baseline 0.003 -22"><span class='ocrx_word' id='word_1_189' title='bbox 314 2740 459 2795; x_wconf 83' lang='lat' dir='ltr'><strong>mala</strong></span> <span class='ocrx_word' id='word_1_190' title='bbox 508 2758 637 2798; x_wconf 86' lang='lat' dir='ltr'><strong>vera</strong></span> <span class='ocrx_word' id='word_1_191' title='bbox 684 2744 963 2800; x_wconf 89' lang='lat' dir='ltr'><strong>humilitas</strong></span> <span class='ocrx_word' id='word_1_192' title='bbox 1010 2745 1193 2800; x_wconf 78' lang='lat' dir='ltr'><strong>famuli</strong></span> <span class='ocrx_word' id='word_1_193' title='bbox 1246 2746 1341 2800; x_wconf 86' lang='lat' dir='ltr'><strong>Dei</strong></span> <span class='ocrx_word' id='word_1_194' title='bbox 1376 2744 1635 2817; x_wconf 81' lang='lat' dir='ltr'><strong>perfacile</strong></span> <span class='ocrx_word' id='word_1_195' title='bbox 1679 2746 1898 2800; x_wconf 82' lang='lat' dir='ltr'><strong>vincere</strong></span> 
     </span>
    </p>
   </div>
   <div class='ocr_carea' id='block_1_28' title="bbox 317 2829 1899 2909">
    <p class='ocr_par' dir='ltr' id='par_1_28' title="bbox 317 2829 1899 2909">
     <span class='ocr_line' id='line_1_28' title="bbox 317 2829 1899 2909; baseline 0.004 -25"><span class='ocrx_word' id='word_1_196' title='bbox 317 2829 470 2902; x_wconf 63' lang='grc' dir='ltr'><strong>ιιι...</strong></span> <span class='ocrx_word' id='word_1_197' title='bbox 498 2834 717 2907; x_wconf 88' lang='lat' dir='ltr'><strong>curare]</strong></span> <span class='ocrx_word' id='word_1_198' title='bbox 750 2838 966 2906; x_wconf 87' lang='lat' dir='ltr'><strong>poterit.</strong></span> <span class='ocrx_word' id='word_1_199' title='bbox 1002 2836 1318 2909; x_wconf 84' lang='lat' dir='ltr'><strong>[Humilitas</strong></span> <span class='ocrx_word' id='word_1_200' title='bbox 1369 2853 1499 2893; x_wconf 84' lang='lat' dir='ltr'><strong>vera</strong></span> <span class='ocrx_word' id='word_1_201' title='bbox 1543 2844 1648 2903; x_wconf 87' lang='lat' dir='ltr'><strong>est,</strong></span> <span class='ocrx_word' id='word_1_202' title='bbox 1676 2845 1737 2889; x_wconf 89' lang='lat' dir='ltr'><strong>ut</strong></span> <span class='ocrx_word' id='word_1_203' title='bbox 1761 2837 1899 2891; x_wconf 81' lang='lat' dir='ltr'><strong>dixi-</strong></span> 
     </span>
    </p>
   </div>
   <div class='ocr_carea' id='block_1_29' title="bbox 315 2928 1895 2997">
    <p class='ocr_par' dir='ltr' id='par_1_29' title="bbox 315 2928 1895 2997">
     <span class='ocr_line' id='line_1_29' title="bbox 315 2928 1895 2997; baseline 0.003 -18"><span class='ocrx_word' id='word_1_204' title='bbox 315 2941 459 2993; x_wconf 84' lang='lat' dir='ltr'><strong>mus,</strong></span> <span class='ocrx_word' id='word_1_205' title='bbox 484 2928 725 2984; x_wconf 70' lang='lat' dir='ltr'><strong>veritatis</strong></span> <span class='ocrx_word' id='word_1_206' title='bbox 750 2946 1061 2986; x_wconf 87' lang='lat' dir='ltr'><strong>sermonem</strong></span> <span class='ocrx_word' id='word_1_207' title='bbox 1087 2929 1365 2986; x_wconf 89' lang='lat' dir='ltr'><strong>humiliter</strong></span> <span class='ocrx_word' id='word_1_208' title='bbox 1408 2930 1618 2997; x_wconf 87' lang='lat' dir='ltr'><strong>audire,</strong></span> <span class='ocrx_word' id='word_1_209' title='bbox 1641 2929 1895 2984; x_wconf 86' lang='lat' dir='ltr'><strong>memori-</strong></span> 
     </span>
    </p>
   </div>
   <div class='ocr_carea' id='block_1_30' title="bbox 316 3021 1359 3094">
    <p class='ocr_par' dir='ltr' id='par_1_30' title="bbox 316 3021 1359 3094">
     <span class='ocr_line' id='line_1_30' title="bbox 316 3021 1359 3094; baseline 0.003 -22"><span class='ocrx_word' id='word_1_210' title='bbox 316 3026 400 3073; x_wconf 90' lang='lat' dir='ltr'><strong>ter</strong></span> <span class='ocrx_word' id='word_1_211' title='bbox 426 3021 685 3086; x_wconf 88' lang='lat' dir='ltr'><strong>rctinere,</strong></span> <span class='ocrx_word' id='word_1_212' title='bbox 716 3022 1021 3077; x_wconf 76' lang='lat' dir='ltr'><strong>voluntarie</strong></span> <span class='ocrx_word' id='word_1_213' title='bbox 1045 3021 1359 3094; x_wconf 69' lang='lat' dir='ltr'><strong>perficere]</strong></span> 
     </span>
    </p>
   </div>
   <div class='ocr_carea' id='block_1_31' title="bbox 860 3155 1359 3215">
    <p class='ocr_par' dir='ltr' id='par_1_31' title="bbox 860 3155 1359 3215">
     <span class='ocr_line' id='line_1_31' title="bbox 860 3155 1359 3215; baseline 0 -2"><span class='ocrx_word' id='word_1_214' title='bbox 860 3155 1089 3215; x_wconf 76' lang='lat' dir='ltr'><strong>CAPUT</strong></span> <span class='ocrx_word' id='word_1_215' title='bbox 1125 3157 1359 3214; x_wconf 80' lang='lat' dir='ltr'><strong>XXVIII.</strong></span> 
     </span>
    </p>
   </div>
   <div class='ocr_carea' id='block_1_32' title="bbox 996 3250 1255 3324">
    <p class='ocr_par' dir='ltr' id='par_1_32' title="bbox 996 3250 1255 3324">
     <span class='ocr_line' id='line_1_32' title="bbox 996 3250 1255 3324; baseline 0 -19"><span class='ocrx_word' id='word_1_216' title='bbox 996 3250 1076 3307; x_wconf 84' lang='lat' dir='ltr'><strong>De</strong></span> <span class='ocrx_word' id='word_1_217' title='bbox 1110 3251 1255 3324; x_wconf 75' lang='lat' dir='ltr'><strong>gula.</strong></span> 
     </span>
    </p>
   </div>
   <div class='ocr_carea' id='block_1_33' title="bbox 2001 723 3595 796">
    <p class='ocr_par' dir='ltr' id='par_1_33' title="bbox 2001 723 3595 796">
     <span class='ocr_line' id='line_1_33' title="bbox 2001 723 3595 796; baseline 0.008 -18"><span class='ocrx_word' id='word_1_218' title='bbox 2001 723 2167 788; x_wconf 90' lang='lat' dir='ltr'><strong>mula,</strong></span> <span class='ocrx_word' id='word_1_219' title='bbox 2199 733 2255 779; x_wconf 92' lang='lat' dir='ltr'><strong>ct</strong></span> <span class='ocrx_word' id='word_1_220' title='bbox 2284 726 2509 783; x_wconf 79' lang='lat' dir='ltr'><strong>obedire</strong></span> <span class='ocrx_word' id='word_1_221' title='bbox 2538 728 2768 783; x_wconf 83' lang='lat' dir='ltr'><strong>dominae</strong></span> <span class='ocrx_word' id='word_1_222' title='bbox 2803 745 2936 796; x_wconf 73' lang='lat' dir='ltr'><strong>suae,</strong></span> <span class='ocrx_word' id='word_1_223' title='bbox 2980 731 3031 786; x_wconf 90' lang='lat' dir='ltr'><strong>id</strong></span> <span class='ocrx_word' id='word_1_224' title='bbox 3055 741 3158 796; x_wconf 89' lang='lat' dir='ltr'><strong>est,</strong></span> <span class='ocrx_word' id='word_1_225' title='bbox 3212 733 3459 788; x_wconf 83' lang='lat' dir='ltr'><strong>rationali</strong></span> <span class='ocrx_word' id='word_1_226' title='bbox 3483 734 3595 790; x_wconf 87' lang='lat' dir='ltr'><strong>ani-</strong></span> 
     </span>
    </p>
   </div>
   <div class='ocr_carea' id='block_1_34' title="bbox 1999 816 3593 891">
    <p class='ocr_par' dir='ltr' id='par_1_34' title="bbox 1999 816 3593 891">
     <span class='ocr_line' id='line_1_34' title="bbox 1999 816 3593 891; baseline 0.006 -20"><span class='ocrx_word' id='word_1_227' title='bbox 1999 832 2120 871; x_wconf 77' lang='lat' dir='ltr'><strong>mae.</strong></span> <span class='ocrx_word' id='word_1_228' title='bbox 2151 816 2282 886; x_wconf 86' lang='lat' dir='ltr'><strong>Quae</strong></span> <span class='ocrx_word' id='word_1_229' title='bbox 2335 817 2625 876; x_wconf 91' lang='lat' dir='ltr'><strong>fornicatio</strong></span> <span class='ocrx_word' id='word_1_230' title='bbox 2676 822 2736 875; x_wconf 89' lang='lat' dir='ltr'><strong>fit</strong></span> <span class='ocrx_word' id='word_1_231' title='bbox 2774 836 2873 891; x_wconf 88' lang='lat' dir='ltr'><strong>per</strong></span> <span class='ocrx_word' id='word_1_232' title='bbox 2920 824 3354 879; x_wconf 69' lang='lat' dir='ltr'><strong>commistione&quot;:</strong></span> <span class='ocrx_word' id='word_1_233' title='bbox 3413 826 3593 881; x_wconf 85' lang='lat' dir='ltr'><strong>carnis</strong></span> 
     </span>
    </p>
   </div>
   <div class='ocr_carea' id='block_1_35' title="bbox 1999 908 3596 986">
    <p class='ocr_par' dir='ltr' id='par_1_35' title="bbox 1999 908 3596 986">
     <span class='ocr_line' id='line_1_35' title="bbox 1999 908 3596 986; baseline 0.004 -21"><span class='ocrx_word' id='word_1_234' title='bbox 1999 926 2124 965; x_wconf 93' lang='lat' dir='ltr'><strong>cum</strong></span> <span class='ocrx_word' id='word_1_235' title='bbox 2161 908 2362 965; x_wconf 90' lang='lat' dir='ltr'><strong>femina</strong></span> <span class='ocrx_word' id='word_1_236' title='bbox 2390 911 2651 981; x_wconf 88' lang='lat' dir='ltr'><strong>qualibet,</strong></span> <span class='ocrx_word' id='word_1_237' title='bbox 2680 913 2764 968; x_wconf 89' lang='lat' dir='ltr'><strong>vel</strong></span> <span class='ocrx_word' id='word_1_238' title='bbox 2810 914 2975 967; x_wconf 89' lang='lat' dir='ltr'><strong>etiam</strong></span> <span class='ocrx_word' id='word_1_239' title='bbox 3019 914 3121 967; x_wconf 91' lang='lat' dir='ltr'><strong>alia</strong></span> <span class='ocrx_word' id='word_1_240' title='bbox 3149 930 3470 986; x_wconf 86' lang='lat' dir='ltr'><strong>quacunque</strong></span> <span class='ocrx_word' id='word_1_241' title='bbox 3499 917 3596 971; x_wconf 89' lang='lat' dir='ltr'><strong>im-</strong></span> 
     </span>
    </p>
   </div>
   <div class='ocr_carea' id='block_1_36' title="bbox 1998 1002 3591 1079">
    <p class='ocr_par' dir='ltr' id='par_1_36' title="bbox 1998 1002 3591 1079">
     <span class='ocr_line' id='line_1_36' title="bbox 1998 1002 3591 1079; baseline 0.004 -22"><span class='ocrx_word' id='word_1_242' title='bbox 1998 1002 2264 1058; x_wconf 88' lang='lat' dir='ltr'><strong>munditia</strong></span> <span class='ocrx_word' id='word_1_243' title='bbox 2309 1003 2377 1057; x_wconf 85' lang='lat' dir='ltr'><strong>ad</strong></span> <span class='ocrx_word' id='word_1_244' title='bbox 2425 1003 2751 1074; x_wconf 79' lang='lat' dir='ltr'><strong>explendum</strong></span> <span class='ocrx_word' id='word_1_245' title='bbox 2802 1005 3038 1060; x_wconf 84' lang='lat' dir='ltr'><strong>libidinis</strong></span> <span class='ocrx_word' id='word_1_246' title='bbox 3067 1008 3335 1061; x_wconf 86' lang='lat' dir='ltr'><strong>ardorem.</strong></span> <span class='ocrx_word' id='word_1_247' title='bbox 3383 1008 3456 1063; x_wconf 87' lang='lat' dir='ltr'><strong>De</strong></span> <span class='ocrx_word' id='word_1_248' title='bbox 3484 1025 3591 1079; x_wconf 88' lang='lat' dir='ltr'><strong>qua</strong></span> 
     </span>
    </p>
   </div>
   <div class='ocr_carea' id='block_1_37' title="bbox 2001 1091 3590 1167">
    <p class='ocr_par' dir='ltr' id='par_1_37' title="bbox 2001 1091 3590 1167">
     <span class='ocr_line' id='line_1_37' title="bbox 2001 1091 3590 1167; baseline 0.006 -20"><span class='ocrx_word' id='word_1_249' title='bbox 2001 1091 2408 1167; x_wconf 86' lang='lat' dir='ltr'><strong>[fornicatione]</strong></span> <span class='ocrx_word' id='word_1_250' title='bbox 2442 1097 2687 1151; x_wconf 88' lang='lat' dir='ltr'><strong>nascitur</strong></span> <span class='ocrx_word' id='word_1_251' title='bbox 2714 1099 2932 1153; x_wconf 84' lang='lat' dir='ltr'><strong>caecitas</strong></span> <span class='ocrx_word' id='word_1_252' title='bbox 2974 1100 3193 1165; x_wconf 90' lang='lat' dir='ltr'><strong>mentis,</strong></span> <span class='ocrx_word' id='word_1_253' title='bbox 3224 1100 3590 1156; x_wconf 87' lang='lat' dir='ltr'><strong>inconstantia</strong></span> 
     </span>
    </p>
   </div>
   <div class='ocr_carea' id='block_1_38' title="bbox 1996 1184 3587 1259">
    <p class='ocr_par' dir='ltr' id='par_1_38' title="bbox 1996 1184 3587 1259">
     <span class='ocr_line' id='line_1_38' title="bbox 1996 1184 3587 1259; baseline 0.005 -19"><span class='ocrx_word' id='word_1_254' title='bbox 1996 1184 2276 1241; x_wconf 90' lang='lat' dir='ltr'><strong>oculorum</strong></span> <span class='ocrx_word' id='word_1_255' title='bbox 2329 1187 2412 1240; x_wconf 94' lang='lat' dir='ltr'><strong>vel</strong></span> <span class='ocrx_word' id='word_1_256' title='bbox 2470 1187 2635 1243; x_wconf 89' lang='lat' dir='ltr'><strong>totius</strong></span> <span class='ocrx_word' id='word_1_257' title='bbox 2690 1191 2932 1259; x_wconf 89' lang='lat' dir='ltr'><strong>corporis</strong></span> <span class='ocrx_word' id='word_1_258' title='bbox 2982 1206 3137 1245; x_wconf 91' lang='lat' dir='ltr'><strong>amor</strong></span> <span class='ocrx_word' id='word_1_259' title='bbox 3168 1191 3587 1258; x_wconf 86' lang='lat' dir='ltr'><strong>immoderatus;</strong></span> 
     </span>
    </p>
   </div>
   <div class='ocr_carea' id='block_1_39' title="bbox 1998 1268 3596 1350">
    <p class='ocr_par' dir='ltr' id='par_1_39' title="bbox 1998 1268 3596 1350">
     <span class='ocr_line' id='line_1_39' title="bbox 1998 1268 3596 1350; baseline 0.005 -21"><span class='ocrx_word' id='word_1_260' title='bbox 1998 1268 2149 1346; x_wconf 75' lang='lat' dir='ltr'><strong>saepe</strong></span> <span class='ocrx_word' id='word_1_261' title='bbox 2178 1275 2477 1344; x_wconf 88' lang='lat' dir='ltr'><strong>periculum</strong></span> <span class='ocrx_word' id='word_1_262' title='bbox 2529 1277 2673 1339; x_wconf 62' lang='lat' dir='ltr'><strong>vitae,</strong></span> <span class='ocrx_word' id='word_1_263' title='bbox 2722 1277 2965 1344; x_wconf 88' lang='lat' dir='ltr'><strong>lascivia,</strong></span> <span class='ocrx_word' id='word_1_264' title='bbox 3001 1278 3150 1348; x_wconf 87' lang='lat' dir='ltr'><strong>joca,</strong></span> <span class='ocrx_word' id='word_1_265' title='bbox 3194 1280 3513 1350; x_wconf 88' lang='lat' dir='ltr'><strong>petulantia,</strong></span> <span class='ocrx_word' id='word_1_266' title='bbox 3539 1292 3596 1337; x_wconf 88' lang='lat' dir='ltr'><strong>et</strong></span> 
     </span>
    </p>
   </div>
   <div class='ocr_carea' id='block_1_40' title="bbox 1998 1367 3595 1438">
    <p class='ocr_par' dir='ltr' id='par_1_40' title="bbox 1998 1367 3595 1438">
     <span class='ocr_line' id='line_1_40' title="bbox 1998 1367 3595 1438; baseline 0.003 -16"><span class='ocrx_word' id='word_1_267' title='bbox 1998 1367 2175 1422; x_wconf 90' lang='lat' dir='ltr'><strong>omnis</strong></span> <span class='ocrx_word' id='word_1_268' title='bbox 2202 1367 2594 1423; x_wconf 91' lang='lat' dir='ltr'><strong>incontinentia</strong></span> <span class='ocrx_word' id='word_1_269' title='bbox 2623 1385 2639 1434; x_wconf 94' lang='lat'><strong>;</strong></span> <span class='ocrx_word' id='word_1_270' title='bbox 2679 1370 2863 1425; x_wconf 89' lang='lat' dir='ltr'><strong>odium</strong></span> <span class='ocrx_word' id='word_1_271' title='bbox 2894 1372 3274 1427; x_wconf 84' lang='lat' dir='ltr'><strong>mandatorum</strong></span> <span class='ocrx_word' id='word_1_272' title='bbox 3303 1374 3417 1438; x_wconf 85' lang='lat' dir='ltr'><strong>Dei,</strong></span> <span class='ocrx_word' id='word_1_273' title='bbox 3442 1390 3595 1427; x_wconf 88' lang='lat' dir='ltr'><strong>mcu—</strong></span> 
     </span>
    </p>
   </div>
   <div class='ocr_carea' id='block_1_41' title="bbox 1998 1458 3590 1535">
    <p class='ocr_par' dir='ltr' id='par_1_41' title="bbox 1998 1458 3590 1535">
     <span class='ocr_line' id='line_1_41' title="bbox 1998 1458 3590 1535; baseline 0.005 -24"><span class='ocrx_word' id='word_1_274' title='bbox 1998 1459 2070 1513; x_wconf 85' lang='lat' dir='ltr'><strong>tis</strong></span> <span class='ocrx_word' id='word_1_275' title='bbox 2095 1459 2396 1523; x_wconf 87' lang='lat' dir='ltr'><strong>enervatio,</strong></span> <span class='ocrx_word' id='word_1_276' title='bbox 2421 1467 2477 1513; x_wconf 91' lang='lat' dir='ltr'><strong>et</strong></span> <span class='ocrx_word' id='word_1_277' title='bbox 2497 1458 2710 1529; x_wconf 65' lang='lat' dir='ltr'><strong>injustas</strong></span> <span class='ocrx_word' id='word_1_278' title='bbox 2730 1461 3094 1530; x_wconf 88' lang='lat' dir='ltr'><strong>cupiditates;</strong></span> <span class='ocrx_word' id='word_1_279' title='bbox 3124 1463 3448 1535; x_wconf 75' lang='lat' dir='ltr'><strong>negligentia</strong></span> <span class='ocrx_word' id='word_1_280' title='bbox 3467 1466 3590 1519; x_wconf 83' lang='lat' dir='ltr'><strong>vitae</strong></span> 
     </span>
    </p>
   </div>
   <div class='ocr_carea' id='block_1_42' title="bbox 1997 1549 3593 1628">
    <p class='ocr_par' dir='ltr' id='par_1_42' title="bbox 1997 1549 3593 1628">
     <span class='ocr_line' id='line_1_42' title="bbox 1997 1549 3593 1628; baseline 0.006 -25"><span class='ocrx_word' id='word_1_281' title='bbox 1997 1549 2214 1616; x_wconf 77' lang='lat' dir='ltr'><strong>futurae,</strong></span> <span class='ocrx_word' id='word_1_282' title='bbox 2250 1557 2307 1604; x_wconf 91' lang='lat' dir='ltr'><strong>et</strong></span> <span class='ocrx_word' id='word_1_283' title='bbox 2327 1551 2615 1621; x_wconf 72' lang='lat' dir='ltr'><strong>praesentis</strong></span> <span class='ocrx_word' id='word_1_284' title='bbox 2659 1550 2948 1609; x_wconf 88' lang='lat' dir='ltr'><strong>delectatio</strong></span> <span class='ocrx_word' id='word_1_285' title='bbox 2978 1552 3134 1626; x_wconf 74' lang='grc' dir='ltr'><strong>[Με.,</strong></span> <span class='ocrx_word' id='word_1_286' title='bbox 3164 1554 3427 1628; x_wconf 88' lang='lat' dir='ltr'><strong>dilectio].</strong></span> <span class='ocrx_word' id='word_1_287' title='bbox 3461 1557 3593 1624; x_wconf 81' lang='lat' dir='ltr'><strong>Quae</strong></span> 
     </span>
    </p>
   </div>
   <div class='ocr_carea' id='block_1_43' title="bbox 1997 1640 3587 1713">
    <p class='ocr_par' dir='ltr' id='par_1_43' title="bbox 1997 1640 3587 1713">
     <span class='ocr_line' id='line_1_43' title="bbox 1997 1640 3587 1713; baseline 0.005 -18"><span class='ocrx_word' id='word_1_288' title='bbox 1997 1640 2233 1696; x_wconf 79' lang='lat' dir='ltr'><strong>vincitur</strong></span> <span class='ocrx_word' id='word_1_289' title='bbox 2254 1655 2351 1712; x_wconf 90' lang='lat' dir='ltr'><strong>per</strong></span> <span class='ocrx_word' id='word_1_290' title='bbox 2378 1642 2689 1697; x_wconf 87' lang='lat' dir='ltr'><strong>castitatem</strong></span> <span class='ocrx_word' id='word_1_291' title='bbox 2732 1650 2788 1698; x_wconf 85' lang='lat' dir='ltr'><strong>et</strong></span> <span class='ocrx_word' id='word_1_292' title='bbox 2820 1646 3214 1701; x_wconf 87' lang='lat' dir='ltr'><strong>continentiam</strong></span> <span class='ocrx_word' id='word_1_293' title='bbox 3246 1658 3587 1713; x_wconf 90' lang='lat' dir='ltr'><strong>consuetam,</strong></span> 
     </span>
    </p>
   </div>
   <div class='ocr_carea' id='block_1_44' title="bbox 1997 1731 3591 1808">
    <p class='ocr_par' dir='ltr' id='par_1_44' title="bbox 1997 1731 3591 1808">
     <span class='ocr_line' id='line_1_44' title="bbox 1997 1731 3591 1808; baseline 0.004 -23"><span class='ocrx_word' id='word_1_294' title='bbox 1997 1737 2054 1785; x_wconf 92' lang='lat' dir='ltr'><strong>et</strong></span> <span class='ocrx_word' id='word_1_295' title='bbox 2082 1731 2513 1787; x_wconf 87' lang='lat' dir='ltr'><strong>recordationem</strong></span> <span class='ocrx_word' id='word_1_296' title='bbox 2561 1732 2702 1801; x_wconf 80' lang='lat' dir='ltr'><strong>ignis</strong></span> <span class='ocrx_word' id='word_1_297' title='bbox 2731 1735 2942 1801; x_wconf 81' lang='lat' dir='ltr'><strong>aeterni,</strong></span> <span class='ocrx_word' id='word_1_298' title='bbox 2973 1744 3030 1791; x_wconf 89' lang='lat' dir='ltr'><strong>et</strong></span> <span class='ocrx_word' id='word_1_299' title='bbox 3070 1738 3321 1793; x_wconf 89' lang='lat' dir='ltr'><strong>timorem</strong></span> <span class='ocrx_word' id='word_1_300' title='bbox 3347 1753 3591 1808; x_wconf 80' lang='lat' dir='ltr'><strong>praesen-</strong></span> 
     </span>
    </p>
   </div>
   <div class='ocr_carea' id='block_1_45' title="bbox 1999 1824 3591 1901">
    <p class='ocr_par' dir='ltr' id='par_1_45' title="bbox 1999 1824 3591 1901">
     <span class='ocr_line' id='line_1_45' title="bbox 1999 1824 3591 1901; baseline 0.004 -23"><span class='ocrx_word' id='word_1_301' title='bbox 1999 1824 2089 1879; x_wconf 90' lang='lat' dir='ltr'><strong>tiae</strong></span> <span class='ocrx_word' id='word_1_302' title='bbox 2117 1826 2429 1895; x_wconf 88' lang='lat' dir='ltr'><strong>sempiterni</strong></span> <span class='ocrx_word' id='word_1_303' title='bbox 2458 1824 2553 1881; x_wconf 90' lang='lat' dir='ltr'><strong>Dei</strong></span> <span class='ocrx_word' id='word_1_304' title='bbox 2585 1824 2707 1898; x_wconf 88' lang='lat' dir='ltr'><strong>[nos</strong></span> <span class='ocrx_word' id='word_1_305' title='bbox 2732 1828 2930 1899; x_wconf 88' lang='lat' dir='ltr'><strong>ubique</strong></span> <span class='ocrx_word' id='word_1_306' title='bbox 2950 1837 3005 1885; x_wconf 89' lang='lat' dir='ltr'><strong>et</strong></span> <span class='ocrx_word' id='word_1_307' title='bbox 3026 1844 3190 1901; x_wconf 82' lang='lat' dir='ltr'><strong>opera</strong></span> <span class='ocrx_word' id='word_1_308' title='bbox 3212 1837 3400 1887; x_wconf 78' lang='lat' dir='ltr'><strong>nostra</strong></span> <span class='ocrx_word' id='word_1_309' title='bbox 3421 1830 3591 1901; x_wconf 88' lang='lat' dir='ltr'><strong>inspi-</strong></span> 
     </span>
    </p>
   </div>
   <div class='ocr_carea' id='block_1_46' title="bbox 1999 1914 2217 1988">
    <p class='ocr_par' dir='ltr' id='par_1_46' title="bbox 1999 1914 2217 1988">
     <span class='ocr_line' id='line_1_46' title="bbox 1999 1914 2217 1988; baseline 0.005 -18"><span class='ocrx_word' id='word_1_310' title='bbox 1999 1914 2217 1988; x_wconf 86' lang='lat' dir='ltr'><strong>cientis]</strong></span> 
     </span>
    </p>
   </div>
   <div class='ocr_carea' id='block_1_47' title="bbox 2588 1984 3014 2047">
    <p class='ocr_par' dir='ltr' id='par_1_47' title="bbox 2588 1984 3014 2047">
     <span class='ocr_line' id='line_1_47' title="bbox 2588 1984 3014 2047; baseline 0.002 -2"><span class='ocrx_word' id='word_1_311' title='bbox 2588 1988 2815 2047; x_wconf 79' lang='lat' dir='ltr'><strong>CAPU&#39;I‘</strong></span> <span class='ocrx_word' id='word_1_312' title='bbox 2844 1984 3014 2046; x_wconf 74' lang='lat' dir='ltr'><strong>XXX.</strong></span> 
     </span>
    </p>
   </div>
   <div class='ocr_carea' id='block_1_48' title="bbox 2626 2083 2990 2139">
    <p class='ocr_par' dir='ltr' id='par_1_48' title="bbox 2626 2083 2990 2139">
     <span class='ocr_line' id='line_1_48' title="bbox 2626 2083 2990 2139; baseline 0.003 -2"><span class='ocrx_word' id='word_1_313' title='bbox 2626 2083 2706 2137; x_wconf 77' lang='lat' dir='ltr'><strong>De</strong></span> <span class='ocrx_word' id='word_1_314' title='bbox 2740 2084 2990 2139; x_wconf 83' lang='lat' dir='ltr'><strong>auaritia.</strong></span> 
     </span>
    </p>
   </div>
   <div class='ocr_carea' id='block_1_49' title="bbox 2067 2170 3590 2248">
    <p class='ocr_par' dir='ltr' id='par_1_49' title="bbox 2067 2170 3590 2248">
     <span class='ocr_line' id='line_1_49' title="bbox 2067 2170 3590 2248; baseline 0.006 -20"><span class='ocrx_word' id='word_1_315' title='bbox 2067 2170 2311 2229; x_wconf 83' lang='lat' dir='ltr'><strong>Avaritia</strong></span> <span class='ocrx_word' id='word_1_316' title='bbox 2333 2182 2417 2231; x_wconf 91' lang='lat' dir='ltr'><strong>est</strong></span> <span class='ocrx_word' id='word_1_317' title='bbox 2440 2175 2603 2231; x_wconf 89' lang='lat' dir='ltr'><strong>nimia</strong></span> <span class='ocrx_word' id='word_1_318' title='bbox 2626 2176 2939 2232; x_wconf 89' lang='lat' dir='ltr'><strong>divitiarum</strong></span> <span class='ocrx_word' id='word_1_319' title='bbox 2968 2177 3305 2248; x_wconf 85' lang='lat' dir='ltr'><strong>acquirendi,</strong></span> <span class='ocrx_word' id='word_1_320' title='bbox 3330 2175 3590 2246; x_wconf 80' lang='lat' dir='ltr'><strong>habendi,</strong></span> 
     </span>
    </p>
   </div>
   <div class='ocr_carea' id='block_1_50' title="bbox 1998 2263 3585 2342">
    <p class='ocr_par' dir='ltr' id='par_1_50' title="bbox 1998 2263 3585 2342">
     <span class='ocr_line' id='line_1_50' title="bbox 1998 2263 3585 2342; baseline 0.006 -24"><span class='ocrx_word' id='word_1_321' title='bbox 1998 2263 2083 2319; x_wconf 83' lang='lat' dir='ltr'><strong>vel</strong></span> <span class='ocrx_word' id='word_1_322' title='bbox 2130 2266 2348 2321; x_wconf 89' lang='lat' dir='ltr'><strong>tenendi</strong></span> <span class='ocrx_word' id='word_1_323' title='bbox 2394 2268 2682 2337; x_wconf 86' lang='lat' dir='ltr'><strong>cupiditas,</strong></span> <span class='ocrx_word' id='word_1_324' title='bbox 2731 2282 2853 2339; x_wconf 85' lang='lat' dir='ltr'><strong>quae</strong></span> <span class='ocrx_word' id='word_1_325' title='bbox 2890 2269 3063 2339; x_wconf 87' lang='lat' dir='ltr'><strong>pestis</strong></span> <span class='ocrx_word' id='word_1_326' title='bbox 3105 2270 3445 2342; x_wconf 81' lang='lat' dir='ltr'><strong>inexplebilis</strong></span> <span class='ocrx_word' id='word_1_327' title='bbox 3478 2279 3585 2327; x_wconf 85' lang='lat' dir='ltr'><strong>est.</strong></span> 
     </span>
    </p>
   </div>
   <div class='ocr_carea' id='block_1_51' title="bbox 2002 2354 3584 2435">
    <p class='ocr_par' dir='ltr' id='par_1_51' title="bbox 2002 2354 3584 2435">
     <span class='ocr_line' id='line_1_51' title="bbox 2002 2354 3584 2435; baseline 0.003 -24"><span class='ocrx_word' id='word_1_328' title='bbox 2002 2354 2156 2412; x_wconf 87' lang='lat' dir='ltr'><strong>Sicut</strong></span> <span class='ocrx_word' id='word_1_329' title='bbox 2183 2357 2528 2429; x_wconf 81' lang='lat' dir='ltr'><strong>hydropicus,</strong></span> <span class='ocrx_word' id='word_1_330' title='bbox 2579 2361 2672 2429; x_wconf 91' lang='lat' dir='ltr'><strong>qui</strong></span> <span class='ocrx_word' id='word_1_331' title='bbox 2696 2368 2904 2430; x_wconf 86' lang='lat' dir='ltr'><strong>quanto</strong></span> <span class='ocrx_word' id='word_1_332' title='bbox 2942 2359 3063 2432; x_wconf 87' lang='lat' dir='ltr'><strong>plus</strong></span> <span class='ocrx_word' id='word_1_333' title='bbox 3101 2362 3256 2428; x_wconf 87' lang='lat' dir='ltr'><strong>bibit,</strong></span> <span class='ocrx_word' id='word_1_334' title='bbox 3284 2373 3436 2419; x_wconf 88' lang='lat' dir='ltr'><strong>tanto</strong></span> <span class='ocrx_word' id='word_1_335' title='bbox 3460 2363 3584 2435; x_wconf 74' lang='lat' dir='ltr'><strong>plus</strong></span> 
     </span>
    </p>
   </div>
   <div class='ocr_carea' id='block_1_52' title="bbox 1998 2444 3587 2525">
    <p class='ocr_par' dir='ltr' id='par_1_52' title="bbox 1998 2444 3587 2525">
     <span class='ocr_line' id='line_1_52' title="bbox 1998 2444 3587 2525; baseline 0.005 -22"><span class='ocrx_word' id='word_1_336' title='bbox 1998 2444 2074 2503; x_wconf 88' lang='lat' dir='ltr'><strong>illi</strong></span> <span class='ocrx_word' id='word_1_337' title='bbox 2112 2450 2232 2504; x_wconf 89' lang='lat' dir='ltr'><strong>sitis</strong></span> <span class='ocrx_word' id='word_1_338' title='bbox 2255 2452 2521 2505; x_wconf 90' lang='lat' dir='ltr'><strong>accrescit</strong></span> <span class='ocrx_word' id='word_1_339' title='bbox 2548 2450 2703 2523; x_wconf 67' lang='lat' dir='ltr'><strong>[.lfs.,</strong></span> <span class='ocrx_word' id='word_1_340' title='bbox 2744 2454 2925 2507; x_wconf 90' lang='lat' dir='ltr'><strong>addita</strong></span> <span class='ocrx_word' id='word_1_341' title='bbox 2954 2453 3175 2525; x_wconf 84' lang='lat' dir='ltr'><strong>crescit]</strong></span> <span class='ocrx_word' id='word_1_342' title='bbox 3199 2471 3213 2508; x_wconf 89' lang='lat'>:</span> <span class='ocrx_word' id='word_1_343' title='bbox 3248 2455 3330 2510; x_wconf 91' lang='lat' dir='ltr'><strong>sic</strong></span> <span class='ocrx_word' id='word_1_344' title='bbox 3356 2457 3587 2513; x_wconf 87' lang='lat' dir='ltr'><strong>avaritia</strong></span> 
     </span>
    </p>
   </div>
   <div class='ocr_carea' id='block_1_53' title="bbox 1999 2541 3624 2617">
    <p class='ocr_par' dir='ltr' id='par_1_53' title="bbox 1999 2541 3624 2617">
     <span class='ocr_line' id='line_1_53' title="bbox 1999 2541 3624 2617; baseline 0.009 -25"><span class='ocrx_word' id='word_1_345' title='bbox 1999 2546 2203 2609; x_wconf 89' lang='lat' dir='ltr'><strong>quanto</strong></span> <span class='ocrx_word' id='word_1_346' title='bbox 2242 2541 2417 2610; x_wconf 85' lang='lat' dir='ltr'><strong>magis</strong></span> <span class='ocrx_word' id='word_1_347' title='bbox 2446 2541 2629 2608; x_wconf 88' lang='lat' dir='ltr'><strong>habet,</strong></span> <span class='ocrx_word' id='word_1_348' title='bbox 2665 2550 2814 2597; x_wconf 87' lang='lat' dir='ltr'><strong>tanto</strong></span> <span class='ocrx_word' id='word_1_349' title='bbox 2840 2542 2960 2613; x_wconf 90' lang='lat' dir='ltr'><strong>plus</strong></span> <span class='ocrx_word' id='word_1_350' title='bbox 2994 2541 3245 2617; x_wconf 83' lang='lat' dir='ltr'><strong>[habere]</strong></span> <span class='ocrx_word' id='word_1_351' title='bbox 3291 2545 3624 2616; x_wconf 81' lang='lat' dir='ltr'><strong>desiderat..</strong></span> 
     </span>
    </p>
   </div>
   <div class='ocr_carea' id='block_1_54' title="bbox 1997 2630 3586 2704">
    <p class='ocr_par' dir='ltr' id='par_1_54' title="bbox 1997 2630 3586 2704">
     <span class='ocr_line' id='line_1_54' title="bbox 1997 2630 3586 2704; baseline 0.006 -19"><span class='ocrx_word' id='word_1_352' title='bbox 1997 2630 2066 2685; x_wconf 86' lang='lat' dir='ltr'><strong>Et</strong></span> <span class='ocrx_word' id='word_1_353' title='bbox 2091 2631 2218 2686; x_wconf 90' lang='lat' dir='ltr'><strong>dum</strong></span> <span class='ocrx_word' id='word_1_354' title='bbox 2269 2633 2461 2688; x_wconf 89' lang='lat' dir='ltr'><strong>modus</strong></span> <span class='ocrx_word' id='word_1_355' title='bbox 2491 2649 2600 2689; x_wconf 91' lang='lat' dir='ltr'><strong>non</strong></span> <span class='ocrx_word' id='word_1_356' title='bbox 2660 2644 2745 2690; x_wconf 91' lang='lat' dir='ltr'><strong>est</strong></span> <span class='ocrx_word' id='word_1_357' title='bbox 2773 2636 2848 2689; x_wconf 92' lang='lat' dir='ltr'><strong>illi</strong></span> <span class='ocrx_word' id='word_1_358' title='bbox 2888 2636 2941 2690; x_wconf 91' lang='lat' dir='ltr'><strong>in</strong></span> <span class='ocrx_word' id='word_1_359' title='bbox 2990 2637 3256 2704; x_wconf 85' lang='lat' dir='ltr'><strong>habendo,</strong></span> <span class='ocrx_word' id='word_1_360' title='bbox 3289 2639 3479 2693; x_wconf 84' lang='lat' dir='ltr'><strong>modus</strong></span> <span class='ocrx_word' id='word_1_361' title='bbox 3509 2636 3586 2695; x_wconf 76' lang='lat' dir='ltr'><strong>illi</strong></span> 
     </span>
    </p>
   </div>
   <div class='ocr_carea' id='block_1_55' title="bbox 1997 2722 3585 2802">
    <p class='ocr_par' dir='ltr' id='par_1_55' title="bbox 1997 2722 3585 2802">
     <span class='ocr_line' id='line_1_55' title="bbox 1997 2722 3585 2802; baseline 0.002 -23"><span class='ocrx_word' id='word_1_362' title='bbox 1997 2737 2105 2779; x_wconf 88' lang='lat' dir='ltr'><strong>non</strong></span> <span class='ocrx_word' id='word_1_363' title='bbox 2127 2723 2233 2777; x_wconf 90' lang='lat' dir='ltr'><strong>erit</strong></span> <span class='ocrx_word' id='word_1_364' title='bbox 2258 2722 2311 2777; x_wconf 93' lang='lat' dir='ltr'><strong>in</strong></span> <span class='ocrx_word' id='word_1_365' title='bbox 2326 2723 2702 2780; x_wconf 90' lang='lat' dir='ltr'><strong>desiderando.</strong></span> <span class='ocrx_word' id='word_1_366' title='bbox 2726 2724 2889 2796; x_wconf 82' lang='lat' dir='ltr'><strong>Cujus</strong></span> <span class='ocrx_word' id='word_1_367' title='bbox 2911 2741 3110 2795; x_wconf 87' lang='lat' dir='ltr'><strong>genera</strong></span> <span class='ocrx_word' id='word_1_368' title='bbox 3136 2726 3288 2798; x_wconf 77' lang='lat' dir='ltr'><strong>[Ms.,</strong></span> <span class='ocrx_word' id='word_1_369' title='bbox 3317 2728 3585 2802; x_wconf 78' lang='lat' dir='ltr'><strong>germina]</strong></span> 
     </span>
    </p>
   </div>
   <div class='ocr_carea' id='block_1_56' title="bbox 1997 2813 3586 2884">
    <p class='ocr_par' dir='ltr' id='par_1_56' title="bbox 1997 2813 3586 2884">
     <span class='ocr_line' id='line_1_56' title="bbox 1997 2813 3586 2884; baseline 0.003 -15"><span class='ocrx_word' id='word_1_370' title='bbox 1997 2822 2126 2869; x_wconf 91' lang='lat' dir='ltr'><strong>sunt</strong></span> <span class='ocrx_word' id='word_1_371' title='bbox 2159 2814 2380 2880; x_wconf 82' lang='lat' dir='ltr'><strong>invidia,</strong></span> <span class='ocrx_word' id='word_1_372' title='bbox 2409 2813 2574 2881; x_wconf 88' lang='lat' dir='ltr'><strong>furta,</strong></span> <span class='ocrx_word' id='word_1_373' title='bbox 2605 2814 2913 2880; x_wconf 90' lang='lat' dir='ltr'><strong>latrocinia,</strong></span> <span class='ocrx_word' id='word_1_374' title='bbox 2941 2817 3255 2884; x_wconf 89' lang='lat' dir='ltr'><strong>homicidia,</strong></span> <span class='ocrx_word' id='word_1_375' title='bbox 3281 2818 3586 2883; x_wconf 87' lang='lat' dir='ltr'><strong>mendacia,</strong></span> 
     </span>
    </p>
   </div>
   <div class='ocr_carea' id='block_1_57' title="bbox 1996 2901 3587 2980">
    <p class='ocr_par' dir='ltr' id='par_1_57' title="bbox 1996 2901 3587 2980">
     <span class='ocr_line' id='line_1_57' title="bbox 1996 2901 3587 2980; baseline 0.002 -22"><span class='ocrx_word' id='word_1_376' title='bbox 1996 2901 2259 2976; x_wconf 73' lang='lat' dir='ltr'><strong>periuria,</strong></span> <span class='ocrx_word' id='word_1_377' title='bbox 2300 2906 2523 2978; x_wconf 84' lang='lat' dir='ltr'><strong>rapinae,</strong></span> <span class='ocrx_word' id='word_1_378' title='bbox 2557 2906 2848 2973; x_wconf 77' lang='lat' dir='ltr'><strong>violentiae,</strong></span> <span class='ocrx_word' id='word_1_379' title='bbox 2880 2906 3217 2980; x_wconf 91' lang='lat' dir='ltr'><strong>inquietudo,</strong></span> <span class='ocrx_word' id='word_1_380' title='bbox 3278 2905 3587 2978; x_wconf 74' lang='lat' dir='ltr'><strong>injustaju-</strong></span> 
     </span>
    </p>
   </div>
   <div class='ocr_carea' id='block_1_58' title="bbox 1996 2995 3587 3067">
    <p class='ocr_par' dir='ltr' id='par_1_58' title="bbox 1996 2995 3587 3067">
     <span class='ocr_line' id='line_1_58' title="bbox 1996 2995 3587 3067; baseline 0.001 -17"><span class='ocrx_word' id='word_1_381' title='bbox 1996 2995 2157 3062; x_wconf 89' lang='lat' dir='ltr'><strong>dicia,</strong></span> <span class='ocrx_word' id='word_1_382' title='bbox 2183 3005 2525 3067; x_wconf 87' lang='lat' dir='ltr'><strong>contemptus</strong></span> <span class='ocrx_word' id='word_1_383' title='bbox 2553 2997 2822 3063; x_wconf 89' lang='lat' dir='ltr'><strong>veritatis,</strong></span> <span class='ocrx_word' id='word_1_384' title='bbox 2854 2997 3048 3053; x_wconf 74' lang='lat' dir='ltr'><strong>futurae</strong></span> <span class='ocrx_word' id='word_1_385' title='bbox 3079 2997 3433 3054; x_wconf 88' lang='lat' dir='ltr'><strong>beatitudinis</strong></span> <span class='ocrx_word' id='word_1_386' title='bbox 3456 2997 3587 3053; x_wconf 86' lang='lat' dir='ltr'><strong>obli-</strong></span> 
     </span>
    </p>
   </div>
   <div class='ocr_carea' id='block_1_59' title="bbox 1995 3082 3587 3162">
    <p class='ocr_par' dir='ltr' id='par_1_59' title="bbox 1995 3082 3587 3162">
     <span class='ocr_line' id='line_1_59' title="bbox 1995 3082 3587 3162; baseline 0.003 -22"><span class='ocrx_word' id='word_1_387' title='bbox 1995 3088 2103 3152; x_wconf 89' lang='lat' dir='ltr'><strong>vio,</strong></span> <span class='ocrx_word' id='word_1_388' title='bbox 2135 3086 2423 3143; x_wconf 89' lang='lat' dir='ltr'><strong>obduratio</strong></span> <span class='ocrx_word' id='word_1_389' title='bbox 2476 3082 2676 3143; x_wconf 90' lang='lat' dir='ltr'><strong>cordis.</strong></span> <span class='ocrx_word' id='word_1_390' title='bbox 2722 3087 2852 3156; x_wconf 78' lang='lat' dir='ltr'><strong>Quae</strong></span> <span class='ocrx_word' id='word_1_391' title='bbox 2890 3088 2950 3143; x_wconf 88' lang='lat' dir='ltr'><strong>fit</strong></span> <span class='ocrx_word' id='word_1_392' title='bbox 2993 3087 3150 3161; x_wconf 75' lang='lat' dir='ltr'><strong>[Ms.,</strong></span> <span class='ocrx_word' id='word_1_393' title='bbox 3176 3104 3296 3159; x_wconf 89' lang='lat' dir='ltr'><strong>quae</strong></span> <span class='ocrx_word' id='word_1_394' title='bbox 3324 3090 3430 3162; x_wconf 89' lang='lat' dir='ltr'><strong>est]</strong></span> <span class='ocrx_word' id='word_1_395' title='bbox 3462 3106 3587 3145; x_wconf 89' lang='lat' dir='ltr'><strong>con-</strong></span> 
     </span>
    </p>
   </div>
   <div class='ocr_carea' id='block_1_60' title="bbox 1995 3174 3582 3251">
    <p class='ocr_par' dir='ltr' id='par_1_60' title="bbox 1995 3174 3582 3251">
     <span class='ocr_line' id='line_1_60' title="bbox 1995 3174 3582 3251; baseline 0.003 -20"><span class='ocrx_word' id='word_1_396' title='bbox 1995 3177 2164 3232; x_wconf 88' lang='lat' dir='ltr'><strong>traria</strong></span> <span class='ocrx_word' id='word_1_397' title='bbox 2191 3178 2592 3245; x_wconf 84' lang='lat' dir='ltr'><strong>misericordiae,</strong></span> <span class='ocrx_word' id='word_1_398' title='bbox 2624 3174 2985 3251; x_wconf 86' lang='lat' dir='ltr'><strong>elecmosynis</strong></span> <span class='ocrx_word' id='word_1_399' title='bbox 3005 3180 3060 3234; x_wconf 91' lang='lat' dir='ltr'><strong>in</strong></span> <span class='ocrx_word' id='word_1_400' title='bbox 3090 3194 3377 3250; x_wconf 89' lang='lat' dir='ltr'><strong>pauperes,</strong></span> <span class='ocrx_word' id='word_1_401' title='bbox 3402 3193 3457 3238; x_wconf 90' lang='lat' dir='ltr'><strong>et</strong></span> <span class='ocrx_word' id='word_1_402' title='bbox 3483 3182 3582 3238; x_wconf 87' lang='lat' dir='ltr'><strong>toti</strong></span> 
     </span>
    </p>
   </div>
   <div class='ocr_carea' id='block_1_61' title="bbox 1994 3269 3586 3342">
    <p class='ocr_par' dir='ltr' id='par_1_61' title="bbox 1994 3269 3586 3342">
     <span class='ocr_line' id='line_1_61' title="bbox 1994 3269 3586 3342; baseline 0.003 -19"><span class='ocrx_word' id='word_1_403' title='bbox 1994 3269 2183 3340; x_wconf 88' lang='lat' dir='ltr'><strong>pietati</strong></span> <span class='ocrx_word' id='word_1_404' title='bbox 2210 3270 2539 3327; x_wconf 89' lang='lat' dir='ltr'><strong>in-miseros.</strong></span> <span class='ocrx_word' id='word_1_405' title='bbox 2571 3270 2703 3339; x_wconf 84' lang='lat' dir='ltr'><strong>Quae</strong></span> <span class='ocrx_word' id='word_1_406' title='bbox 2725 3271 2964 3327; x_wconf 84' lang='lat' dir='ltr'><strong>vincitur</strong></span> <span class='ocrx_word' id='word_1_407' title='bbox 2991 3284 3090 3342; x_wconf 88' lang='lat' dir='ltr'><strong>per</strong></span> <span class='ocrx_word' id='word_1_408' title='bbox 3111 3272 3363 3328; x_wconf 85' lang='lat' dir='ltr'><strong>timorem</strong></span> <span class='ocrx_word' id='word_1_409' title='bbox 3389 3271 3506 3337; x_wconf 87' lang='lat' dir='ltr'><strong>Dei,</strong></span> <span class='ocrx_word' id='word_1_410' title='bbox 3529 3282 3586 3328; x_wconf 89' lang='lat' dir='ltr'><strong>et</strong></span> 
     </span>
    </p>
   </div>
   <div class='ocr_carea' id='block_1_62' title="bbox 386 3344 3586 3434">
    <p class='ocr_par' dir='ltr' id='par_1_62' title="bbox 386 3344 3586 3434">
     <span class='ocr_line' id='line_1_62' title="bbox 386 3344 3586 3434; baseline 0 -18"><span class='ocrx_word' id='word_1_411' title='bbox 386 3361 626 3416; x_wconf 81' lang='lat' dir='ltr'><strong>Primum</strong></span> <span class='ocrx_word' id='word_1_412' title='bbox 655 3369 742 3418; x_wconf 91' lang='lat' dir='ltr'><strong>est</strong></span> <span class='ocrx_word' id='word_1_413' title='bbox 762 3359 1043 3434; x_wconf 88' lang='lat' dir='ltr'><strong>corporale</strong></span> <span class='ocrx_word' id='word_1_414' title='bbox 1097 3371 1379 3434; x_wconf 90' lang='lat' dir='ltr'><strong>peccatum</strong></span> <span class='ocrx_word' id='word_1_415' title='bbox 1426 3361 1570 3434; x_wconf 91' lang='lat' dir='ltr'><strong>gula,</strong></span> <span class='ocrx_word' id='word_1_416' title='bbox 1605 3362 1658 3417; x_wconf 91' lang='lat' dir='ltr'><strong>id</strong></span> <span class='ocrx_word' id='word_1_417' title='bbox 1684 3369 1789 3428; x_wconf 92' lang='lat' dir='ltr'><strong>est,</strong></span> <span class='ocrx_word' id='word_1_418' title='bbox 1805 3352 1895 3416; x_wconf 33' lang='lat' dir='ltr'><strong>&quot;in-</strong></span> <span class='ocrx_word' id='word_1_419' title='bbox 1918 3344 1966 3406; x_wconf 64' lang='grc' dir='ltr'><strong>(ἶ</strong></span> <span class='ocrx_word' id='word_1_420' title='bbox 1996 3376 2093 3432; x_wconf 91' lang='lat' dir='ltr'><strong>per</strong></span> <span class='ocrx_word' id='word_1_421' title='bbox 2112 3361 2410 3417; x_wconf 89' lang='lat' dir='ltr'><strong>fraternam</strong></span> <span class='ocrx_word' id='word_1_422' title='bbox 2432 3362 2775 3428; x_wconf 88' lang='lat' dir='ltr'><strong>charitatem,</strong></span> <span class='ocrx_word' id='word_1_423' title='bbox 2797 3370 2854 3418; x_wconf 91' lang='lat' dir='ltr'><strong>et</strong></span> <span class='ocrx_word' id='word_1_424' title='bbox 2872 3375 2969 3434; x_wconf 91' lang='lat' dir='ltr'><strong>per</strong></span> <span class='ocrx_word' id='word_1_425' title='bbox 2988 3377 3153 3433; x_wconf 89' lang='lat' dir='ltr'><strong>opera</strong></span> <span class='ocrx_word' id='word_1_426' title='bbox 3175 3361 3586 3426; x_wconf 67' lang='lat' dir='ltr'><strong>misericordiae;</strong></span> 
     </span>
    </p>
   </div>
   <div class='ocr_carea' id='block_1_63' title="bbox 317 3454 1895 3526">
    <p class='ocr_par' dir='ltr' id='par_1_63' title="bbox 317 3454 1895 3526">
     <span class='ocr_line' id='line_1_63' title="bbox 317 3454 1895 3526; baseline 0.001 -19"><span class='ocrx_word' id='word_1_427' title='bbox 317 3454 630 3525; x_wconf 84' lang='lat' dir='ltr'><strong>temperans</strong></span> <span class='ocrx_word' id='word_1_428' title='bbox 657 3454 761 3509; x_wconf 91' lang='lat' dir='ltr'><strong>cibi</strong></span> <span class='ocrx_word' id='word_1_429' title='bbox 789 3455 872 3510; x_wconf 89' lang='lat' dir='ltr'><strong>vel</strong></span> <span class='ocrx_word' id='word_1_430' title='bbox 895 3464 1055 3525; x_wconf 87' lang='lat' dir='ltr'><strong>potus</strong></span> <span class='ocrx_word' id='word_1_431' title='bbox 1090 3454 1359 3526; x_wconf 87' lang='lat' dir='ltr'><strong>voluptas,</strong></span> <span class='ocrx_word' id='word_1_432' title='bbox 1403 3470 1503 3524; x_wconf 89' lang='lat' dir='ltr'><strong>per</strong></span> <span class='ocrx_word' id='word_1_433' title='bbox 1528 3469 1690 3523; x_wconf 90' lang='lat' dir='ltr'><strong>quam</strong></span> <span class='ocrx_word' id='word_1_434' title='bbox 1733 3454 1895 3524; x_wconf 90' lang='lat' dir='ltr'><strong>primi</strong></span> 
     </span>
    </p>
   </div>
   <div class='ocr_carea' id='block_1_64' title="bbox 316 3546 1898 3618">
    <p class='ocr_par' dir='ltr' id='par_1_64' title="bbox 316 3546 1898 3618">
     <span class='ocr_line' id='line_1_64' title="bbox 316 3546 1898 3618; baseline 0.001 -19"><span class='ocrx_word' id='word_1_435' title='bbox 316 3555 575 3615; x_wconf 86' lang='lat' dir='ltr'><strong>parentes</strong></span> <span class='ocrx_word' id='word_1_436' title='bbox 605 3547 823 3601; x_wconf 92' lang='lat' dir='ltr'><strong>humani</strong></span> <span class='ocrx_word' id='word_1_437' title='bbox 845 3547 1061 3617; x_wconf 85' lang='lat' dir='ltr'><strong>generis</strong></span> <span class='ocrx_word' id='word_1_438' title='bbox 1088 3548 1325 3618; x_wconf 87' lang='lat' dir='ltr'><strong>paradisi</strong></span> <span class='ocrx_word' id='word_1_439' title='bbox 1358 3546 1675 3602; x_wconf 89' lang='lat' dir='ltr'><strong>felicitatem</strong></span> <span class='ocrx_word' id='word_1_440' title='bbox 1720 3546 1898 3617; x_wconf 84' lang='lat' dir='ltr'><strong>perdi-</strong></span> 
     </span>
    </p>
   </div>
   <div class='ocr_carea' id='block_1_65' title="bbox 318 3639 1897 3712">
    <p class='ocr_par' dir='ltr' id='par_1_65' title="bbox 318 3639 1897 3712">
     <span class='ocr_line' id='line_1_65' title="bbox 318 3639 1897 3712; baseline 0 -18"><span class='ocrx_word' id='word_1_441' title='bbox 318 3640 533 3707; x_wconf 89' lang='lat' dir='ltr'><strong>derunt,</strong></span> <span class='ocrx_word' id='word_1_442' title='bbox 590 3641 727 3696; x_wconf 90' lang='lat' dir='ltr'><strong>etin</strong></span> <span class='ocrx_word' id='word_1_443' title='bbox 778 3641 919 3695; x_wconf 88' lang='lat' dir='ltr'><strong>hanc</strong></span> <span class='ocrx_word' id='word_1_444' title='bbox 952 3656 1315 3696; x_wconf 73' lang='lat' dir='ltr'><strong>aerumnosam</strong></span> <span class='ocrx_word' id='word_1_445' title='bbox 1352 3640 1513 3711; x_wconf 84' lang='lat' dir='ltr'><strong>hujus</strong></span> <span class='ocrx_word' id='word_1_446' title='bbox 1555 3640 1681 3695; x_wconf 74' lang='lat' dir='ltr'><strong>vitae</strong></span> <span class='ocrx_word' id='word_1_447' title='bbox 1710 3639 1897 3712; x_wconf 87' lang='lat' dir='ltr'><strong>[mise-</strong></span> 
     </span>
    </p>
   </div>
   <div class='ocr_carea' id='block_1_66' title="bbox 318 3729 1894 3804">
    <p class='ocr_par' dir='ltr' id='par_1_66' title="bbox 318 3729 1894 3804">
     <span class='ocr_line' id='line_1_66' title="bbox 318 3729 1894 3804; baseline -0.002 -17"><span class='ocrx_word' id='word_1_448' title='bbox 318 3729 480 3804; x_wconf 86' lang='lat' dir='ltr'><strong>riam]</strong></span> <span class='ocrx_word' id='word_1_449' title='bbox 514 3732 705 3803; x_wconf 82' lang='lat' dir='ltr'><strong>dejccti</strong></span> <span class='ocrx_word' id='word_1_450' title='bbox 730 3741 892 3798; x_wconf 90' lang='lat' dir='ltr'><strong>sunt;</strong></span> <span class='ocrx_word' id='word_1_451' title='bbox 924 3733 1014 3787; x_wconf 87' lang='lat' dir='ltr'><strong>ubi</strong></span> <span class='ocrx_word' id='word_1_452' title='bbox 1042 3733 1221 3787; x_wconf 90' lang='lat' dir='ltr'><strong>omnis</strong></span> <span class='ocrx_word' id='word_1_453' title='bbox 1268 3733 1431 3787; x_wconf 88' lang='lat' dir='ltr'><strong>homo</strong></span> <span class='ocrx_word' id='word_1_454' title='bbox 1475 3746 1572 3801; x_wconf 92' lang='lat' dir='ltr'><strong>per</strong></span> <span class='ocrx_word' id='word_1_455' title='bbox 1609 3740 1894 3801; x_wconf 89' lang='lat' dir='ltr'><strong>peccatum</strong></span> 
     </span>
    </p>
   </div>
   <div class='ocr_carea' id='block_1_67' title="bbox 318 3822 1893 3894">
    <p class='ocr_par' dir='ltr' id='par_1_67' title="bbox 318 3822 1893 3894">
     <span class='ocr_line' id='line_1_67' title="bbox 318 3822 1893 3894; baseline -0.001 -17"><span class='ocrx_word' id='word_1_456' title='bbox 318 3824 583 3889; x_wconf 85' lang='lat' dir='ltr'><strong>nascitur,</strong></span> <span class='ocrx_word' id='word_1_457' title='bbox 614 3839 712 3894; x_wconf 88' lang='lat' dir='ltr'><strong>per</strong></span> <span class='ocrx_word' id='word_1_458' title='bbox 756 3824 996 3879; x_wconf 89' lang='lat' dir='ltr'><strong>laborem</strong></span> <span class='ocrx_word' id='word_1_459' title='bbox 1024 3825 1177 3890; x_wconf 92' lang='lat' dir='ltr'><strong>vivit,</strong></span> <span class='ocrx_word' id='word_1_460' title='bbox 1214 3838 1312 3894; x_wconf 89' lang='lat' dir='ltr'><strong>per</strong></span> <span class='ocrx_word' id='word_1_461' title='bbox 1359 3824 1599 3881; x_wconf 79' lang='lat' dir='ltr'><strong>dolorem</strong></span> <span class='ocrx_word' id='word_1_462' title='bbox 1647 3822 1893 3878; x_wconf 88' lang='lat' dir='ltr'><strong>moritur.</strong></span> 
     </span>
    </p>
   </div>
   <div class='ocr_carea' id='block_1_68' title="bbox 317 3913 1896 3988">
    <p class='ocr_par' dir='ltr' id='par_1_68' title="bbox 317 3913 1896 3988">
     <span class='ocr_line' id='line_1_68' title="bbox 317 3913 1896 3988; baseline 0 -19"><span class='ocrx_word' id='word_1_463' title='bbox 317 3914 450 3983; x_wconf 68' lang='lat' dir='ltr'><strong>Quae</strong></span> <span class='ocrx_word' id='word_1_464' title='bbox 486 3916 656 3971; x_wconf 88' lang='lat' dir='ltr'><strong>tribus</strong></span> <span class='ocrx_word' id='word_1_465' title='bbox 685 3916 858 3971; x_wconf 84' lang='lat' dir='ltr'><strong>modis</strong></span> <span class='ocrx_word' id='word_1_466' title='bbox 914 3932 1143 3988; x_wconf 84' lang='lat' dir='ltr'><strong>regnare</strong></span> <span class='ocrx_word' id='word_1_467' title='bbox 1190 3916 1405 3971; x_wconf 68' lang='lat' dir='ltr'><strong>videtur</strong></span> <span class='ocrx_word' id='word_1_468' title='bbox 1451 3916 1506 3970; x_wconf 90' lang='lat' dir='ltr'><strong>in</strong></span> <span class='ocrx_word' id='word_1_469' title='bbox 1552 3915 1809 3982; x_wconf 89' lang='lat' dir='ltr'><strong>homine;</strong></span> <span class='ocrx_word' id='word_1_470' title='bbox 1843 3913 1896 3969; x_wconf 91' lang='lat' dir='ltr'><strong>id</strong></span> 
     </span>
    </p>
   </div>
   <div class='ocr_carea' id='block_1_69' title="bbox 317 4006 1898 4078">
    <p class='ocr_par' dir='ltr' id='par_1_69' title="bbox 317 4006 1898 4078">
     <span class='ocr_line' id='line_1_69' title="bbox 317 4006 1898 4078; baseline -0.001 -15"><span class='ocrx_word' id='word_1_471' title='bbox 317 4016 423 4065; x_wconf 79' lang='lat' dir='ltr'><strong>est.</strong></span> <span class='ocrx_word' id='word_1_472' title='bbox 454 4007 581 4063; x_wconf 85' lang='lat' dir='ltr'><strong>dum</strong></span> <span class='ocrx_word' id='word_1_473' title='bbox 616 4010 778 4063; x_wconf 87' lang='lat' dir='ltr'><strong>homo</strong></span> <span class='ocrx_word' id='word_1_474' title='bbox 802 4010 990 4062; x_wconf 88' lang='lat' dir='ltr'><strong>horam</strong></span> <span class='ocrx_word' id='word_1_475' title='bbox 1047 4008 1365 4063; x_wconf 89' lang='lat' dir='ltr'><strong>canonicam</strong></span> <span class='ocrx_word' id='word_1_476' title='bbox 1391 4016 1447 4062; x_wconf 89' lang='lat' dir='ltr'><strong>et</strong></span> <span class='ocrx_word' id='word_1_477' title='bbox 1474 4014 1732 4062; x_wconf 87' lang='lat' dir='ltr'><strong>statutam</strong></span> <span class='ocrx_word' id='word_1_478' title='bbox 1762 4006 1898 4078; x_wconf 68' lang='lat' dir='ltr'><strong>gulae</strong></span> 
     </span>
    </p>
   </div>
   <div class='ocr_carea' id='block_1_70' title="bbox 317 4097 1897 4174">
    <p class='ocr_par' dir='ltr' id='par_1_70' title="bbox 317 4097 1897 4174">
     <span class='ocr_line' id='line_1_70' title="bbox 317 4097 1897 4174; baseline 0.001 -23"><span class='ocrx_word' id='word_1_479' title='bbox 317 4117 483 4156; x_wconf 81' lang='lat' dir='ltr'><strong>causa</strong></span> <span class='ocrx_word' id='word_1_480' title='bbox 514 4102 813 4174; x_wconf 89' lang='lat' dir='ltr'><strong>anticipare</strong></span> <span class='ocrx_word' id='word_1_481' title='bbox 848 4102 1013 4172; x_wconf 88' lang='lat' dir='ltr'><strong>cupit,</strong></span> <span class='ocrx_word' id='word_1_482' title='bbox 1046 4109 1140 4155; x_wconf 89' lang='lat' dir='ltr'><strong>aut</strong></span> <span class='ocrx_word' id='word_1_483' title='bbox 1184 4101 1566 4171; x_wconf 79' lang='lat' dir='ltr'><strong>quuisitiores</strong></span> <span class='ocrx_word' id='word_1_484' title='bbox 1615 4100 1762 4154; x_wconf 87' lang='lat' dir='ltr'><strong>cibos</strong></span> <span class='ocrx_word' id='word_1_485' title='bbox 1794 4097 1897 4153; x_wconf 87' lang='lat' dir='ltr'><strong>sibi</strong></span> 
     </span>
    </p>
   </div>
   <div class='ocr_carea' id='block_1_71' title="bbox 319 4190 1899 4265">
    <p class='ocr_par' dir='ltr' id='par_1_71' title="bbox 319 4190 1899 4265">
     <span class='ocr_line' id='line_1_71' title="bbox 319 4190 1899 4265; baseline 0.001 -22"><span class='ocrx_word' id='word_1_486' title='bbox 319 4207 627 4263; x_wconf 74' lang='lat' dir='ltr'><strong>praeparare</strong></span> <span class='ocrx_word' id='word_1_487' title='bbox 648 4193 819 4262; x_wconf 84' lang='lat' dir='ltr'><strong>jubet,</strong></span> <span class='ocrx_word' id='word_1_488' title='bbox 850 4209 1014 4263; x_wconf 90' lang='lat' dir='ltr'><strong>quam</strong></span> <span class='ocrx_word' id='word_1_489' title='bbox 1040 4194 1342 4249; x_wconf 86' lang='lat' dir='ltr'><strong>necessitas</strong></span> <span class='ocrx_word' id='word_1_490' title='bbox 1379 4191 1643 4265; x_wconf 88' lang='lat' dir='ltr'><strong>corporis,</strong></span> <span class='ocrx_word' id='word_1_491' title='bbox 1671 4190 1759 4247; x_wconf 85' lang='lat' dir='ltr'><strong>vel</strong></span> <span class='ocrx_word' id='word_1_492' title='bbox 1788 4204 1899 4246; x_wconf 79' lang='lat' dir='ltr'><strong>suae</strong></span> 
     </span>
    </p>
   </div>
   <div class='ocr_carea' id='block_1_72' title="bbox 315 4285 1895 4357">
    <p class='ocr_par' dir='ltr' id='par_1_72' title="bbox 315 4285 1895 4357">
     <span class='ocr_line' id='line_1_72' title="bbox 315 4285 1895 4357; baseline 0 -18"><span class='ocrx_word' id='word_1_493' title='bbox 315 4286 552 4357; x_wconf 86' lang='lat' dir='ltr'><strong>qualitas</strong></span> <span class='ocrx_word' id='word_1_494' title='bbox 607 4300 855 4357; x_wconf 75' lang='lat' dir='ltr'><strong>personae</strong></span> <span class='ocrx_word' id='word_1_495' title='bbox 909 4287 1112 4355; x_wconf 74' lang='lat' dir='ltr'><strong>exigat,</strong></span> <span class='ocrx_word' id='word_1_496' title='bbox 1170 4286 1256 4342; x_wconf 90' lang='lat' dir='ltr'><strong>vel</strong></span> <span class='ocrx_word' id='word_1_497' title='bbox 1308 4286 1356 4342; x_wconf 86' lang='lat' dir='ltr'><strong>si</strong></span> <span class='ocrx_word' id='word_1_498' title='bbox 1396 4285 1519 4356; x_wconf 89' lang='lat' dir='ltr'><strong>plus</strong></span> <span class='ocrx_word' id='word_1_499' title='bbox 1566 4285 1795 4356; x_wconf 90' lang='lat' dir='ltr'><strong>accipiet</strong></span> <span class='ocrx_word' id='word_1_500' title='bbox 1841 4285 1895 4339; x_wconf 93' lang='lat' dir='ltr'><strong>in</strong></span> 
     </span>
    </p>
   </div>
   <div class='ocr_carea' id='block_1_73' title="bbox 317 4377 1902 4451">
    <p class='ocr_par' dir='ltr' id='par_1_73' title="bbox 317 4377 1902 4451">
     <span class='ocr_line' id='line_1_73' title="bbox 317 4377 1902 4451; baseline -0.003 -16"><span class='ocrx_word' id='word_1_501' title='bbox 317 4381 527 4436; x_wconf 89' lang='lat' dir='ltr'><strong>edendo</strong></span> <span class='ocrx_word' id='word_1_502' title='bbox 548 4380 631 4435; x_wconf 91' lang='lat' dir='ltr'><strong>vel</strong></span> <span class='ocrx_word' id='word_1_503' title='bbox 659 4379 891 4436; x_wconf 89' lang='lat' dir='ltr'><strong>bibendo</strong></span> <span class='ocrx_word' id='word_1_504' title='bbox 927 4388 1149 4451; x_wconf 87' lang='lat' dir='ltr'><strong>propter</strong></span> <span class='ocrx_word' id='word_1_505' title='bbox 1172 4378 1501 4435; x_wconf 90' lang='lat' dir='ltr'><strong>desiderium</strong></span> <span class='ocrx_word' id='word_1_506' title='bbox 1535 4377 1902 4448; x_wconf 69' lang='lat' dir='ltr'><strong>intemperan-</strong></span> 
     </span>
    </p>
   </div>
   <div class='ocr_carea' id='block_1_74' title="bbox 322 4468 1903 4544">
    <p class='ocr_par' dir='ltr' id='par_1_74' title="bbox 322 4468 1903 4544">
     <span class='ocr_line' id='line_1_74' title="bbox 322 4468 1903 4544; baseline -0.003 -16"><span class='ocrx_word' id='word_1_507' title='bbox 322 4468 409 4529; x_wconf 78' lang='lat' dir='ltr'><strong>tiae</strong></span> <span class='ocrx_word' id='word_1_508' title='bbox 425 4489 555 4539; x_wconf 76' lang='lat' dir='ltr'><strong>suae,</strong></span> <span class='ocrx_word' id='word_1_509' title='bbox 586 4489 748 4543; x_wconf 90' lang='lat' dir='ltr'><strong>quam</strong></span> <span class='ocrx_word' id='word_1_510' title='bbox 768 4488 880 4529; x_wconf 82' lang='lat' dir='ltr'><strong>suae</strong></span> <span class='ocrx_word' id='word_1_511' title='bbox 904 4472 1151 4544; x_wconf 87' lang='lat' dir='ltr'><strong>proficiat</strong></span> <span class='ocrx_word' id='word_1_512' title='bbox 1184 4472 1364 4526; x_wconf 90' lang='lat' dir='ltr'><strong>saluti.</strong></span> <span class='ocrx_word' id='word_1_513' title='bbox 1417 4470 1493 4527; x_wconf 89' lang='lat' dir='ltr'><strong>De</strong></span> <span class='ocrx_word' id='word_1_514' title='bbox 1520 4485 1625 4541; x_wconf 90' lang='lat' dir='ltr'><strong>qua</strong></span> <span class='ocrx_word' id='word_1_515' title='bbox 1655 4470 1778 4542; x_wconf 89' lang='lat' dir='ltr'><strong>gula</strong></span> <span class='ocrx_word' id='word_1_516' title='bbox 1804 4486 1903 4525; x_wconf 90' lang='lat' dir='ltr'><strong>na-</strong></span> 
     </span>
    </p>
   </div>
   <div class='ocr_carea' id='block_1_75' title="bbox 319 4564 1896 4638">
    <p class='ocr_par' dir='ltr' id='par_1_75' title="bbox 319 4564 1896 4638">
     <span class='ocr_line' id='line_1_75' title="bbox 319 4564 1896 4638; baseline -0.003 -16"><span class='ocrx_word' id='word_1_517' title='bbox 319 4569 491 4622; x_wconf 88' lang='lat' dir='ltr'><strong>scitur</strong></span> <span class='ocrx_word' id='word_1_518' title='bbox 514 4569 694 4638; x_wconf 87' lang='lat' dir='ltr'><strong>inepta</strong></span> <span class='ocrx_word' id='word_1_519' title='bbox 709 4567 912 4634; x_wconf 78' lang='lat' dir='ltr'><strong>laetitia,</strong></span> <span class='ocrx_word' id='word_1_520' title='bbox 929 4566 1249 4631; x_wconf 89' lang='lat' dir='ltr'><strong>scurrilitas,</strong></span> <span class='ocrx_word' id='word_1_521' title='bbox 1275 4564 1490 4630; x_wconf 88' lang='lat' dir='ltr'><strong>levitas,</strong></span> <span class='ocrx_word' id='word_1_522' title='bbox 1506 4564 1896 4634; x_wconf 86' lang='lat' dir='ltr'><strong>vaniloquium,</strong></span> 
     </span>
    </p>
   </div>
   <div class='ocr_carea' id='block_1_76' title="bbox 320 4654 1896 4728">
    <p class='ocr_par' dir='ltr' id='par_1_76' title="bbox 320 4654 1896 4728">
     <span class='ocr_line' id='line_1_76' title="bbox 320 4654 1896 4728; baseline -0.004 -15"><span class='ocrx_word' id='word_1_523' title='bbox 320 4658 661 4717; x_wconf 87' lang='lat' dir='ltr'><strong>immunditia</strong></span> <span class='ocrx_word' id='word_1_524' title='bbox 717 4657 979 4728; x_wconf 90' lang='lat' dir='ltr'><strong>corporis,</strong></span> <span class='ocrx_word' id='word_1_525' title='bbox 1031 4656 1355 4712; x_wconf 87' lang='lat' dir='ltr'><strong>instabilitas</strong></span> <span class='ocrx_word' id='word_1_526' title='bbox 1384 4654 1598 4721; x_wconf 89' lang='lat' dir='ltr'><strong>mentis,</strong></span> <span class='ocrx_word' id='word_1_527' title='bbox 1639 4654 1896 4719; x_wconf 90' lang='lat' dir='ltr'><strong>ebrietas,</strong></span> 
     </span>
    </p>
   </div>
   <div class='ocr_carea' id='block_1_77' title="bbox 320 4741 1899 4818">
    <p class='ocr_par' dir='ltr' id='par_1_77' title="bbox 320 4741 1899 4818">
     <span class='ocr_line' id='line_1_77' title="bbox 320 4741 1899 4818; baseline -0.003 -15"><span class='ocrx_word' id='word_1_528' title='bbox 320 4741 526 4803; x_wconf 89' lang='lat' dir='ltr'><strong>libido:</strong></span> <span class='ocrx_word' id='word_1_529' title='bbox 577 4748 704 4818; x_wconf 90' lang='lat' dir='ltr'><strong>quia</strong></span> <span class='ocrx_word' id='word_1_530' title='bbox 749 4761 815 4801; x_wconf 81' lang='lat' dir='ltr'><strong>ex</strong></span> <span class='ocrx_word' id='word_1_531' title='bbox 862 4746 1145 4801; x_wconf 88' lang='lat' dir='ltr'><strong>saturitate</strong></span> <span class='ocrx_word' id='word_1_532' title='bbox 1193 4745 1398 4800; x_wconf 91' lang='lat' dir='ltr'><strong>ventris</strong></span> <span class='ocrx_word' id='word_1_533' title='bbox 1446 4744 1614 4799; x_wconf 92' lang='lat' dir='ltr'><strong>libido</strong></span> <span class='ocrx_word' id='word_1_534' title='bbox 1652 4742 1899 4815; x_wconf 89' lang='lat' dir='ltr'><strong>corporis</strong></span> 
     </span>
    </p>
   </div>
   <div class='ocr_carea' id='block_1_78' title="bbox 320 4837 1916 4911">
    <p class='ocr_par' dir='ltr' id='par_1_78' title="bbox 320 4837 1916 4911">
     <span class='ocr_line' id='line_1_78' title="bbox 320 4837 1916 4911; baseline -0.003 -16"><span class='ocrx_word' id='word_1_535' title='bbox 320 4840 649 4911; x_wconf 86' lang='lat' dir='ltr'><strong>congeritur,</strong></span> <span class='ocrx_word' id='word_1_536' title='bbox 677 4854 795 4910; x_wconf 80' lang='lat' dir='ltr'><strong>quae</strong></span> <span class='ocrx_word' id='word_1_537' title='bbox 816 4854 912 4909; x_wconf 90' lang='lat' dir='ltr'><strong>per</strong></span> <span class='ocrx_word' id='word_1_538' title='bbox 930 4838 1137 4910; x_wconf 85' lang='lat' dir='ltr'><strong>jejunia</strong></span> <span class='ocrx_word' id='word_1_539' title='bbox 1162 4845 1220 4894; x_wconf 91' lang='lat' dir='ltr'><strong>ct</strong></span> <span class='ocrx_word' id='word_1_540' title='bbox 1261 4837 1669 4902; x_wconf 90' lang='lat' dir='ltr'><strong>abstinentiam,</strong></span> <span class='ocrx_word' id='word_1_541' title='bbox 1698 4843 1754 4890; x_wconf 90' lang='lat' dir='ltr'><strong>et</strong></span> <span class='ocrx_word' id='word_1_542' title='bbox 1773 4844 1916 4905; x_wconf 81' lang='lat' dir='ltr'><strong>ope-‘</strong></span> 
     </span>
    </p>
   </div>
   <div class='ocr_carea' id='block_1_79' title="bbox 321 4926 1903 5004">
    <p class='ocr_par' dir='ltr' id='par_1_79' title="bbox 321 4926 1903 5004">
     <span class='ocr_line' id='line_1_79' title="bbox 321 4926 1903 5004; baseline -0.005 -15"><span class='ocrx_word' id='word_1_543' title='bbox 321 4928 400 4990; x_wconf 88' lang='lat' dir='ltr'><strong>ris</strong></span> <span class='ocrx_word' id='word_1_544' title='bbox 433 4931 718 5004; x_wconf 88' lang='lat' dir='ltr'><strong>cujuslibet</strong></span> <span class='ocrx_word' id='word_1_545' title='bbox 762 4931 1137 4986; x_wconf 89' lang='lat' dir='ltr'><strong>assiduitatem</strong></span> <span class='ocrx_word' id='word_1_546' title='bbox 1189 4930 1391 5001; x_wconf 89' lang='lat' dir='ltr'><strong>optime</strong></span> <span class='ocrx_word' id='word_1_547' title='bbox 1433 4928 1688 4983; x_wconf 89' lang='lat' dir='ltr'><strong>vincitur.</strong></span> <span class='ocrx_word' id='word_1_548' title='bbox 1726 4926 1903 5001; x_wconf 57' lang='lat' dir='ltr'><strong>[Come</strong></span> 
     </span>
    </p>
   </div>
   <div class='ocr_carea' id='block_1_80' title="bbox 323 5018 1904 5092">
    <p class='ocr_par' dir='ltr' id='par_1_80' title="bbox 323 5018 1904 5092">
     <span class='ocr_line' id='line_1_80' title="bbox 323 5018 1904 5092; baseline -0.005 -12"><span class='ocrx_word' id='word_1_549' title='bbox 323 5025 502 5080; x_wconf 90' lang='lat' dir='ltr'><strong>munis</strong></span> <span class='ocrx_word' id='word_1_550' title='bbox 532 5024 677 5079; x_wconf 92' lang='lat' dir='ltr'><strong>enim</strong></span> <span class='ocrx_word' id='word_1_551' title='bbox 706 5029 793 5077; x_wconf 92' lang='lat' dir='ltr'><strong>est</strong></span> <span class='ocrx_word' id='word_1_552' title='bbox 822 5020 1005 5092; x_wconf 78' lang='lat' dir='ltr'><strong>regula</strong></span> <span class='ocrx_word' id='word_1_553' title='bbox 1053 5019 1304 5075; x_wconf 89' lang='lat' dir='ltr'><strong>omnibus</strong></span> <span class='ocrx_word' id='word_1_554' title='bbox 1357 5018 1622 5091; x_wconf 85' lang='lat' dir='ltr'><strong>religiosis</strong></span> <span class='ocrx_word' id='word_1_555' title='bbox 1664 5020 1813 5073; x_wconf 89' lang='lat' dir='ltr'><strong>sanis</strong></span> <span class='ocrx_word' id='word_1_556' title='bbox 1848 5026 1904 5073; x_wconf 90' lang='lat' dir='ltr'><strong>et</strong></span> 
     </span>
    </p>
   </div>
   <div class='ocr_carea' id='block_1_81' title="bbox 322 5110 1904 5187">
    <p class='ocr_par' dir='ltr' id='par_1_81' title="bbox 322 5110 1904 5187">
     <span class='ocr_line' id='line_1_81' title="bbox 322 5110 1904 5187; baseline -0.005 -13"><span class='ocrx_word' id='word_1_557' title='bbox 322 5118 575 5181; x_wconf 84' lang='lat' dir='ltr'><strong>infirmis,</strong></span> <span class='ocrx_word' id='word_1_558' title='bbox 608 5126 668 5171; x_wconf 87' lang='lat' dir='ltr'><strong>ut</strong></span> <span class='ocrx_word' id='word_1_559' title='bbox 687 5118 752 5173; x_wconf 87' lang='lat' dir='ltr'><strong>de</strong></span> <span class='ocrx_word' id='word_1_560' title='bbox 790 5115 1157 5187; x_wconf 86' lang='lat' dir='ltr'><strong>qualicunque</strong></span> <span class='ocrx_word' id='word_1_561' title='bbox 1185 5112 1307 5168; x_wconf 91' lang='lat' dir='ltr'><strong>cibo</strong></span> <span class='ocrx_word' id='word_1_562' title='bbox 1334 5126 1614 5182; x_wconf 88' lang='lat' dir='ltr'><strong>nunquam</strong></span> <span class='ocrx_word' id='word_1_563' title='bbox 1643 5110 1904 5182; x_wconf 89' lang='lat' dir='ltr'><strong>impleant</strong></span> 
     </span>
    </p>
   </div>
   <div class='ocr_carea' id='block_1_82' title="bbox 327 5209 1336 5354">
    <p class='ocr_par' dir='ltr' id='par_1_82' title="bbox 327 5209 1336 5354">
     <span class='ocr_line' id='line_1_82' title="bbox 327 5209 1336 5354; baseline -0.003 -1"><span class='ocrx_word' id='word_1_564' title='bbox 327 5209 618 5284; x_wconf 36' lang='lat' dir='ltr'><strong>ventrem.)</strong></span> <span class='ocrx_word' id='word_1_565' title='bbox 909 5296 1136 5354; x_wconf 53' lang='lat' dir='ltr'><strong>carm</strong></span> <span class='ocrx_word' id='word_1_566' title='bbox 1168 5295 1336 5351; x_wconf 54' lang='lat' dir='ltr'><strong>sua</strong></span> 
     </span>
    </p>
   </div>
   <div class='ocr_carea' id='block_1_83' title="bbox 896 5386 1374 5465">
    <p class='ocr_par' dir='ltr' id='par_1_83' title="bbox 896 5386 1374 5465">
     <span class='ocr_line' id='line_1_83' title="bbox 896 5386 1374 5465; baseline -0.006 -23"><span class='ocrx_word' id='word_1_567' title='bbox 896 5386 972 5442; x_wconf 83' lang='lat' dir='ltr'><strong>De</strong></span> <span class='ocrx_word' id='word_1_568' title='bbox 1007 5387 1374 5465; x_wconf 76' lang='lat' dir='ltr'><strong>fornicatione.</strong></span> 
     </span>
    </p>
   </div>
   <div class='ocr_carea' id='block_1_84' title="bbox 397 5495 1902 5569">
    <p class='ocr_par' dir='ltr' id='par_1_84' title="bbox 397 5495 1902 5569">
     <span class='ocr_line' id='line_1_84' title="bbox 397 5495 1902 5569; baseline -0.006 -9"><span class='ocrx_word' id='word_1_569' title='bbox 397 5502 706 5560; x_wconf 84' lang='lat' dir='ltr'><strong>Fornicatio</strong></span> <span class='ocrx_word' id='word_1_570' title='bbox 734 5507 819 5555; x_wconf 90' lang='lat' dir='ltr'><strong>est</strong></span> <span class='ocrx_word' id='word_1_571' title='bbox 839 5499 1015 5558; x_wconf 89' lang='lat' dir='ltr'><strong>omnis</strong></span> <span class='ocrx_word' id='word_1_572' title='bbox 1060 5495 1354 5569; x_wconf 87' lang='lat' dir='ltr'><strong>corporalis</strong></span> <span class='ocrx_word' id='word_1_573' title='bbox 1386 5495 1750 5563; x_wconf 83' lang='lat' dir='ltr'><strong>immunditia,</strong></span> <span class='ocrx_word' id='word_1_574' title='bbox 1783 5511 1902 5568; x_wconf 75' lang='lat' dir='ltr'><strong>qua:</strong></span> 
     </span>
    </p>
   </div>
   <div class='ocr_carea' id='block_1_85' title="bbox 327 5586 1904 5652">
    <p class='ocr_par' dir='ltr' id='par_1_85' title="bbox 327 5586 1904 5652">
     <span class='ocr_line' id='line_1_85' title="bbox 327 5586 1904 5652; baseline -0.007 0"><span class='ocrx_word' id='word_1_575' title='bbox 327 5596 465 5652; x_wconf 83' lang='lat' dir='ltr'><strong>solet</strong></span> <span class='ocrx_word' id='word_1_576' title='bbox 492 5593 604 5647; x_wconf 89' lang='lat' dir='ltr'><strong>fieri</strong></span> <span class='ocrx_word' id='word_1_577' title='bbox 628 5607 696 5646; x_wconf 81' lang='lat' dir='ltr'><strong>ex</strong></span> <span class='ocrx_word' id='word_1_578' title='bbox 726 5589 1122 5647; x_wconf 82' lang='lat' dir='ltr'><strong>iueontinentia</strong></span> <span class='ocrx_word' id='word_1_579' title='bbox 1153 5588 1410 5651; x_wconf 84' lang='lat' dir='ltr'><strong>libidinis,</strong></span> <span class='ocrx_word' id='word_1_580' title='bbox 1447 5593 1502 5642; x_wconf 90' lang='lat' dir='ltr'><strong>et</strong></span> <span class='ocrx_word' id='word_1_581' title='bbox 1543 5586 1765 5641; x_wconf 87' lang='lat' dir='ltr'><strong>mollitia</strong></span> <span class='ocrx_word' id='word_1_582' title='bbox 1789 5588 1904 5641; x_wconf 80' lang='lat' dir='ltr'><strong>aui—</strong></span> 
     </span>
    </p>
   </div>
   <div class='ocr_carea' id='block_1_86' title="bbox 328 5677 1904 5756">
    <p class='ocr_par' dir='ltr' id='par_1_86' title="bbox 328 5677 1904 5756">
     <span class='ocr_line' id='line_1_86' title="bbox 328 5677 1904 5756; baseline -0.006 -13"><span class='ocrx_word' id='word_1_583' title='bbox 328 5703 453 5752; x_wconf 70' lang='lat' dir='ltr'><strong>mae,</strong></span> <span class='ocrx_word' id='word_1_584' title='bbox 481 5699 603 5756; x_wconf 81' lang='lat' dir='ltr'><strong>quae</strong></span> <span class='ocrx_word' id='word_1_585' title='bbox 626 5683 899 5739; x_wconf 88' lang='lat' dir='ltr'><strong>consentit</strong></span> <span class='ocrx_word' id='word_1_586' title='bbox 930 5697 1041 5736; x_wconf 81' lang='lat' dir='ltr'><strong>suae</strong></span> <span class='ocrx_word' id='word_1_587' title='bbox 1083 5680 1234 5736; x_wconf 86' lang='lat' dir='ltr'><strong>carni</strong></span> <span class='ocrx_word' id='word_1_588' title='bbox 1278 5694 1527 5752; x_wconf 89' lang='lat' dir='ltr'><strong>peccare.</strong></span> <span class='ocrx_word' id='word_1_589' title='bbox 1562 5677 1696 5732; x_wconf 85' lang='lat' dir='ltr'><strong>Nam</strong></span> <span class='ocrx_word' id='word_1_590' title='bbox 1723 5680 1904 5734; x_wconf 89' lang='lat' dir='ltr'><strong>anima</strong></span> 
     </span>
    </p>
   </div>
   <div class='ocr_carea' id='block_1_87' title="bbox 331 5812 1905 5888">
    <p class='ocr_par' dir='ltr' id='par_1_87' title="bbox 331 5812 1905 5888">
     <span class='ocr_line' id='line_1_87' title="bbox 331 5812 1905 5888; baseline -0.009 -6"><span class='ocrx_word' id='word_1_591' title='bbox 331 5826 603 5882; x_wconf 81' lang='lat' dir='ltr'><strong>reclamat.</strong></span> <span class='ocrx_word' id='word_1_592' title='bbox 637 5818 1047 5888; x_wconf 70' lang='lat' dir='ltr'><strong>QUERCETANL‘S.</strong></span> <span class='ocrx_word' id='word_1_593' title='bbox 1094 5847 1161 5856; x_wconf 92' lang='lat'><strong>—</strong></span> <span class='ocrx_word' id='word_1_594' title='bbox 1191 5815 1254 5888; x_wconf 87' lang='lat' dir='ltr'><strong>In</strong></span> <span class='ocrx_word' id='word_1_595' title='bbox 1284 5814 1470 5888; x_wconf 84' lang='lat' dir='ltr'><strong>codice</strong></span> <span class='ocrx_word' id='word_1_596' title='bbox 1510 5812 1774 5869; x_wconf 79' lang='lat' dir='ltr'><strong>Vaticano</strong></span> <span class='ocrx_word' id='word_1_597' title='bbox 1791 5815 1905 5888; x_wconf 58' lang='lat'><strong>[530</strong></span> 
     </span>
    </p>
   </div>
   <div class='ocr_carea' id='block_1_88' title="bbox 333 5886 1906 5959">
    <p class='ocr_par' dir='ltr' id='par_1_88' title="bbox 333 5886 1906 5959">
     <span class='ocr_line' id='line_1_88' title="bbox 333 5886 1906 5959; baseline -0.008 -7"><span class='ocrx_word' id='word_1_598' title='bbox 333 5897 469 5952; x_wconf 65' lang='lat' dir='ltr'><strong>iu—i“</strong></span> <span class='ocrx_word' id='word_1_599' title='bbox 498 5908 623 5947; x_wconf 83' lang='lat' dir='ltr'><strong>saec.</strong></span> <span class='ocrx_word' id='word_1_600' title='bbox 652 5886 703 5945; x_wconf 69' lang='lat' dir='ltr'><strong>.YII</strong></span> <span class='ocrx_word' id='word_1_601' title='bbox 733 5892 1015 5959; x_wconf 86' lang='lat' dir='ltr'><strong>sequentia</strong></span> <span class='ocrx_word' id='word_1_602' title='bbox 1045 5888 1220 5957; x_wconf 89' lang='lat' dir='ltr'><strong>capita</strong></span> <span class='ocrx_word' id='word_1_603' title='bbox 1246 5887 1300 5959; x_wconf 73' lang='lat' dir='ltr'><strong>in</strong></span> <span class='ocrx_word' id='word_1_604' title='bbox 1327 5886 1460 5959; x_wconf 82' lang='lat' dir='ltr'><strong>duos</strong></span> <span class='ocrx_word' id='word_1_605' title='bbox 1484 5892 1747 5959; x_wconf 74' lang='lat' dir='ltr'><strong>tractatus</strong></span> <span class='ocrx_word' id='word_1_606' title='bbox 1771 5886 1906 5959; x_wconf 75' lang='lat' dir='ltr'><strong>divi-</strong></span> 
     </span>
    </p>
   </div>
   <div class='ocr_carea' id='block_1_89' title="bbox 335 5954 1892 6032">
    <p class='ocr_par' dir='ltr' id='par_1_89' title="bbox 335 5954 1892 6032">
     <span class='ocr_line' id='line_1_89' title="bbox 335 5954 1892 6032; baseline -0.01 -10"><span class='ocrx_word' id='word_1_607' title='bbox 335 5969 554 6027; x_wconf 75' lang='lat' dir='ltr'><strong>dunt=:r,</strong></span> <span class='ocrx_word' id='word_1_608' title='bbox 595 5954 829 6032; x_wconf 66' lang='lat' dir='ltr'><strong>quorum</strong></span> <span class='ocrx_word' id='word_1_609' title='bbox 873 5961 1075 6031; x_wconf 80' lang='lat' dir='ltr'><strong>primus</strong></span> <span class='ocrx_word' id='word_1_610' title='bbox 1110 5954 1432 6013; x_wconf 77' lang='lat' dir='ltr'><strong>inscribitur</strong></span> <span class='ocrx_word' id='word_1_611' title='bbox 1469 5996 1481 6009; x_wconf 93' lang='lat'><strong>.</strong></span> <span class='ocrx_word' id='word_1_612' title='bbox 1536 5955 1768 6011; x_wconf 78' lang='lat' dir='ltr'><strong>Dictatus</strong></span> <span class='ocrx_word' id='word_1_613' title='bbox 1806 5954 1892 6009; x_wconf 70' lang='grc' dir='ltr'><strong>Αι-</strong></span> 
     </span>
    </p>
   </div>
   <div class='ocr_carea' id='block_1_90' title="bbox 1994 3455 3590 3526">
    <p class='ocr_par' dir='ltr' id='par_1_90' title="bbox 1994 3455 3590 3526">
     <span class='ocr_line' id='line_1_90' title="bbox 1994 3455 3590 3526; baseline -0.001 -15"><span class='ocrx_word' id='word_1_614' title='bbox 1994 3464 2053 3511; x_wconf 89' lang='lat' dir='ltr'><strong>et</strong></span> <span class='ocrx_word' id='word_1_615' title='bbox 2070 3470 2169 3525; x_wconf 89' lang='lat' dir='ltr'><strong>per</strong></span> <span class='ocrx_word' id='word_1_616' title='bbox 2195 3455 2568 3525; x_wconf 83' lang='lat' dir='ltr'><strong>eleemosynas</strong></span> <span class='ocrx_word' id='word_1_617' title='bbox 2595 3457 2649 3511; x_wconf 91' lang='lat' dir='ltr'><strong>in</strong></span> <span class='ocrx_word' id='word_1_618' title='bbox 2695 3469 2984 3526; x_wconf 87' lang='lat' dir='ltr'><strong>pauperes,</strong></span> <span class='ocrx_word' id='word_1_619' title='bbox 3012 3463 3067 3510; x_wconf 93' lang='lat' dir='ltr'><strong>et</strong></span> <span class='ocrx_word' id='word_1_620' title='bbox 3086 3471 3184 3526; x_wconf 88' lang='lat' dir='ltr'><strong>per</strong></span> <span class='ocrx_word' id='word_1_621' title='bbox 3210 3470 3364 3525; x_wconf 87' lang='lat' dir='ltr'><strong>spem</strong></span> <span class='ocrx_word' id='word_1_622' title='bbox 3392 3455 3590 3510; x_wconf 80' lang='lat' dir='ltr'><strong>futurae</strong></span> 
     </span>
    </p>
   </div>
   <div class='ocr_carea' id='block_1_91' title="bbox 1996 3543 3589 3615">
    <p class='ocr_par' dir='ltr' id='par_1_91' title="bbox 1996 3543 3589 3615">
     <span class='ocr_line' id='line_1_91' title="bbox 1996 3543 3589 3615; baseline -0.001 -14"><span class='ocrx_word' id='word_1_623' title='bbox 1996 3546 2365 3611; x_wconf 83' lang='lat' dir='ltr'><strong>beatitudinis,</strong></span> <span class='ocrx_word' id='word_1_624' title='bbox 2405 3545 2533 3600; x_wconf 89' lang='lat' dir='ltr'><strong>dum</strong></span> <span class='ocrx_word' id='word_1_625' title='bbox 2560 3545 2711 3599; x_wconf 82' lang='lat' dir='ltr'><strong>falsae</strong></span> <span class='ocrx_word' id='word_1_626' title='bbox 2736 3544 2897 3615; x_wconf 86' lang='lat' dir='ltr'><strong>hujus</strong></span> <span class='ocrx_word' id='word_1_627' title='bbox 2942 3545 3129 3601; x_wconf 76' lang='lat' dir='ltr'><strong>saeculi</strong></span> <span class='ocrx_word' id='word_1_628' title='bbox 3158 3544 3359 3599; x_wconf 79' lang='lat' dir='ltr'><strong>divitiae</strong></span> <span class='ocrx_word' id='word_1_629' title='bbox 3392 3543 3589 3601; x_wconf 71' lang='lat' dir='ltr'><strong>futurae</strong></span> 
     </span>
    </p>
   </div>
   <div class='ocr_carea' id='block_1_92' title="bbox 1993 3636 3082 3694">
    <p class='ocr_par' dir='ltr' id='par_1_92' title="bbox 1993 3636 3082 3694">
     <span class='ocr_line' id='line_1_92' title="bbox 1993 3636 3082 3694; baseline -0.003 0"><span class='ocrx_word' id='word_1_630' title='bbox 1993 3638 2345 3694; x_wconf 90' lang='lat' dir='ltr'><strong>beatitudinis</strong></span> <span class='ocrx_word' id='word_1_631' title='bbox 2370 3637 2517 3692; x_wconf 88' lang='lat' dir='ltr'><strong>veris</strong></span> <span class='ocrx_word' id='word_1_632' title='bbox 2544 3636 2747 3693; x_wconf 87' lang='lat' dir='ltr'><strong>divitiis</strong></span> <span class='ocrx_word' id='word_1_633' title='bbox 2773 3640 3082 3693; x_wconf 89' lang='lat' dir='ltr'><strong>vincuntur.</strong></span> 
     </span>
    </p>
   </div>
   <div class='ocr_carea' id='block_1_93' title="bbox 2456 3746 3128 3824">
    <p class='ocr_par' dir='ltr' id='par_1_93' title="bbox 2456 3746 3128 3824">
     <span class='ocr_line' id='line_1_93' title="bbox 2456 3746 3128 3824; baseline -0.001 -16"><span class='ocrx_word' id='word_1_634' title='bbox 2456 3749 2614 3824; x_wconf 57' lang='lat'><strong>153</strong></span> <span class='ocrx_word' id='word_1_635' title='bbox 2656 3746 2886 3808; x_wconf 78' lang='lat' dir='ltr'><strong>CAPUT</strong></span> <span class='ocrx_word' id='word_1_636' title='bbox 2935 3747 3128 3807; x_wconf 75' lang='lat' dir='ltr'><strong>xm.</strong></span> 
     </span>
    </p>
   </div>
   <div class='ocr_carea' id='block_1_94' title="bbox 2686 3844 2902 3899">
    <p class='ocr_par' dir='ltr' id='par_1_94' title="bbox 2686 3844 2902 3899">
     <span class='ocr_line' id='line_1_94' title="bbox 2686 3844 2902 3899; baseline -0.009 0"><span class='ocrx_word' id='word_1_637' title='bbox 2686 3844 2765 3899; x_wconf 86' lang='lat' dir='ltr'><strong>De</strong></span> <span class='ocrx_word' id='word_1_638' title='bbox 2799 3846 2902 3898; x_wconf 83' lang='lat' dir='ltr'><strong>ira.</strong></span> 
     </span>
    </p>
   </div>
   <div class='ocr_carea' id='block_1_95' title="bbox 2067 3937 3587 4008">
    <p class='ocr_par' dir='ltr' id='par_1_95' title="bbox 2067 3937 3587 4008">
     <span class='ocr_line' id='line_1_95' title="bbox 2067 3937 3587 4008; baseline -0.003 -11"><span class='ocrx_word' id='word_1_639' title='bbox 2067 3941 2149 3997; x_wconf 90' lang='lat' dir='ltr'><strong>Ira</strong></span> <span class='ocrx_word' id='word_1_640' title='bbox 2176 3957 2280 3996; x_wconf 88' lang='lat' dir='ltr'><strong>una</strong></span> <span class='ocrx_word' id='word_1_641' title='bbox 2314 3948 2397 3996; x_wconf 89' lang='lat' dir='ltr'><strong>est</strong></span> <span class='ocrx_word' id='word_1_642' title='bbox 2422 3938 2490 3995; x_wconf 92' lang='lat' dir='ltr'><strong>dc</strong></span> <span class='ocrx_word' id='word_1_643' title='bbox 2510 3948 2635 3995; x_wconf 91' lang='lat' dir='ltr'><strong>octo</strong></span> <span class='ocrx_word' id='word_1_644' title='bbox 2659 3938 2809 3994; x_wconf 86' lang='lat' dir='ltr'><strong>vitiis</strong></span> <span class='ocrx_word' id='word_1_645' title='bbox 2828 3937 3223 4008; x_wconf 87' lang='lat' dir='ltr'><strong>principalibus</strong></span> <span class='ocrx_word' id='word_1_646' title='bbox 3240 3977 3254 4003; x_wconf 92' lang='lat'><strong>,</strong></span> <span class='ocrx_word' id='word_1_647' title='bbox 3282 3953 3403 4008; x_wconf 78' lang='lat' dir='ltr'><strong>quae</strong></span> <span class='ocrx_word' id='word_1_648' title='bbox 3429 3939 3472 3993; x_wconf 89' lang='lat' dir='ltr'><strong>si</strong></span> <span class='ocrx_word' id='word_1_649' title='bbox 3505 3954 3587 3993; x_wconf 85' lang='lat' dir='ltr'><strong>ra-</strong></span> 
     </span>
    </p>
   </div>
   <div class='ocr_carea' id='block_1_96' title="bbox 1995 4032 3587 4103">
    <p class='ocr_par' dir='ltr' id='par_1_96' title="bbox 1995 4032 3587 4103">
     <span class='ocr_line' id='line_1_96' title="bbox 1995 4032 3587 4103; baseline -0.001 -14"><span class='ocrx_word' id='word_1_650' title='bbox 1995 4035 2143 4090; x_wconf 86' lang='lat' dir='ltr'><strong>tione</strong></span> <span class='ocrx_word' id='word_1_651' title='bbox 2171 4049 2275 4089; x_wconf 91' lang='lat' dir='ltr'><strong>non</strong></span> <span class='ocrx_word' id='word_1_652' title='bbox 2300 4033 2527 4103; x_wconf 82' lang='lat' dir='ltr'><strong>regitur,</strong></span> <span class='ocrx_word' id='word_1_653' title='bbox 2556 4033 2609 4087; x_wconf 91' lang='lat' dir='ltr'><strong>in</strong></span> <span class='ocrx_word' id='word_1_654' title='bbox 2638 4033 2876 4086; x_wconf 70' lang='lat' dir='ltr'><strong>furorem</strong></span> <span class='ocrx_word' id='word_1_655' title='bbox 2912 4032 3146 4085; x_wconf 89' lang='lat' dir='ltr'><strong>vertitur</strong></span> <span class='ocrx_word' id='word_1_656' title='bbox 3173 4046 3188 4084; x_wconf 92' lang='lat'><strong>:</strong></span> <span class='ocrx_word' id='word_1_657' title='bbox 3215 4033 3287 4087; x_wconf 89' lang='lat' dir='ltr'><strong>ita</strong></span> <span class='ocrx_word' id='word_1_658' title='bbox 3318 4040 3377 4087; x_wconf 93' lang='lat' dir='ltr'><strong>ut</strong></span> <span class='ocrx_word' id='word_1_659' title='bbox 3416 4033 3587 4088; x_wconf 83' lang='lat' dir='ltr'><strong>liomo</strong></span> 
     </span>
    </p>
   </div>
   <div class='ocr_carea' id='block_1_97' title="bbox 1998 4120 3585 4195">
    <p class='ocr_par' dir='ltr' id='par_1_97' title="bbox 1998 4120 3585 4195">
     <span class='ocr_line' id='line_1_97' title="bbox 1998 4120 3585 4195; baseline -0.001 -15"><span class='ocrx_word' id='word_1_660' title='bbox 1998 4125 2079 4181; x_wconf 88' lang='lat' dir='ltr'><strong>sui</strong></span> <span class='ocrx_word' id='word_1_661' title='bbox 2113 4123 2279 4179; x_wconf 91' lang='lat' dir='ltr'><strong>animi</strong></span> <span class='ocrx_word' id='word_1_662' title='bbox 2304 4124 2569 4195; x_wconf 89' lang='lat' dir='ltr'><strong>impotens</strong></span> <span class='ocrx_word' id='word_1_663' title='bbox 2590 4121 2870 4195; x_wconf 81' lang='lat' dir='ltr'><strong>crit[Ms.,</strong></span> <span class='ocrx_word' id='word_1_664' title='bbox 2900 4120 3039 4194; x_wconf 83' lang='lat' dir='ltr'><strong>fiat],</strong></span> <span class='ocrx_word' id='word_1_665' title='bbox 3064 4121 3271 4178; x_wconf 85' lang='lat' dir='ltr'><strong>faciens</strong></span> <span class='ocrx_word' id='word_1_666' title='bbox 3308 4139 3430 4193; x_wconf 85' lang='lat' dir='ltr'><strong>quae</strong></span> <span class='ocrx_word' id='word_1_667' title='bbox 3478 4140 3585 4178; x_wconf 87' lang='lat' dir='ltr'><strong>non</strong></span> 
     </span>
    </p>
   </div>
   <div class='ocr_carea' id='block_1_98' title="bbox 1997 4214 3588 4288">
    <p class='ocr_par' dir='ltr' id='par_1_98' title="bbox 1997 4214 3588 4288">
     <span class='ocr_line' id='line_1_98' title="bbox 1997 4214 3588 4288; baseline -0.003 -14"><span class='ocrx_word' id='word_1_668' title='bbox 1997 4217 2268 4274; x_wconf 85' lang='lat' dir='ltr'><strong>convenit.</strong></span> <span class='ocrx_word' id='word_1_669' title='bbox 2298 4216 2425 4272; x_wconf 82' lang='lat' dir='ltr'><strong>Haec</strong></span> <span class='ocrx_word' id='word_1_670' title='bbox 2461 4217 2605 4273; x_wconf 91' lang='lat' dir='ltr'><strong>enim</strong></span> <span class='ocrx_word' id='word_1_671' title='bbox 2645 4216 2690 4271; x_wconf 90' lang='lat' dir='ltr'><strong>si</strong></span> <span class='ocrx_word' id='word_1_672' title='bbox 2730 4215 2881 4270; x_wconf 91' lang='lat' dir='ltr'><strong>cordi</strong></span> <span class='ocrx_word' id='word_1_673' title='bbox 2912 4214 3100 4270; x_wconf 91' lang='lat' dir='ltr'><strong>insidit</strong></span> <span class='ocrx_word' id='word_1_674' title='bbox 3132 4214 3286 4288; x_wconf 74' lang='lat' dir='ltr'><strong>[Hs.,</strong></span> <span class='ocrx_word' id='word_1_675' title='bbox 3340 4214 3588 4288; x_wconf 86' lang='lat' dir='ltr'><strong>insidet],</strong></span> 
     </span>
    </p>
   </div>
   <div class='ocr_carea' id='block_1_99' title="bbox 1998 4303 3591 4381">
    <p class='ocr_par' dir='ltr' id='par_1_99' title="bbox 1998 4303 3591 4381">
     <span class='ocr_line' id='line_1_99' title="bbox 1998 4303 3591 4381; baseline -0.004 -12"><span class='ocrx_word' id='word_1_676' title='bbox 1998 4324 2215 4369; x_wconf 90' lang='lat' dir='ltr'><strong>omnem</strong></span> <span class='ocrx_word' id='word_1_677' title='bbox 2247 4311 2437 4366; x_wconf 77' lang='lat' dir='ltr'><strong>eximit</strong></span> <span class='ocrx_word' id='word_1_678' title='bbox 2461 4312 2529 4364; x_wconf 85' lang='lat' dir='ltr'><strong>ab</strong></span> <span class='ocrx_word' id='word_1_679' title='bbox 2559 4325 2625 4364; x_wconf 92' lang='lat' dir='ltr'><strong>eo</strong></span> <span class='ocrx_word' id='word_1_680' title='bbox 2661 4309 3058 4381; x_wconf 88' lang='lat' dir='ltr'><strong>providentiam</strong></span> <span class='ocrx_word' id='word_1_681' title='bbox 3103 4304 3255 4374; x_wconf 88' lang='lat' dir='ltr'><strong>facti,</strong></span> <span class='ocrx_word' id='word_1_682' title='bbox 3310 4324 3412 4365; x_wconf 91' lang='lat' dir='ltr'><strong>nec</strong></span> <span class='ocrx_word' id='word_1_683' title='bbox 3441 4303 3591 4378; x_wconf 81' lang='lat' dir='ltr'><strong>judi-</strong></span> 
     </span>
    </p>
   </div>
   <div class='ocr_carea' id='block_1_100' title="bbox 1999 4397 3588 4475">
    <p class='ocr_par' dir='ltr' id='par_1_100' title="bbox 1999 4397 3588 4475">
     <span class='ocr_line' id='line_1_100' title="bbox 1999 4397 3588 4475; baseline -0.004 -12"><span class='ocrx_word' id='word_1_684' title='bbox 1999 4408 2145 4463; x_wconf 90' lang='lat' dir='ltr'><strong>cium</strong></span> <span class='ocrx_word' id='word_1_685' title='bbox 2172 4412 2336 4459; x_wconf 72' lang='lat' dir='ltr'><strong>recta:</strong></span> <span class='ocrx_word' id='word_1_686' title='bbox 2364 4403 2683 4459; x_wconf 87' lang='lat' dir='ltr'><strong>dircctionis</strong></span> <span class='ocrx_word' id='word_1_687' title='bbox 2708 4400 2864 4475; x_wconf 82' lang='lat' dir='ltr'><strong>[Ms.,</strong></span> <span class='ocrx_word' id='word_1_688' title='bbox 2905 4397 3272 4473; x_wconf 86' lang='lat' dir='ltr'><strong>discretionis]</strong></span> <span class='ocrx_word' id='word_1_689' title='bbox 3287 4401 3588 4471; x_wconf 81' lang='lat' dir='ltr'><strong>inquirere,</strong></span> 
     </span>
    </p>
   </div>
   <div class='ocr_carea' id='block_1_101' title="bbox 1999 4491 3588 4562">
    <p class='ocr_par' dir='ltr' id='par_1_101' title="bbox 1999 4491 3588 4562">
     <span class='ocr_line' id='line_1_101' title="bbox 1999 4491 3588 4562; baseline -0.004 -10"><span class='ocrx_word' id='word_1_690' title='bbox 1999 4508 2101 4552; x_wconf 90' lang='lat' dir='ltr'><strong>nec</strong></span> <span class='ocrx_word' id='word_1_691' title='bbox 2136 4497 2381 4551; x_wconf 79' lang='lat' dir='ltr'><strong>honestae</strong></span> <span class='ocrx_word' id='word_1_692' title='bbox 2405 4491 2872 4562; x_wconf 89' lang='lat' dir='ltr'><strong>contemplationis</strong></span> <span class='ocrx_word' id='word_1_693' title='bbox 2894 4492 3176 4556; x_wconf 89' lang='lat' dir='ltr'><strong>virtutem,</strong></span> <span class='ocrx_word' id='word_1_694' title='bbox 3215 4506 3319 4547; x_wconf 90' lang='lat' dir='ltr'><strong>nec</strong></span> <span class='ocrx_word' id='word_1_695' title='bbox 3353 4491 3588 4546; x_wconf 62' lang='lat' dir='ltr'><strong>maturi-</strong></span> 
     </span>
    </p>
   </div>
   <div class='ocr_carea' id='block_1_102' title="bbox 2002 4581 3591 4653">
    <p class='ocr_par' dir='ltr' id='par_1_102' title="bbox 2002 4581 3591 4653">
     <span class='ocr_line' id='line_1_102' title="bbox 2002 4581 3591 4653; baseline -0.003 -12"><span class='ocrx_word' id='word_1_696' title='bbox 2002 4594 2168 4641; x_wconf 87' lang='lat' dir='ltr'><strong>tatem</strong></span> <span class='ocrx_word' id='word_1_697' title='bbox 2198 4584 2410 4641; x_wconf 86' lang='lat' dir='ltr'><strong>consilii</strong></span> <span class='ocrx_word' id='word_1_698' title='bbox 2436 4582 2636 4638; x_wconf 88' lang='lat' dir='ltr'><strong>habere</strong></span> <span class='ocrx_word' id='word_1_699' title='bbox 2667 4583 2889 4653; x_wconf 87' lang='lat' dir='ltr'><strong>poterit,</strong></span> <span class='ocrx_word' id='word_1_700' title='bbox 2938 4581 3033 4637; x_wconf 86' lang='lat' dir='ltr'><strong>sed</strong></span> <span class='ocrx_word' id='word_1_701' title='bbox 3061 4581 3246 4636; x_wconf 89' lang='lat' dir='ltr'><strong>omnia</strong></span> <span class='ocrx_word' id='word_1_702' title='bbox 3300 4596 3402 4652; x_wconf 90' lang='lat' dir='ltr'><strong>per</strong></span> <span class='ocrx_word' id='word_1_703' title='bbox 3449 4591 3591 4651; x_wconf 72' lang='lat' dir='ltr'><strong>pne-</strong></span> 
     </span>
    </p>
   </div>
   <div class='ocr_carea' id='block_1_103' title="bbox 2001 4670 3587 4746">
    <p class='ocr_par' dir='ltr' id='par_1_103' title="bbox 2001 4670 3587 4746">
     <span class='ocr_line' id='line_1_103' title="bbox 2001 4670 3587 4746; baseline -0.002 -15"><span class='ocrx_word' id='word_1_704' title='bbox 2001 4675 2245 4746; x_wconf 89' lang='lat' dir='ltr'><strong>cipitium</strong></span> <span class='ocrx_word' id='word_1_705' title='bbox 2282 4673 2553 4744; x_wconf 87' lang='lat' dir='ltr'><strong>quoddam</strong></span> <span class='ocrx_word' id='word_1_706' title='bbox 2592 4670 2774 4728; x_wconf 87' lang='lat' dir='ltr'><strong>facere</strong></span> <span class='ocrx_word' id='word_1_707' title='bbox 2799 4672 3028 4727; x_wconf 82' lang='lat' dir='ltr'><strong>videtur.</strong></span> <span class='ocrx_word' id='word_1_708' title='bbox 3054 4671 3131 4728; x_wconf 87' lang='lat' dir='ltr'><strong>De</strong></span> <span class='ocrx_word' id='word_1_709' title='bbox 3152 4688 3278 4742; x_wconf 89' lang='lat' dir='ltr'><strong>qua,</strong></span> <span class='ocrx_word' id='word_1_710' title='bbox 3297 4672 3349 4727; x_wconf 90' lang='lat' dir='ltr'><strong>id</strong></span> <span class='ocrx_word' id='word_1_711' title='bbox 3373 4684 3453 4728; x_wconf 90' lang='lat' dir='ltr'><strong>est</strong></span> <span class='ocrx_word' id='word_1_712' title='bbox 3482 4674 3587 4739; x_wconf 85' lang='lat' dir='ltr'><strong>ira,</strong></span> 
     </span>
    </p>
   </div>
   <div class='ocr_carea' id='block_1_104' title="bbox 2002 4762 3590 4838">
    <p class='ocr_par' dir='ltr' id='par_1_104' title="bbox 2002 4762 3590 4838">
     <span class='ocr_line' id='line_1_104' title="bbox 2002 4762 3590 4838; baseline -0.002 -17"><span class='ocrx_word' id='word_1_713' title='bbox 2002 4764 2231 4838; x_wconf 86' lang='lat' dir='ltr'><strong>pullulat</strong></span> <span class='ocrx_word' id='word_1_714' title='bbox 2252 4773 2431 4819; x_wconf 78' lang='lat' dir='ltr'><strong>tumor</strong></span> <span class='ocrx_word' id='word_1_715' title='bbox 2462 4764 2685 4829; x_wconf 89' lang='lat' dir='ltr'><strong>mentis,</strong></span> <span class='ocrx_word' id='word_1_716' title='bbox 2708 4763 2843 4817; x_wconf 82' lang='lat' dir='ltr'><strong>rixae</strong></span> <span class='ocrx_word' id='word_1_717' title='bbox 2878 4771 2936 4817; x_wconf 89' lang='lat' dir='ltr'><strong>et</strong></span> <span class='ocrx_word' id='word_1_718' title='bbox 2958 4762 3321 4828; x_wconf 78' lang='lat' dir='ltr'><strong>contumeliae,</strong></span> <span class='ocrx_word' id='word_1_719' title='bbox 3344 4764 3590 4829; x_wconf 87' lang='lat' dir='ltr'><strong>clamor,</strong></span> 
     </span>
    </p>
   </div>
   <div class='ocr_carea' id='block_1_105' title="bbox 2002 4851 3581 4927">
    <p class='ocr_par' dir='ltr' id='par_1_105' title="bbox 2002 4851 3581 4927">
     <span class='ocr_line' id='line_1_105' title="bbox 2002 4851 3581 4927; baseline -0.003 -15"><span class='ocrx_word' id='word_1_720' title='bbox 2002 4856 2321 4927; x_wconf 89' lang='lat' dir='ltr'><strong>indignatio,</strong></span> <span class='ocrx_word' id='word_1_721' title='bbox 2351 4853 2720 4925; x_wconf 80' lang='lat' dir='ltr'><strong>praesumptio,</strong></span> <span class='ocrx_word' id='word_1_722' title='bbox 2747 4853 3118 4924; x_wconf 74' lang='lat' dir='ltr'><strong>blasphemiae,</strong></span> <span class='ocrx_word' id='word_1_723' title='bbox 3146 4853 3427 4925; x_wconf 83' lang='lat' dir='ltr'><strong>sanguinis</strong></span> <span class='ocrx_word' id='word_1_724' title='bbox 3444 4851 3581 4909; x_wconf 84' lang='lat' dir='ltr'><strong>efl‘u-</strong></span> 
     </span>
    </p>
   </div>
   <div class='ocr_carea' id='block_1_106' title="bbox 2004 4944 3585 5016">
    <p class='ocr_par' dir='ltr' id='par_1_106' title="bbox 2004 4944 3585 5016">
     <span class='ocr_line' id='line_1_106' title="bbox 2004 4944 3585 5016; baseline -0.003 -11"><span class='ocrx_word' id='word_1_725' title='bbox 2004 4950 2107 5015; x_wconf 89' lang='lat' dir='ltr'><strong>slo,</strong></span> <span class='ocrx_word' id='word_1_726' title='bbox 2144 4948 2458 5012; x_wconf 90' lang='lat' dir='ltr'><strong>homicidia,</strong></span> <span class='ocrx_word' id='word_1_727' title='bbox 2480 4946 2774 5001; x_wconf 88' lang='lat' dir='ltr'><strong>ulciscendi</strong></span> <span class='ocrx_word' id='word_1_728' title='bbox 2804 4948 3096 5016; x_wconf 78' lang='lat' dir='ltr'><strong>cupiditas,</strong></span> <span class='ocrx_word' id='word_1_729' title='bbox 3117 4944 3440 5013; x_wconf 74' lang='lat' dir='ltr'><strong>iniuriarum</strong></span> <span class='ocrx_word' id='word_1_730' title='bbox 3470 4963 3585 5001; x_wconf 86' lang='lat' dir='ltr'><strong>me—</strong></span> 
     </span>
    </p>
   </div>
   <div class='ocr_carea' id='block_1_107' title="bbox 2003 5038 3589 5112">
    <p class='ocr_par' dir='ltr' id='par_1_107' title="bbox 2003 5038 3589 5112">
     <span class='ocr_line' id='line_1_107' title="bbox 2003 5038 3589 5112; baseline -0.001 -16"><span class='ocrx_word' id='word_1_731' title='bbox 2003 5043 2195 5097; x_wconf 88' lang='lat' dir='ltr'><strong>moria.</strong></span> <span class='ocrx_word' id='word_1_732' title='bbox 2234 5038 2364 5107; x_wconf 81' lang='lat' dir='ltr'><strong>Qnae</strong></span> <span class='ocrx_word' id='word_1_733' title='bbox 2389 5040 2628 5095; x_wconf 91' lang='lat' dir='ltr'><strong>vincitur</strong></span> <span class='ocrx_word' id='word_1_734' title='bbox 2659 5054 2760 5108; x_wconf 89' lang='lat' dir='ltr'><strong>per</strong></span> <span class='ocrx_word' id='word_1_735' title='bbox 2784 5040 3105 5109; x_wconf 88' lang='lat' dir='ltr'><strong>patientiam</strong></span> <span class='ocrx_word' id='word_1_736' title='bbox 3133 5050 3190 5093; x_wconf 90' lang='lat' dir='ltr'><strong>ct</strong></span> <span class='ocrx_word' id='word_1_737' title='bbox 3210 5039 3589 5112; x_wconf 87' lang='lat' dir='ltr'><strong>longanimita—</strong></span> 
     </span>
    </p>
   </div>
   <div class='ocr_carea' id='block_1_108' title="bbox 2005 5130 3588 5203">
    <p class='ocr_par' dir='ltr' id='par_1_108' title="bbox 2005 5130 3588 5203">
     <span class='ocr_line' id='line_1_108' title="bbox 2005 5130 3588 5203; baseline -0.003 -14"><span class='ocrx_word' id='word_1_738' title='bbox 2005 5143 2137 5200; x_wconf 88' lang='lat' dir='ltr'><strong>tem,</strong></span> <span class='ocrx_word' id='word_1_739' title='bbox 2168 5140 2223 5188; x_wconf 89' lang='lat' dir='ltr'><strong>et</strong></span> <span class='ocrx_word' id='word_1_740' title='bbox 2261 5148 2359 5203; x_wconf 89' lang='lat' dir='ltr'><strong>per</strong></span> <span class='ocrx_word' id='word_1_741' title='bbox 2403 5132 2672 5186; x_wconf 88' lang='lat' dir='ltr'><strong>rationem</strong></span> <span class='ocrx_word' id='word_1_742' title='bbox 2720 5130 3159 5195; x_wconf 88' lang='lat' dir='ltr'><strong>intellectualem,</strong></span> <span class='ocrx_word' id='word_1_743' title='bbox 3209 5146 3373 5200; x_wconf 90' lang='lat' dir='ltr'><strong>quam</strong></span> <span class='ocrx_word' id='word_1_744' title='bbox 3424 5130 3588 5195; x_wconf 82' lang='lat' dir='ltr'><strong>Deus,</strong></span> 
     </span>
    </p>
   </div>
   <div class='ocr_carea' id='block_1_109' title="bbox 2006 5220 3587 5291">
    <p class='ocr_par' dir='ltr' id='par_1_109' title="bbox 2006 5220 3587 5291">
     <span class='ocr_line' id='line_1_109' title="bbox 2006 5220 3587 5291; baseline -0.004 -10"><span class='ocrx_word' id='word_1_745' title='bbox 2006 5227 2199 5281; x_wconf 91' lang='lat' dir='ltr'><strong>inserit</strong></span> <span class='ocrx_word' id='word_1_746' title='bbox 2245 5224 2520 5280; x_wconf 87' lang='lat' dir='ltr'><strong>mentibus</strong></span> <span class='ocrx_word' id='word_1_747' title='bbox 2577 5222 2853 5286; x_wconf 89' lang='lat' dir='ltr'><strong>humanis,</strong></span> <span class='ocrx_word' id='word_1_748' title='bbox 2888 5230 2944 5275; x_wconf 90' lang='lat' dir='ltr'><strong>et</strong></span> <span class='ocrx_word' id='word_1_749' title='bbox 3001 5236 3098 5291; x_wconf 91' lang='lat' dir='ltr'><strong>per</strong></span> <span class='ocrx_word' id='word_1_750' title='bbox 3153 5220 3587 5276; x_wconf 80' lang='lat' dir='ltr'><strong>recordationem</strong></span> 
     </span>
    </p>
   </div>
   <div class='ocr_carea' id='block_1_110' title="bbox 2006 5310 3591 5389">
    <p class='ocr_par' dir='ltr' id='par_1_110' title="bbox 2006 5310 3591 5389">
     <span class='ocr_line' id='line_1_110' title="bbox 2006 5310 3591 5389; baseline -0.003 -19"><span class='ocrx_word' id='word_1_751' title='bbox 2006 5315 2349 5389; x_wconf 89' lang='lat' dir='ltr'><strong>[injuriarum</strong></span> <span class='ocrx_word' id='word_1_752' title='bbox 2374 5323 2429 5371; x_wconf 86' lang='lat' dir='ltr'><strong>et.</strong></span> <span class='ocrx_word' id='word_1_753' title='bbox 2445 5312 2776 5383; x_wconf 89' lang='lat' dir='ltr'><strong>passionum,</strong></span> <span class='ocrx_word' id='word_1_754' title='bbox 2806 5327 2943 5380; x_wconf 88' lang='lat' dir='ltr'><strong>quas</strong></span> <span class='ocrx_word' id='word_1_755' title='bbox 2966 5328 3063 5383; x_wconf 85' lang='lat' dir='ltr'><strong>pro</strong></span> <span class='ocrx_word' id='word_1_756' title='bbox 3087 5313 3242 5367; x_wconf 88' lang='lat' dir='ltr'><strong>nobis</strong></span> <span class='ocrx_word' id='word_1_757' title='bbox 3260 5310 3503 5382; x_wconf 87' lang='lat' dir='ltr'><strong>injustep</strong></span> <span class='ocrx_word' id='word_1_758' title='bbox 3524 5330 3591 5365; x_wconf 60' lang='grc' dir='ltr'><strong>ινα</strong></span> 
     </span>
    </p>
   </div>
   <div class='ocr_carea' id='block_1_111' title="bbox 2009 5404 3591 5479">
    <p class='ocr_par' dir='ltr' id='par_1_111' title="bbox 2009 5404 3591 5479">
     <span class='ocr_line' id='line_1_111' title="bbox 2009 5404 3591 5479; baseline -0.005 -12"><span class='ocrx_word' id='word_1_759' title='bbox 2009 5414 2129 5468; x_wconf 89' lang='lat' dir='ltr'><strong>tulit</strong></span> <span class='ocrx_word' id='word_1_760' title='bbox 2193 5409 2475 5473; x_wconf 88' lang='lat' dir='ltr'><strong>Christus;</strong></span> <span class='ocrx_word' id='word_1_761' title='bbox 2540 5415 2597 5462; x_wconf 90' lang='lat' dir='ltr'><strong>et</strong></span> <span class='ocrx_word' id='word_1_762' title='bbox 2635 5422 2732 5477; x_wconf 85' lang='lat' dir='ltr'><strong>per</strong></span> <span class='ocrx_word' id='word_1_763' title='bbox 2773 5404 3113 5479; x_wconf 76' lang='lat' dir='ltr'><strong>memoriam]</strong></span> <span class='ocrx_word' id='word_1_764' title='bbox 3165 5405 3443 5461; x_wconf 85' lang='lat' dir='ltr'><strong>Orationis</strong></span> <span class='ocrx_word' id='word_1_765' title='bbox 3488 5407 3591 5460; x_wconf 74' lang='grc' dir='ltr'><strong>ἰ)οι</strong></span> 
     </span>
    </p>
   </div>
   <div class='ocr_carea' id='block_1_112' title="bbox 2006 5497 3590 5568">
    <p class='ocr_par' dir='ltr' id='par_1_112' title="bbox 2006 5497 3590 5568">
     <span class='ocr_line' id='line_1_112' title="bbox 2006 5497 3590 5568; baseline -0.004 -11"><span class='ocrx_word' id='word_1_766' title='bbox 2006 5504 2237 5568; x_wconf 71' lang='grc' dir='ltr'><strong>ηιὶηὶοεῐε,</strong></span> <span class='ocrx_word' id='word_1_767' title='bbox 2271 5502 2363 5557; x_wconf 91' lang='lat' dir='ltr'><strong>ubi</strong></span> <span class='ocrx_word' id='word_1_768' title='bbox 2395 5500 2507 5556; x_wconf 89' lang='lat' dir='ltr'><strong>Deo</strong></span> <span class='ocrx_word' id='word_1_769' title='bbox 2532 5501 2733 5555; x_wconf 91' lang='lat' dir='ltr'><strong>dicitur</strong></span> <span class='ocrx_word' id='word_1_770' title='bbox 2767 5517 2779 5552; x_wconf 85' lang='lat'><strong>:</strong></span> <span class='ocrx_word' id='word_1_771' title='bbox 2815 5497 3032 5552; x_wconf 81' lang='lat' dir='ltr'><strong>Dimitte</strong></span> <span class='ocrx_word' id='word_1_772' title='bbox 3073 5499 3219 5554; x_wconf 83' lang='lat' dir='ltr'><strong>nobis</strong></span> <span class='ocrx_word' id='word_1_773' title='bbox 3266 5499 3440 5553; x_wconf 83' lang='lat' dir='ltr'><strong>debita</strong></span> <span class='ocrx_word' id='word_1_774' title='bbox 3497 5518 3590 5552; x_wconf 81' lang='lat' dir='ltr'><strong>no-</strong></span> 
     </span>
    </p>
   </div>
   <div class='ocr_carea' id='block_1_113' title="bbox 2010 5591 3587 5661">
    <p class='ocr_par' dir='ltr' id='par_1_113' title="bbox 2010 5591 3587 5661">
     <span class='ocr_line' id='line_1_113' title="bbox 2010 5591 3587 5661; baseline -0.003 -11"><span class='ocrx_word' id='word_1_775' title='bbox 2010 5605 2146 5661; x_wconf 81' lang='lat' dir='ltr'><strong>stra,</strong></span> <span class='ocrx_word' id='word_1_776' title='bbox 2160 5595 2295 5649; x_wconf 80' lang='lat' dir='ltr'><strong>sicut</strong></span> <span class='ocrx_word' id='word_1_777' title='bbox 2311 5602 2360 5648; x_wconf 88' lang='lat' dir='ltr'><strong>et</strong></span> <span class='ocrx_word' id='word_1_778' title='bbox 2383 5610 2474 5648; x_wconf 77' lang='lat' dir='ltr'><strong>nos</strong></span> <span class='ocrx_word' id='word_1_779' title='bbox 2500 5592 2811 5647; x_wconf 76' lang='lat' dir='ltr'><strong>dimittimus</strong></span> <span class='ocrx_word' id='word_1_780' title='bbox 2828 5591 3146 5646; x_wconf 78' lang='lat' dir='ltr'><strong>debitoribus</strong></span> <span class='ocrx_word' id='word_1_781' title='bbox 3166 5593 3359 5648; x_wconf 74' lang='lat' dir='ltr'><strong>nostris</strong></span> <span class='ocrx_word' id='word_1_782' title='bbox 3372 5591 3587 5649; x_wconf 75' lang='lat' dir='ltr'><strong>(Matth.</strong></span> 
     </span>
    </p>
   </div>
   <div class='ocr_carea' id='block_1_114' title="bbox 2010 5686 2234 5760">
    <p class='ocr_par' dir='ltr' id='par_1_114' title="bbox 2010 5686 2234 5760">
     <span class='ocr_line' id='line_1_114' title="bbox 2010 5686 2234 5760; baseline -0.004 -19"><span class='ocrx_word' id='word_1_783' title='bbox 2010 5701 2089 5754; x_wconf 84' lang='lat' dir='ltr'><strong>vt,</strong></span> <span class='ocrx_word' id='word_1_784' title='bbox 2127 5686 2234 5760; x_wconf 66' lang='lat' dir='ltr'><strong>l2).</strong></span> 
     </span>
    </p>
   </div>
   <div class='ocr_carea' id='block_1_115' title="bbox 2010 5821 3588 5947">
    <p class='ocr_par' dir='ltr' id='par_1_115' title="bbox 2010 5821 3588 5947">
     <span class='ocr_line' id='line_1_115' title="bbox 2010 5821 3588 5947; baseline -0.001 -71"><span class='ocrx_word' id='word_1_785' title='bbox 2010 5823 2153 5903; x_wconf 67' lang='lat' dir='ltr'><strong>ctu&#39;ni</strong></span> <span class='ocrx_word' id='word_1_786' title='bbox 2172 5822 2239 5947; x_wconf 44' lang='lat' dir='ltr'><strong>ille</strong></span> <span class='ocrx_word' id='word_1_787' title='bbox 2267 5832 2378 5876; x_wconf 85' lang='lat' dir='ltr'><strong>octo</strong></span> <span class='ocrx_word' id='word_1_788' title='bbox 2415 5823 2551 5879; x_wconf 73' lang='lat' dir='ltr'><strong>vitiis</strong></span> <span class='ocrx_word' id='word_1_789' title='bbox 2577 5821 2993 5893; x_wconf 75' lang='lat' dir='ltr'><strong>principuiibus,‘</strong></span> <span class='ocrx_word' id='word_1_790' title='bbox 3022 5821 3159 5878; x_wconf 77' lang='lat' dir='ltr'><strong>alter</strong></span> <span class='ocrx_word' id='word_1_791' title='bbox 3252 5822 3327 5879; x_wconf 80' lang='lat' dir='ltr'><strong>De</strong></span> <span class='ocrx_word' id='word_1_792' title='bbox 3361 5834 3588 5895; x_wconf 72' lang='lat' dir='ltr'><strong>quatitur</strong></span> 
     </span>
     <span class='ocr_line' id='line_1_116' title="bbox 2010 5902 2298 5947; baseline 0 0"><span class='ocrx_word' id='word_1_793' title='bbox 2010 5902 2180 5947; x_wconf 71' lang='lat' dir='ltr'><strong>t’tl‘lllll</strong></span> <span class='ocrx_word' id='word_1_794' title='bbox 2202 5905 2298 5947; x_wconf 78' lang='lat' dir='ltr'><strong>ms.</strong></span> 
     </span>
    </p>
   </div>
   <div class='ocr_carea' id='block_1_116' title="bbox 2009 5902 2298 5948">
    <p class='ocr_par' dir='ltr' id='par_1_116' title="bbox 2009 5902 2298 5948">
     <span class='ocr_line' id='line_1_117' title="bbox 2009 5902 2298 5948; baseline 0.003 -1"><span class='ocrx_word' id='word_1_795' title='bbox 2009 5902 2298 5948; x_wconf 67' lang='lat' dir='ltr'><strong>virtutibus.</strong></span> 
     </span>
    </p>
   </div>
  </div>
