4112 6578
1144 411 1374 470 CAPUT
1401 411 1614 469 XXXII.

1222 503 1303 560 De
1335 505 1543 560 audin.

656 613 859 672 Acedia
881 622 968 671 est
994 615 1184 686 pestis,
1210 630 1333 687 qua:
1357 616 1472 674 Deo
1517 614 1910 675 famulantibus
1947 620 2175 676 multum

585 720 784 762 nocere
809 707 1091 777 probatur,
1129 708 1257 762 dum
1280 709 1490 764 otiosus
1525 708 1690 764 homo
1723 712 1986 782 torpescit
2011 713 2065 767 in
2084 713 2180 766 de-

585 799 802 855 sideriis
823 799 1153 865 carnalibus,
1187 816 1291 856 nec
1326 801 1380 856 in
1413 813 1578 871 opere
1626 802 1825 872 gaudet
1884 803 2178 873 spirituali,

585 906 687 949 nec
720 893 774 948 in
797 893 1069 950 desiderio
1091 894 1244 967 [Με.,
1274 896 1329 951 in
1352 895 1548 969 salute]
1585 897 1781 954 animae
1806 913 1917 953 sure
1940 900 2176 962 lzetatur,

583 994 688 1040 nec
733 984 790 1040 in
844 984 1115 1057 adiutorio
1175 987 1395 1042 fraterni
1439 987 1644 1043 laboris
1691 987 1974 1044 hilarescit
2026 1007 2039 1041 :
2082 989 2178 1045 sed

583 1085 794 1131 tantum
822 1078 1159 1147 concupiscit
1182 1086 1240 1133 et
1269 1077 1565 1143 desiderat,
1605 1088 1662 1134 et
1695 1081 1871 1136 otiosa
1899 1093 2057 1135 mens
2075 1097 2179 1152 per

581 1169 764 1224 omnia
796 1171 1072 1226 discurrit.
1104 1169 1229 1225 Haec
1254 1179 1339 1225 est
1358 1181 1480 1242 qua:
1503 1170 1735 1225 maxime
1749 1172 2046 1228 monachos
2078 1189 2176 1227 cx-

581 1261 724 1318 cutit
749 1261 816 1316 de
849 1259 986 1316 cella
1018 1261 1073 1314 in
1099 1260 1378 1326 saeculum,
1413 1273 1472 1315 et
1505 1262 1572 1318 de
1599 1263 1833 1334 regulari
1881 1279 2178 1320 conversa-

581 1355 732 1409 tione
755 1353 901 1424 ejicit
922 1367 1017 1409 eos
1041 1354 1096 1408 in
1127 1354 1357 1423 abrupta
1379 1354 1652 1410 vitiorum.
1681 1356 1813 1423 Qtne
1839 1370 1967 1411 cum
2014 1356 2180 1411 mise-

582 1445 808 1501 rabilem
835 1445 1048 1501 obsidet
1077 1454 1334 1506 mentem.
1372 1447 1556 1502 multis
1581 1459 1702 1501 eam
1730 1446 2174 1512 inficitmiseriis,

580 1552 703 1606 quas
731 1539 899 1593 multa
930 1539 1086 1594 docet
1115 1541 1276 1595 mala.
1310 1541 1385 1595 De
1409 1555 1514 1610 qua
1576 1541 1819 1596 nascitur
1867 1538 2175 1598 somnolen-

580 1631 680 1692 tia,
713 1630 927 1703 pigritia
961 1633 1147 1702 aperis
1173 1635 1324 1699 boni,
1379 1633 1706 1690 instabilitas
1746 1635 1867 1699 loci,
1915 1648 2180 1708 pervaga-

585 1724 662 1780 tio
678 1725 743 1780 de
769 1725 886 1781 loco
909 1726 962 1780 in
980 1725 1180 1791 locum,
1211 1727 1465 1797 tepiditas
1488 1727 1786 1792 latiorandi,
1810 1729 2026 1783 aedium
2057 1740 2178 1785 cer-

1405 297 1465 352 B.
1503 298 1566 354 F.
1607 298 1836 355 ALBINI
1872 299 2002 357 εει]
2043 299 2320 359 ALCUIN'l
2358 301 2644 362 OPERUM
2683 302 2863 363 PARS
2901 309 2990 364 iV.

3780 309 3882 364 633

2208 421 2254 479 Α
2285 420 2578 489 discordia,
2630 423 2808 478 inanis
2860 423 3047 493 gloria:
3090 425 3305 494 cupido,
3350 433 3404 480 et
3453 426 3795 496 hypocrisis,
3833 427 3883 483 id

2277 521 2382 576 est,
2416 513 2693 569 simulatio
2733 511 2862 570 boni
2906 516 3113 586 operis,
3161 529 3283 572 cum
3337 518 3489 574 deSe
3545 519 3719 575 homo
3767 521 3882 577 vult

2278 601 2513 673 laudari,
2535 607 2680 678 quod
2706 619 2764 663 se
2793 620 2957 678 agere
2983 608 3175 665 nescit.
3199 608 3313 666 imo
3334 623 3472 680 pene
3520 611 3712 668 omnia
3762 625 3881 682 qua:

2276 695 2442 764 facit,
2468 712 2534 753 eo
2560 707 2749 756 tenore
2776 702 2904 770 agit,
2930 709 2991 756 ut
3028 701 3096 757 ab
3124 704 3435 760 hominibus
3468 704 3757 772 laudetur,
3814 707 3880 763 de

2277 788 2475 860 quibus
2529 792 2645 860 ipse
2676 791 2940 846 Dominus
2966 792 3042 847 ait
3068 811 3081 846 :
3112 793 3277 849 Amen
3307 795 3425 849 dico
3460 796 3631 862 vobis,
3670 811 3880 867 receps-

2278 891 2404 936 runt
2428 883 2718 938 mercedem
2746 898 2896 938 suam
2925 885 3141 959 (Matth.
3166 903 3244 952 v1,
3292 889 3373 958 2).
3429 888 3477 962 [εΙ
3509 885 3614 946 [Sta
3685 893 3879 963 pestis,

2277 971 2332 1026 id
2355 981 2458 1037 est,
2486 987 2625 1028 vana
2651 975 2842 1044 gloria,
2869 976 3221 1034 multiformis
3248 981 3477 1035 avaritia
3492 989 3600 1046 est,
3634 991 3696 1038 et
3725 985 3883 1040 undi-

2279 1072 2386 1134 que
2406 1062 2656 1120 bellatori
2681 1075 2873 1122 contra
2913 1069 3048 1124 vitia
3077 1072 3362 1140 pugnanti,
3403 1082 3458 1127 et
3477 1088 3542 1128 ex
3569 1075 3724 1128 omni
3756 1090 3882 1143 par-

2279 1161 2334 1209 te
2373 1157 2568 1212 victori
2595 1159 2761 1212 etiam
2789 1161 3046 1214 vitiorum
3077 1163 3338 1216 occurrit.
3376 1160 3509 1220 Nam
3535 1167 3665 1220 etin
3691 1167 3883 1222 habitu

2277 1249 2412 1304 etin
2472 1248 2645 1303 forma
2662 1253 2929 1321 corpOris,
2960 1253 3015 1307 in
3039 1255 3278 1319 incessu,
3312 1255 3365 1310 in
3392 1269 3543 1322 voce,
3575 1267 3629 1312 ct
3665 1258 3722 1313 in
3754 1272 3884 1329 ope-

2278 1355 2364 1404 re,
2408 1339 2461 1393 in
2483 1341 2706 1411 vigiliis,
2735 1342 3053 1413 injcjuniis,
3077 1345 3130 1399 in
3162 1347 3434 1406 oratione.
3459 1348 3514 1403 in
3548 1351 3880 1416 remotione,

2277 1426 2331 1480 in
2370 1427 2623 1494 lectione,
2653 1432 2706 1484 in
2737 1433 2990 1497 scientia,
3015 1437 3067 1488 in
3109 1437 3505 1501 taciturnitate,
3540 1440 3592 1494 in
3624 1441 3884 1496 obedien-

2279 1517 2377 1583 tia,
2403 1519 2457 1574 in
2483 1521 2811 1588 humilitate,
2853 1525 2906 1578 in
2931 1527 3207 1595 patientiae
3224 1528 3634 1600 longanimitate
3649 1533 3881 1590 militem

2275 1609 2476 1666 Christi
2507 1613 2795 1668 vulnerare
2823 1624 3070 1680 conatur,
3113 1625 3168 1672 et
3197 1619 3342 1673 velut
3370 1621 3876 1689 perniciosissimus

2278 1702 2530 1772 scopulus
2561 1706 2898 1762 tumentibus
2921 1707 3078 1764 undis
3099 1709 3349 1768 obtectus
3402 1713 3761 1784 imprOvisum
3820 1731 3882 1773 ac

581 1819 686 1884 dis,
717 1822 1076 1876 murmuratio
1099 1774 1513 1893 etinalniloquia
1560 1818 1699 1894 [.4!.,
1756 1774 2169 1896 magniloquia].
2209 1774 2254 1836 Β
2280 1793 2589 1896 miserabili:
2613 1794 2957 1896 "alffraginm
2986 1813 3247 1896 Prosper?
3281 1805 3687 1876 ηπίέτδηῑίδυε»
3746 1808 3875 1865 dum

580 1907 712 1976 Quas
745 1911 979 1967 vincitur
1005 1927 1101 1981 per
1135 1913 1372 1967 studium
1407 1913 1679 1980 lcetiouis,
1730 1929 1830 1985 per
1877 1913 2171 1971 assiduita-

580 2009 689 2057 tem
719 2004 901 2074 operis
927 2003 1076 2069 boni,
1102 2018 1200 2075 per
1225 2005 1554 2061 desiderium
1599 2004 1796 2060 futura:
1822 2008 2170 2078 praemiorum

576 2087 946 2158 beatitudinis,
979 2109 1076 2164 per
1098 2093 1492 2150 confessionem
1515 2096 1856 2162 tentationis,
1911 2111 2073 2167 quam
2117 2096 2170 2152 in

577 2192 760 2238 mente
785 2183 970 2249 habet,
1007 2199 1104 2255 per
1130 2185 1480 2242 stabilitatem
1507 2187 1608 2242 loci
1637 2195 1693 2242 et
1743 2189 2009 2259 propositi
2061 2189 2168 2255 sui,

578 2282 744 2346 atque
769 2277 1085 2332 exercitium
1112 2277 1406 2346 cujuslibet
1425 2280 1558 2334 artis
1583 2288 1640 2333 et
1684 2279 1910 2346 laboris,
1932 2281 2018 2335 vel
2046 2295 2170 2335 ora-

525 2365 788 2422 otionnm
825 2375 879 2423 et
919 2369 1232 2442 vigiliarum
1259 2371 1596 2436 instantiam,
1639 2379 1699 2426 ut
1732 2386 2007 2443 nunquam
2033 2375 2173 2429 otio-

577 2474 674 2516 sus
700 2462 1006 2516 inveniatur
1034 2478 1225 2518 servus
1250 2462 1369 2521 Dei.
1398 2459 1676 2521 Difﬁcilius
1704 2465 2174 2522 invenitdiabolus

577 2553 825 2608 tentandi
850 2553 1025 2609 locum
1050 2551 1104 2608 in
1131 2553 1349 2609 homine
1363 2567 1522 2626 quem
1543 2555 1596 2609 in
1615 2555 2168 2625 opereinvenitbono,

577 2659 742 2715 quam
767 2645 820 2700 in
849 2661 915 2703 eo
942 2657 1101 2717 quem
1133 2648 1368 2703 otiosum
1397 2648 1600 2720 reperit
1620 2654 1676 2704 et
1701 2647 1836 2704 nihil
1853 2649 1980 2704 boni
2005 2662 2173 2719 agen-

581 2743 708 2791 tem.

1124 2824 1360 2886 CAPUT
1387 2825 1624 2884 XXXIII.

1191 2946 1271 3001 De
1315 2946 1556 3002 tristitia.

647 3057 905 3121 TriStitiac
931 3062 1036 3118 duo
1070 3071 1198 3117 sunt
1220 3077 1419 3134 genera
1445 3079 1460 3117 :
1490 3076 1659 3119 unum
1681 3064 2044 3130 satutii‘erum,
2087 3063 2165 3121 al-

575 3158 754 3209 terum
787 3153 1124 3225 pestiferum.
1161 3155 1402 3211 Tristitia
1426 3155 1681 3212 salutaris
1707 3170 1812 3221 est,
1857 3159 2074 3228 quando
2100 3159 2168 3213 de
2194 3140 2242 3204 C

573 3245 814 3314 peccatis
841 3245 954 3300 suis
987 3246 1198 3300 animus
1224 3246 1580 3301 contristatur
1621 3249 1944 3317 peccatoris,
1988 3257 2044 3304 et
2092 3249 2168 3304 ita

570 3338 952 3402 contristatur,
985 3345 1046 3392 nt
1072 3337 1472 3395 confesiionem
1505 3346 1558 3395 et
1592 3343 1972 3410 paenitentiam
2006 3356 2170 3415 agere

573 3441 802 3502 qumrat,
823 3442 882 3487 et
912 3433 1155 3486 converti
1181 3448 1239 3487 se
1265 3433 1332 3487 ad
1373 3433 1541 3488 Deum
1575 3435 1866 3490 desideret.
1919 3435 2036 3491 Alia
2084 3445 2172 3491 est

573 3522 797 3578 tristitia
825 3521 984 3592 hujus
1012 3523 1214 3588 szcculi,
1243 3539 1362 3593 qua:
1387 3534 1617 3580 mortem
1649 3534 1910 3595 operatur
1946 3527 2162 3593 animm,

573 3629 695 3685 qua:
723 3613 853 3669 nihil
882 3615 934 3669 in
959 3615 1102 3669 bono
1129 3630 1292 3684 opere
1307 3615 1572 3685 proiicere
1589 3617 1753 3678 valet,
1771 3633 1893 3686 quze
1921 3619 2165 3674 animum

571 3707 876 3774 perturbat,
903 3714 957 3761 et
981 3721 1124 3777 saepe
1153 3707 1206 3760 in
1228 3706 1662 3776 desperationem
1699 3709 1890 3774 mittit,
1932 3719 1993 3764 ut
2022 3709 2168 3764 iutu-

573 3811 760 3852 rorum
787 3808 938 3867 spem
975 3796 1229 3851 abstollat
1258 3795 1412 3869 [Ms.,
1464 3795 1699 3871 auferat]
1752 3801 2044 3854 bonorum.
2083 3801 2164 3855 Ex

571 3887 688 3959 ipsa
726 3888 968 3943 nascitur
996 3887 1225 3952 malitia,
1261 3903 1474 3954 rancor,
1527 3889 1690 3943 animi
1727 3889 2163 3959 pusillanimitas,

572 3979 902 4042 amaritudo,
929 3979 1260 4049 desperatio.
1293 3977 1447 4050 Saepe
1469 3980 1634 4034 etiam
1659 3988 1716 4035 et
1736 3982 2021 4051 praesentis
2038 3982 2166 4038 vita:

573 4069 721 4123 nulla
747 4069 1056 4125 delectatio.
1093 4069 1225 4138 Qum
1250 4070 1485 4125 vincitur
1509 4087 1607 4141 per
1631 4071 1876 4126 laetitiam
1907 4073 2166 4142 spiritua-

571 4160 702 4222 lem,
724 4169 776 4214 et
801 4177 950 4233 spem
975 4161 1305 4227 futurorum,
1352 4170 1408 4216 ct
1447 4162 1876 4218 consolationem
1923 4163 2167 4234 Scriptu-

570 4269 778 4320 rarum,
801 4265 857 4310 et
885 4253 1186 4312 fraternum
1211 4254 1289 4326 [in
1318 4256 1582 4326 spirituali
1617 4256 1983 4327 jucunditatel
1999 4259 2166 4315 collo-

573 4346 780 4412 quium.

1118 4440 1345 4496 CAPUT
1373 4439 1608 4496 XXXIV.

850 4527 929 4588 De
948 4533 1256 4595 cenodaxiu,
1291 4533 1345 4586 id
1375 4545 1472 4599 est,
1505 4551 1641 4588 uana
1677 4534 1872 4606 giaria.

643 4641 795 4696 Vana
823 4641 992 4713 gloria
1030 4650 1132 4709 est,
1157 4645 1284 4698 dum
1317 4645 1478 4699 homo
1525 4645 1729 4714 appetit
1756 4646 1808 4700 in
1841 4647 2002 4703 bonis
2043 4645 2161 4702 suis

568 4734 804 4798 laudari,
836 4743 1016 4790 etnon
1043 4735 1134 4790 dat
1180 4734 1290 4789 Deo
1323 4737 1586 4790 honorem
1639 4735 1758 4808 [sed
1807 4737 1909 4792 sibi
1963 4755 1976 4790 :
2032 4736 2155 4810 nec]

567 4826 763 4880 diviuze
785 4825 1014 4896 imputat
1033 4827 1221 4899 gratia:
1242 4827 1501 4897 quidquiJ
1525 4829 1653 4883 boni
1682 4827 2154 4904 facit,sed[quasi]

534 4940 537 4943 -
567 4933 634 4971 ex
664 4933 723 4973 se
747 4918 943 4972 habeat
967 4919 1050 4973 vel
1104 4919 1382 4974 szeculuris
1410 4919 1728 4991 dignitatem
1769 4921 2014 4985 honoris,
2070 4922 2154 4977 vel

568 5008 864 5078 spiritualis
902 5010 1151 5064 decorem
1180 5009 1480 5077 sapientim,
1505 5009 1633 5064 dum
1662 5012 1826 5066 homo
1857 5013 1991 5066 nihil
2037 5013 2160 5069 θῦεν-

566 5116 674 5169 que
695 5100 788 5154 Dei
815 5102 989 5170 gratia
1020 5101 1103 5155 vel
1132 5100 1401 5166 adjutoriu
1430 5101 1632 5158 habere
1657 5105 1829 5172 possit
1861 5105 2012 5170 boni,
2042 5105 2153 5162 sic-

568 5200 630 5243 ut
691 5191 803 5260 ipsa
851 5190 1064 5246 Veritas
1112 5193 1163 5246 in
1209 5191 1498 5262 Evangelia
1549 5195 1831 5266 discipulis
1881 5197 1995 5252 suis
2031 5198 2151 5253 ait:

2277 1897 2386 1937 non
2423 1892 2667 1946 cavetur,
2694 1886 2968 1958 importat.
2998 1889 3132 1946 Nam
3159 1894 3244 1948 cui
3278 1902 3381 1950 sub
3416 1898 3599 1969 specie
3627 1900 3880 1969 pulchra:

2276 1977 2442 2032 vestis
2469 1993 2533 2033 ac
2562 1979 2747 2035 nitida:
2775 1983 3133 2040 cenodoxiam
3199 2001 3307 2043 non
3359 1991 3535 2059 potuit
3586 2007 3878 2064 gen-rare,

2273 2084 2374 2140 pro
2396 2070 2642 2140 Squalida
2679 2080 2736 2127 et
2789 2072 2990 2129 inculta
3018 2091 3082 2132 ac
3104 2078 3282 2134 viliori
3323 2092 3556 2138 conatur
3583 2084 3874 2151 inserere;

2273 2173 2435 2230 quem
2476 2178 2585 2217 non
2611 2164 2786 2234 potuit
2811 2180 2907 2235 per
2935 2166 3198 2224 honorem
3241 2172 3496 2242 dejicere,
3560 2176 3877 2236 humilitate

2273 2253 2620 2323 supplantat;
2647 2270 2810 2325 quem
2841 2258 3082 2316 scientia:
3111 2268 3168 2316 et
3195 2262 3522 2322 elocutionis
3537 2278 3742 2324 ornatu
3774 2280 3872 2326 ne-

2274 2346 2452 2414 quivit
2495 2347 2777 2414 extollere,
2829 2352 3096 2420 gravitatc
3147 2355 3540 2415 taciturnitatis
3593 2359 3769 2417 elidit.
3818 2360 3876 2420 Si

2268 2437 2482 2508 jejunat
2513 2439 2712 2510 palam,
2767 2439 2941 2512 gloria
2998 2449 3260 2504 vanitatis
3299 2452 3578 2521 pulsatur;
3642 2456 3689 2512 si
3745 2457 3874 2513 illud

2273 2533 2682 2588 contemnenda
2712 2534 2898 2604 gloria:
2928 2552 3093 2593 causa
3121 2545 3448 2609 contexerit,
3493 2547 3689 2603 eo'lem
3742 2551 3873 2606 vitio

2272 2621 2524 2676 elationis
2561 2624 2709 2678 intus
2747 2626 2801 2680 in
2829 2629 3010 2698 seipso
3039 2632 3202 2688 homo
3252 2637 3622 2695 subtunditur.
3666 2640 3746 2697 Ne
3777 2654 3876 2697 va-

2274 2729 2356 2768 nm
2377 2714 2562 2784 gloria!
2588 2719 2912 2790 contagione
2937 2723 3261 2790 maculetur,
3287 2729 3563 2786 orationes
3597 2732 3870 2800 prolixius

2273 2806 2376 2862 sub
2405 2806 2636 2862 fratrum
2664 2810 2799 2865 vitat
2826 2813 3104 2871 celebrare
3143 2827 3437 2888 conspectu
3500 2823 3727 2892 etquod
3778 2837 3872 2881 cas

2272 2898 2506 2954 latenter
2524 2911 2798 2969 exerceat,
2824 2920 2932 2960 non
2954 2906 3138 2979 effugit
3155 2911 3373 2968 aculeos
3391 2913 3670 2971 vanitatis.
3686 2916 3866 2972 Alium

2271 2993 2415 3062 quod
2442 2993 2874 3064 patientissimus
2912 3000 2984 3054 sit
3029 3015 3257 3071 operum
3287 3020 3355 3060 ac
3417 3005 3640 3074 laboris,
3703 3009 3868 3065 alium

2270 3084 2416 3152 quod
2456 3085 2524 3139 ad
2575 3087 2936 3143 ohedicndum
2991 3096 3455 3163 promptissimus,
3509 3098 3679 3154 alium
3726 3099 3868 3172 quod

2272 3174 2581 3230 humilitate
2607 3187 2836 3232 caeteros
2865 3180 3145 3249 prtecellit,
3174 3187 3868 3247 conaturextollere.Alius

2269 3265 2532 3331 seientim,
2553 3267 2692 3322 alius
2714 3267 2963 3324 lectionis
2987 3273 3188 3340 studio,
3223 3275 3362 3332 alius
3381 3277 3688 3349 vigiliarum
3742 3298 3870 3353 pro-

2268 3356 2479 3413 lixitate
2509 3366 2769 3416 tentatur.
2810 3362 2928 3417 Non
2955 3363 3129 3421 solum
3162 3383 3291 3439 ergo
3341 3372 3692 3430 saecularibus
3739 3393 3868 3448 ope-

2269 3450 2441 3515 ribus,
2472 3453 2567 3506 sed
2592 3454 2758 3508 etiam
2785 3457 2897 3510 suis
2919 3457 3213 3514 virtutibus
3250 3461 3529 3520 hominem
3582 3468 3673 3524 hic
3724 3486 3865 3525 mor-

2269 3543 2370 3599 bus
2397 3545 2589 3599 nititur
2619 3548 2913 3620 sauciare].
2939 3548 3109 3619 Cujus
3129 3553 3303 3608 morbi
3340 3557 3608 3613 medieina
3640 3569 3725 3614 est
3765 3577 3853 3616 re-

2267 3637 2512 3693 cordatio
2537 3639 2732 3694 divinae
2754 3642 3039 3707 bonitatis,
3059 3657 3157 3715 per
3169 3662 3331 3718 quam
3345 3651 3527 3707 omnia
3547 3653 3689 3708 bona
3709 3655 3864 3711 nobis

2266 3728 2460 3784 collata
2487 3739 2633 3795 sunt,
2667 3749 2787 3801 quze
2833 3735 3033 3790 habere
3062 3737 3346 3805 videmur;
3376 3743 3541 3797 etiam
3571 3753 3628 3800 et
3673 3762 3864 3817 perpe-

2267 3831 2357 3876 tua
2382 3823 2551 3890 ipsius
2575 3823 2670 3878 Dei
2703 3827 2966 3892 charitas,
3005 3829 3058 3882 in
3099 3829 3253 3900 Cujus
3289 3827 3449 3889 laude
3469 3837 3652 3892 omnia
3694 3854 3856 3908 agere

2266 3912 2546 3979 debemus,
2575 3915 2834 3986 quidquii
2867 3918 2990 3972 boni
3044 3916 3097 3974 in
3140 3921 3245 3978 hoc
3299 3922 3497 3980 srculo
3539 3942 3853 3996 operemur,

2264 4014 2320 4061 et
2348 4008 2523 4077 magis
2551 4009 2862 4064 desiderare
2884 4021 2914 4064 a
2947 4009 3060 4066 Deo
3082 4011 3292 4069 laudari
3344 4016 3398 4071 in
3429 4018 3518 4073 die
3550 4019 3861 4075 retributio-

2263 4099 2350 4155 nis
2375 4109 2609 4161 :cternte,
2641 4115 2805 4171 quam
2833 4103 2902 4156 ab
2929 4104 3147 4160 homine
3173 4107 3416 4176 quolibet
3439 4111 3491 4165 in
3521 4110 3679 4181 hujus
3707 4121 3859 4168 tran-

2265 4191 2466 4247 sitoriae
2494 4193 2619 4246 vita:
2641 4194 3074 4250 conversatione.
3114 4194 3214 4270 [ita
3244 4197 3410 4255 etiam
3457 4201 3600 4258 hanc
3630 4203 3859 4260 bestiam

2262 4285 2562 4352 poterimus
2591 4287 2842 4351 evadere,
2892 4295 2953 4341 ut
3003 4290 3306 4356 cogitantes
3346 4292 3498 4348 illum
3547 4294 3856 4352 Davidirnm

2265 4389 2480 4432 versum
2519 4396 2531 4432 :
2556 4376 2814 4432 Dominus
2838 4380 3117 4451 dissipabit
3145 4400 3263 4437 ossa
3287 4399 3488 4446 eorum.
3525 4389 3861 4460 qui/tamini-

2265 4468 2358 4523 bus
2385 4468 2588 4538 ptaceut
2615 4468 2786 4541 (Psal.
2817 4473 3006 4544 1.11.6).
3027 4471 3285 4530 Primitus
3312 4477 3447 4532 nihil
3475 4479 3652 4535 inanis
3671 4480 3856 4552 gloria:

2267 4563 2436 4632 gratia
2462 4561 2967 4629 faciamus,deinde
3011 4581 3135 4636 qua:
3180 4568 3323 4624 bono
3350 4571 3506 4627 initio
3545 4570 3856 4643 fecerimus,

2265 4654 2646 4710 observatione
2675 4655 2840 4710 simili
2869 4659 3258 4715 custodiamus.
3300 4661 3378 4718 Ne
3402 4665 3581 4720 omnis
3609 4665 3855 4726 laborum

2266 4754 2576 4801 nostrorum
2634 4743 2845 4802 fructus
2872 4757 2996 4816 post
3029 4749 3276 4822 irrepens
3303 4766 3456 4810 vame
3482 4756 3667 4828 gloriae
3707 4775 3857 4815 mor-

2262 4837 2366 4893 bus
2390 4845 2636 4892 evacuet.
2651 4837 2922 4908 Quidquid
2936 4842 3099 4896 etiam
3114 4843 3168 4897 in
3186 4849 3600 4904 conversatione
3621 4847 3854 4908 fratrum

2263 4931 2484 4984 minimc
2513 4933 2818 4986 communis
2856 4949 2984 4988 usus
3041 4937 3257 5005 recipit,
3314 4954 3661 4999 cxsecremus
3703 4945 3853 5001 omni

2257 5023 2456 5087 studio,
2479 5031 2534 5076 et
2561 5021 2723 5077 veluti
2741 5022 3023 5092 iactantiae
3049 5026 3287 5084 deditum
3320 5031 3670 5099 declinemus,
3708 5043 3765 5091 et
3786 5050 3854 5091 ea

2258 5128 2380 5182 qum
2412 5126 2512 5166 nos
2556 5121 2782 5182 possunt
2819 5115 2961 5170 inter
3007 5125 3236 5174 cmteros
3285 5123 3553 5180 noxabiles
3601 5125 3853 5191 reddere,

2255 5217 2320 5256 ac
2348 5200 2512 5256 veluti
2536 5203 2665 5257 solis
2693 5202 3018 5261 facientibus
3037 5206 3157 5263 laus
3176 5211 3317 5280 apud
3343 5212 3590 5270 homines
3613 5216 3683 5271 sit
3713 5231 3847 5273 con-

569 5281 701 5334 Sine
729 5298 808 5334 me
832 5281 965 5334 nihil
987 5283 1202 5350 potestis
1225 5282 1399 5350 facere
1427 5283 1610 5354 (Joan.
1641 5301 1730 5351 xv,
1762 5286 1841 5359 5).
1871 5288 2153 5359 Quaprop—
2253 5293 2536 5362 quirenda,
2561 5294 2848 5368 vitemus.)

566 5378 654 5425 tcr
693 5370 784 5440 qui
827 5370 1105 5440 gloriatur,
1143 5371 1196 5424 in
1232 5371 1460 5426 Domino
1503 5374 1810 5444 glorietur:
1851 5377 1976 5446 quia
2016 5377 2150 5432 nihil

2321 5383 2386 5437 lii
2411 5393 2536 5439 sunt
2563 5395 2689 5439 octo
2717 5387 2880 5441 totius
2901 5386 3196 5458 impietatis
3216 5392 3384 5451 duces
3413 5409 3537 5451 cum
3575 5398 3835 5454 exercitio

566 5459 687 5515 sine
708 5460 818 5515 Deo
854 5460 1087 5514 donante
1113 5459 1275 5533 144.
1303 5463 1427 5516 boni
1457 5464 1655 5520 habere
1687 5467 1905 5536 poterit.
1932 5467 2010 5521 Ex
2056 5484 2152 5524 cu-
2251 5473 2353 5528 bus
2373 5475 2507 5536 suis,
2531 5484 2587 5529 et
2607 5473 2890 5532 fortissimi
2920 5487 3112 5537 contra
3134 5483 3429 5540 humanum
3462 5499 3631 5560 genus
3656 5489 3848 5545 diabo-

560 5553 652 5623 jus
676 5555 792 5609 vitii
830 5555 1011 5609 radice
1063 5555 1215 5608 multi
1253 5555 1473 5610 malitia:
1529 5558 1839 5628 germinare
1895 5559 2153 5616 videntur

567 5646 859 5702 ramuscnli
891 5663 904 5700 :
941 5645 1066 5701 inde
1100 5644 1390 5714 iactantia,
1444 5653 1777 5722 arrogantia,
1829 5652 2148 5723 indignatio,

2256 5565 2375 5622 licae
2403 5564 2610 5622 fraudis
2632 5568 2945 5626 bellatores.
2979 5570 3104 5646 [Qpi
3152 5589 3284 5648 ergo
3328 5592 3495 5634 unum
3540 5580 3730 5637 vitium
3780 5581 3849 5637 de

2255 5657 2376 5712 istis
2406 5657 2609 5712 habens
2635 5659 2755 5715 sine
2775 5657 3118 5722 confessione
3146 5674 3201 5721 et
3236 5669 3553 5738 poenitentia
3587 5674 3842 5740 moritur,

636 5778 660 5805 ο
697 5763 823 5830 Quae
849 5762 1062 5819 uncinis
1092 5762 1298 5817 inclusa
1337 5769 1485 5829 sunt,
1510 5763 1562 5819 in
1594 5765 1709 5819 solo
1751 5765 1872 5821 cod.
1926 5781 2029 5822 ms.
2085 5767 2142 5822 S.
2182 5767 2365 5825 Jacobi
2395 5770 2684 5828 habentur.
