4112 6646
253 465 354 522 031

1080 455 1407 514 MOIL’JJA.
1446 489 1518 500 --
1558 457 1759 513 LIBER
1799 459 1888 513 DE
1927 457 2348 517 VIRTUTIBUS
2384 462 2472 516 ΕΤ
2512 460 2735 517 VlTllS.

3435 460 3538 516 639

251 594 455 642 eterna
481 599 640 655 pecua
671 581 984 646 damnatur.
1019 586 1174 643 Unde
1215 587 1350 643 dicit
1374 587 1614 644 Joannes
1641 589 1695 644 in
1723 588 1850 659 Ερῑ-
1877 575 1922 634 Α
1959 569 2180 642 (Matth.
2206 587 2285 637 xi,
2313 571 2427 640 29).
2460 572 2651 628 Nonne
2675 572 2868 629 melius
2883 581 2968 630 est
3012 582 3069 630 et
3109 571 3320 629 beatius
3369 572 3540 630 Deum

252 675 390 733 stola
419 692 561 733 sua:
602 676 703 734 Est
738 689 1009 751 peccatum
1046 679 1117 734 ad
1153 690 1395 744 mortem,
1442 697 1549 735 non
1580 697 1676 752 pro
1727 679 1846 745 illo,

251 770 392 833 dico,
421 779 480 824 ut
506 769 624 840 quis
657 781 805 842 roget
837 770 1022 841 (Joan.
1044 787 1097 834 v,
1127 770 1232 845 l5).
1265 771 1358 827 lsti
1387 788 1516 828 vero
1530 770 1847 844 bellatores]

251 859 364 918 Deo
411 863 716 920 auxiliante
759 864 1017 920 facillime
1069 865 1362 920 vincuntur
1411 880 1443 920 a
1493 863 1848 920 bellatoribus

251 955 456 1011 Christi
495 971 596 1026 per
617 959 849 1013 virtutes
866 966 1104 1014 sanctas.
1138 957 1318 1012 Prima
1365 958 1617 1026 superbia
1633 957 1846 1027 perhu-

249 1047 566 1116 militatem,
582 1050 707 1121 gula
731 1064 832 1120 per
844 1048 1251 1112 abstinentiam,
1271 1047 1560 1104 fornicatio
1576 1062 1671 1117 per
1691 1048 1849 1103 casti-

252 1142 446 1208 tatem,
476 1142 701 1198 avaritia
728 1156 828 1213 per
864 1140 1250 1195 abstinentiam
1283 1138 1414 1211 [.ll's.
1457 1138 1516 1194 S.
1548 1138 1692 1202 Jac.,
1745 1139 1847 1193 lar-

249 1236 478 1306 gitatem
506 1247 562 1294 et
579 1243 948 1306 contemptum
978 1235 1212 1307 mundi],
1255 1235 1336 1289 ira
1365 1251 1462 1304 per
1505 1235 1844 1304 patientiam,

253 1330 438 1386 accdia
469 1345 566 1400 per
592 1329 908 1383 instantiam
935 1327 1064 1383 boni
1087 1327 1292 1398 operis,
1321 1327 1543 1381 tristitia
1575 1325 1715 1380 mala
1748 1341 1849 1395 per

252 1419 501 1478 laetitiam
526 1422 887 1493 spiritualem,
909 1437 1051 1476 vana
1078 1421 1249 1492 gloria
1272 1437 1372 1490 per
1406 1420 1729 1476 eharitatem
1751 1419 1848 1475 Dei

253 1512 390 1587 [.ιι.,
426 1531 525 1586 per
544 1513 892 1588 sapientiam]
924 1512 1228 1588 [vincitur].
1284 1514 1448 1584 Igitur
1479 1530 1546 1568 ev
1577 1513 1664 1568 bis
1693 1513 1850 1568 Chri-

251 1611 446 1666 Stiana:
473 1610 750 1682 religionis
770 1609 1108 1674 ductoribus,
1136 1624 1274 1678 quos
1291 1609 1643 1677 opposuimus
1661 1604 1848 1663 diabo-

249 1702 371 1760 lica:
400 1703 698 1775 impietatis
725 1702 1105 1768 bellatoribus,
1136 1710 1372 1772 quatuor
1419 1708 1660 1769 pra-sunt
1681 1700 1848 1756 duces

251 1796 657 1868 gloriosissimi,
688 1793 946 1868 [quorum
968 1795 1190 1850 nomina
1217 1794 1335 1850 haec
1361 1790 1508 1866 sunt]
1545 1812 1557 1847 :
1606 1794 1847 1865 pruden-

250 1888 348 1953 tia,
365 1886 599 1959 justitia,
640 1886 924 1952 fortitudo,
952 1887 1332 1958 temperantia.

808 1979 1039 2038 CAPUT
1067 1980 1283 2036 XXXV.

706 2073 785 2130 De
820 2075 1100 2129 virtuIibus
1132 2085 1391 2148 quatuor.

320 2165 506 2221 Primo
544 2165 829 2221 sciendum
867 2173 952 2221 est
990 2166 1121 2236 quid
1167 2167 1239 2221 sit
1285 2166 1481 2220 virtus.
1530 2167 1715 2222 Virtus
1757 2173 1843 2222 est

248 2259 417 2313 animi
446 2258 689 2324 habitus,
723 2266 931 2314 natura:
983 2258 1169 2324 decus,
1222 2259 1350 2314 vitae
1407 2258 1566 2324 ratio,
1626 2275 1840 2315 morum

246 2352 447 2422 pietas,
508 2352 690 2408 cultus
734 2352 1058 2417 divinitatis,
1107 2353 1282 2408 honor
1319 2353 1576 2415 hominis,
1623 2363 1841 2411 :etemze

245 2441 603 2499 beatitudinis
627 2444 901 2498 meritum.
942 2442 1108 2516 Cujus
1128 2453 1313 2514 partes
1335 2453 1482 2509 sunt,
1505 2451 1568 2498 ut
1580 2444 1837 2510 diximus,

246 2541 482 2606 quatuor
505 2534 872 2605 principales:
904 2534 1216 2605 prudentia,
1266 2533 1504 2604 justitia,
1550 2534 1837 2599 fortitudo,

245 2628 624 2698 temperantia.
648 2625 945 2683 Prudentia
974 2636 1060 2682 est
1091 2643 1275 2682 rerum
1304 2627 1610 2682 divinarum
1649 2628 1838 2682 buma-

243 2725 574 2790 narumque,
623 2727 786 2790 prout
835 2721 1044 2776 homini
1097 2721 1283 2775 datum
1329 2730 1437 2785 est,
1473 2719 1730 2784 scientia;
1783 2720 1838 2774 in

245 2825 353 2883 qua
383 2810 790 2882 intelligendum
817 2821 920 2876 est,
955 2812 1086 2882 quid
1134 2811 1434 2867 cavendum
1487 2811 1559 2865 sit
1608 2809 1836 2874 homini,

243 2902 330 2958 vel
357 2901 488 2973 quid
511 2901 818 2958 faciendum
846 2923 858 2956 :
891 2911 946 2958 et
977 2903 1083 2958 hoc
1119 2912 1223 2967 est,
1263 2903 1408 2974 quod
1449 2897 1503 2957 in
1528 2899 1743 2957 Psalmo
1765 2902 1840 2957 lc-

244 2994 432 3066 gitur:
479 2993 637 3067 145
661 2993 870 3050 Diverte
901 3011 933 3048 α
969 2993 1134 3058 malo,
1185 3007 1236 3049 ct
1281 2995 1367 3064 {ac
1412 2994 1606 3048 bonum
1658 2992 1832 3066 (Psal.

244 3102 442 3152 xum,
484 3086 594 3159 15).
631 3085 849 3142 Justitia
889 3096 974 3142 est
995 3089 1160 3142 animi
1209 3089 1486 3151 nobilitas,
1543 3087 1838 3158 unicuique

245 3176 324 3231 rei
348 3177 622 3248 propriam
645 3177 890 3233 tribuens
915 3179 1254 3249 dignitatem.
1289 3180 1344 3236 lu
1385 3182 1488 3235 hac
1537 3179 1838 3235 divinitatis

244 3267 446 3334 Cultus,
469 3277 526 3325 et
558 3271 914 3327 humanitatis
941 3269 1157 3342 jura,et
1173 3270 1559 3342 justajudicia,
1593 3281 1648 3326 et
1667 3265 1837 3342 aequi-

245 3373 333 3419 tas
381 3363 547 3419 totius
585 3365 712 3421 vita:
759 3373 1132 3422 conservatur.
1187 3363 1472 3420 Fortitudo
1509 3373 1593 3420 est
1639 3378 1834 3434 magna

243 3457 412 3510 animi
438 3455 701 3526 patientia
736 3465 793 3512 et
817 3452 1224 3526 longanimitas,
1239 3465 1295 3512 ct
1320 3457 1729 3529 perseverantia
1781 3457 1837 3510 in

243 3550 405 3605 bonis
425 3551 700 3620 operibus,
724 3555 781 3606 et
815 3550 1044 3606 victoria
1081 3559 1269 3606 contra
1291 3551 1533 3605 omnium
1549 3541 1702 3622 [Ms.,
1719 3566 1840 3606 om-

247 3638 363 3713 nia]
390 3641 645 3695 vitiorum
677 3655 898 3712 genera.
938 3633 1322 3712 Temperantia
1356 3651 1441 3696 est
1491 3641 1658 3697 totius
1711 3642 1838 3698 vitae

247 3732 463 3796 modus,
490 3747 558 3789 ne
602 3733 733 3805 quid
762 3734 924 3790 nimis
954 3736 1118 3792 homo
1141 3735 1226 3790 vel
1251 3743 1418 3802 amet,
1445 3736 1532 3791 vel
1566 3737 1692 3791 odio
1740 3737 1838 3791 hae

244 3824 404 3892 beat;
444 3828 538 3882 sed
570 3843 758 3884 omnes
780 3829 904 3884 vita:
935 3818 1096 3898 lmjus
1144 3829 1438 3886 varietates
1487 3831 1834 3886 considerata

247 3922 518 3987 temperet
542 3917 840 3988 diligentia.
868 3908 996 3973 llaec
1037 3933 1169 3975 vero
1215 3918 1272 3976 in
1313 3919 1418 3976 title
1463 3927 1520 3975 et
1567 3919 1839 3977 charitate

245 4011 662 4066 observantibus
689 4020 904 4068 :eterna:
926 4013 1111 4083 gloriae
1147 4014 1216 4069 ab
1251 4015 1366 4084 ipsa
1409 4015 1654 4070 Veritate
1677 4008 1841 4071 Chrid

247 4113 335 4157 sto
355 4101 482 4158 Jesu
500 4104 723 4174 przeinia
751 4105 1092 4174 polliCentur.
1124 4105 1279 4161 Nulla
1305 4107 1500 4161 melior
1519 4115 1604 4162 est
1621 4108 1840 4177 sapiena-

245 4197 348 4261 tia,
375 4211 537 4266 quam
562 4212 624 4252 ea
646 4213 752 4268 qua
775 4196 918 4253 Deus
947 4201 1244 4254 secundum
1278 4198 1555 4255 modulum
1584 4199 1838 4256 humanae

247 4289 449 4345 mentis
468 4290 782 4360 intelligitur
802 4299 858 4345 et
895 4292 1117 4346 timetur
1168 4291 1324 4365 μὴ,
1375 4302 1430 4348 et
1476 4292 1737 4366 amatur],
1783 4302 1840 4351 et

247 4381 492 4439 futurum
518 4383 636 4455 ejus
657 4385 900 4440 creditur
916 4384 1202 4457 judicium.
1256 4385 1392 4442 Nam
1421 4387 1555 4459 quid
1580 4397 1665 4443 est
1713 4385 1838 4456 jus-

248 4475 361 4530 tius
387 4490 550 4544 quam
599 4472 770 4529 Deum
822 4475 1046 4546 diligere
1091 4474 1316 4545 ejusque
1358 4478 1614 4533 mandata
1656 4487 1842 4536 custo-

246 4566 391 4632 dire,
426 4581 525 4636 per
576 4583 760 4636 quem,
816 4567 946 4622 dum
992 4580 1101 4623 nou
1149 4568 1374 4635 fuimus,
1434 4565 1606 4626 creati
1651 4587 1839 4629 sumus

251 4657 402 4732 [dum
427 4653 625 4729 perditi
656 4657 879 4724 fuimus,
919 4659 1148 4715 recreati
1180 4661 1416 4735 sumus],
1441 4670 1498 4717 et
1524 4678 1554 4717 a
1601 4664 1837 4719 servitu—
1867 4694 1914 4754 υ

249 4761 303 4805 te
329 4748 595 4805 diabolica
622 4749 857 4814 liberati,
886 4751 977 4820 qui
1002 4753 1158 4807 nobis
1185 4755 1367 4807 omnia
1394 4753 1532 4809 bona
1555 4771 1676 4825 quae
1738 4757 1838 4812 ha-

245 4845 458 4908 bemus,
484 4843 836 4911 perdouavit?
862 4845 927 4897 Et
956 4845 1085 4916 quid
1117 4847 1220 4900 hac
1270 4845 1588 4903 fortitudine
1642 4849 1840 4905 melius

246 4943 334 4990 est
360 4949 523 5004 quam
569 4932 1108 5002 diabolum-vincere,
1133 4946 1188 4992 et
1223 4935 1340 5006 ejus
1363 4954 1554 4994 omnes
1577 4956 1839 5011 superare

248 5027 623 5099 suggestioncs
673 5035 730 5082 et
773 5028 954 5083 omnia
981 5029 1210 5083 adversa
1253 5030 1442 5084 mundi
1489 5045 1590 5101 pro
1620 5032 1714 5086 Dei
1745 5047 1841 5087 no-

250 5119 396 5175 mine
420 5116 632 5173 fortiter
654 5118 921 5174 tolerare?
942 5118 1148 5173 Nobilis
1167 5121 1342 5175 virtus
1355 5131 1440 5176 est
1460 5121 1614 5176 valde
1635 5131 1840 5195 tempe-

249 5211 449 5274 rantia,
475 5225 573 5282 per
593 5224 757 5280 quam
787 5212 964 5268 euntis
985 5213 1158 5267 honor
1190 5213 1315 5268 vita:
1347 5213 1513 5282 hujus
1553 5215 1697 5269 inter
1740 5217 1839 5270 ho-

249 5302 426 5359 mines
445 5311 775 5370 constat;ut
797 5304 980 5360 omnia
1006 5305 1064 5360 in
1083 5321 1408 5377 quacunque
1460 5322 1626 5362 causa
1673 5308 1841 5364 homo

252 5393 620 5464 temperanter
643 5393 868 5464 cogitet,
898 5393 1175 5465 loquatur,
1198 5404 1253 5451 et
1283 5404 1409 5467 agat
1437 5412 1559 5452 cum
1605 5399 1836 5454 consilio

251 5484 447 5541 salutis
476 5499 606 5540 sum.
633 5485 760 5541 Haec
783 5485 929 5540 enim
962 5493 1090 5541 sunt
1139 5487 1279 5554 levia
1325 5496 1384 5544 et
1427 5489 1616 5544 suavia
1667 5489 1838 5546 Deum

253 5573 519 5644 diligenti,
548 5573 640 5645 qui
671 5574 747 5628 ait
773 5589 788 5626 :
823 5569 1018 5630 Discite
1044 5592 1078 5628 a
1103 5592 1211 5643 me,
1238 5577 1365 5649 quia
1423 5579 1566 5634 mitis
1617 5595 1738 5633 sum
1791 5590 1842 5634 et

253 5663 468 5719 [inutilis
488 5661 644 5718 corde
668 5678 686 5716 :
709 5675 758 5719 et
793 5667 1068 5723 invenietis
1082 5669 1309 5740 requiem
1326 5671 1604 5727 animabus
1629 5675 1834 5727 vestris.

253 5755 452 5826 Iugum
479 5758 617 5812 enim
648 5773 820 5812 meum
882 5775 1042 5814 suave
1076 5771 1174 5827 est,
1232 5771 1280 5816 et
1337 5778 1469 5816 onus
1510 5780 1683 5817 meum
1736 5763 1843 5820 lere

327 5907 356 5934 η
393 5893 448 5948 lu
483 5908 583 5949 ms.
613 5893 669 5948 S.
717 5891 856 5948 Galli
907 5891 1135 5963 legitur:
1181 5893 1584 5965 Superscriptio.
1627 5893 1683 5951 ln
1724 5895 1843 5953 artis

255 5969 405 6024 deest
431 5983 444 6033 ;
473 5981 572 6020 uec
601 5972 762 6036 caput
789 5973 1124 6018 numeratur.

1869 1967 1921 2028 B

1862 3327 1910 3390 C

1951 661 2198 734 diligere,
2222 664 2314 734 qui
2344 673 2428 719 est
2447 674 2650 720 :cterua
2679 667 3047 736 pulchritudo,
3067 675 3271 722 acterna
3289 671 3545 739 fragran-

1949 752 2046 818 tia,
2073 763 2276 810 aiterna
2299 755 2633 827 jucunditas,
2661 767 2863 813 aeterna
2895 758 3144 822 dulcedo,
3172 767 3377 813 aeterna
3407 775 3539 814 sua-

1947 843 2435 919 vitas,perpetuus
2459 847 2654 913 honor,
2701 847 3020 903 indeficieus
3062 847 3326 915 felicitas;
3377 863 3541 920 quam

1948 936 2111 1007 hujus
2139 938 2320 992 saeculi
2346 953 2533 993 amare
2556 941 2810 994 vanitates
2831 951 2880 995 et
2905 941 3146 996 insanias
3167 942 3335 1010 falsas
3364 942 3540 1014 (Paul.

1947 1042 2136 1094 xxxix,
2166 1028 2244 1101 ὕ),
2276 1030 2486 1100 species
2509 1031 2766 1099 pulchras
2792 1030 2926 1104 [Al.,
2953 1032 3413 1104 pulchritudinem
3448 1048 3542 1090 su-

1949 1120 2320 1193 pervacuam],
2355 1123 2541 1178 dulces
2574 1139 2820 1193 sapores,
2873 1139 3040 1180 sonos
3081 1141 3298 1191 suaves,
3340 1126 3542 1184 odores

1949 1211 2274 1284 fragrantes,
2329 1222 2507 1270 tactus
2545 1215 2836 1286 jucundos,
2865 1218 3103 1273 honores
3151 1225 3209 1273 et
3251 1216 3546 1274 felicitates

1948 1305 2131 1361 s'cculi
2162 1308 2530 1374 transitorios,
2555 1323 2676 1378 quae
2700 1310 2882 1364 omnia
2905 1308 3051 1364 velut
3090 1309 3328 1366 volatilis
3349 1310 3547 1366 umbra

1949 1399 2214 1453 recedunt
2232 1405 2288 1453 et
2312 1407 2623 1464 transeunt,
2650 1409 2704 1456 et
2733 1401 3011 1471 decipiunt
3048 1409 3323 1456 amantem
3356 1416 3436 1464 se,
3489 1407 3548 1455 et

1950 1491 2003 1546 in
2029 1501 2286 1547 aeternam
2310 1494 2535 1548 mittunt
2553 1509 2677 1548 cum
2705 1494 3018 1550 miseriam?
3047 1493 3152 1562 Qui
3193 1508 3326 1549 vero
3368 1494 3539 1549 Deum

1947 1590 2004 1636 et
2033 1580 2323 1638 Dominum
2361 1584 2594 1640 ﬁdeliter
2612 1595 2779 1649 amat,
2817 1593 2874 1642 et
2897 1583 3271 1641 indesinenter
3315 1584 3464 1649 colit,
3486 1594 3544 1640 et

1948 1671 2066 1742 ejus
2095 1674 2347 1730 mandata
2381 1685 2800 1746 perseveranter
2853 1679 3060 1748 implet,
3110 1687 3374 1734 mternam
3418 1693 3542 1734 cum

1947 1765 2156 1910 ἒὲἰςοιίε
2184 1766 2280 1821 Dei
2298 1767 2527 1838 gloriam
2580 1769 2976 1840 perpetualiter
3012 1771 3297 1842 possidere
3347 1757 3544 1843 dignius

2035 1855 2212 1910 cietur

2035 1855 2212 1911 cietur

2496 1948 2727 2008 CAPUT
2765 1947 3006 2009 XXXVI.

2458 2057 2488 2086 α
2518 2045 2794 2102 Peroratio
2831 2051 3028 2119 operis.

2012 2149 2139 2212 Haec
2182 2154 2304 2224 tibi,
2343 2156 2658 2216 dulcissime
2687 2160 2762 2217 fili
2809 2160 3039 2237 [Wido],
3071 2165 3222 2222 brevi
3268 2183 3549 2234 sermone.

1941 2246 2087 2302 sicut
2129 2249 2335 2318 petisti,
2377 2249 2617 2318 dictavi;
2665 2262 2727 2307 ut
2773 2253 2977 2315 habeas
3006 2270 3070 2312 ea
3118 2259 3362 2328 quotidie
3389 2261 3548 2330 quasi

1942 2339 2249 2394 manualem
2273 2341 2326 2394 in
2353 2352 2652 2413 conspectu
2683 2352 2774 2402 tuo
2797 2347 3060 2417 libellum,
3086 2359 3142 2406 et
3160 2353 3214 2406 in
3239 2369 3347 2422 quo
3366 2355 3548 2424 possis

1943 2430 2175 2501 teipsum
2200 2434 2574 2502 considerare,
2603 2438 2734 2508 quid
2761 2455 2980 2508 cavere,
3005 2443 3092 2500 vel
3113 2446 3241 2515 quid
3269 2461 3431 2518 agere
3461 2449 3549 2504 dc-

1940 2521 2093 2591 bcas,
2137 2533 2301 2596 atque
2348 2543 2450 2598 per
2487 2530 2729 2600 singulas
2776 2533 2900 2588 vitae
2938 2533 3101 2605 hujus
3152 2539 3546 2608 prosperitates

1939 2615 2024 2670 vel
2045 2614 2408 2676 adversitates
2433 2621 2736 2689 exhortari,
2762 2628 3035 2696 quomodo
3059 2628 3127 2683 ad
3166 2628 3380 2685 culmen
3423 2646 3548 2702 pcr-

1941 2709 2190 2768 fectionis
2215 2715 2510 2770 ascendere
2535 2715 2754 2772 debeas.
2795 2717 2907 2775 Nec
2954 2727 3010 2776 te
3050 2720 3173 2778 laici
3204 2722 3424 2779 habitus
3464 2726 3547 2780 vel

1940 2805 2376 2860 conversationis
2399 2806 2677 2864 smcuiaris
2703 2817 2909 2866 terreat
2929 2813 3184 2884 qualitas,
3212 2816 3368 2884 quasi
3399 2816 3454 2870 in
3482 2833 3550 2872 eo

1938 2893 2126 2949 habitu
2154 2897 2283 2952 vita:
2309 2897 2550 2954 caelestis
2587 2897 2786 2969 januas
2827 2902 3033 2960 intrare
3067 2921 3174 2961 non
3210 2906 3414 2963 valeas.
3447 2909 3547 2980 lgi-

1940 2992 2029 3040 tur
2057 2985 2200 3042 sicut
2224 2989 2475 3044 omnibus
2503 2991 2786 3060 :equaliter
2814 2997 2965 3067 regni
3008 2995 3106 3053 Dei
3144 2999 3433 3069 praedicata
3463 3011 3550 3057 est

1938 3077 2237 3161 beatitudo,
2271 3081 2345 3135 ita
2388 3083 2535 3138 omni
2575 3086 2750 3150 sexui,
2792 3089 2965 3154 :etati,
2994 3098 3050 3145 et
3085 3105 3334 3159 personrc
3371 3106 3548 3163 arqua-

1938 3168 2066 3227 liter
2090 3174 2388 3229 secundum
2429 3176 2751 3232 meritorum
2782 3179 3102 3252 dignitatem
3132 3185 3286 3253 regni
3316 3182 3412 3238 Dei
3457 3199 3550 3254 pa-

1941 3271 2021 3318 tet
2053 3264 2327 3320 introitus.
2382 3265 2486 3321 L'bi
2530 3283 2639 3322 non
2684 3276 2772 3324 est
2798 3271 3094 3338 distinctio,
3141 3274 3266 3344 quis
3305 3284 3452 3330 esset
3490 3276 3545 3330 in

1939 3355 2140 3410 saeculo
2163 3356 2333 3412 laicus
2372 3358 2454 3412 vel
2494 3359 2749 3428 clericus,
2793 3361 2948 3418 dives
2987 3362 3073 3420 vel
3101 3379 3328 3435 pauper,
3362 3361 3550 3432 junior

1941 3447 2024 3502 vel
2055 3450 2258 3514 senior,
2291 3465 2482 3506 servus
2509 3452 2592 3506 vel
2619 3453 2872 3510 dominus
2897 3474 2908 3510 :
2938 3456 3032 3511 sed
3064 3459 3438 3528 unusquisque
3467 3475 3550 3514 ses

1940 3541 2178 3595 cundum
2216 3541 2474 3596 meritum
2516 3543 2643 3597 boni
2683 3547 2864 3615 operis
2903 3557 3166 3618 perpetua
3193 3549 3549 3606 coronabitur

1939 3629 2128 3701 gloria.
2163 3631 2356 3688 Amen.

2013 3725 2041 3766 ι)
2073 3725 2330 3782 Salomon
2352 3727 2530 3783 dixit:
2563 3747 2582 3780 ί
2621 3727 2858 3786 Verbum
2885 3729 3042 3787 dulce
3065 3732 3391 3804 multiplicat
3415 3736 3549 3790 ami-

1938 3829 2053 3883 cus,
2080 3826 2136 3874 et
2161 3820 2374 3891 mitigat
2405 3821 2657 3878 inimicos
2683 3842 2696 3878 :
2725 3833 2781 3878 et
2805 3825 2986 3898 lingua
3018 3827 3272 3882 eucharis
3301 3828 3354 3882 in
3397 3827 3543 3884 bono

1939 3911 2161 3967 homine
2191 3915 2507 3970 abundabit.
2554 3915 2701 3972 Multi
2743 3919 2956 3988 paciﬁci
2985 3920 3096 3976 sint
3131 3921 3251 3986 tibi,
3284 3929 3340 3976 et
3373 3921 3547 3977 censio

1939 4002 2080 4062 llarii
2114 4007 2206 4061 tibi
2234 4007 2341 4062 sint
2369 4025 2512 4064 unus
2546 4009 2614 4064 de
2639 4010 2804 4066 mille.
2841 4010 2898 4066 Si
2922 4013 3169 4083 possides
3206 4013 3463 4076 amicum,
3488 4014 3544 4068 in

1942 4099 2242 4155 tentatione
2267 4100 2486 4171 posside
2511 4115 2658 4168 eum,
2687 4111 2745 4158 et
2772 4118 2882 4159 non
2915 4105 3071 4161 facile
3094 4106 3285 4161 credas
3310 4106 3404 4161 illi.
3450 4105 3547 4162 Est

1939 4193 2086 4246 enim
2107 4192 2316 4248 amicus
2341 4193 2640 4248 secundum
2671 4202 2882 4265 tempus
2909 4211 3085 4261 suum,
3110 4205 3166 4251 et
3191 4212 3299 4252 non
3326 4212 3544 4268 perma-

1940 4283 2093 4339 nebit
2119 4284 2172 4337 in
2203 4285 2292 4341 die
2332 4285 2718 4342 tribulationis.
2747 4287 2845 4342 Est
2873 4289 3101 4355 amicus,
3133 4291 3227 4362 qui
3269 4292 3546 4363 egreditur

1940 4376 2007 4431 ad
2031 4377 2324 4433 amicitiam
2357 4377 2564 4451 [Vulgn
2590 4380 2685 4450 qui
2707 4385 3047 4441 convertitur
3072 4387 3140 4440 ad
3167 4387 3540 4462 lmicitiam..].

1940 4463 2039 4520 Est
2066 4474 2248 4521 autem
2297 4470 2508 4524 amicus
2553 4470 2736 4526 socius
2780 4489 3010 4541 mensrc,
3039 4485 3228 4532 etnon
3258 4489 3544 4549 permanet

1941 4559 1996 4614 in
2025 4560 2111 4614 die
2142 4563 2503 4617 necessitatis.
2534 4563 2756 4621 Amicus
2785 4567 2830 4624 si
2858 4571 3223 4638 permanserit
3250 4571 3409 4639 fixus,
3438 4574 3547 4630 erit

1941 4653 2038 4708 tibi
2067 4654 2378 4723 coa‘qualis,
2408 4663 2464 4710 ct
2499 4656 2555 4710 in
2604 4656 2918 4716 domesticis
2944 4661 3053 4716 tuis
3080 4664 3303 4719 attende
3326 4663 3539 4738 [Va/9.,

1943 4745 1975 4799 li
2000 4746 2266 4801 Iucialiter
2292 4745 2529 4820 aget...].
2562 4747 2786 4806 Amicus
2815 4749 3012 4817 fidelis,
3044 4757 3311 4822 protectio
3340 4757 3498 4816 fortis
3524 4777 3537 4813 :

1939 4840 2032 4909 qui
2057 4848 2240 4894 autem
2267 4841 2477 4895 invenit
2501 4841 2672 4906 illum,
2719 4843 2930 4899 invenit
2971 4846 3306 4902 thesaurum.
3347 4848 3542 4907 Amico

1941 4916 2084 4987 ﬁdeli
2127 4932 2271 4987 nulla
2312 4943 2397 4988 est
2419 4935 2771 5004 comparatio,
2795 4945 2850 4992 et
2881 4955 2987 4993 non
3028 4949 3115 4996 est
3137 4941 3297 5012 digna
3335 4943 3540 5013 ponde-

1940 5025 2079 5078 ratio
2122 5023 2238 5077 auri
2270 5029 2325 5077 et
2370 5025 2581 5095 argenti
2621 5035 2812 5081 contra
2859 5027 3162 5086 bonitatem
3202 5032 3324 5088 fidei
3369 5033 3538 5089 illius.

1937 5114 2160 5171 Amicus
2203 5114 2380 5171 fidelis
2426 5116 2882 5175 medicamentum
2927 5121 3053 5176 vitae
3075 5131 3133 5178 et
3159 5124 3544 5182 immortalita-

1942 5208 2047 5274 tis;
2088 5215 2140 5262 et
2170 5208 2265 5278 qui
2292 5216 2541 5262 metuunt
2569 5208 2883 5275 Dominum,
2920 5211 3204 5268 inveniunt
3230 5215 3397 5270 illum.
3433 5211 3542 5286 Qui

1943 5299 2097 5353 timet
2143 5298 2452 5362 Dominum,
2499 5313 2654 5368 teque
2701 5299 2924 5356 habebit
2973 5302 3268 5359 amicitiam
3314 5305 3541 5372 bonam.

1940 5392 2201 5462 quoniam
2240 5392 2540 5447 secundum
2586 5392 2734 5447 illum
2766 5394 2872 5449 erit
2917 5397 3125 5452 amicus
3165 5397 3328 5457 illius.
3352 5399 3479 5469 Fili,
3505 5413 3539 5458 ι

1934 5480 2220 5550 juventute
2254 5490 2348 5537 tua
2371 5484 2564 5555 excipe
2599 5483 2923 5555 doctrinam,
2967 5497 3023 5544 et
3063 5505 3236 5561 usque
3268 5493 3337 5548 ad
3369 5509 3542 5553 canos

1941 5576 2191 5630 invenies
2221 5575 2586 5644 sapientiam:
2631 5585 2687 5633 et
2719 5580 2875 5649 quasi
2915 5581 2980 5647 is,
3007 5582 3098 5652 qui
3128 5591 3245 5640 arat
3277 5593 3335 5640 et
3371 5587 3541 5644 semis

1945 5675 2060 5732 nat,
2089 5667 2286 5723 accede
2320 5668 2385 5723 ad
2424 5668 2592 5735 illam,
2621 5678 2681 5726 et
2707 5673 2917 5728 sustine
2937 5673 3114 5729 honos
3130 5673 3337 5733 fructus
3359 5676 3542 5748 illius;

1945 5759 1998 5813 in
2031 5775 2195 5828 opere
2224 5761 2368 5815 enim
2401 5761 2570 5834 ipsius
2608 5762 2862 5835 exiguum
2891 5764 3182 5824 laborabis.
3212 5787 3233 5821 ι

2017 5896 2046 5935 δ
2073 5895 2198 5952 Htee
2234 5896 2509 5973 desunt__in
2535 5898 2700 5973 _eod_d.
2739 5913 2880 5973 mss.
2912 5899 3104 5973 Addita
3133 5911 3259 5960 sunt
3292 5919 3323 5958 τι
3360 5902 3540 5973 ριιετο

1948 5975 2141 6023 cctauo
2166 5985 2228 6022 cx
2265 5977 2390 6022 tom.
2429 5968 2489 6022 \‘l
2522 5970 2701 6038 Antiq.
2737 5970 2884 6025 chl.
2916 5971 3139 6030 Canisii.
