4112 6588
604 312 744 369 ’659

1491 320 1550 376 Β.
1594 321 1654 376 F.
1695 321 1922 380 ALBlNl
1963 322 2097 381 εει]
2135 326 2411 383 ALCUINI
2453 328 2738 386 OPERUM
2780 328 2959 385 PARS
2997 327 3085 385 IV.

632 458 3907 497 mw

1494 602 1937 719 OPUSC
1956 606 2345 721 ULUM
2436 606 3052 726 SEXTUM.

785 835 981 966 “DE
1061 837 1413 969 ANIMZE
1486 841 1939 969 ΒΑΤΙθΝΕ
2022 841 2331 967 LIBER
2410 841 2549 968 All
2636 844 3151 973 EULALIAM
3218 849 3785 982 VIRGINEM.

694 1148 856 1223 ιω
876 1147 1221 1204 Charissimze
1246 1149 1299 1204 in
1324 1146 1530 1204 Christi
1555 1147 1827 1201 charitate
1860 1146 2033 1201 sorori
2060 1146 2087 1185 ιι
2115 1145 2215 1199 Ea-
2245 1153 2290 1206 Α
2319 1146 2481 1199 malia
2517 1162 2861 1215 communes,
2898 1150 2951 1205 id
2987 1158 3089 1218 est,
3117 1156 3635 1225 concupiscentiam,
3668 1167 3727 1215 et
3755 1160 3913 1216 iram.

618 1242 759 1299 lalire
785 1243 980 1315 virgini
1012 1242 1238 1298 Albinus
1265 1243 1319 1297 in
1350 1241 1581 1296 Domino
1615 1240 1863 1296 salutem.

690 1335 728 1388 I.
766 1333 981 1390 Sancta:
1020 1332 1373 1390 sollicitudini
1406 1340 1603 1387 vestrae
1633 1341 1685 1385 et
1717 1329 1968 1385 laudabili
2011 1331 2063 1384 in
2098 1329 2211 1385 Deo

618 1428 800 1482 studio
848 1427 1047 1498 placuit
1078 1426 1378 1498 deprecari,
1416 1425 1484 1482 de
1528 1425 1741 1480 ratione
1777 1425 1971 1480 anima:
2010 1424 2210 1494 aliquid

618 1525 860 1573 nostram
887 1517 1126 1573 scribere
1166 1517 1535 1580 devotionem,
1582 1520 1805 1585 propter
1833 1513 2097 1584 quasdam
2128 1514 2211 1567 in-

614 1607 961 1677 quisitiones,
1002 1614 1061 1661 ut
1087 1607 1187 1671 ais,
1221 1621 1367 1661 anno
1412 1612 1691 1660 transacto
1722 1605 1868 1659 inter
1900 1619 1998 1660 vos
2034 1603 2210 1658 venti-

615 1700 776 1755 latas.
824 1698 978 1767 Quod
1004 1699 1234 1753 libenter
1266 1697 1548 1760 fecissem,
1588 1696 1634 1751 si
1676 1713 1763 1752 me
1805 1704 1956 1752 tanto
1993 1694 2207 1768 ﬂagrari

617 1790 752 1865 [Αι.,
787 1799 994 1847 tantum
1016 1788 1267 1862 ﬂagrare]
1291 1790 1507 1860 ingenio
1528 1804 1768 1853 nossem,
1792 1796 1850 1842 ut
1879 1796 1989 1843 tam
2009 1790 2208 1844 arduas

614 1883 857 1938 rationes
892 1881 1029 1956 [Al.,
1062 1881 1381 1953 relationes}
1404 1883 1566 1953 digne
1592 1896 1865 1951 exponere
1893 1896 2053 1952 posse
2085 1897 2209 1938 con-

615 1974 860 2030 fiderem.
897 1974 1007 2031 Sed
1033 1990 1102 2030 ex
1130 1982 1285 2044 parte
1309 1972 1589 2045 indignum
1624 1988 1750 2028 esse
1774 1973 1991 2028 videtur
2020 1973 2202 2028 dicere

613 2067 877 2137 tne-ipsum
904 2080 991 2122 me
1028 2067 1262 2122 nescire.
1297 2065 1437 2133 Quid
1473 2081 1595 2120 sum
1633 2081 1754 2137 ego,
1788 2065 1894 2121 nisi
1938 2066 2119 2120 anima
2152 2074 2210 2121 et

612 2157 786 2213 caro?
834 2157 976 2214 Caro
1021 2158 1151 2228 quid
1198 2156 1287 2224 sit,
1334 2156 1587 2212 omnibus
1636 2164 1823 2211 notum
1867 2164 1975 2222 est,
2013 2158 2107 2227 qui
2147 2173 2208 2213 se

610 2249 794 2304 sciunt
816 2249 1065 2306 homines
1097 2264 1221 2305 esse
1246 2264 1260 2303 :
1294 2250 1489 2304 animae
1510 2263 1639 2303 vero
1667 2248 1937 2304 rationem
1962 2248 2051 2303 vix
2079 2264 2210 2319 pau-

608 2354 798 2395 corum
832 2349 919 2396 est
941 2339 1177 2411 pleniter
1221 2354 1404 2395 nosse.
1437 2338 1547 2393 Nec
1591 2334 1795 2409 aliquid
1830 2339 2004 2412 magis
2038 2338 2209 2395 homi-

611 2430 669 2485 ni
693 2430 746 2486 in
772 2430 877 2488 hac
907 2430 1238 2487 mortalitate
1268 2431 1472 2486 viventi
1503 2430 1872 2486 necessarium
1904 2438 1990 2487 est
2017 2446 2203 2497 nosse,

2313 1231 2482 1291 Homo
2504 1238 2650 1292 solus
2681 1239 2827 1295 inter
2846 1242 3107 1298 mortales
3134 1246 3346 1302 ratione
3372 1249 3534 1320 viget,
3559 1250 3796 1307 consilio
3827 1270 3917 1308 va-

2309 1321 2405 1388 let,
2442 1322 2795 1399 intelligentia
2827 1329 3120 1386 antecellit.
3170 1333 3276 1390 Sed
3323 1335 3408 1393 his
3452 1337 3685 1405 duobus,
3721 1341 3776 1397 i.l
3809 1351 3916 1407 est,

2308 1418 2762 1487 concupiscentiae
2813 1428 2869 1476 et
2916 1423 3033 1489 irae,
3081 1427 3243 1493 ratio,
3286 1444 3407 1499 qua:
3443 1435 3642 1487 mentis
3690 1438 3913 1507 propria

2308 1516 2416 1575 est,
2454 1509 2721 1580 imperare
2756 1513 2935 1569 debet.
2984 1512 3147 1583 Cujus
3189 1520 3607 1579 exeellentiores
3657 1527 3911 1595 virtutes,

2307 1610 2540 1693 quatuor
2574 1621 2697 1661 esse
2726 1607 3074 1664 manifestum
3111 1620 3213 1675 est,
3241 1613 3293 1668 id
3333 1624 3440 1682 est,
3471 1617 3785 1687 prudentia,
3809 1639 3913 1693 qua

2310 1692 2440 1765 [Αι.,
2477 1695 2621 1769 quzc]
2672 1699 2880 1769 agenda
2934 1701 3021 1757 vel
3072 1719 3181 1759 non
3232 1710 3440 1780 agenda
3493 1692 3915 1781 discernitret

2302 1785 2533 1855 justitia,
2565 1804 2667 1858 qua
2699 1789 2843 1846 Deus
2877 1792 3090 1860 colitur,
3140 1805 3196 1851 et
3224 1807 3455 1865 amatur,
3491 1810 3549 1858 et
3592 1815 3748 1861 recte
3774 1808 3910 1862 vivi-

2308 1886 2395 1933 tur
2428 1882 2571 1936 inter
2597 1884 2880 1941 consocias
2913 1888 3160 1954 animas;
3197 1897 3575 1963 temperantia,
3615 1914 3740 1968 quae
3782 1916 3912 1956 eon-

2308 1971 2701 2041 cupiscentiam
2748 1977 2831 2032 vel
2860 1979 2996 2034 iram
3034 1982 3322 2053 gubernat,
3358 2003 3430 2043 ne
3464 1990 3719 2048 deﬁnitus
3748 1994 3914 2049 hone-

2308 2061 2469 2117 statis
2497 2065 2758 2123 terminos
2789 2073 3299 2144 transgrediantur;
3352 2078 3635 2149 fortitudo,
3673 2100 3785 2155 qua
3825 2088 3913 2141 az!-

2306 2171 2465 2212 versa
2495 2158 2655 2230 hujus
2697 2163 2821 2219 vita:
2862 2179 3199 2239 quaecunque
3243 2171 3581 2247 contingant,
3628 2181 3909 2235 constanti

2307 2249 2491 2305 animo
2514 2250 2730 2308 tolerat.

2378 2338 2465 2396 ιν.
2494 2344 2562 2400 Ει
2588 2344 2703 2403 hzec
2729 2357 2985 2419 quatuor,
3013 2353 3058 2407 si
3084 2352 3353 2412 charitate
3370 2358 3615 2429 perfecta
3649 2362 3700 2416 in
3727 2364 3907 2419 anima

2309 2436 2463 2499 fiunt,
2489 2436 2729 2494 etiiciunt
2750 2455 2869 2495 eam
2895 2441 3007 2497 Deo
3032 2446 3357 2514 proximam.
3385 2448 3522 2518 Quia
3552 2451 3686 2507 nihil
3711 2452 3906 2530 [aliud]

617 2537 782 2594 quam
836 2524 1004 2580 Deum
1040 2531 1097 2581 et
1145 2524 1406 2579 animam.
1461 2522 1735 2590 Quantum
1785 2523 1933 2578 enim
1978 2524 2206 2593 quisque
2235 2511 2279 2569 Β
2308 2538 2393 2585 εει
2422 2531 2688 2601 optimum
2738 2534 2994 2602 hominis,
3035 2511 3126 2594 cui
3156 2539 3365 2598 haerere
3395 2511 3781 2604 beatissimum
3813 2511 3904 2616 sit:

611 2613 780 2670 Deum
800 2615 1067 2687 agnoscit,
1091 2614 1145 2669 in
1165 2622 1373 2669 tantum
1398 2613 1590 2684 diligit,
1612 2613 1705 2683 qui
1732 2613 1912 2669 minus
1939 2616 2203 2685 agnoscit,

2307 2622 2413 2676 nisi
2444 2623 2588 2679 Deus
2613 2642 2627 2678 :
2650 2626 2737 2681 cui
2764 2628 2973 2686 hzerere
3003 2640 3151 2688 certe
3177 2649 3284 2690 non
3323 2636 3592 2705 valemus,
3633 2642 3741 2699 nisi
3784 2613 3908 2701 dife;

608 2712 790 2768 minus
810 2712 1021 2783 diligit:
1054 2727 1185 2782 ergo
1208 2711 1456 2767 naturale
1477 2719 1564 2766 est
1604 2712 1751 2766 omni
1790 2710 1998 2766 homini
2033 2709 2204 2766 Deum
2305 2715 2507 2771 ctione.
2538 2716 2776 2775 Proinde
2818 2720 2903 2777 hae
2933 2734 3171 2793 quatuor
3207 2728 3440 2786 virtutes
3484 2748 3594 2789 uno
3621 2734 3906 2794 eharitatis

610 2816 816 2857 amare.
844 2800 903 2857 Si
930 2803 1177 2857 naturale
1199 2808 1285 2856 est
1322 2802 1471 2856 omni
1514 2801 1721 2857 homini
1761 2801 1961 2856 bonum
1996 2815 2200 2869 amare,
2305 2804 2611 2863 diademate
2657 2820 2939 2868 omantur.
2994 2815 3126 2883 Qum
3170 2826 3257 2873 est
3288 2836 3418 2877 vera
3468 2824 3761 2895 sapientia,
3799 2830 3903 2884 nisi

612 2894 859 2948 naturale
885 2902 971 2949 est
997 2893 1162 2949 etiam
1188 2892 1358 2948 Deum
1380 2907 1588 2984 amare,
1613 2893 1742 2962 quia
1768 2891 1912 2984 Deus
1934 2907 2202 2947 summum
2304 2896 2475 2953 Deum
2503 2898 2806 2974 intelligere
2850 2904 3185 2962 amandum?
3234 2908 3365 2978 Qua:
3402 2922 3489 2969 est
3510 2891 3756 2984 iustitia,
3797 2920 3900 2976 nisi

607 2988 808 3042 bonum
832 2994 917 3042 est
939 2988 1058 3043 sine
1087 3001 1196 3057 quo
1226 2987 1391 3052 bono,
1428 2981 1515 3075 nil]
1537 2984 1669 3057 [Al.,
1711 2983 1870 3057 nihil]
1900 2984 2028 3040 boni
2053 2985 2205 3075 quis-
2301 3004 2425 3045 eum
2455 2990 2654 3057 colere,
2687 3009 2717 3047 a
2758 3008 2865 3064 quo
2913 3005 3015 3062 est,
3045 3006 3101 3054 et
3141 3000 3403 3075 quidquid
3442 2981 3607 3063 habet
3650 2981 3804 3074 boni,
3836 3007 3904 3066 ab

602 3090 767 3146 quam
792 3077 1248 3171 haberepoterit.
1277 3076 1371 3171 Ille
1386 3085 1481 3171 est
1506 3072 1825 3171 lngdefieiens
1847 3076 2070 3171 bonum,
2092 3074 2204 3146 ple-
2297 3097 2367 3138 eo
2395 3081 2559 3138 habet
2583 3082 2607 3136 ?
2652 3083 2791 3153 Quid
2825 3091 3203 3158 temperantia,
3246 3072 3349 3149 nisi
3387 3095 3657 3167 integrum
3684 3115 3745 3155 se
3769 3072 3903 3171 pra:-

606 3183 674 3222 na
715 3167 1079 3239 pulchritudo,
1120 3167 1285 3222 totius
1328 3166 1605 3222 felicitatis
1646 3166 1997 3221 abundantia.
2034 3166 2201 3221 Amor
2300 3174 2428 3230 beat
2456 3176 2510 3230 in
2540 3175 2876 3246 perfectione
2899 3180 3024 3235 vita:
3061 3183 3131 3245 ei,
3159 3200 3321 3253 quem
3349 3166 3540 3243 amat?
3576 3188 3717 3257 Quid
3747 3166 3900 3248 ferti-

604 3266 735 3315 ‘vcro
758 3257 917 3329 hujus
948 3260 1096 3325 boni,
1137 3273 1246 3314 non
1281 3259 1389 3313 nisi
1424 3260 1480 3313 in
1514 3260 1693 3314 anima
1716 3275 1839 3315 esse
1862 3261 2106 3329 poterit;
2142 3269 2200 3315 et

603 3352 706 3408 hoc
732 3354 927 3407 animm
947 3351 1221 3407 excellens
1251 3353 1452 3406 bonum
1474 3361 1578 3417 est,
1604 3350 1737 3407 illud
1765 3367 1950 3407 amare
1970 3353 2196 3419 bonum,

604 3448 660 3501 in
696 3460 803 3515 quo
838 3444 974 3511 solo,
1017 3451 1071 3499 et
1113 3459 1141 3497 a
1173 3458 1300 3514 quo,
1339 3454 1395 3499 et
1421 3459 1519 3514 per
1550 3460 1732 3514 quem,
1780 3444 2041 3515 quidquid
2069 3444 2197 3499 boni

603 3544 691 3589 est
723 3538 777 3588 in
802 3534 907 3588 ulla
942 3541 1214 3599 creatura,
1248 3534 1449 3587 bonum
1475 3542 1578 3589 est.

674 3626 733 3680 ll.
770 3626 835 3681 Et
876 3627 992 3681 hinc
1017 3626 1128 3681 sola
1160 3626 1340 3680 anima
1378 3625 1577 3680 nobilis
1613 3633 1720 3690 est,
1746 3627 1790 3681 si
1816 3626 1965 3681 illum
1993 3635 2196 3682 amata

603 3734 712 3787 (ιειο
741 3726 824 3773 est
848 3718 990 3787 quod
1026 3724 1142 3783 est;
1187 3717 1277 3786 qui
1317 3716 1461 3770 illam
1505 3717 1670 3771 talem
1701 3717 1926 3780 creavit,
1958 3724 2017 3771 ut
2050 3718 2102 3771 in
2137 3735 2197 3773 se

602 3811 687 3866 sui
732 3809 902 3880 ipsius
947 3809 1235 3879 imaginem
1277 3816 1331 3864 et
1364 3805 1776 3862 similitudinem
1824 3807 2049 3863 haberet
2096 3808 2196 3862 im-

602 3917 869 3972 pressam,
906 3909 961 3957 et
991 3888 1148 3973 digna
1186 3900 1283 3955 Dei
1313 3907 1462 3955 esset
1491 3899 1847 3964 habitatione,
1894 3901 2192 3954 secundum

604 3995 842 4059 modum,
886 4007 1049 4064 quem
1099 3991 1230 4064 (AL,
1270 3989 1399 4063 quo]
1451 3990 1705 4060 quzelibet
1746 4000 1995 4046 creatura
2042 3992 2097 4045 in
2133 4006 2194 4047 se

602 4084 917 4139 Creatorem
962 4084 1162 4139 habere
1205 4082 1421 4152 possit;
1465 4082 1545 4137 sic
1574 4082 1844 4147 ordinata,
1871 4090 1931 4136 ut
1966 4082 2021 4136 id
2051 4083 2193 4152 quod

602 4179 704 4233 sibi
746 4176 1100 4233 excellentius
1136 4182 1241 4241 est,
1277 4174 1331 4228 id
1356 4182 1442 4229 est
1467 4172 1610 4230 Deus
1654 4171 1790 4245 [Αι.,
1832 4173 2050 4246 Deum],
2082 4182 2191 4229 tota

602 4276 811 4323 amaret
845 4265 1143 4321 intentione
1172 4277 1186 4317 :
1235 4272 1290 4319 et
1332 4261 1384 4316 id
1413 4262 1556 4331 quod
1591 4263 1691 4317 sibi
1733 4261 1963 4316 inferius
2000 4270 2108 4327 est,
2138 4262 2191 4318 id

598 4368 687 4414 est
713 4373 951 4422 carnem,
976 4363 1094 4411 toto
1122 4362 1335 4426 regeret
1369 4355 1568 4409 studio.
1597 4352 1834 4409 Proinde
1860 4356 2045 4425 igitur,
2063 4356 2193 4425 quia

601 4454 791 4510 melior
812 4468 936 4523 pars
959 4460 1044 4509 est
1076 4451 1309 4507 hominis
1347 4450 1547 4514 anima,
1583 4449 1742 4504 decet
1776 4464 1893 4503 eam
1917 4450 2193 4506 dominam

599 4557 743 4612 esse,
773 4554 830 4601 et
873 4545 1028 4615 quasi
1077 4545 1144 4599 de
1193 4541 1321 4597 sede
1366 4541 1562 4612 regalis
1614 4538 1864 4596 culminis
1900 4542 2190 4612 imperare,

595 4639 749 4709 quid,
796 4652 894 4708 per
935 4652 1075 4707 qum,
1110 4635 1194 4691 vel
1235 4633 1476 4704 quando,
1519 4632 1605 4688 vel
1638 4632 1752 4697 ubi,
1800 4632 1886 4687 vel
1920 4634 2193 4702 quomodo

597 4730 762 4783 faciat
785 4728 1048 4790 membra,
1077 4734 1133 4781 et
1175 4724 1520 4780 considerare
1565 4722 1867 4793 diligenter,
1896 4722 2049 4792 quid
2081 4724 2195 4779 cui-

593 4834 699 4890 que
722 4817 853 4891 [Al.,
882 4816 1011 4887 quid
1035 4815 1144 4888 eui]
1168 4814 1410 4870 membro
1438 4814 1666 4883 imperet
1692 4812 2036 4879 faciendum;
2062 4814 2190 4885 quid

593 4910 791 4979 cuique
818 4907 949 4981 ML,
973 4908 1101 4977 quid
1118 4906 1226 4979 cui]
1253 4906 1565 4961 consentiat
1584 4906 1637 4959 in
1662 4906 1933 4961 desiderio
1961 4922 2071 4962 sua:
2094 4923 2191 4963 na-

592 5010 757 5065 turzc;
783 5009 838 5055 et
864 5001 979 5055 h:ec
999 5000 1181 5055 omnia
1204 4998 1509 5053 rationabili
1530 4998 1730 5052 mentis
1754 4999 1949 5053 intuitu
1977 5008 2192 5069 Oportet

592 5107 712 5145 eam
748 5092 1080 5155 discernere,
1112 5107 1181 5146 ne
1215 5089 1345 5160 quid
1371 5087 1631 5144 indecens
1656 5088 1751 5143 fiat
1779 5090 1833 5143 in
1860 5089 2036 5146 cilicio
2078 5106 2192 5146 sua:

590 5190 772 5244 carnis
807 5188 1023 5242 alicubi.

2302 3265 2449 3330 tudo,
2477 3266 2583 3321 nisi
2612 3281 2711 3336 pro
2740 3285 2927 3326 amore
2955 3270 3051 3327 Dei
3082 3273 3297 3330 fortiter
3340 3276 3505 3351 147
3547 3280 3730 3336 omnia
3760 3283 3897 3339 tale

2301 3372 2425 3411 rare
2453 3357 2679 3414 adversa
2707 3358 2730 3410 ?
2765 3356 2822 3413 Si
2855 3361 3000 3416 enim
3034 3361 3180 3419 Deus
3216 3372 3302 3421 est
3349 3382 3619 3424 summum
3659 3369 3897 3427 hominis

2299 3448 2519 3514 bonum,
2574 3452 2715 3520 quod
2749 3454 2933 3523 negari
2965 3470 3075 3511 non
3116 3464 3315 3526 potest,
3365 3462 3613 3531 sequitur
3638 3465 3894 3534 quoniam

2298 3555 2572 3595 summum
2598 3542 2797 3597 bonum
2825 3553 3081 3615 appetere
3110 3556 3196 3604 est
3238 3549 3377 3606 bene
3419 3552 3624 3620 vivere,
3674 3563 3735 3610 ut
3763 3555 3898 3612 nihil

2298 3631 2371 3687 sit
2397 3632 2542 3687 aliud
2570 3632 2709 3689 bene
2733 3635 2936 3702 vivere,
2967 3653 3128 3708 quam
3176 3647 3290 3696 toto
3323 3643 3508 3708 corde,
3549 3652 3659 3700 tota
3690 3647 3895 3714 anima,

2302 3729 2411 3777 tota
2440 3729 2621 3779 mente
2647 3723 2870 3796 diligere
2891 3726 3083 3795 Deum,
3117 3746 3146 3784 a
3171 3747 3279 3801 quo
3314 3733 3519 3790 existit.
3553 3734 3630 3791 Ita
3674 3740 3894 3796 tandem

2299 3811 2549 3867 ordinate
2584 3814 2735 3881 vivit,
2783 3815 2879 3886 qui
2913 3818 3153 3889 seipsum
3201 3824 3525 3885 considerat.
3553 3827 3682 3897 quid
3721 3830 3813 3895 sit,
3842 3838 3897 3887 et

2224 3874 2268 3935 θ
2299 3915 2407 3970 quo
2437 3901 2688 3958 festinet:
2729 3905 2774 3960 si
2808 3874 3036 3963 allectus
3067 3911 3257 3976 animi,
3306 3912 3388 3967 vel
3412 3874 3665 3971 carnales
3692 3874 3893 3985 motus,

2294 3996 2519 4064 provida
2545 3996 2816 4066 gubernat
2842 3999 3076 4056 ratione.
3110 4000 3167 4057 Si
3194 4004 3339 4059 enim
3368 4006 3455 4061 vel
3504 4008 3895 4079 concupiscen-

2295 4085 2390 4152 tia,
2433 4088 2519 4144 vel
2547 4089 2627 4145 ira
2665 4092 2930 4149 rationem
2968 4093 3159 4161 vincit,
3202 4105 3258 4153 et
3293 4096 3604 4156 dominatur
3640 4103 3893 4172 qumlibet

2295 4178 2507 4236 illorum
2534 4181 2591 4236 in
2621 4182 2841 4249 anima;
2875 4185 3010 4239 ordo
3046 4201 3339 4257 perversus
3379 4193 3735 4263 prmcipitabil
3765 4212 3892 4253 con-

2294 4270 2623 4326 sentientem
2650 4272 2706 4326 in
2732 4272 2887 4344 pejus
2918 4293 2932 4340 ;
2973 4284 3030 4331 et
3068 4278 3280 4335 tenebit
3322 4278 3455 4353 [Αι.,
3490 4284 3660 4359 tenet]
3696 4286 3887 4342 solium

2292 4362 2521 4418 rationis
2549 4363 2649 4428 ira,
2681 4364 2727 4419 si
2759 4364 3116 4423 immoderata
3162 4371 3287 4435 erit,
3335 4372 3421 4428 vel
3447 4377 3889 4446 concupiscentia

2292 4453 2572 4510 effrenata.
2611 4456 2692 4511 Ex
2721 4456 2809 4513 his
2833 4460 3005 4515 tribus
3033 4463 3190 4532 quasi
3220 4465 3512 4533 radicibus,
3544 4468 3590 4525 si
3624 4482 3889 4542 corrupte

2292 4553 2470 4609 erunt,
2501 4562 2692 4603 omnes
2721 4563 2861 4617 pene
2894 4551 3163 4620 pullulant
3204 4566 3408 4625 pestes.
3439 4557 3887 4632 Concupiscentia

2291 4635 2418 4693 data
2442 4646 2528 4694 est
2569 4638 2779 4696 homini
2827 4643 2894 4698 ad
2925 4649 3361 4716 concupiscenda
3396 4667 3516 4721 quae
3545 4664 3673 4710 sunt
3707 4660 3882 4721 utilia,

2292 4735 2349 4783 et
2374 4744 2494 4797 quae
2520 4730 2620 4785 sibi
2654 4732 2723 4786 ad
2769 4732 2999 4791 salutem
3046 4739 3332 4808 proficiant
3376 4747 3779 4815 sempiternam.
3823 4751 3882 4806 Si

2291 4837 2423 4912 vero
2449 4827 2835 4896 corrumpitur,
2884 4832 3128 4887 nascitur
3154 4849 3219 4889 ex
3250 4851 3313 4890 ea
3351 4840 3746 4912 gastrimargia,
3779 4843 3887 4898 for-

2290 4911 2514 4979 nicatio,
2548 4923 2603 4968 et
2630 4914 2956 4989 phylargiria
2990 4918 3118 4992 [ΑΔ.
3149 4922 3519 5001 philargeria].
3543 4929 3625 4985 Ira
3645 4911 3770 4987 data
3795 4942 3885 4990 est

2292 5003 2357 5057 ad
2379 5004 2509 5059 vitia
2531 5006 2852 5075 cohibenda,
2884 5025 2955 5065 ne
2978 5012 3183 5083 impiis,
3214 5015 3267 5070 id
3296 5024 3405 5084 est,
3431 5021 3689 5089 peccatis,
3718 5021 3881 5081 homo

2252 5162 2262 5170 ε
2290 5093 2493 5149 serviat
2519 5095 2775 5161 dominis,
2800 5097 2927 5167 quia
2948 5099 3103 5170 juxta
3127 5102 3342 5160 Domini
3371 5123 3590 5165 vocem:
3625 5110 3727 5177 Qui
3747 5113 3879 5182 [alii

2290 5196 2578 5253 peccatum,
2602 5203 2780 5241 servus
2803 5198 2876 5243 est
2906 5193 3106 5259 peccati
3153 5192 3331 5265 (Joan.
3365 5214 3488 5264 vm,
3520 5200 3609 5271 34)
3636 5220 3649 5269 ;
3679 5218 3745 5259 ex
3768 5222 3876 5275 qua

663 5280 745 5334 Ill.
780 5278 993 5348 Triplex
1023 5286 1107 5332 est
1135 5278 1280 5331 enim
1312 5276 1528 5341 animm,
1556 5284 1618 5328 ut
1640 5275 1944 5345 philosophi
1974 5275 2181 5343 volunt,
2214 5249 2265 5309 D
2288 5249 2561 5346 corrupta,
2593 5280 2837 5349 procedit
2867 5249 3111 5350 tristitia,
3135 5249 3189 5341 εξι
3210 5249 3608 5348 δεξαίαξ-ᾗθξίξ
3628 5249 3749 5351 (’13:.

594 5378 785 5425 natura
818 5387 829 5423 :
860 5378 942 5424 est
967 5370 1019 5423 in
1043 5386 1106 5425 ea
1145 5369 1389 5439 qumdam
1424 5386 1550 5441 pars
1592 5370 2048 5439 concupiscibilis,
2079 5369 2183 5424 alia
2280 5376 2339 5422 ut
2369 5368 2625 5435 diximus,
2656 5386 2870 5427 omnem
2907 5372 3141 5431 hominis
3170 5377 3338 5432 vitam
3369 5395 3575 5451 regere,
3598 5393 3653 5439 et
3680 5387 3871 5457 guber-

593 5461 873 5515 rationalis
902 5459 1033 5533 [.t!.,
1062 5460 1447 5533 rationabilis],
1483 5461 1643 5515 tertia
1681 5460 1989 5514 irascibilis.
2039 5460 2181 5514 Duas
2281 5476 2431 5525 nare,
2470 5477 2535 5515 ex
2562 5478 2664 5532 qua
2701 5464 2748 5519 si
2775 5469 3164 5537 corrumpitur,
3192 5472 3364 5525 oritur
3401 5477 3674 5544 superbia,
3704 5488 3761 5533 et
3784 5495 3871 5535 ce~

592 5557 740 5612 enim
768 5555 967 5612 habent
1002 5556 1192 5610 harum
1227 5564 1413 5628 partes
1455 5555 1736 5611 nobiscum
1766 5555 1955 5610 bestia:
1983 5563 2036 5609 et
2066 5553 2179 5609 ani-

664 5703 687 5729 ει
723 5690 856 5744 \‘ide
880 5687 938 5759 S.
968 5688 1103 5759 Aug.
1130 5689 1248 5743 Lib.
1283 5688 1346 5743 de
1380 5687 1586 5759 Spiritu
1616 5697 1669 5746 ct
1691 5687 1906 5755 Anima,
1940 5704 2057 5757 cap.
2091 5687 2173 5753 l5,

597 5770 724 5817 tum.
760 5759 849 5815 XL
872 5758 1210 5832 Patrclogiut,
1242 5759 1342 5816 col.
1377 5758 1498 5814 78L

2283 5553 2533 5608 noloxia.
2572 5556 2649 5610 Ex
2702 5557 2786 5612 his
2814 5558 2970 5627 quasi
2999 5560 3305 5628 arboribus,
3354 5563 3569 5635 plurimi
3618 5570 3870 5627 vitiorum

2355 5683 2638 5771 b‘ﬁit‘lafim
2658 5704 2755 5771 seu
2780 5686 3103 5771 undi'ada'.
3138 5690 3271 5749 Vile
3308 5693 3565 5754 Mellitum
3608 5702 3879 5771 praevium

2281 5763 2335 5809 et
2360 5756 2624 5826 Epistolas
2655 5758 2723 5814 ibi
2753 5759 2962 5815 citatas.
