4112 6486
280 325 376 382 Gil

1201 335 1526 394 MORALIA.
1571 369 1640 378 -—
1678 337 1878 395 LIBER
1916 341 2004 395 DE
2038 341 2276 396 ANIMJ‘I
2316 343 2632 402 RATIONE.

3445 357 3549 412 lii?

278 441 568 496 ramusculi
598 443 653 497 in
697 444 993 514 perniciem
1021 447 1213 502 anima:
1252 460 1620 515 succrcseunt,
1661 454 1728 508 de
1752 453 1868 524 qui-
1895 457 1940 516 Α
1972 452 2105 509 mini
2136 470 2222 510 me
2257 456 2558 528 intelligere
2584 469 2638 515 et
2661 461 2795 516 velle
2829 472 2883 518 et
2924 467 3250 524 meminisse.
3291 469 3356 526 Et
3390 473 3466 528 sic
3495 475 3548 528 in

276 531 377 586 bus
401 529 454 585 in
477 528 636 601 hujus
663 534 904 604 epistolte
932 537 1184 607 angustia
1213 537 1492 610 disputare
1519 540 1738 612 longum
1759 553 1866 612 est,

276 630 459 677 etnon
486 624 650 679 nimis
675 627 1064 683 necessarium.

345 753 408 807 ν.
449 754 546 810 Εει
581 771 798 826 quoque
823 758 1004 814 anima
1047 759 1286 832 imagine
1312 771 1368 817 et
1393 763 1752 822 similitudine
1781 767 1864 822 sui

272 845 582 904 Conditoris
613 849 665 902 in
698 849 980 921 principali
1001 852 1089 907 sui
1114 863 1289 922 parte,
1314 871 1435 926 qua:
1463 872 1619 912 mens
1645 859 1864 926 dicitur,

265 937 604 992 excellenter
625 938 928 995 nobilitata.
961 939 1092 1008 Quae
1111 942 1289 1015 imago
1311 946 1525 1000 tandem
1550 947 1604 1004 in
1630 963 1696 1004 ea
1720 948 1866 1005 clara

270 1034 328 1081 et
355 1027 575 1096 pulchra
604 1037 708 1095 εει,
738 1031 784 1084 si
805 1037 920 1085 toto
948 1030 1059 1087 Deo
1086 1030 1367 1090 Conditori
1391 1037 1663 1092 desiderio
1684 1040 1866 1095 vincta

269 1127 355 1174 est
385 1117 520 1191 ML,
545 1119 734 1188 juncta
762 1122 889 1194 est].
919 1122 1177 1190 Quamvis
1204 1141 1336 1182 vero
1358 1127 1480 1183 vilis
1521 1137 1577 1184 et
1609 1131 1865 1186 deformis

267 1223 300 1261 a
327 1207 441 1264 Deo
461 1211 724 1266 recedens
750 1210 1035 1278 elliciatur,
1064 1223 1247 1270 tamen
1276 1217 1322 1272 si
1353 1219 1566 1274 ratione
1591 1220 1756 1291 viget,
1779 1221 1865 1276 vel

271 1298 547 1356 intellectu
574 1301 762 1368 sentit,
792 1311 976 1359 manet
1005 1303 1062 1358 in
1089 1319 1155 1360 ea
1183 1307 1428 1376 quaedam
1457 1319 1666 1366 naturae
1696 1312 1865 1384 digni-

269 1399 354 1445 tas
377 1405 508 1447 suae.
539 1391 695 1450 Unde
717 1394 784 1449 de
819 1393 910 1449 tali
947 1395 1148 1461 anima,
1180 1414 1210 1452 a
1235 1399 1317 1452 sui
1365 1397 1678 1458 Conditoris
1719 1421 1864 1460 rece-

268 1481 437 1537 dente
471 1483 781 1550 dileclione,
818 1485 1001 1541 divina
1031 1488 1160 1544 dicit
1197 1489 1475 1562 Scriptura
1506 1513 1518 1550 :
1548 1494 1862 1568 Quanquam

266 1575 323 1630 in
350 1574 581 1645 imagine
620 1576 722 1632 Dei
765 1579 993 1634 ambulet
1037 1580 1212 1647 homo,
1257 1593 1431 1639 tamen
1481 1603 1612 1641 eane
1651 1600 1862 1644 contur-

265 1665 458 1730 batur;
483 1667 823 1734 thesaurizat,
839 1678 886 1724 et
909 1671 1136 1741 ignorat,
1153 1675 1239 1728 cui
1269 1689 1546 1748 congregat
1581 1695 1646 1734 ea
1683 1679 1855 1752 (Paul.

265 1770 499 1822 xxxvnt,
531 1758 608 1828 7).
647 1757 761 1814 Nec
795 1757 944 1817 .hanc
973 1762 1267 1820 vanitatem
1306 1767 1523 1824 auferre
1567 1785 1728 1840 posse
1769 1789 1854 1830 os-
1884 1810 1928 1870 Β

265 1849 436 1870 .-μμ
575 1867 616 1870 η
658 1855 670 1866 .
801 1855 814 1868 .
984 1855 1025 1870 ..
1067 1858 1078 1868 .

263 1849 439 1906 tendit
466 1852 535 1908 ab
564 1867 628 1909 ea
658 1855 944 1926 imaginem
984 1855 1080 1912 Dei
1109 1877 1122 1912 :
1167 1875 1477 1930 quanquam
1505 1861 1713 1919 scilicet
1739 1879 1852 1919 ma-

261 1958 366 2014 gna
392 1945 465 1999 sit
487 1954 682 2002 natura
708 1948 888 2003 anima
926 1948 1182 2017 humana,
1221 1959 1399 2009 tanwn
1432 1954 1607 2010 vitiari
1645 1965 1846 2026 potest,

257 2039 387 2105 quia
429 2054 641 2094 summa
672 2056 781 2097 non
818 2050 943 2097 est:
989 2051 1168 2101 tamen
1209 2061 1336 2116 quia
1376 2063 1602 2106 summa:
1643 2060 1849 2108 natura:

258 2125 439 2200 imago
482 2139 589 2197 est,
626 2133 679 2188 id
701 2141 809 2199 est,
833 2134 1049 2202 divinae,
1080 2153 1276 2209 magna
1304 2150 1388 2198 est
1419 2151 1637 2209 natura,
1668 2153 1724 2200 et
1750 2160 1849 2201 no-

256 2220 402 2276 bilis.
443 2220 649 2280 Nobilis
678 2240 709 2280 a
737 2224 1028 2284 Conditore
1065 2239 1267 2298 creata,
1307 2233 1402 2288 sed
1440 2234 1688 2306 ignobilis
1716 2238 1848 2293 vitio

255 2314 478 2384 proprio
506 2314 668 2383 facta,
713 2317 768 2371 id
806 2325 917 2386 est,
950 2318 1079 2375 dum
1107 2337 1138 2376 a
1186 2321 1283 2378 Dei
1322 2323 1559 2381 declinat
1601 2328 1846 2395 servitio,

255 2419 357 2458 sua
385 2404 572 2462 volens
598 2408 674 2463 uti
712 2418 1012 2478 potestate,
1044 2414 1189 2485 quod
1238 2425 1324 2472 est
1362 2418 1602 2488 primum
1645 2419 1846 2476 malum

253 2497 403 2552 omni
433 2498 680 2555 ratiunali
727 2510 1008 2560 creaturte.
1049 2504 1136 2562 lta
1165 2509 1381 2564 tandem
1429 2511 1676 2567 ordinate
1713 2513 1849 2568 vivit

253 2588 456 2651 anima,
481 2589 525 2643 si
557 2606 678 2644 eum
704 2591 878 2664 diligit
904 2594 996 2664 qui
1025 2611 1184 2667 supra
1205 2613 1266 2654 se
1291 2607 1396 2664 est,
1427 2600 1480 2654 id
1505 2610 1611 2667 est,
1643 2602 1842 2668 Deum;

253 2687 309 2732 et
339 2679 632 2748 prudenter
660 2695 723 2736 ea
753 2692 903 2754 regat
926 2700 1045 2755 quae
1072 2703 1264 2759 regere
1306 2690 1488 2755 debet,
1517 2691 1569 2746 id
1594 2702 1699 2756 est,
1730 2709 1848 2748 car-

254 2770 407 2826 nales
434 2787 646 2828 sensus.
677 2773 817 2846 Ergo
854 2786 1086 2847 quatuor
1111 2782 1328 2851 quidem
1351 2785 1547 2840 anima:
1575 2785 1844 2858 diligenda

250 2869 404 2926 sunt,
434 2861 484 2915 id
507 2870 610 2930 est,
641 2865 784 2934 quod
827 2882 988 2938 supra
1013 2884 1073 2925 se
1110 2880 1215 2938 est,
1241 2880 1296 2928 et
1321 2874 1376 2929 id
1415 2875 1563 2946 quod
1601 2876 1754 2946 juxta
1783 2896 1844 2935 se

250 2959 339 3005 est
363 2949 444 3023 [et
480 2953 534 3007 id
571 2953 716 3024 quod
757 2956 871 3027 ipsa
901 2967 1004 3026 εει,
1051 2969 1107 3017 ει
1129 2963 1184 3018 id
1211 2964 1354 3035 quod
1397 2967 1500 3022 sub
1525 2982 1585 3024 se
1608 2969 1734 3041 est].
1768 2970 1844 3026 De

251 3043 460 3099 duabus
485 3043 698 3111 horum,
728 3059 1055 3120 praeceptum
1094 3054 1150 3108 in
1179 3056 1353 3111 sacris
1378 3056 1577 3128 legitur
1619 3061 1840 3128 litteris,

1969 547 2196 619 singulis
2223 550 2431 621 singula
2461 555 2762 624 capiuntur.
2801 556 2908 613 Sed
2933 559 2998 614 de
3028 561 3112 617 his
3136 562 3286 618 alias.

2044 641 2207 713 148
2235 641 2344 698 Vll.
2367 644 2521 700 Nunc
2543 657 2725 704 autem
2752 652 3155 711 consideremus
3184 657 3375 713 miram
3403 663 3550 717 velo-

1967 731 2186 788 citatem
2217 735 2412 791 animat
2434 737 2488 792 in
2513 737 2811 797 formandis
2840 743 3021 811 rebus,
3061 761 3181 817 quae
3200 750 3430 822 percipit
3450 767 3549 824 per

1967 825 2214 881 carnales
2239 841 2450 895 sensus,
2477 844 2508 883 a
2530 831 2725 900 quibus
2739 835 2893 904 quasi
2905 850 3004 905 per
3021 840 3281 909 quosdam
3304 847 3548 908 nuntios.

1965 917 2224 988 quidquid
2254 937 2436 976 rerum
2477 925 2810 981 sensibilium
2844 931 3180 1001 cognitarum
3205 935 3288 989 vel
3311 938 3550 1009 incogni-

1967 1014 2417 1084 tarum‘pcrcipit,
2445 1033 2567 1072 mox
2595 1016 2650 1071 in
2677 1020 2853 1091 seipsa
2893 1037 3080 1078 earum
3120 1026 3380 1086 ineffabili
3404 1032 3547 1087 cele-

1965 1099 2123 1153 ritate
2152 1099 2344 1158 format
2367 1105 2591 1176 ﬁguras,
2626 1109 3050 1184 informatasque
3079 1115 3130 1171 in
3158 1133 3268 1174 sua:
3293 1121 3548 1178 thesauro

1963 1193 2240 1247 memoriae
2287 1195 2549 1252 recondit.
2599 1197 2752 1255 Sicut
2795 1203 2941 1257 enim
2971 1205 3062 1276 qui
3111 1207 3339 1265 Romam
3387 1212 3543 1280 vidit,

1963 1279 2190 1337 Romam
2216 1286 2357 1339 enim
2387 1285 2596 1358 [Forte,
2629 1291 2816 1366 etiam]
2845 1292 2996 1365 ﬁngit
3027 1297 3080 1351 in
3105 1299 3284 1356 animo
3325 1317 3442 1368 suo,
3491 1315 3545 1360 et

1962 1370 2160 1429 format
2179 1376 2358 1444 qualis
2387 1379 2477 1436 sit.
2519 1379 2588 1436 Et
2618 1381 2747 1437 dum
2777 1400 2975 1442 nomen
2997 1389 3230 1444 audierit
3259 1394 3340 1448 vel
3371 1412 3546 1452 reme-

1961 1475 2139 1520 mnrat
2175 1466 2381 1536 Romae,
2427 1473 2613 1530 statim
2659 1477 2895 1532 recurrit
2919 1480 3128 1537 animus
3161 1484 3303 1540 illius
3332 1490 3398 1544 ad
3434 1506 3546 1546 mc-

1959 1556 2210 1624 moriam,
2255 1559 2348 1614 ubi
2396 1562 2670 1629 conditam
2723 1565 2886 1622 habet
2923 1568 3156 1629 formam
3186 1574 3354 1643 illius,
3385 1588 3440 1634 et
3468 1581 3541 1636 ibi

1959 1649 2455 1725 recognoscit[eam
2476 1655 2543 1710 ad
2565 1657 2928 1733 memoriam],
2947 1663 3037 1718 ubi
3062 1669 3540 1728 recondiditillam.

1961 1735 2026 1791 Et
2055 1739 2231 1797 adhuc
2258 1743 2558 1800 mirabilius
2583 1755 2687 1816 est,
2727 1750 2870 1820 quod
2893 1756 3292 1827 incognitarum
3333 1779 3539 1830 rerum,

1956 1827 1999 1881 si
2030 1827 2184 1888 lectae
2223 1833 2308 1887 vel
2337 1835 2533 1891 auditae
2560 1849 2723 1896 erunt
2757 1843 2812 1896 in
2855 1846 3097 1909 auribus,
3139 1850 3319 1908 anima
3358 1827 3544 1913 statim

1951 1919 2153 1976 format
2197 1922 2425 1996 ﬁguram
2455 1929 2650 2001 ignotm
2693 1934 2793 1989 rei.
2851 1935 3005 1994 Sicut
3051 1939 3193 1999 forte
3241 1943 3543 2006 Jerusalem

1951 2014 2238 2086 quisquam
2269 2027 2519 2081 nostrum
2569 2023 2734 2082 habet
2765 2027 2821 2086 in
2865 2032 3047 2088 anima
3089 2050 3185 2092 sua
3233 2039 3543 2110 formatam,

1950 2105 2127 2175 qualis
2157 2107 2230 2162 s'it
2263 2127 2276 2162 :
2305 2114 2553 2179 quamvis
2582 2115 2741 2188 longe
2764 2119 2922 2176 aliter
2949 2123 3040 2186 sit,
3065 2141 3225 2196 quam
3247 2105 3543 2192 sibianima

1951 2193 2124 2266 ﬁngit,
2155 2196 2283 2253 dum
2319 2201 2550 2258 videtur.
2581 2204 2843 2264 Similiter
2865 2213 2931 2268 de
2963 2193 3204 2284 homine,
3235 2223 3375 2278 sicut
3405 2226 3545 2285 forte

1947 2285 2016 2341 de
2039 2287 2347 2383 Abraham,
2358 2292 2522 2383 ﬁngit
2549 2298 2694 2353 enim
2719 2299 2924 2372 [Forte,
2955 2307 3143 2383 etiam]
3166 2310 3331 2368 homo
3359 2319 3414 2372 in
3434 2320 3546 2376 ani-

1948 2389 2036 2429 ma
2075 2391 2192 2445 sua,
2223 2380 2400 2450 qualis
2427 2392 2573 2438 esset
2593 2386 2885 2445 Abraham.
2929 2393 3009 2450 Ex
3038 2411 3105 2452 eo
3127 2380 3272 2468 quod
3297 2403 3432 2460 alios
3451 2407 3544 2462 ho-

1947 2467 2124 2524 mines
2166 2471 2322 2537 vizlit,
2353 2473 2433 2528 sic
2467 2475 2567 2530 sibi
2618 2477 2772 2550 ﬁngit
2797 2485 3035 2540 membra
3073 2467 3275 2557 omnia,
3309 2497 3452 2552 sicut
3489 2501 3542 2556 in

1947 2560 2088 2626 aliis,
2123 2562 2205 2617 vel
2234 2563 2287 2617 in
2320 2566 2499 2635 scipso
2527 2575 2826 2642 cognoscit.
2854 2575 3035 2635 Muros
3064 2591 3121 2637 et
3143 2584 3333 2644 domos
3361 2601 3416 2646 et
3434 2593 3542 2663 pla-

1947 2662 2064 2709 teas
2094 2670 2203 2708 non
2234 2655 2388 2728 ﬁngit
2414 2660 2470 2714 in
2498 2676 2584 2726 eo,
2614 2665 2756 2720 sicut
2784 2667 2836 2722 in
2883 2667 3184 2732 Jerusalem
3216 2679 3362 2749 facit,
3398 2655 3480 2758 [se
3500 2689 3539 2760 η

1945 2745 2206 2815 quidquid
2253 2747 2306 2802 in
2349 2748 2470 2806 aliis
2517 2754 2828 2814 civitatibus
2857 2761 2990 2818 vidit
3015 2765 3118 2823 sibi
3154 2745 3408 2844 cognitis,
3441 2745 3542 2836 hoc

1947 2834 2103 2906 ﬁngit
2137 2837 2192 2892 in
2231 2835 2534 2898 Jerusalem
2579 2860 2704 2904 esse
2741 2864 2941 2920 posse;
2983 2870 3052 2912 ex
3082 2834 3402 2923 uotisvenim’

1945 2928 2132 2984 eiebus
2162 2929 2316 3002 ﬁngit
2347 2933 2532 3005 ignota
2558 2956 2571 2992 :
2601 2955 2702 2995 nec
2731 2944 2876 3000 enim
2915 2946 2970 3002 in
2993 2949 3212 3012 civitate
3234 2928 3535 3021 Jerusalem

1945 3019 2098 3091 ﬁngit
2126 3019 2362 3112 hominis
2395 3029 2660 3098 membra,
2691 3033 2786 3088 sed
2816 3038 3046 3098 aedilicia
3074 3045 3386 3110 civita'ibus
3412 3019 3538 3112 con-

253 3133 308 3188 id
337 3142 442 3202 est,
472 3135 540 3191 dc
568 3136 853 3195 dilectione
882 3140 977 3197 Dei
1009 3152 1063 3199 et
1089 3147 1322 3215 proximi
1349 3167 1363 3202 :
1395 3150 1462 3205 de
1490 3166 1587 3206 sua
1607 3167 1738 3208 vero
1765 3154 1841 3208 ἀί·
1863 3163 1911 3227 c
1943 3111 2623 3227 ",,S_'f,f’f’f"“”‘,,"°
2652 3122 2781 3227 fa?"
2818 3142 3034 3227 “fmus
3069 3133 3326 3210 hominis:
3359 3160 3424 3201 ει
3452 3163 3548 3203 (³0·-

249 3225 500 3293 lectione,
533 3239 588 3286 et
612 3233 793 3288 carnis
831 3249 962 3300 suae,
1004 3252 1112 3293 non
1144 3247 1274 3294 sunt
1303 3250 1580 3312 praecepta
1606 3253 1834 3311 statuta,

249 3319 378 3389 quia
407 3319 616 3376 duobus
642 3321 911 3393 prioribus
939 3325 1053 3381 haec
1078 3327 1185 3384 duo
1206 3329 1385 3387 inesse
1411 3332 1830 3404 dignoscantur:

249 3411 375 3480 quia
405 3412 494 3484 qui
545 3411 713 3468 Deum
753 3413 837 3469 vel
871 3417 1186 3486 proximum
1233 3423 1474 3492 perfecte
1527 3427 1725 3498 diligit,
1757 3443 1837 3483 se-

249 3503 427 3572 ipsum
456 3504 724 3576 negligere
768 3523 876 3562 non
922 3510 1157 3580 poterit;
1193 3514 1319 3584 quia
1361 3515 1477 3570 haec
1511 3526 1598 3572 est
1639 3519 1834 3574 animm

249 3609 461 3648 summa
497 3595 796 3662 beatitudo,
827 3613 948 3653 eum
987 3600 1209 3673 diligere
1235 3619 1266 3658 a
1303 3621 1413 3676 quo
1439 3617 1546 3673 est,
1576 3616 1628 3662 et
1657 3609 1833 3664 socias

247 3705 363 3745 sua:
389 3687 734 3747 beatitudinis
773 3691 998 3765 diligere
1040 3696 1275 3764 animas,
1317 3708 1373 3754 et
1409 3699 1516 3756 illis
1565 3703 1825 3772 prodesse

248 3781 330 3836 vel
353 3783 539 3838 carnis
565 3782 758 3850 ollicio,
787 3785 872 3840 vel
919 3787 1116 3844 mentis
1158 3789 1442 3858 beneﬁcio,
1471 3801 1532 3847 ut
1560 3797 1697 3850 bona
1728 3795 1833 3851 illis

248 3882 419 3944 optet,
445 3882 501 3930 et
534 3883 797 3946 quantum
825 3876 1026 3946 valeat,
1055 3879 1239 3936 faciat.

314 4008 406 4064 Vl.
439 4008 610 4066 liabet
635 4011 798 4082 igitur
825 4011 1004 4069 anima
1029 4014 1082 4069 in
1112 4031 1210 4070 sua
1236 4025 1450 4084 natura,
1479 4027 1534 4074 ut
1571 4019 1828 4089 diximus,

249 4099 539 4170 imaginem
554 4111 752 4156 sanare
772 4102 1051 4159 Trinitatis
1076 4104 1129 4159 in
1150 4119 1216 4161 eo
1240 4107 1383 4176 quod
1402 4109 1826 4181 intelligentiam,

247 4193 600 4259 voluntatem,
630 4203 687 4250 et
711 4197 1026 4252 memoriam
1052 4199 1240 4255 habet.
1276 4200 1390 4257 Una
1417 4211 1502 4256 est
1525 4205 1669 4258 enim
1709 4205 1827 4260 ani-

249 4301 357 4349 ma,
389 4301 510 4355 quae
535 4301 688 4342 mens
715 4287 930 4355 dicitur,
964 4307 1067 4346 una
1112 4293 1244 4359 vita,
1273 4303 1328 4350 et
1363 4311 1466 4349 una
1501 4298 1825 4365 substantia,

248 4391 369 4446 qua:
395 4378 508 4431 haec
539 4377 639 4431 tria
665 4378 827 4435 habet
851 4380 1012 4436 inse:
1048 4384 1142 4439 sed
1166 4385 1280 4440 han:
1304 4386 1404 4441 tria
1435 4404 1539 4443 non
1567 4398 1689 4444 sunt
1716 4398 1827 4446 tres
1928 4398 1942 4435 ε

249 4467 392 4531 γεω,
433 4467 528 4521 sed
549 4463 659 4522 una
683 4469 831 4536 vita;
855 4486 954 4528 nec
981 4480 1092 4530 tres
1115 4483 1342 4542 mentes,
1372 4477 1466 4532 sed
1496 4495 1600 4533 una
1630 4495 1782 4535 mens
1809 4501 1820 4534 :

246 4569 640 4632 consequenter
665 4564 871 4633 utique,
914 4581 1014 4622 nec
1049 4576 1159 4624 tres
1183 4569 1497 4626 substantize
1546 4582 1687 4634 sunt,
1729 4574 1823 4630 sed

250 4670 355 4709 una
381 4655 703 4710 substantia.
735 4656 886 4723 Quod
912 4674 1041 4714 vero
1069 4661 1247 4718 anima
1273 4663 1355 4717 vel
1385 4678 1556 4730 mens,
1581 4666 1664 4720 vel
1690 4667 1821 4732 vita,

249 4745 336 4803 vel
364 4745 662 4802 substantia
681 4747 895 4814 dicitur,
924 4750 992 4805 ad
1016 4751 1246 4824 seipsam
1271 4751 1470 4808 dicitur
1495 4773 1506 4809 :
1531 4757 1674 4825 quo.l
1697 4772 1823 4811 vero

250 4839 533 4900 memoria,
553 4837 636 4892 vel
657 4838 1029 4911 intelligentia,
1051 4841 1134 4898 vel
1156 4843 1404 4901 voluntas
1420 4846 1634 4912 dicitur,
1651 4847 1718 4902 ad
1733 4848 1827 4903 ali-

250 4927 381 5002 quid
399 4928 622 4984 relative
652 4929 867 4985 dicitur.
891 4929 1122 4989 Proinde
1144 4934 1257 4990 haec
1281 4935 1381 4990 tria
1403 4950 1469 4991 eo
1492 4945 1616 4992 sunt
1636 4953 1822 5004 unum,

250 5034 358 5089 quo
383 5034 488 5074 una
520 5019 652 5086 vita,
684 5037 788 5076 una
823 5037 975 5079 mens
993 5040 1102 5080 una
1123 5032 1205 5081 est
1239 5026 1536 5082 substantia
1561 5047 1574 5082 :
1597 5037 1654 5084 et
1673 5031 1827 5100 quid-

251 5110 380 5180 quid
401 5109 542 5166 aliud
557 5110 624 5166 ad
645 5113 818 5182 seipsa
837 5115 1045 5186 singula
1062 5115 1332 5181 dicuntur,
1349 5121 1514 5176 etiam
1536 5121 1695 5176 simul
1719 5138 1824 5176 non

250 5199 550 5270 pluraliter,
588 5201 682 5256 sed
716 5203 1061 5274 singulariter
1104 5207 1356 5263 dicuntur
1389 5227 1402 5262 :
1431 5223 1497 5264 eo
1536 5226 1664 5265 vero
1698 5213 1822 5278 tria,

251 5297 360 5362 tjuo
389 5290 457 5345 ad
480 5305 539 5345 se
571 5291 803 5347 invicem
834 5293 1160 5353 referuntur.
1194 5297 1328 5354 Nam
1361 5301 1620 5356 memoria
1658 5302 1825 5356 alicu-

245 5381 336 5450 jus
363 5392 444 5438 est
471 5385 751 5450 memoria,
771 5395 827 5441 et
865 5387 1214 5460 intelligentia
1261 5390 1484 5462 alicujus
1518 5403 1603 5450 est
1635 5395 1830 5449 intelli-

252 5472 455 5542 gentia,
479 5481 535 5527 et
563 5475 805 5530 voluntas
833 5476 1055 5546 alicujus
1085 5487 1170 5535 est
1203 5479 1452 5537 voluntas
1481 5501 1492 5535 :
1519 5492 1574 5538 et
1611 5486 1724 5540 bch
1763 5485 1828 5539 ad

252 5580 310 5619 se
333 5563 561 5619 invicem
592 5565 916 5623 referuntur.
955 5568 1060 5625 Sed
1092 5570 1145 5624 in
1171 5571 1255 5626 his
1287 5571 1459 5627 tribus
1483 5575 1661 5629 unitas
1684 5593 1828 5647 qua-,-

253 5655 373 5708 dam
400 5665 512 5710 est:
537 5657 775 5728 Intelligo
797 5677 882 5716 me
905 5660 1223 5732 intelligere,
1247 5664 1382 5720 velle
1404 5674 1458 5720 et
1480 5669 1821 5733 meminisse;

253 5756 308 5800 et
332 5748 450 5801 volo
475 5764 558 5802 me
585 5750 875 5822 intelligere
911 5761 966 5809 et
1001 5755 1310 5811 meminisse
1340 5764 1395 5811 et
1425 5757 1559 5811 velle
1589 5777 1600 5813 :
1633 5769 1685 5812 et
1717 5777 1826 5814 me-

1941 3202 2108 3303 gnitis
2138 3203 2292 3276 ﬁngit
2322 3207 2617 3280 incognita,
2652 3213 2860 3273 habens
2889 3219 2988 3278 has
3010 3239 3202 3285 omnes
3241 3202 3535 3303 speclesin

1938 3308 2020 3348 se.
2047 3294 2306 3362 Quamvis
2346 3314 2410 3355 eo
2439 3312 2640 3372 puncto
2661 3321 2768 3377 quo
2804 3312 2918 3366 vult
2946 3316 3013 3370 de
3047 3294 3288 3388 quolibet
3315 3344 3420 3385 una

1937 3385 2132 3455 gitare,
2159 3389 2382 3459 cogitet,
2429 3408 2538 3447 non
2565 3397 2709 3465 quod
2754 3402 2932 3462 anima
2972 3385 3135 3466 exeat
3169 3413 3236 3467 de
3277 3420 3405 3475 sede

1936 3477 2012 3577 ad.
2032 3485 2464 3578 cognoscendum
2495 3487 2716 3559 aliquid,
2745 3495 2840 3550 sed
2867 3496 2922 3551 in
2952 3501 3128 3571 seipsa
3161 3520 3362 3578 manet,
3394 3477 3530 3578 et

1935 3566 2114 3636 seipsa
2144 3568 2293 3625 illam
2325 3571 2553 3630 formam
2577 3585 2933 3652 recognoscit,
2967 3566 3128 3659 quam
3155 3566 3362 3665 pridem
3394 3566 3531 3664 mira

1934 3656 2226 3762 velocitate
2245 3660 2518 3720 formavit.
2547 3665 2677 3724 Inde
2697 3681 2782 3727 est
2806 3678 2949 3745 quod
2973 3656 3170 3752 anima,
3196 3691 3240 3745 si
3271 3656 3534 3762 quiti—libet

1935 3756 2157 3815 repente
2177 3750 2532 3820 obliviscitur,
2559 3765 2615 3813 et
2635 3759 2826 3818 iterum
2858 3750 3220 3845 rememorat;
3253 3750 3359 3838 non

1935 3843 2062 3890 tunc
2112 3842 2370 3910 temporis
2408 3860 2517 3914 quo
2555 3849 2892 3910 obliviscitur
2927 3859 3148 3932 aliquid,
3188 3842 3530 3932 inveniet

1931 3929 2113 4029 culum
2137 3929 2280 4029 _[A_l.,
2321 3933 2546 4011 locum],
2578 3939 2632 3996 in
2675 3957 2782 4016 quo
2809 3947 2862 4002 id
2889 3929 3034 4020 quod
3076 3929 3292 4029 quaerit,

1930 4018 2106 4120 ditum
2137 4022 2319 4092 habet,
2349 4030 2493 4097 quod
2523 4030 2720 4089 iterum
2747 4018 3237 4115 rernemorat,-sive

1930 4110 2045 4165 sive
2071 4128 2177 4168 non
2203 4119 2466 4175 curando.

1930 4472 2019 4527 Dei
2051 4478 2288 4544 potentia
2318 4488 2371 4536 ct
2404 4495 2614 4584 natura:
2641 4491 2877 4550 ellieacia
2905 4497 3041 4571 (AL,

1927 4577 2031 4618 cun
2053 4581 2139 4634 jue
2176 4573 2424 4640 cognosci
2458 4579 2678 4644 poterit.
2715 4583 2848 4640 Dum
2896 4589 2962 4644 de
2990 4590 3288 4657 Jerusalem
3316 4573 3518 4678 cogito,

1924 4672 2032 4713 non
2061 4675 2126 4716 eo
2156 4675 2427 4723 momento
2449 4669 2516 4725 de
2543 4670 2712 4730 Ruina
2728 4694 2946 4748 possum
2969 4689 3242 4760 cogitare;
3275 4699 3358 4753 vel
3384 4669 3506 4759 eum

1926 4751 1993 4850 de
2015 4753 2254 4850 qualibet
2276 4773 2382 4818 una
2400 4764 2660 4834 recogito,
2687 4784 2791 4824 non
2819 4751 3129 4842 possumveo
3152 4751 3424 4847 momento
3445 4796 3512 4850 de

1927 4842 2172 4912 pluribus
2193 4849 2455 4917 cogitare,
2480 4854 2576 4908 sed
2601 4857 2704 4914 hoc
2733 4876 2896 4917 unum
2917 4868 3049 4923 mihi
3093 4879 3222 4930 tunc

1927 4945 2010 4990 est
2045 4936 2098 4991 in
2127 4940 2322 5006 anima,
2353 4946 2496 5012 quod
2529 4955 2656 5005 tunc
2681 4953 2881 5024 cogito,
2905 4958 3077 5018 donec
3103 4965 3187 5020 vel
3212 4936 3394 5039 citius,
3424 4979 3510 5034 vel

1932 5029 2138 5084 tardius
2173 5030 2288 5088 hzec
2330 5035 2587 5107 cogitatio
2625 5044 2861 5111 recedat,
2889 5057 2944 5104 et
2989 5051 3093 5108 alia
3145 5029 3510 5128 superveniat.

1929 5117 2062 5174 Nam
2091 5121 2185 5176 Dei
2208 5125 2592 5196 omnipotentis
2615 5139 2842 5201 naturas,
2860 5147 2914 5192 et
2929 5140 3186 5201 ineﬂ‘abili

1927 5216 2108 5270 omnia
2141 5217 2300 5272 simul
2344 5228 2470 5276 sunt
2513 5227 2816 5294 praesentia,
2855 5240 2910 5286 et
2957 5250 3173 5308 semper
3195 5216 3507 5314 pnesentia.

1927 5313 1981 5414 et
2006 5323 2280 5414 nunquam
2301 5313 2625 5370 recedentia.
2659 5318 2722 5373 Et
2749 5321 2849 5378 hoc
2876 5333 3125 5398 estquod
3146 5313 3342 5395 dicitur
3363 5346 3506 5414 quod

1933 5396 2074 5454 Deus
2103 5401 2301 5471 ubique
2331 5412 2476 5460 totus
2501 5415 2602 5472 est,
2629 5412 2750 5479 quia
2771 5417 2951 5471 omnia
2976 5396 3094 5490 qua:
3119 5436 3263 5494 sunt,
3291 5396 3511 5503 t'equna:

1931 5487 2164 5550 fuerunt,
2193 5493 2273 5548 vel
2304 5509 2423 5564 qua:
2453 5496 2630 5554 futura
2662 5513 2806 5569 sunt,
2850 5508 3008 5564 simul
3047 5519 3245 5585 omnia,
3297 5487 3515 5580 ntm'se-

1930 5582 2056 5645 mel,
2085 5585 2176 5639 sed
2201 5600 2413 5656 semper
2440 5594 2725 5659 prresentia
2765 5595 2944 5655 habet.
2977 5602 3084 5659 Nee
3113 5582 3271 5665 etiam
3313 5616 3511 5685 aliquis

1930 5681 2106 5740 potest.
2139 5676 2274 5730 satis
2304 5679 2581 5748 admirari,
2613 5687 2753 5752 quod
2802 5703 2993 5747 sensus
3040 5695 3125 5750 ille
3155 5701 3305 5756 vivus
3345 5676 3510 5775 atque.

1933 5765 2186 5833 emlestis,
2235 5771 2323 5838 qui
2370 5787 2519 5828 mens
2570 5776 2650 5829 vel
2680 5779 2890 5838 animus
2941 5802 3300 5860 nuncupatur.
3349 5806 3512 5855 tanta:
