4112 6594
618 369 729 427 ωδ

1479 371 1543 429 Β.
1585 372 1647 426 F.
1687 371 1915 428 ALBlNl
1955 372 2090 429 SEU
2128 370 2405 429 ALCL’INI
2441 369 2721 427 OPEBUM
2756 368 2938 427 PARS
2975 369 3062 425 iV.

3814 369 3914 424 6H

616 488 936 569 mobilitatis
961 495 1062 552 est,
1105 494 1165 542 ut
1197 500 1264 542 ne
1290 494 1402 543 tum
1426 486 1666 560 quidem,
1692 501 1815 545 cum
1860 489 2067 558 sopitus
2100 494 2203 551 est,
2241 492 2285 548 Α
2312 487 2450 541 ritus
2473 485 2871 552 intellectualis,
2908 485 3217 554 rationalis,
3243 500 3460 559 semper
3487 486 3545 543 in
3573 494 3758 553 motu,
3780 503 3917 542 sem-

619 580 973 650 eonquiescat
997 595 1011 632 :
1045 584 1208 634 tanta:
1237 578 1552 643 celeritatis,
1576 586 1644 636 ut
1661 593 1772 635 uno
1800 577 2059 651 temporis
2085 592 2219 648 pnn-

621 681 709 730 cto
737 674 933 728 emtum
975 672 1275 738 collustret,
1309 669 1411 745 [et]
1462 672 1508 729 si
1538 670 1687 737 velit,
1731 671 1908 726 maria
1951 671 2214 741 pervolet,

621 773 801 822 terras
837 771 894 822 et
942 764 1110 820 urbes
1134 771 1427 834 peragret:
1472 764 1655 819 omnia
1703 763 1958 832 denique,
1985 776 2108 833 qua:
2152 762 2219 818 li-

619 856 824 920 buerit,
855 856 1106 927 quamvis
1137 856 1297 927 longe
1321 855 1537 928 lateque
1557 855 1807 911 submota
1837 855 1970 917 sint,
1995 853 2048 908 in
2088 869 2220 908 con-

618 956 811 1018 spectu
838 945 942 1001 sibi
968 945 1084 1015 ipse
1110 945 1403 1015 cogitando
1427 944 1745 1002 constituat.
1779 944 1848 998 Et
1868 945 2100 1001 miratur
2126 943 2220 998 ali-

620 1038 762 1110 quis,
793 1035 836 1093 si
859 1038 1041 1094 divina
1067 1052 1222 1091 mens
1251 1035 1372 1101 Dei,
1401 1036 1684 1092 universas
1714 1035 1899 1091 mundi
1921 1041 2103 1104 partes
2144 1032 2219 1087 si-

616 1131 754 1198 mul,
782 1139 841 1187 et
871 1144 1088 1200 semper
1116 1139 1409 1200 praesentes
1437 1127 1657 1191 habeat,
1693 1142 1815 1197 qua:
1849 1125 2032 1180 omnia
2078 1125 2219 1195 regit

613 1224 818 1296 ubique
861 1238 1123 1295 prmsens,
1158 1223 1359 1289 ubique
1383 1228 1538 1290 tota;
1579 1236 1706 1281 cum
1732 1227 1883 1277 tanta
1931 1218 2003 1278 sit
2034 1216 2116 1275 vis
2152 1231 2220 1273 ac

609 1323 860 1391 potestas
883 1315 1081 1371 mentis
1105 1315 1358 1375 humanae
1383 1314 1525 1376 intra
1549 1312 1777 1373 murtale
1815 1325 2013 1383 corpus
2042 1309 2217 1366 inelu-

613 1426 710 1477 επ.
740 1418 801 1467 ut
838 1426 908 1465 ne
938 1409 1108 1481 septis
1146 1408 1364 1480 quidem
1404 1407 1587 1478 gravis
1611 1406 1776 1477 hujus
1812 1420 1876 1460 ac
1911 1403 2054 1478 pigri
2098 1418 2220 1458 cor-

611 1507 783 1579 poris,
815 1522 923 1576 quo
973 1506 1176 1581 illigata
1204 1512 1312 1571 est,
1361 1503 1604 1564 cucrceri
1657 1503 1767 1558 ullo
1816 1501 1979 1558 modo
2020 1499 2216 1569 possit,

614 1599 907 1671 quominus
936 1599 1165 1658 liberam
1203 1597 1475 1669 cogitandi
1520 1594 1860 1659 tacultatem,
1896 1592 2098 1663 quietis
2123 1592 2222 1651 ima

613 1692 830 1766 patiens
857 1690 1080 1747 haheat.

685 1782 776 1843 IX.
825 1781 1117 1838 Sciendum
1162 1786 1246 1839 est
1290 1778 1619 1844 certissime,
1672 1778 1935 1843 animam,
1981 1775 2027 1832 si
2059 1774 2114 1830 in
2152 1789 2217 1831 ea

2318 592 2415 648 per
2470 577 2681 643 vivens,
2725 577 2881 632 bona:
2931 576 3197 647 malaeque
3220 576 3517 634 voluntatis
3561 593 3779 648 capax;
3833 593 3918 635 se-

2317 667 2553 723 cundum
2580 665 2975 737 benignitatem
3019 667 3299 724 Creatoris
3346 668 3516 725 libero
3554 668 3791 727 arbitrio
3824 685 3917 726 uo-

2316 757 2576 824 bilitatus,
2602 774 2702 815 sua
2717 759 2997 815 voluntate
3028 761 3274 817 vitiatus.
3301 761 3398 818 Dei
3437 764 3610 835 gratia
3651 764 3918 819 liberatus

2317 848 2397 923 [in
2423 851 2620 923 quibus
2672 852 2815 907 Deus
2855 854 2971 924 ipse
3002 853 3226 926 voluit];
3283 856 3351 910 ad
3398 858 3703 928 regendum
3734 860 3919 915 carnis

2316 949 2496 998 motus
2520 951 2764 1008 creatus,
2822 944 3131 1010 invisibilis,
3187 948 3564 1017 incorporalis,
3602 950 3730 1005 sine
3782 964 3919 1020 pono

2318 1033 2468 1099 dere,
2514 1035 2633 1090 sine
2662 1035 2864 1101 colore,
2913 1036 3384 1110 circumscriptus,
3438 1038 3491 1093 in
3528 1040 3765 1110 singulis
3809 1055 3919 1095 sum

2316 1126 2499 1182 carnis
2538 1126 2799 1182 membris
2836 1134 3013 1189 totus;
3048 1127 3103 1180 in
3132 1143 3241 1198 quo
3266 1137 3354 1184 est
3389 1130 3569 1203 imago
3595 1129 3914 1187 Conditoris

2317 1218 2639 1290 spiritaliter
2683 1220 2959 1290 primitiva
2982 1221 3261 1276 creatione
3306 1222 3593 1295 impressa,
3639 1224 3793 1279 sicut
3835 1240 3922 1284 su-

2317 1309 2505 1380 perius
2540 1308 2898 1365 ostendimus.
2935 1309 3196 1377 Quamvis
3230 1310 3301 1367 sit
3326 1312 3525 1377 misera
3562 1304 3696 1366 duin
3718 1328 3751 1366 a
3781 1312 3920 1368 Con-

2319 1406 2495 1463 dltore
2559 1406 2616 1461 in
2673 1405 2913 1475 seipsam
2968 1403 3267 1469 delabitur;
3314 1412 3499 1461 tamen
3547 1407 3917 1463 teternitatem

2319 1496 2721 1568 imaginemque
2770 1494 3049 1566 dignitatis
3097 1509 3210 1549 sum
3238 1495 3466 1569 perdere
3516 1510 3626 1551 non
3673 1497 3915 1567 poterit:

2319 1602 2427 1641 non
2457 1587 2665 1642 habens
2695 1586 2749 1641 in
2778 1599 2838 1641 se
2872 1592 3200 1656 potestatem
3244 1585 3479 1641 exeundi
3511 1585 3579 1640 de
3610 1601 3807 1650 carne,
3858 1594 3916 1642 et

2318 1678 2580 1736 redeundi
2625 1681 2820 1735 iterum
2846 1678 2901 1733 in
2938 1692 3079 1743 eam,
3132 1679 3226 1733 sed
3259 1676 3377 1748 ejus
3410 1681 3635 1738 arbitrio
3670 1683 3769 1753 qui
3793 1680 3921 1737 fecit

2319 1786 2442 1826 eam
2492 1771 2754 1842 carnique
2802 1770 3047 1826 immisit.
3102 1770 3262 1829 Exiet
3323 1774 3471 1827 enim
3516 1775 3777 1849 quamvis
3830 1792 3920 1830 no-

613 1872 897 1934 nobilitate
928 1873 1320 1944 permansisset
1357 1887 1464 1945 qua
1505 1870 1722 1927 condita
1746 1877 1832 1926 est
1867 1886 1901 1929 a
1930 1867 2209 1932 Creatore,
2247 1864 2290 1923 Β
2316 1862 2436 1921 lens
2485 1863 2902 1937 praesentandus
2949 1862 3153 1933 judicio
3207 1863 3336 1927 Dei;
3386 1864 3605 1937 Deoque
3630 1868 3919 1939 judicaute

611 1966 943 2023 omnimodis
966 1963 1327 2024 immortalem
1340 1977 1483 2027 esse,
1510 1961 1651 2018 sicut
1677 1967 1994 2019 sanctorum
2014 1956 2210 2012 anima:

610 2064 763 2123 sunt;
793 2056 888 2113 sed
918 2057 1046 2112 dum
1073 2055 1242 2110 libero
1271 2053 1523 2118 arbitrio,
1551 2053 1743 2123 spiritu
1776 2050 2071 2121 instigante
2098 2061 2213 2102 ma-

612 2148 782 2223 ligno,
815 2147 1109 2217 depravata
1139 2151 1242 2209 est,
1271 2144 1471 2213 partim
1519 2142 1767 2197 mortalis
1812 2156 1883 2197 ex
1910 2136 2210 2196 immortali

612 2240 755 2301 facta
772 2247 880 2304 est,
908 2238 1004 2294 sed
1021 2252 1128 2293 non
1156 2244 1289 2292 tota.
1316 2234 1469 2292 Sicut
1496 2234 1745 2304 corporis
1765 2232 1877 2290 vita
1899 2231 2081 2291 anima
2101 2238 2210 2296 est,

610 2333 692 2391 ita
723 2332 919 2387 anima:
945 2330 1056 2385 vita
1087 2328 1229 2386 Deus
1253 2334 1358 2384 est.
1387 2325 1527 2381 Dum
1554 2326 1735 2383 anima
1766 2323 1968 2384 deserit
1989 2335 2209 2395 corpus.

613 2425 846 2480 moritur
873 2436 1093 2493 corpus,
1125 2427 1181 2476 et
1206 2427 1486 2498 mortuum.
1523 2427 1671 2473 recte
1710 2415 1930 2481 dicitur,
1961 2414 2089 2485 quia
2131 2414 2213 2473 in.

613 2500 873 2572 sensibile
895 2522 1022 2570 est:
1069 2519 1157 2569 est
1184 2520 1367 2567 tamen
1414 2525 1614 2579 corpus
1659 2508 1937 2581 corruptio
1965 2506 2214 2578 quaedam

610 2624 685 2666 ex
711 2608 894 2664 carnis
920 2617 1137 2671 natura,
1168 2606 1419 2676 quamvis
1446 2620 1552 2660 non
1581 2602 1890 2657 vivificetur
1917 2603 1987 2657 ab
2007 2601 2209 2657 anima.

615 2698 827 2756 Anima:
852 2712 982 2752 vero
1008 2712 1159 2753 mors
1199 2701 1305 2761 est,
1351 2695 1479 2749 dum
1510 2708 1629 2746 eam
1673 2693 1817 2748 Deus
1845 2692 2048 2748 deserit
2071 2691 2213 2745 dono

617 2804 731 2846 sum
754 2789 965 2861 gratim,
986 2788 1057 2843 ob
1086 2785 1512 2858 magnitudinem
1535 2784 1824 2847 scelerum,
1852 2783 2084 2837 moritur
2110 2795 2217 2835 meo

614 2882 750 2940 liore
777 2882 860 2939 sui
888 2890 1061 2953 parte.
1097 2881 1315 2936 Duabus
1339 2893 1469 2937 vero
1514 2879 1867 2950 dignitatibus
1898 2894 1929 2932 a
1960 2876 2217 2934 Creatnre

617 2975 800 3030 anima
831 2974 885 3029 in
913 2987 1008 3033 sua
1032 2981 1228 3028 natura
1256 2970 1551 3044 gloriﬁcata
1597 2978 1706 3033 est,
1753 2970 1805 3027 id
1850 2980 1956 3033 est,
1998 2969 2218 3023 aeterni-

616 3074 729 3122 tate
770 3072 828 3121 et
875 3064 1231 3124 beatitudine.
1290 3063 1578 3118 Beatitudo
1633 3062 1842 3118 scilicet
1889 3060 2085 3114 animm
2133 3066 2219 3115 est

614 3157 786 3215 Deum
813 3156 1016 3213 habere
1042 3157 1095 3210 in
1120 3172 1198 3212 se.
1232 3155 1393 3229 149
1421 3153 1701 3223 Quomodo
1739 3154 1985 3210 habere?
2025 3153 2077 3206 id
2108 3160 2211 3217 est,

611 3248 817 3322 justam
845 3264 989 3313 esse,
1015 3249 1143 3319 quia
1168 3248 1310 3303 Deus
1335 3245 1515 3316 justus
1541 3257 1623 3303 est
1650 3265 1664 3312 ;
1714 3255 1769 3304 et
1800 3244 2207 3300 misericordem
2236 3224 2287 3289 (ἶ

616 3356 758 3407 esse,
784 3340 911 3411 quia
942 3338 1085 3395 Deus
1114 3339 1429 3395 misericors
1453 3347 1535 3395 est
1562 3358 1576 3405 ;
1604 3347 1659 3394 et
1682 3340 1881 3394 bonam
1922 3354 2061 3400 esse,
2086 3336 2213 3407 quia

615 3434 761 3491 Deus
785 3434 961 3489 bonus
984 3440 1104 3498 est;
1134 3440 1189 3487 et
1214 3440 1455 3488 sanctam
1484 3446 1623 3495 esse,
1654 3432 1782 3501 quia
1814 3431 1957 3486 Deus
1994 3436 2214 3486 sanctus

616 3535 738 3593 est;
772 3534 830 3582 et
872 3526 1191 3582 charitatem
1238 3524 1463 3590 habere,
1510 3526 1637 3595 quia
1680 3523 1824 3579 Deus
1867 3523 2101 3578 cltai'itas
2138 3531 2213 3576 est

618 3617 801 3687 (Joan.
837 3631 913 3682 tv,
943 3615 1018 3687 3).
1051 3615 1152 3683 Qui
1184 3616 1473 3685 plurimum
1504 3615 1618 3669 huc
1664 3615 1715 3671 in
1746 3629 1805 3670 se
1838 3614 2018 3675 habet,
2042 3612 2213 3683 majo—

616 3724 733 3764 rem
764 3709 818 3764 in
866 3723 925 3765 se
973 3708 1385 3763 similitudinem
1434 3707 1528 3761 Dei
1577 3707 1739 3763 habet
1771 3714 1827 3759 ct
1874 3706 2211 3774 imaginem:

615 3799 925 3870 quicunque
953 3814 1083 3852 vero
1111 3797 1227 3851 hmo
1260 3797 1315 3850 in
1342 3798 1523 3853 anima
1553 3812 1660 3851 non
1700 3797 1882 3859 habet,
1912 3802 1967 3850 et
1992 3796 2096 3849 alia
2127 3796 2216 3851 his

616 3892 836 3957 similia,
882 3907 1001 3960 qua:
1028 3890 1319 3962 Apostolus
1365 3889 1573 3945 fructus
1623 3891 1926 3946 nominavit
1971 3892 2213 3959 spiritus,

616 3983 714 4039 Dei
747 3982 1079 4038 habitatione
1105 3983 1358 4054 indignus
1381 3979 1662 4045 ellicietur,
1695 3989 1750 4035 et
1793 3981 1901 4036 erit
1925 3980 2218 4042 semivivus

618 4074 765 4148 (Gal.
801 4093 852 4141 v,
880 4074 972 4147 2:2)
1001 4094 1015 4129 :
1053 4075 1193 4129 sicut
1220 4074 1463 4147 latrones
1491 4074 1767 4128 hominem
1796 4073 2217 4129 descendentem

619 4170 691 4226 ab
712 4167 1013 4224 Jerusalem
1039 4168 1092 4222 in
1112 4166 1330 4222 Iericho
1359 4165 1745 4237 spoliaverunt,
1771 4165 2215 4229 vulneraverunt,

617 4268 676 4317 et
700 4261 1021 4317 semivivum
1052 4260 1389 4328 reliquerunt
1413 4256 1564 4330 (Luc.
1594 4274 1653 4324 x,
1677 4256 1791 4331 30).
1819 4255 2091 4312 Semiviva
2114 4256 2219 4310 erit

619 4355 818 4419 anima,
853 4354 897 4409 si
924 4360 1149 4424 propter
1180 4352 1312 4407 vitia
1341 4359 1397 4407 et
1444 4351 1781 4421 iniquitates,
1823 4348 2214 4404 beatitudinem

622 4445 844 4501 visionis
870 4454 927 4499 et
954 4443 1309 4499 habitationis
1335 4442 1429 4499 Dei
1455 4442 1788 4512 perdiderit;
1830 4440 1897 4496 ad
1925 4456 2088 4511 quam
2118 4456 2216 4495 au-

620 4545 729 4592 teiu
754 4533 907 4609 [Ms.,
937 4533 1033 4590 sed
1063 4543 1241 4589 tamen
1267 4534 1334 4588 ad
1359 4532 1545 4606 quam]
1570 4540 1754 4589 creata
1788 4540 1893 4597 est,
1940 4532 2213 4588 aeternita-

622 4635 732 4682 tem
752 4592 977 4697 perdere
1003 4641 1109 4679 non
1136 4632 1335 4696 potest.
1362 4592 1658 4680 hiutabitur
1675 4622 1823 4678 enim
1847 4631 2067 4693 propter
2092 4637 2217 4693 pec-
2243 4592 2293 4657 θ

620 4724 746 4773 cata
769 4731 866 4770 sua
896 4715 1176 4770 beatitudo
1202 4715 1257 4769 iu
1285 4713 1557 4769 miseriam
1586 4730 1603 4780 ;
1630 4722 1686 4768 et
1719 4712 1823 4767 hoc
1858 4714 1982 4777 erit,
2013 4713 2057 4767 si
2086 4728 2217 4773 eon-

625 4808 957 4879 cupiscentia
985 4807 1069 4864 vel
1097 4808 1177 4862 ira
1198 4807 1320 4878 plus
1343 4806 1712 4862 dominabitur
1731 4797 1783 4862 in
1810 4805 2031 4861 homine
2052 4822 2214 4877 quam

622 4900 785 4966 ratio,
817 4900 872 4954 in
900 4915 1006 4970 qua
1034 4899 1148 4967 sola
1178 4899 1447 4971 praecellit
1471 4900 1858 4961 animantibus.
1886 4897 2009 4953 ideo
2036 4898 2103 4953 de
2124 4898 2216 4952 tali

622 4991 827 5047 dictum
850 4999 937 5049 est
966 4991 1020 5045 in
1048 4989 1301 5046 Psalmo:
1339 4989 1404 5044 Et
1429 4989 1581 5044 homo
1617 5006 1734 5043 cum
1756 4991 1814 5043 in
1847 4991 2043 5044 honore
2062 5000 2216 5053 esset,

627 5103 729 5141 non
758 5085 1033 5151 intellexit,
1069 5094 1401 5157 comparatus
1437 5092 1514 5138 est
1536 5083 1789 5153 jnmentis
1832 5082 2215 5151 insipientibus,

622 5186 672 5231 et
709 5176 896 5233 similis
941 5177 1112 5246 {actus
1154 5185 1230 5231 est
1282 5174 1389 5228 illis
1437 5171 1621 5245 (Psal.
1659 5189 1850 5238 xum,
1896 5172 2016 5245 15).
2068 5171 2221 5229 Sicut

625 5267 773 5323 enim
802 5266 1011 5337 loquela
1034 5267 1292 5338 prmcellit
1321 5266 1374 5320 in
1408 5281 1568 5321 carne
1595 5266 1807 5321 caneris
1828 5265 2215 5329 animantibus,

627 5357 704 5411 ita
733 5364 788 5412 et
810 5356 989 5411 anima
1019 5357 1230 5412 ratione
1250 5355 1361 5411 sola
1395 5356 1627 5411 nobilior
1652 5365 1735 5412 est
1760 5356 1864 5428 eis,
1884 5370 2005 5427 quae
2028 5371 2218 5413 omnes

625 5449 876 5507 carnales
899 5450 1365 5522 concupiscentias
1394 5460 1448 5507 et
1485 5450 1653 5509 animi
1702 5458 1883 5507 motus
1920 5450 2075 5528 quasi
2117 5451 2215 5505 do-

626 5538 775 5594 mina
809 5548 864 5595 et
891 5540 1075 5614 regina
1106 5538 1172 5595 de
1210 5539 1425 5595 sublimi
1465 5540 1737 5611 :equitatis
1770 5540 1897 5595 sedc
1945 5554 2133 5609 regere
2164 5548 2219 5595 et

631 5626 939 5704 temperare
969 5634 1151 5690 debet.

704 5748 769 5802 Χ.
828 5748 942 5804 lloc
987 5749 1147 5804 modo
1193 5751 1370 5810 anima
1426 5749 1638 5805 deliniri
1684 5756 1863 5819 potest
1910 5748 2058 5818 iuxta
2103 5763 2216 5803 sum

630 5840 1016 5917 proprietatem
1073 5848 1281 5896 naturce
1315 5859 1328 5895 :
1366 5842 1544 5895 anima
1579 5857 1673 5893 seu
1722 5841 1936 5894 animus
1981 5849 2065 5895 est
2113 5840 2218 5909 spi-

2309 1956 2489 2013 locum
2542 1955 2772 2011 intrabit
2824 1955 2938 2009 suis
2989 1955 3200 2011 meritis
3256 1958 3610 2030 condignum,
3655 1970 3916 2032 spectare

2313 2045 2457 2120 [Al.,_
2500 2045 2840 2119 exspectare]
2873 2045 3047 2101 ultimi
3092 2045 3197 2102 diei
3221 2046 3509 2117 judicium,
3569 2060 3630 2107 ut
3677 2054 3917 2124 accipiat

2310 2155 2556 2206 carnem,
2600 2141 2657 2196 in
2706 2157 2813 2212 qua
2846 2141 2898 2196 in
2936 2143 3038 2197 hoc
3100 2143 3300 2198 szeculo
3340 2142 3577 2200 vivebat.
3629 2145 3737 2213 Qui
3766 2147 3921 2217 spiri-

2313 2240 2402 2290 tus
2435 2233 2599 2288 modo
2625 2234 2775 2290 curis
2828 2237 3067 2308 angitur,
3122 2236 3283 2293 modo
3318 2238 3567 2310 corporis
3621 2237 3914 2293 doloribus

2311 2322 2584 2391 eondolet,
2638 2326 2801 2382 modo
2821 2327 3007 2385 lzetitia
3032 2329 3332 2394 hilarescit,
3385 2329 3550 2385 modo
3583 2332 3808 2404 cognita
3842 2345 3919 2385 re-

2311 2417 2536 2488 eogitat,
2560 2417 2721 2472 modo
2745 2417 3023 2490 incognita
3056 2421 3199 2476 scire
3219 2420 3431 2490 quatrit.
3488 2419 3608 2476 Alia
3634 2421 3780 2486 vult,
3813 2421 3916 2478 alia

2314 2522 2423 2563 non
2456 2508 2589 2562 vult.
2648 2507 2708 2564 In
2744 2526 2850 2580 quo
2877 2520 2965 2566 est
3008 2527 3163 2567 amor
3208 2512 3551 2582 naturaliter,
3605 2513 3735 2583 quia
3764 2528 3921 2568 amor

2315 2599 2592 2655 intellectu
2626 2599 3023 2659 discernendus
3083 2612 3189 2669 est,
3241 2610 3299 2658 et
3326 2604 3538 2659 ratione
3583 2602 3653 2658 ab
3713 2602 3917 2659 illicitis

2315 2693 2766 2748 delectationibus
2794 2692 3198 2768 [cohibendus],
3231 2704 3293 2749 ut
3317 2710 3383 2750 ea
3410 2702 3558 2752 amet
3585 2710 3708 2765 quae
3729 2709 3916 2749 aman-

2317 2783 2387 2838 da
2427 2792 2574 2838 sunt.

2391 2872 2483 2929 XI.
2518 2874 2698 2943 Atque
2758 2876 3057 2930 secundum
3101 2874 3336 2931 olllcium
3382 2876 3561 2947 operis
3597 2876 3683 2933 sui
3743 2877 3916 2933 variis

2318 2972 2662 3035 nuncupatur
2710 2967 3023 3022 nominibus
3056 2985 3068 3020 :
3101 2968 3283 3023 anima
3335 2976 3443 3034 est,
3481 2968 3607 3024 dum
3642 2969 3916 3039 v'lvilicat;

2318 3058 2446 3111 dum
2478 3058 2901 3128 contemplatur,
2932 3060 3157 3128 spiritus
3190 3069 3308 3125 est;
3342 3060 3470 3115 dum
3501 3061 3694 3126 sentit,
3721 3077 3918 3118 sensus

2320 3160 2435 3218 est;
2487 3152 2615 3209 dum
2660 3152 2824 3223 sapit,
2853 3154 3067 3208 animus
3117 3160 3233 3219 est;
3274 3152 3403 3208 dum
3428 3153 3702 3227 intelligit,
3762 3169 3925 3211 mens

2313 3256 2428 3313 est;
2483 3247 2610 3303 dum
2636 3246 2916 3313 discernit,
2966 3246 3106 3302 ratio
3128 3256 3244 3313 est;
3300 3246 3427 3302 dum
3468 3247 3769 3311 consentit,
3818 3262 3916 3301 vo-

2315 3342 2497 3397 luntas
2533 3348 2650 3405 est;
2704 3339 2830 3395 dum
2877 3339 3219 3406 recordatur,
3255 3337 3516 3394 memoria
3547 3347 3651 3393 est.
3693 3337 3813 3392 Non
3847 3345 3919 3392 ta-

2313 3449 2441 3489 men
2494 3433 2608 3487 hcce
2636 3434 2707 3487 ita
2753 3432 3066 3487 dividentur
3092 3432 3144 3486 in
3179 3432 3504 3497 substantia,
3566 3432 3709 3487 sicut
3738 3434 3793 3488 in
3828 3447 3916 3487 na-

2315 3525 2583 3589 minibus;
2641 3526 2767 3595 quia
2804 3524 2917 3579 lucc
2966 3524 3172 3586 omnia,
3233 3539 3340 3583 una
3369 3534 3455 3579 est
3490 3525 3690 3579 anima.
3760 3524 3909 3580 Inter

2319 3616 2567 3687 spiritum
2584 3625 2641 3669 ct
2664 3615 2901 3669 animam
2926 3614 3192 3687 ejusmodi
3232 3624 3411 3686 potest
3438 3614 3741 3671 differentia
3762 3632 3907 3680 esse,

2317 3705 2461 3776 quod
2513 3710 2692 3763 omnis
2745 3705 2927 3760 anima
2964 3705 3189 3775 spiritus
3225 3712 3330 3770 est,
3379 3719 3486 3759 non
3523 3712 3704 3761 tamen
3734 3706 3916 3760 omnis

2317 3796 2542 3867 spiritus
2591 3796 2793 3851 anima.
2823 3795 2933 3852 Sed
2976 3804 3033 3851 ct
3064 3795 3258 3852 beatus
3282 3796 3561 3866 apostolus
3589 3795 3792 3851 Paulus
3822 3796 3917 3851 mi~

2317 3890 2559 3947 rabiliter
2584 3890 2847 3945 discernit
2874 3889 3021 3945 inter
3053 3889 3302 3960 spiritum
3334 3898 3390 3946 et
3418 3898 3653 3946 mentem
3682 3891 3911 3947 dicens:

2320 3981 2557 4038 Psallam
2604 3984 2815 4055 spiritu,
2865 3982 3089 4056 psallam
3138 3994 3185 4038 et
3233 3995 3403 4038 mente
3431 3982 3482 4054 (I
3510 3984 3633 4040 Cor.
3659 4000 3773 4050 κη’,
3803 3985 3909 4055 i5).

2319 4074 2523 4147 Spiritu
2548 4076 2753 4147 psallit,
2806 4076 2900 4147 qui
2926 4092 3110 4131 rerum
3147 4074 3455 4149 [obscuras]
3486 4076 3914 4149 signiﬁcationes

2318 4186 2428 4227 non
2451 4171 2779 4241 intelligens,
2834 4184 2929 4224 ore
2948 4168 3191 4240 profert;
3214 4169 3400 4241 psallit
3427 4179 3632 4237 mente,
3676 4170 3769 4241 qui
3798 4187 3917 4228 eas-

2302 4256 2441 4317 ‘dem
2478 4259 2907 4333 significationes
2959 4260 3160 4316 utentis
3213 4259 3452 4316 etiieacia
3479 4259 3747 4332 intelligit.
3778 4261 3912 4323 Nam

2318 4353 2543 4430 spiritus
2586 4351 3088 4407 Nabuchodonosor
3133 4350 3279 4423 regis
3309 4350 3637 4407 informatus
3665 4360 3808 4418 erat,
3846 4359 3906 4407 ut

2316 4446 2527 4502 videret
2549 4441 2751 4509 futura,
2805 4443 2902 4499 sed
2930 4458 3041 4499 non
3098 4453 3220 4500 erat
3260 4458 3417 4499 mens
3470 4438 3799 4509 illuminata,
3853 4460 3912 4500 ut

2318 4536 2647 4609 intelligeret
2667 4550 2789 4606 qua:
2835 4534 3072 4591 videbat.
3124 4534 3678 4605 Accessitpropheta,
3722 4534 3912 4594 divino

2320 4627 2659 4682 illuminatus
2686 4628 2904 4698 spiritu,
2958 4626 3051 4697 qui
3079 4635 3371 4697 utrumque
3400 4633 3457 4682 et
3478 4625 3745 4682 intellexit
3791 4641 3912 4696 qua:

2318 4732 2416 4772 rex
2435 4716 2672 4781 videbat,
2703 4725 2759 4771 et
2781 4717 3035 4789 exposuit
3057 4716 3189 4787 quid
3218 4716 3591 4787 signiﬁcarent
3623 4716 3788 4790 (Dan.
3821 4714 3906 4785 ιι).

2390 4830 2503 4885 ΧΠ.
2546 4830 2661 4886 Hoc
2692 4831 2874 4901 itaque
2897 4830 3103 4901 absque
3124 4830 3460 4886 dubitatione
3483 4830 3767 4886 sciendum
3797 4840 3906 4895 est,

2321 4924 2465 4995 quod
2513 4924 2706 4979 animm
2733 4923 3075 4993 pulchritudo
3124 4922 3296 4978 virtus
3342 4929 3527 4988 est,et
3570 4922 3688 4993 ejus
3731 4921 3909 4979 deforv

2324 5015 2488 5067 mitas
2558 5013 2771 5067 vitium.
2834 5011 2891 5066 Si
2931 5012 3080 5067 enim
3129 5012 3217 5067 vol
3263 5012 3456 5077 Deum,
3509 5011 3595 5067 vel
3646 5012 3907 5084 seipsam,

2322 5105 2405 5160 vel
2435 5104 2682 5177 spiritale
2725 5104 2929 5173 aliquid
2980 5104 3328 5161 considerare
3368 5106 3549 5176 gestit,
3613 5106 3809 5161 avertit
3849 5120 3908 5165 se

2319 5214 2349 5253 a
2385 5199 2637 5253 sensibus
2669 5196 2873 5261 carnis,
2929 5212 3005 5253 ne
3030 5196 3165 5254 fiant
3192 5197 3243 5250 ei
3292 5196 3704 5271 impediuiiento,
3742 5198 3910 5269 spiri-

2316 5289 2445 5345 talia
2492 5288 2731 5345 rimanti.
2771 5287 2928 5358 Sapo
2954 5289 3118 5343 etiam
3164 5288 3219 5343 in
3272 5295 3483 5343 tantum
3534 5286 3785 5343 aﬁ'eotata
3803 5290 3909 5348 erit

2317 5380 2557 5452 qualibet
2610 5380 2962 5451 cogitatione,
3012 5389 3092 5444 ut,
3136 5380 3391 5451 quamvis
3428 5388 3651 5451 apertos
3707 5380 3908 5442 habent

2319 5475 2527 5539 oculos,
2576 5487 2696 5545 qua":
2743 5481 2943 5543 praesto
2968 5479 3117 5535 sunt,
3163 5486 3275 5527 non
3322 5472 3531 5538 videat;
3568 5485 3675 5529 nec
3710 5486 3907 5531 sonat»

2319 5577 2427 5622 tem
2464 5579 2655 5622 vocem
2684 5562 2967 5636 intelligat,
3000 5572 3449 5635 nectangentem
3476 5579 3676 5636 corpus
3702 5566 3905 5621 sentiat

2320 5655 2456 5728 [.ll.,
2511 5670 2619 5710 non
2654 5653 2811 5718 vidit,
2868 5667 2979 5709 non
3014 5653 3284 5725 intelligit,
3337 5670 3445 5710 non
3486 5653 3697 5730 sentit}.
3740 5654 3901 5729 [tegit

2318 5748 2464 5802 enim
2512 5760 2708 5815 corpus
2739 5760 2839 5817 per
2871 5760 3110 5817 qumque
3133 5761 3347 5812 sensus,
3372 5763 3491 5819 quae
3533 5748 3724 5804 borum
3770 5748 3902 5804 nihil

2321 5850 2425 5893 est.
2452 5838 2587 5891 Dum
2617 5838 2682 5891 de
2714 5852 2779 5892 ea
2805 5838 3127 5908 cogitamus,
3159 5838 3292 5891 nihil
3320 5853 3637 5910 corporeum
3659 5840 3901 5911 cogitare
