4112 6654
249 555 352 609 8.55

1159 549 1488 610 liORALlA.
1527 580 1596 589 —-—
1634 548 1839 608 LIBER
1875 545 1967 607 DE
2003 544 2244 605 ΑΝΙἋᾸΞ
2287 543 2606 603 ΠΑΤΙΟΝΕ.

3420 539 3528 593 ϐω

247 668 524 725 debemus.
587 665 740 725 Sicut
765 666 914 724 enim
947 665 1091 719 Deus
1117 678 1336 718 omnem
1364 661 1716 735 [creaturam,
1754 659 1835 717 sic
1870 663 1910 720 Α
1939 656 2086 716 ditia:
2131 666 2188 715 et
2231 656 2500 716 libertatis
2545 672 2576 714 a
2601 664 2846 727 peccato,
2879 667 2938 711 ut
2961 657 3204 714 omnium
3236 655 3291 713 in
3320 669 3380 712 se
3406 669 3535 712 coa-

248 759 428 816 snima
459 757 618 829 150
648 753 890 828 omnem]
927 770 1244 827 corpoream
1291 762 1599 810 creaturam
1631 759 1841 808 natum

249 851 512 924 dignitate
535 850 814 922 praecellit.
861 847 994 917 Quae
1022 850 1189 906 etiam
1222 863 1320 920 per
1340 847 1518 908 lucem
1549 855 1606 902 ct
1633 860 1838 912 aerem,

248 957 371 1014 quas
421 950 552 1000 sunt
585 941 977 1003 excellentiora
1023 941 1211 1002 mundi
1239 954 1492 1010 corpora,
1526 954 1725 1010 corpus
1754 938 1845 992 ad-

248 1033 526 1091 ministrat
555 1048 733 1089 suum.
773 1031 1029 1095 Omnium
1066 1047 1250 1091 rerum
1285 1033 1498 1103 species
1523 1030 1614 1088 lux
1645 1031 1844 1092 animm

248 1126 558 1192 annuntiat,
611 1140 750 1196 quas
818 1125 935 1196 ipsa
991 1125 1048 1186 in
1103 1139 1165 1180 se
1231 1132 1490 1194 acceptas
1539 1122 1842 1194 speciﬁeat,

247 1216 700 1289 specitieatasque
755 1215 1030 1285 recondit;
1061 1224 1265 1273 etcum
1298 1213 1620 1276 atilictiones
1648 1211 1844 1280 aliqum

247 1309 462 1380 corpori
513 1309 794 1374 eveniunt,
847 1307 1142 1366 oIlenditur
1178 1308 1384 1373 anima,
1423 1306 1553 1360 dum
1579 1312 1849 1374 tempera-

248 1410 493 1458 mentum
531 1400 786 1467 faciendi,
819 1401 966 1473 quod
997 1400 1130 1467 vult,
1160 1400 1365 1466 deerit;
1396 1407 1454 1455 et
1475 1397 1590 1458 huic
1615 1396 1846 1454 oIi'ensio

247 1493 403 1550 dolor
425 1502 671 1550 vocatur.
709 1490 766 1554 Si
793 1502 977 1556 autem
1009 1493 1063 1549 in
1101 1501 1313 1554 tantum
1345 1489 1632 1546 lraudatur
1681 1503 1850 1547 mem-

247 1584 472 1650 brorum
521 1585 946 1652 ministratione,
983 1593 1046 1640 ut
1079 1600 1188 1639 non
1216 1583 1436 1649 habeat,
1496 1581 1627 1652 quid
1660 1595 1852 1652 opere.

251 1686 340 1734 tur
373 1677 427 1735 in
453 1679 556 1743 eis,
600 1676 827 1743 recedit,
860 1676 1017 1746 quasi
1043 1676 1325 1748 indignata
1355 1672 1680 1730 habitationi
1713 1687 1846 1729 sum.

249 1771 387 1839 Quid
434 1771 509 1826 sit
551 1769 754 1834 anima,
800 1767 877 1824 nil
923 1767 1118 1824 melius
1169 1768 1410 1823 occurrit
1447 1764 1632 1824 dicere
1682 1778 1849 1834 quam

248 1861 474 1935 spiritus
531 1859 820 1926 vit;e;'se:l
869 1875 979 1914 non
1002 1858 1121 1930 ejus
1167 1858 1292 1918 vita:
1316 1873 1438 1928 qua:
1465 1856 1520 1912 in
1556 1855 1850 1927 pecoribus

246 1963 352 2021 est,
421 1954 539 2009 sine
597 1951 849 2008 rationali
907 1950 1258 2012 mentuzsed
1291 1950 1402 2004 vita
1453 1964 1600 2004 nunc
1647 1948 1846 2013 minor,

1944 750 2233 808 ﬁdentium
2281 764 2504 816 carnes,
2553 749 2734 805 divina
2793 751 2849 808 in
2907 764 2974 808 ea
3027 757 3286 820 operante
3333 747 3531 821 gratia,

1943 843 2162 914 purgari
2198 850 2255 898 et
2279 841 2500 900 liberari
2527 842 2741 912 possint
2767 841 2901 916 [Al.,
2946 840 3217 917 possunt].
3243 841 3380 910 Quia
3409 857 3536 899 san-

1944 933 2064 1004 guis
2112 933 2204 1003 qui
2235 932 2302 992 dc
2324 933 2515 996 eadem
2545 947 2735 999 carne,
2769 933 2960 990 lancea
3006 933 3194 991 militis
3228 932 3535 1000 vulnerata,

1945 1019 2196 1087 ﬂuxerat,
2243 1022 2480 1092 pretium
2529 1031 2615 1083 est
2661 1023 2854 1084 salutis
2901 1023 3170 1093 humanm,
3230 1039 3330 1095 per
3383 1019 3541 1095 cuius

1942 1112 2262 1170 eﬂ‘usionem
2287 1115 2561 1170 exstincta
2606 1123 2693 1170 est
2743 1115 2994 1171 ﬂammea
3033 1115 3124 1171 illa
3167 1115 3404 1187 paradisi
3437 1131 3536 1172 cu.

1947 1205 2142 1274 studia,
2199 1215 2254 1263 et
2282 1206 2367 1262 via
2403 1205 2649 1264 ﬁdelibus
2700 1216 2889 1278 aperta
2922 1215 3011 1267 est
3052 1209 3118 1269 ad
3151 1208 3355 1282 lignum
3388 1209 3535 1275 vitae,

1948 1299 2090 1370 quod
2119 1299 2421 1370 plantatum
2473 1309 2560 1356 est
2582 1313 2740 1356 secus
2772 1300 3035 1356 decursus
3070 1314 3333 1371 aquarum
3355 1300 3546 1356 viven-

1953 1391 2087 1446 tium
2113 1390 2286 1462 (Psal.
2334 1407 2373 1457 ι,
2398 1389 2476 1462 3).
2531 1390 2698 1464 Cujus
2737 1392 2868 1464 ligni
2918 1394 3357 1464 sapientissimus
3388 1391 3544 1454 Salo-

1948 1499 2099 1549 mon,
2149 1484 2276 1540 dnm
2319 1485 2388 1541 de
2417 1484 2574 1540 laude
2606 1485 2887 1556 sapientiai
2945 1488 3113 1543 multa
3165 1469 3416 1557 dixisset,
3455 1503 3546 1564 re-

1949 1575 2210 1633 cordatus
2247 1584 2355 1643 est,
2404 1577 2480 1636 ita
2500 1576 2688 1634 dicens
2714 1595 2728 1631 :
2754 1576 2949 1636 Beatus
2982 1579 3161 1648 homo,
3211 1582 3302 1652 qui
3348 1580 3546 1640 invenit

1949 1673 2290 1740 sapientiam,
2331 1672 2491 1744 atqui
2517 1671 2679 1744 aﬂluit
2707 1672 3010 1743 prudentia.
3061 1673 3129 1730 Et
3173 1673 3334 1746 paulo
3369 1683 3493 1744 post
3528 1692 3542 1728 :

1960 1763 2074 1820 Vite
2111 1765 2226 1836 ejus
2257 1765 2356 1820 rite
2389 1764 2647 1835 pulcltm',
2703 1773 2949 1821 etomnes
2994 1767 3195 1822 semitm
3251 1767 3367 1838 ejus
3393 1767 3540 1837 peci-

1951 1856 2088 1926 ﬁcae.
2127 1855 2356 1928 Lignum
2388 1857 2510 1911 vita!
2543 1864 2620 1910 est
2671 1855 2756 1911 his
2803 1856 2892 1927 qui
2941 1853 3378 1925 apprehenderint
3406 1869 3548 1921 eam,

1952 1960 2000 2007 et
2026 1952 2118 2022 qui
2140 1952 2364 2005 tenuerit
2387 1966 2522 2015 eam,
2557 1949 2737 2005 beatus
2789 1949 2976 2022 (Prov.
3016 1965 3104 2014 tu,
3149 1947 3237 2014 i3,
3280 1947 3395 2022 Π).

247 2059 416 2116 quam
443 2042 788 2117 angelorum,
816 2052 872 2099 et
897 2041 1075 2097 futura
1098 2040 1316 2112 quidem
1340 2041 1678 2113 angelorum,
1711 2040 1759 2095 si
1779 2054 1847 2098 ex
1883 2044 1927 2102 Β
2024 2041 2165 2102 XIV.
2229 2041 2491 2100 Humana:
2535 2056 2667 2100 vero
2715 2042 2910 2098 anima:
2958 2040 3306 2111 pulchritudo
3358 2047 3448 2101 est
3494 2049 3552 2098 ut

249 2143 522 2208 pnrcepto
555 2134 641 2190 sui
675 2132 954 2189 Creatoris
989 2133 1080 2192 hic
1108 2131 1322 2189 vixerit.

320 2228 456 2284 XIII.
483 2226 647 2300 Origo
673 2242 806 2284 vero
849 2228 1157 2285 animarum
1207 2225 1352 2282 unde
1403 2226 1500 2292 sit,
1549 2225 1718 2288 solius
1750 2223 1847 2288 Dei

248 2321 544 2395 cognitioni
606 2320 1022 2392 relinquendum
1057 2327 1162 2375 est.
1218 2317 1393 2390 Quam
1428 2317 1596 2373 multa
1649 2315 1850 2372 exinde

248 2413 554 2486 philosophi
613 2428 754 2468 vana
794 2411 1090 2477 ﬁnxerunt,
1141 2418 1199 2465 et
1239 2409 1504 2482 plurimas
1551 2407 1850 2465 Christiani

251 2509 502 2566 doctores
548 2506 837 2578 opiniones
879 2505 1006 2561 inde
1065 2511 1389 2576 posuerunt,
1455 2511 1515 2559 et
1546 2501 1681 2558 nihil
1713 2515 1850 2572 pene

249 2611 462 2660 certum
492 2599 850 2671 reliquerunt.
886 2597 1028 2669 Ergo
1050 2605 1108 2652 et
1142 2596 1336 2652 beatus
1369 2593 1705 2667 Augustinus
1733 2605 1760 2634 ι
1785 2593 1852 2648 de

251 2692 461 2766 origine
495 2691 690 2745 animm
739 2689 899 2745 beato
942 2687 1273 2760 Hieronymo
1322 2687 1542 2758 scripsit
1571 2695 1628 2742 et
1676 2686 1847 2750 misit,

254 2782 440 2839 volens
460 2781 600 2836 scire
626 2779 756 2850 quid
792 2777 1087 2835 afﬁrmaret
1113 2787 1298 2834 tantus
1331 2778 1524 2835 doctor
1548 2777 1616 2833 de
1642 2777 1854 2848 origine

255 2873 469 2932 animm.
511 2871 570 2927 Si
593 2871 681 2926 ille
734 2870 873 2926 liber
921 2871 1200 2926 vobiscum
1255 2871 1587 2935 inveniatur,
1642 2869 1760 2942 lege
1799 2877 1855 2924 et

257 2963 520 3035 intellige,
575 2962 703 3034 quid
743 2963 833 3017 ille
886 2963 1238 3018 acutissimus
1302 2979 1486 3020 rerum
1525 2962 1855 3017 naturalium

257 3057 550 3128 inquisitor
573 3055 641 3110 de
677 3055 885 3126 origine
910 3055 1110 3110 dixerit
1129 3056 1345 3110 animm.
1398 3055 1643 3124 Quatuor
1687 3071 1857 3126 quas-

255 3151 382 3206 dam
414 3151 470 3206 in
501 3165 566 3205 ea
593 3149 966 3218 disputatione
1011 3148 1194 3221 posuit
1245 3146 1555 3222 opiniones,
1601 3155 1663 3202 ut
1707 3147 1857 3202 arbi-

258 3255 394 3310 tror,
431 3245 516 3299 cui
563 3242 756 3298 beatus
791 3240 1156 3314 Hieronymus
1189 3256 1296 3297 una
1343 3240 1665 3305 brevissima
1718 3238 1854 3312 [Al.,

254 3334 628 3412 parvissima],
687 3334 781 3390 sed
839 3332 1156 3388 acutissima
1209 3332 1491 3403 reslendit
1559 3331 1787 3403 epistola
1840 3349 1853 3383 :

1952 2133 2142 2198 decus,
2176 2131 2483 2202 sapientiai
2509 2133 2768 2200 studium,
2806 2148 2917 2191 non
2948 2131 3037 2188 illa
3080 2147 3202 2202 qua:
3233 2131 3293 2190 in
3316 2134 3552 2196 terrenis

1949 2225 2089 2284 solet
2136 2227 2394 2296 occupari
2442 2227 2698 2299 negotiis,
2753 2227 2850 2283 sed
2882 2225 2975 2286 illa
3034 2225 3208 2298 magis
3265 2240 3372 2297 qua
3407 2224 3554 2286 Deus

1949 2319 2148 2381 colitur
2193 2328 2250 2378 et
2296 2328 2531 2376 amatur.
2588 2319 2687 2376 Cui
2725 2321 2956 2391 teipsam
2984 2321 3227 2389 studeas,
3264 2317 3429 2394 Virgo
3453 2334 3555 2378 nov

1951 2410 2236 2479 bilissima,
2267 2421 2379 2470 tota
2438 2415 2640 2471 mentis
2677 2415 2984 2472 intentione
3042 2415 3383 2487 mancipare;
3423 2413 3552 2486 quia

1952 2505 2006 2559 in
2052 2504 2155 2560 hac
2203 2513 2290 2560 est
2329 2506 2438 2560 vita
2495 2507 2641 2562 omni
2682 2506 3075 2578 tranquillitate
3111 2506 3453 2574 beatissima,
3493 2505 3556 2564 in

1952 2598 2058 2656 hac
2081 2609 2170 2656 est
2190 2599 2332 2657 illius
2366 2616 2593 2656 summae
2641 2599 2925 2656 Trinitatis
2963 2599 3143 2671 imago
3171 2599 3402 2655 feliciter
3430 2613 3555 2671 per-

1955 2689 2116 2746 fecta.
2151 2689 2357 2747 Hicest
2410 2691 2701 2748 thesaurus
2757 2691 3151 2760 desiderabilis,
3207 2692 3298 2763 qui
3343 2692 3558 2763 requie-

1954 2783 2060 2837 scit
2114 2782 2169 2837 in
2224 2798 2320 2838 ore
2386 2783 2691 2854 prudentis,
2741 2792 2796 2839 et
2846 2784 3086 2840 abundat
3137 2787 3192 2840 in
3249 2784 3416 2842 corde
3455 2798 3549 2840 sa-

1954 2876 2174 2945 pientis.
2227 2876 2356 2931 Ilatc
2391 2877 2446 2931 in
2513 2876 2816 2949 Virgiliacis
2873 2893 2982 2934 nou
3033 2876 3344 2935 invenietur
3401 2892 3555 2934 mett-

1957 2953 2147 3034 daciis,
2193 2969 2285 3026 sed
2325 2970 2378 3025 in
2426 2971 2738 3042 evangelica
2791 2969 3077 3033 amuenter
3123 2973 3430 3042 reperietur
3463 2988 3553 3028 ve-

1957 3063 2138 3118 ritate.
2197 3063 2271 3119 l‘e
2301 3079 2430 3120 vera
2487 3064 2696 3120 scilicet
2750 3065 3018 3136 sapientia
3073 3065 3274 3123 dicitur
3310 3084 3324 3120 :
3366 3066 3554 3122 Omnis

1958 3154 2218 3223 sapientia
2246 3171 2278 3208 α
2323 3153 2545 3210 Domino
2565 3155 2672 3213 Dco
2719 3165 2795 3215 est
2852 3156 3045 3227 (Καί-ἔξ.
3085 3157 3226 3230 ι,1).
3279 3157 3552 3230 Quidquid

1959 3249 2107 3302 enim
2142 3255 2290 3308 recte
2339 3263 2436 3319 per
2484 3249 2809 3319 sapientiam
2864 3251 3184 3331 intelligitur
3220 3259 3276 3308 et
3318 3262 3554 3316 amatur,

1961 3339 2060 3394 Dei
2125 3339 2324 3396 donum
2382 3352 2486 3397 est.
2555 3341 2791 3402 Proinde
2845 3343 3046 3412 munis,
3103 3344 3194 3417 qui
3258 3344 3558 3406 secundum

255 3443 422 3500 quem
451 3426 689 3482 libellum
735 3425 791 3481 in
815 3425 994 3496 patria
1021 3423 1277 3496 legimus,
1313 3425 1412 3480 sed
1438 3424 1526 3480 hic
1565 3424 1854 3480 nobiseum
1889 3421 1931 3482 C
1963 3433 2134 3490 Deum
2187 3436 2410 3506 sapiens
2431 3445 2540 3501 εει,
2601 3437 2798 3496 beam;
2843 3445 2947 3498 ρει,
3011 3437 3170 3500 unde
3229 3438 3285 3496 in
3319 3437 3422 3499 λοι.
3471 3439 3559 3501 αἱ,

257 3535 368 3581 non
389 3520 701 3592 reperitur;
761 3534 864 3574 nec
904 3517 1073 3573 etiam
1104 3516 1331 3587 cpistola
1389 3516 1764 3586 responsionis
1791 3514 1861 3570 ad

256 3630 403 3672 cum.
468 3614 620 3670 Fecit
664 3629 881 3685 quoque
925 3612 1069 3683 idem
1121 3613 1332 3676 doctor,
1366 3619 1429 3666 ut
1459 3611 1512 3666 in
1551 3610 1704 3665 libris
1759 3608 1863 3664 Re-

257 3711 650 3770 tractatiouum
701 3707 819 3778 ejus
853 3706 1070 3779 legitur,
1131 3704 1235 3760 alia
1280 3705 1348 3762 de
1395 3704 1608 3760 ratione
1665 3703 1862 3758 animze

257 3800 540 3874 opuscula,
571 3802 624 3855 id
657 3809 764 3867 est,
791 3799 855 3854 de
887 3798 1196 3864 Quantitate
1219 3799 1412 3852 animm
1437 3796 1629 3852 librum
1661 3813 1858 3863 unum;

257 3896 326 3952 de
365 3887 773 3948 Immortalitate
803 3891 994 3947 anime
1033 3889 1124 3946 lib.
1150 3905 1346 3954 unum;
1371 3888 1436 3944 de
1463 3888 1686 3943 Duabus
1723 3889 1858 3942 Ani-

259 3987 446 4047 mabus
493 3985 685 4040 librum
731 3999 928 4049 unum;
977 3981 1042 4040 de
1105 3981 1518 4043 [inmortalitate
1553 3983 1766 4049 animle,
1811 3991 1860 4036 et

256 4078 378 4150 ejus
403 4077 604 4148 origine
626 4074 786 4129 libros
811 4081 1062 4145 quatuor,
1090 4072 1184 4144 qui
1231 4073 1465 4128 necdum
1501 4073 1708 4128 inventi
1734 4081 1864 4128 sunt

259 4187 294 4230 a
337 4170 515 4225 nobis.
568 4168 624 4222 Si
663 4166 802 4222 forte
819 4167 870 4221 in
907 4167 1147 4222 armario
1182 4166 1450 4237 imperiali
1489 4167 1860 4233 inveniantur,

263 4262 513 4335 quaerite,
565 4258 748 4331 legite,
806 4266 863 4314 et
919 4258 1300 4314 communione
1363 4259 1649 4314 charitatis
1706 4258 1863 4314 nobis

265 4355 485 4427 dirigite
539 4355 608 4410 ad
639 4352 917 4425 legendos.
973 4350 1032 4406 In
1085 4351 1190 4408 hoc
1215 4352 1360 4408 enim
1419 4368 1612 4408 omnes
1637 4367 1842 4408 censen

267 4450 410 4508 tiunt
457 4444 710 4501 catholici
759 4445 1079 4513 scriptores,
1129 4443 1274 4516 quod
1320 4445 1500 4499 anima
1549 4461 1580 4498 a
1635 4443 1749 4499 Deo
1793 4443 1864 4498 sit

264 4538 515 4604 condita;
571 4551 674 4608 nec
707 4547 917 4605 partem
963 4551 1086 4590 eam
1151 4550 1274 4590 esse
1320 4534 1414 4590 Dei
1440 4544 1672 4595 naturae.
1736 4537 1862 4608 quia

265 4632 314 4687 si
344 4645 412 4688 ex
439 4628 534 4686 Dei
567 4638 715 4685 esset
745 4636 940 4684 natura
976 4636 1277 4699 assumpta,
1329 4643 1558 4699 peccare
1589 4646 1698 4683 nor.
1746 4645 1844 4701 pos
1891 4627 1895 4630 ’

266 4735 373 4781 set.
424 4723 538 4780 Nec
581 4736 703 4778 eam
753 4736 952 4792 corpus
985 4736 1110 4777 esse
1163 4720 1431 4792 palpabile
1481 4721 1565 4777 vel
1613 4722 1861 4779 visibile:

1963 3527 2106 3583 citur
2137 3545 2150 3585 :
2182 3527 2455 3598 Sapientia
2491 3529 2716 3585 hominis
2751 3538 2828 3590 est
2857 3530 3044 3602 pictas,
3103 3528 3341 3586 recedere
3384 3539 3560 3587 autem

1963 3637 1995 3673 a
2027 3618 2164 3672 malo
2190 3621 2409 3676 scientia
2447 3620 2588 3692 (Job.
2623 3635 2818 3686 xxvm,
2860 3620 2954 3696 98)
2982 3637 2997 3676 :
3031 3637 3142 3683 uno
3182 3635 3314 3684 vero
3341 3623 3563 3681 nomine

1961 3712 2200 3782 pietatis,
2249 3711 2456 3768 cultum
2495 3713 2659 3774 totius
2701 3713 2898 3772 divina:
2946 3713 3227 3785 religionis
3275 3713 3564 3788 designare

1963 3803 2171 3859 volens.
2225 3803 2364 3870 Quid
2423 3803 2634 3862 beatius
2685 3805 3016 3872 estanimze,
3067 3821 3230 3876 quam
3287 3820 3562 3868 summum

1967 3893 2122 3964 151
2155 3895 2381 3966 diligere
2433 3894 2656 3962 bonum,
2711 3895 2859 3966 quod
2884 3895 3027 3953 Deus
3058 3897 3187 3953 est?
3251 3897 3392 3967 Quid
3449 3896 3564 3961 feli-

1961 3984 2104 4050 cius,
2151 4000 2317 4054 quam
2363 3999 2422 4040 se
2468 3985 2690 4056 dignum
2739 3983 2875 4060 ML,
2927 4002 2988 4045 se
3042 3985 3288 4061 dignam]
3351 3996 3560 4046 aeterna

1963 4091 2274 4148 pra‘pamre
2335 4075 2692 4144 beatitudine,
2740 4079 2869 4138 dum
2920 4079 3286 4141 immortalem
3334 4097 3395 4141 se
3437 4098 3563 4146 esse

1965 4169 2249 4224 verissime
2277 4169 2471 4225 novit?
2513 4167 2622 4226 Nec
2647 4171 2885 4232 aestimes
2918 4173 3014 4231 tibi
3046 4181 3255 4232 tantum
3291 4173 3560 4249 sufﬁcere,

1967 4278 2130 4316 nosse
2177 4262 2305 4331 quid
2381 4261 2563 4319 facere
2603 4265 2822 4332 debeas,
2861 4267 2967 4324 nisi
3020 4268 3185 4328 etiam
3247 4284 3415 4341 opere
3460 4270 3562 4326 im-

1966 4353 2115 4423 pleas
2161 4370 2282 4425 quae
2328 4356 2489 4410 nosti.
2530 4353 2703 4423 Quam
2743 4356 2963 4426 plurimi
2997 4374 3056 4420 se
3099 4361 3371 4432 sapientes
3412 4365 3558 4420 mutis

1964 4453 2139 4509 maut,
2185 4450 2262 4500 et
2293 4445 2435 4500 viam
2476 4461 2536 4502 se
2581 4447 2829 4506 veritatis
2871 4460 3035 4509 nosse
3083 4449 3410 4521 gloriantur,
3465 4453 3561 4510 sed

1968 4551 2307 4607 nequaquam
2332 4553 2459 4592 vere
2480 4545 2608 4594 sunt
2632 4539 2930 4611 sapientes,
2954 4543 3046 4612 qui
3077 4558 3184 4601 non
3214 4543 3418 4602 habent
3449 4544 3564 4616 for-

1971 4630 2255 4685 titudinem
2280 4629 2448 4686 animi
2467 4630 2534 4685 ad
2558 4630 2951 4701 proﬁciendum
2977 4633 3107 4709 [.4I.,
3144 4636 3561 4713 perliciendum]

1969 4734 2154 4788 opere,
2183 4719 2326 4788 quod
2354 4719 2592 4790 sapiunt.
2620 4721 2762 4794 Ergo
2792 4739 2920 4779 vera
2957 4734 3042 4784 est
3080 4727 3368 4800 sapientia,
3401 4745 3564 4786 nosse

267 4833 370 4877 nec
397 4817 534 4873 mori
557 4831 680 4872 eam
702 4822 884 4887 pnsse,
909 4815 984 4870 ita
1014 4823 1074 4869 ut
1102 4830 1212 4870 non
1256 4816 1357 4881 sit;
1394 4831 1547 4871 neca
1574 4824 1725 4871 reatu
1757 4817 1868 4887 pri-
1897 4788 1945 4848 D
1972 4826 2090 4880 quae
2104 4810 2322 4875 debeas,
2340 4817 2538 4865 etnota
2552 4812 2836 4883 perlicere.
2855 4813 3088 4871 Proinde
3112 4788 3311 4883 nullam
3330 4829 3562 4890 quatuor

270 4929 373 4972 mae
428 4910 896 4982 prxvaricationis
948 4909 1166 4965 liberari
1214 4923 1398 4980 posse,
1445 4909 1551 4965 nisi
1591 4923 1688 4979 per
1738 4926 1863 4981 gra-

272 5007 406 5062 tiam
454 5014 510 5060 et
562 5004 880 5076 mysterium
951 5001 1267 5057 mediatoris
1318 5000 1416 5056 Dei
1467 5009 1523 5056 et
1582 5000 1862 5058 hominum

253 5089 486 5158 Domini
516 5097 690 5152 nostri
735 5093 865 5150 Jcsu
900 5092 1128 5159 Chrisﬂ,
1169 5093 1262 5164 qui
1308 5093 1531 5164 plenam
1562 5093 1867 5149 humanita-

269 5195 344 5251 tis
390 5202 591 5250 nostra:
622 5199 898 5249 naturam.
929 5188 1135 5258 absque
1169 5187 1318 5245 omni
1358 5195 1606 5258 peccato,
1658 5188 1713 5243 in
1750 5203 1864 5242 suae

270 5282 573 5343 divinitatis
618 5280 918 5352 assumpsit
971 5294 1260 5352 personam
1291 5297 1303 5333 :
1336 5279 1462 5349 quia
1515 5287 1664 5334 totus
1697 5279 1864 5334 homo

271 5374 545 5450 peccavit,
585 5363 654 5429 et.
669 5380 814 5428 totus
835 5370 1000 5428 homo
1041 5368 1354 5425 liberandus
1388 5377 1532 5436 erat,
1564 5370 1864 5425 secundum

272 5462 739 5537 dispensationem
787 5469 1005 5517 (eterna:
1059 5461 1278 5532 pietatis
1309 5461 1364 5515 iu
1401 5459 1532 5517 Deo.
1573 5461 1743 5518 Totus
1774 5463 1870 5519 ho-

272 5571 366 5614 tuo
409 5554 768 5611 assumendus
805 5562 945 5620 erat,
983 5552 1036 5608 id
1055 5562 1162 5620 est,
1214 5553 1394 5608 anima
1420 5561 1476 5610 et
1517 5569 1667 5622 caro,
1712 5554 1869 5625 cujus

272 5650 480 5715 anima,
519 5648 570 5704 id
614 5657 719 5714 est,
776 5647 1153 5718 Redemptoris
1183 5647 1381 5713 nostri,
1419 5655 1583 5702 tanta!
1608 5649 1868 5705 sanctita-

274 5747 348 5804 tis
388 5752 446 5800 et
472 5742 876 5816 justiticationis
931 5751 1038 5808 est,
1095 5750 1154 5796 ut
1193 5757 1384 5798 OtmlPS
1442 5743 1496 5798 in
1546 5757 1605 5797 se
1639 5742 1870 5799 creden-

277 5838 415 5895 tium
464 5830 658 5892 animxe
699 5853 796 5907 per
819 5851 943 5892 eum
973 5835 1108 5910 [ΑΛ.
1141 5853 1240 5906 per
1286 5835 1432 5909 eam]
1459 5836 1792 5892 sanetil‘acari
1816 5845 1871 5893 et

273 5928 558 6006 jnstiiicari
582 5931 795 6000 possint
822 5929 954 6003 [diu
989 5930 1240 6003 queunt],
1279 5941 1336 5987 ct
1358 5944 1488 5985 caro
1525 5938 1686 5984 tantte
1715 5945 1871 5984 umn-

1971 4903 2167 4957 animm
2192 4903 2475 4971 virtutum,
2528 4905 2595 4960 de
2613 4903 2812 4976 quibus
2837 4923 2999 4977 supra
3032 4909 3291 4976 diximus,
3321 4913 3562 4984 perfecte

1972 4998 2133 5054 habet
2162 4999 2362 5064 anima,
2400 5000 2446 5054 si
2483 5009 2628 5056 totas
2684 5019 2792 5058 non
2841 5004 3025 5069 habet,
3057 5007 3186 5080 quia
3234 5009 3350 5066 haec
3377 5012 3559 5068 omnia

1972 5094 2038 5151 ad
2063 5111 2227 5151 unum
2255 5096 2543 5154 cbaritatis
2583 5097 2869 5159 intendunt
2905 5111 3259 5174 prmceptum,
3300 5109 3561 5180 quaesola

1973 5189 2028 5244 in
2076 5188 2357 5246 catholica:
2384 5189 2507 5246 fidei
2561 5191 2812 5257 veritate,
2843 5193 3060 5268 dignam
3083 5195 3282 5254 «adiciet
3321 5199 3560 5256 animam

1968 5282 2307 5338 habitatione
2358 5291 2562 5338 sanctae
2629 5283 2934 5351 Trinitatis,
2982 5287 3050 5342 ad
3076 5301 3228 5358 cujus
3267 5290 3558 5360 imaginem

1969 5375 2247 5452 conditam
2269 5389 2393 5431 esse
2419 5375 2672 5446 superius
2699 5377 3061 5443 ostendimus,
3086 5380 3152 5435 de
3173 5381 3329 5452 cujus
3352 5384 3561 5440 ratione

1951 5447 2022 5520 'et
2061 5477 2274 5531 natura,
2335 5465 2476 5522 sicut
2529 5463 2809 5537 ﬂagitasti,
2862 5466 2980 5530 huic
3024 5483 3194 5540 pauca
3231 5447 3557 5543 perstrinxi-

1973 5574 2114 5622 usus,
2185 5568 2345 5628 prout
2366 5557 2672 5628 epistolaris
2718 5561 2966 5630 angustia
3012 5565 3302 5625 concessit.
3342 5566 3562 5627 Mirum-

1973 5665 2078 5720 que
2102 5650 2500 5720 quodammodo
2531 5666 2560 5703 a
2585 5650 2924 5714 scholasticis
2957 5652 3128 5714 videri
3159 5658 3374 5726 poterit,
3418 5674 3560 5733 quo-

1971 5741 2133 5796 modo
2161 5749 2214 5796 te
2261 5739 2382 5810 plus
2429 5741 2561 5796 mihi
2598 5742 2872 5815 cognitam
2905 5758 3024 5799 esse
3049 5754 3242 5816 putare
3275 5746 3559 5812 voluisses,

1969 5847 2131 5902 quam
2160 5829 2257 5886 tibi
2289 5830 2412 5900 ipsi.
2470 5828 2623 5887 Unde
2683 5831 2820 5888 vivis
2845 5831 2928 5887 vel
2973 5836 3182 5892 ratione
3225 5837 3395 5909 viges,
3453 5839 3558 5894 nisi

1971 5926 2027 5981 in
2085 5925 2280 5978 animae
2331 5921 2668 5980 substantia?
2730 5924 2857 5982 dum
2891 5934 2942 5982 te
2980 5941 3205 5997 perraro
3242 5926 3414 5986 oculis
3453 5930 3560 5984 vidi

349 6046 377 6077 ι
434 6038 617 6096 Sancti
657 6039 938 6112 Augustini
961 6037 1282 6096 sententiam
1314 6039 1379 6096 de
1409 6040 1618 6112 origine
1668 6040 1862 6095 anima:
1900 6038 2138 6112 reperies
2166 6037 2220 6093 in
2249 6037 2365 6112 ejus
2390 6037 2550 6108 epist.
2579 6035 2696 6096 “36.
