4112 6654
185 564 279 622 ῧζθ
325 620 327 623 .

983 541 1312 628 nonius
1355 601 1424 612 -
1463 571 1552 626 nr:
1595 569 2067 630 CONFESSIONE
2109 575 2597 634 PECCATORUM.
2674 639 2676 642 ,
3344 583 3451 642 εει)

251 682 358 740 Hoc
385 697 609 740 carmen
650 683 746 740 tibi
793 682 967 740 cecini
1010 685 1227 741 senario
1270 700 1499 741 numero
1537 685 1715 740 nobile
1743 726 1758 748 ,
1787 688 1842 748 Α
1935 685 2017 740 Tu
2043 685 2415 743 misericordia
2442 702 2589 752 mea,
2617 686 2881 742 miserere
2911 688 3062 742 mihi.

187 773 270 846 qui
303 789 562 830 numerus
591 773 1024 846 perfectissimus
1055 774 1162 848 [ΑΙ.
1190 816 1204 840 ,
1233 773 1532 848 perfectus]
1576 782 1660 830 est
1701 777 1762 831 in

1934 775 2208 844 Miserere,
2242 777 2492 844 Domine,
2520 778 2803 846 miserere,
2835 777 3053 835 Christe
3078 819 3094 843 ,
3133 789 3194 836 ut
3235 784 3458 842 credam

185 863 287 920 suis
317 861 583 935 partibus,
615 873 665 919 te
692 872 886 936 optans
926 879 1050 921 esse
1080 863 1379 936 perfectam
1423 865 1476 920 in
1510 866 1762 922 sensibus
1866 868 1919 922 in
1955 876 2027 923 te.

185 957 305 1014 tuis.
334 956 501 1026 Cujus
527 957 741 1013 numeri
771 959 1072 1024 rationem,
1103 959 1246 1015 sicut
1277 970 1333 1013 ct
1367 959 1596 1014 aliorum
1620 999 1636 1024 ,
1669 974 1761 1012 sa-

185 1047 857 1120 picntissimusimperator
872 1055 976 1104 tute
989 1048 1245 1120 perfacile
1269 1049 1558 1105 ostendere
1584 1057 1766 1120 potest

184 1140 489 1212 sagacitati;
524 1138 681 1212 cujus
703 1142 904 1197 mentis
932 1142 1181 1198 miranda
1211 1150 1298 1198 est
1329 1142 1605 1208 nobilitas,
1636 1143 1765 1197 dum

184 1231 318 1287 inter
373 1240 556 1289 tantas
599 1232 788 1304 palatii
839 1249 1001 1290 curas
1055 1242 1112 1290 et
1169 1235 1325 1307 regni
1372 1235 1764 1306 occupationes

185 1324 618 1396 philosophorum
655 1325 884 1396 pleniter
911 1343 1114 1383 arcana
1143 1329 1354 1384 curavit
1381 1329 1528 1384 scire
1557 1337 1763 1400 myste-

184 1419 280 1483 ria,
311 1419 455 1490 quod
481 1420 575 1478 vis.
601 1421 715 1475 otio
745 1427 968 1492 torpens
1014 1421 1152 1478 alius
1195 1423 1318 1492 quis
1367 1423 1528 1478 modo
1568 1437 1767 1493 cogno-

182 1523 329 1565 scere
372 1509 570 1564 stndet.
609 1509 722 1566 Nec
770 1511 867 1566 tibi
905 1526 934 1565 a
974 1511 1130 1567 nobis
1168 1525 1395 1567 necesse
1441 1520 1530 1566 est
1567 1526 1765 1567 causas

180 1616 415 1672 quaerere
447 1617 648 1667 rerum,
672 1603 758 1657 vel
778 1605 1020 1659 rationes
1046 1603 1559 1676 physicasoccultas
1585 1605 1766 1660 scien-

183 1693 266 1749 tia:
290 1735 304 1759 ,
332 1693 462 1748 dum
492 1693 636 1748 illius
664 1694 969 1750 clarissima
1004 1696 1247 1766 quotidie
1272 1698 1446 1751 uteris
1472 1697 1763 1766 sapientia,

181 1802 244 1845 ac
269 1790 632 1844 venerandam
661 1792 897 1847 intueris
924 1790 1137 1847 faciem.
1171 1789 1282 1846 Nec
1302 1791 1400 1846 tibi
1427 1791 1589 1862 longo
1612 1790 1762 1845 labo-

1936 957 2216 1026 Miserere,
2257 958 2488 1016 Domine
2510 998 2526 1024 ,
2564 960 2848 1029 miserere,
2875 961 3094 1021 Christe
3119 1005 3135 1032 ,
3173 975 3236 1023 ut
3255 982 3456 1040 cogno-

1865 1063 2015 1105 scam
2047 1057 2118 1104 te.

1935 1139 2216 1206 Miserere,
2229 1139 2479 1206 Domine,
2507 1140 2788 1207 miserere,
2804 1140 3042 1211 Christe,
3067 1145 3359 1218 utdiligam
3383 1157 3455 1205 te.

1937 1229 2218 1297 Miserere,
2248 1229 2478 1286 Domine
2500 1270 2516 1296 ,
2549 1231 2830 1297 miserere,
2861 1231 3077 1290 Christe
3101 1277 3114 1301 ,
3138 1245 3199 1292 ut
3243 1253 3458 1308 sperem

1867 1322 1922 1376 in
1951 1329 2020 1375 te.

1941 1413 2213 1478 Miserere,
2231 1413 2478 1479 Domine,
2494 1413 2774 1480 miserere,
2788 1415 3022 1484 Christe,
3047 1427 3108 1473 ut
3128 1419 3310 1474 anima
3339 1435 3461 1476 mea

1867 1504 2014 1558 vivat
2041 1505 2096 1558 in
2129 1511 2199 1560 te.

1939 1595 2219 1661 Miserere,
2251 1595 2499 1663 Domine,
2532 1595 2811 1662 miserere,
2837 1596 3071 1666 Christe,
3097 1608 3157 1655 ut
3180 1616 3311 1658 caro
3337 1617 3459 1658 mea

1865 1685 2102 1741 exsultet
2125 1687 2178 1742 in
2205 1696 2274 1741 te.

1939 1777 2220 1844 Miserere,
2246 1778 2495 1845 Domine,
2529 1781 2813 1849 miserere,
2838 1781 3075 1851 Christe,
3108 1795 3168 1840 ut
3204 1787 3317 1842 vita
3341 1802 3462 1844 mea

181 1879 426 1949 riosoque
453 1881 645 1937 itinere
674 1883 740 1936 de
767 1881 1048 1960 Ethiopia
1073 1882 1448 1953 Hierosolyma
1493 1882 1766 1937 visitanda
1867 1870 2123 1942 Ρΐοίὶάθῑ
2151 1871 2208 1926 in
2237 1876 2310 1926 t8-

180 1981 280 2036 est,
319 1979 379 2026 ut
417 1975 603 2028 videas
655 1973 1001 2030 Salomonem
1046 1975 1116 2030 de
1168 1990 1351 2030 rerum
1397 1976 1766 2045 disputantem

1941 1963 2222 2031 Miserere,
2257 1964 2507 2032 Domine,
2537 1966 2683 2023 Deus
2727 1967 2914 2034 Pater,
2946 1967 3115 2041 gloria
3147 1987 3268 2027 mea
3292 2012 3308 2039 ,
3354 1973 3465 2027 vita

181 2065 406 2120 naturis.
436 2066 578 2122 Ecce
595 2065 754 2136 juxta
786 2075 838 2123 te
863 2076 965 2133 est,
985 2082 1148 2138 quem
1175 2082 1272 2138 per
1294 2075 1476 2122 tantas
1501 2076 1769 2124 terrarum
1797 2049 1844 2111 Β
1872 2069 2012 2109 meai

181 2153 524 2230 difficultates
548 2157 734 2229 regina
761 2158 1015 2229 quaesivit
1041 2158 1246 2213 Austri.
1277 2157 1387 2212 Sed
1416 2174 1539 2213 cum
1579 2158 1770 2214 eadem

1951 2146 2233 2214 Miserere,
2261 2148 2480 2207 Christe
2523 2149 2797 2218 Salvator,
2836 2153 2986 2212 salus
3026 2170 3178 2223 mea,
3209 2155 3470 2212 fortitudo

179 2243 376 2301 celebri
422 2246 584 2302 laude
611 2248 719 2304 tibi.
738 2248 1028 2304 dicendum
1052 2257 1176 2303 est:
1208 2248 1359 2304 Beati
1405 2251 1507 2303 viri
1558 2251 1670 2316 tui,
1723 2262 1770 2306 et
1875 2256 2018 2298 mea-

182 2335 314 2390 beati
337 2340 476 2392 servi
505 2339 607 2406 tui,
631 2341 722 2412 qui
753 2351 893 2395 stant
922 2357 1104 2396 coram
1146 2349 1198 2395 te
1224 2359 1448 2414 semper,
1473 2353 1522 2398 et
1548 2346 1771 2399 audiunt

175 2429 487 2500 sapientiam
509 2440 676 2485 tuam.
704 2430 788 2486 Sit
817 2431 1077 2487 Dominus
1112 2432 1258 2488 Deus
1293 2443 1413 2488 tuus
1449 2434 1771 2500 benedictus,

170 2519 264 2574 cui
297 2520 682 2592 complacnisti,
716 2532 765 2576 et
796 2523 970 2592 posuit
1020 2533 1070 2577 te
1108 2540 1268 2594 super
1305 2525 1549 2578 thronum
1593 2525 1774 2594 pepuli

177 2613 256 2669 tui
284 2653 301 2679 ,
337 2630 396 2670 eo
425 2615 568 2685 quod
597 2613 848 2670 dilexerit
891 2613 1148 2670 Dominus
1200 2615 1453 2686 populum
1504 2631 1660 2670 suum
1717 2617 1774 2670 in

172 2706 553 2778 sempiternum
591 2704 713 2778 (ΙΙΙ
747 2704 878 2778 Reg.
919 2723 976 2770 ι,
1009 2707 1032 2761 l
1070 2717 1117 2761 et
1147 2707 1334 2778 scqq.).

247 2819 293 2876 0
319 2819 443 2876 ﬁlia:
470 2818 773 2876 Jerusalem
795 2861 817 2888 ,
839 2821 1048 2877 cernite
1069 2819 1417 2879 Salomonem
1439 2831 1689 2880 nostrum
1718 2825 1771 2880 in

1945 2331 2228 2399 Miserere,
2253 2333 2842 2409 SpiritusParacletus,
2865 2337 3171 2395 consolatio
3194 2355 3338 2409 mea,
3354 2339 3472 2396 illu-

1862 2424 2106 2480 ininatio
2132 2441 2276 2481 mea.

1949 2512 2230 2581 Miserere,
2271 2514 2522 2580 Domine,
2555 2517 2698 2572 Deus
2727 2517 2970 2575 Trinitas
2998 2528 3055 2574 et
3087 2520 3300 2576 Unitas.

1950 2604 2028 2661 Te
2055 2604 2243 2673 laudo,
2273 2615 2326 2662 te
2357 2608 2546 2672 adoro,
2579 2617 2632 2663 te
2661 2610 2948 2667 conﬁteor.

1949 2695 2063 2754 Pax
2094 2714 2238 2766 mea,
2279 2713 2406 2770 spes
2441 2715 2584 2766 mea,
2617 2700 2736 2759 laus
2761 2718 2907 2770 mea,
2937 2705 3028 2761 lux
3057 2721 3198 2762 mea.

1947 2787 2300 2846 Pulchritudo
2329 2805 2472 2856 mea,
2507 2791 2787 2849 beatitudo
2815 2809 2957 2848 mea.

1953 2875 2072 2935 Tibi
2097 2878 2233 2946 laus,
2264 2881 2361 2936 tibi
2393 2881 2583 2952 gloria,
2631 2883 2729 2939 tibi
2767 2886 3066 2956 gratiarum
3091 2888 3237 2944 actio
3263 2901 3483 2961 semper

1879 2969 2080 3040 ubique
2105 2971 2161 3025 in
2189 2972 2385 3027 saecula
2415 2975 2768 3044 sempiterna.

2493 3076 2519 3105 ι
2558 3063 2865 3121 CARMEN.

1883 3151 2024 3220 Quid
2055 3154 2270 3225 mystice
2321 3153 2617 3226 signiﬁcent
2639 3155 2854 3238 .palmte
2905 3158 2961 3212 in
3010 3158 3252 3216 manibus
3283 3160 3479 3230 gestari
3575 3157 3590 3172 '

177 2913 483 2970 diademate
531 2912 826 2986 fulgentem
883 2914 1202 2985 sapientiae;
1249 2915 1540 2970 imitamini
1594 2931 1776 2973 mores

179 3005 320 3063 illius
346 3004 748 3070 nobilissimos;
782 3005 1116 3062 aversamini
1149 3006 1301 3073 vitia,
1331 3006 1495 3063 colite
1522 3009 1772 3064 virtutes.

178 3097 371 3171 Magna
399 3097 553 3154 vobis
580 3097 864 3164 incumbit,
915 3098 962 3154 si
1013 3097 1361 3155 dissimulare
1414 3115 1522 3154 non
1569 3099 1773 3167 vultis,

178 3189 383 3261 Optime
429 3186 650 3244 vivendi
709 3189 1054 3254 necessitas,
1092 3187 1250 3259 153
1279 3188 1410 3244 dum
1458 3189 1606 3259 apud
1650 3203 1775 3245 eum
1883 3186 2024 3220 “““‘
2056 3186 2269 3225 "‘9"""‘
2321 3186 2761 3282 °‘9"""’";’hl;;‘:

178 3279 421 3394 imi?“
467 3279 764 3394 “nimii”:
931 3320 946 3345 ’
979 3280 1406 3394 ωηξθτδωηίηί]
1425 3321 1440 3346 ’
1469 3281 1526 3336 in
1557 3296 1666 3353 quo
1694 3289 1779 3338 ω’
1881 3313 2126 3374 Candida
2147 3316 2415 3391 liorigeris
2442 3317 2623 3374 lucent
2649 3334 2748 3374 ceu
2769 3318 2882 3377 lilia
2911 3323 3121 3394 campis

180 3371 289 3427 tius
317 3370 624 3426 honestatis
659 3368 870 3426 habetis
898 3370 1199 3443 exemplar,
1220 3381 1488 3443 quatenus
1514 3387 1614 3446 per
1639 3387 1778 3446 prte—
2451 3368 2539 3464 ςίο
2563 3410 2653 3480 pia
2687 3368 3122 3483 νίνέόξξ

180 3473 364 3504 cantu
387 3462 476 3504 [ΔΙ
547 3479 648 3504 nor
664 3464 971 3504 nmconlial
995 3465 1138 3504 illinc
1163 3467 1567 3504 connnﬁuimna
1598 3483 1776 3504 mnum:
1805 3441 1854 3504 C
1884 3499 1929 3504 __
2027 3501 2055 3504 -_
2468 3501 2479 3504 _
2608 3503 2613 3504 ,

179 3473 364 3520 sentes
386 3462 522 3541 [Al.,
547 3479 648 3537 per
664 3464 972 3537 praesentis]
993 3465 1139 3523 illius
1163 3467 1570 3526 sacratissimos
1597 3483 1770 3526 mores

1900 3499 2146 3557 Versibus
2166 3516 2436 3572 exponam
2467 3501 2725 3570 breviter,
2751 3504 2880 3574 quid
2905 3505 3085 3574 palma
3108 3507 3284 3561 amice
3308 3517 3331 3548 ο

178 3557 248 3612 ad
269 3554 385 3625 ejus
407 3571 532 3611 cum
554 3556 742 3612 eodem
762 3559 1049 3628 pervenire
1069 3559 1389 3615 mereamini
1405 3560 1779 3630 prtcsentiam,

179 3650 248 3704 de
277 3648 533 3720 quo.ipsa
583 3648 788 3705 cecinit
839 3647 1124 3720 Sapientia
1159 3669 1171 3706 :
1206 3649 1496 3707 Ferculum
1531 3653 1633 3708 sibi
1658 3651 1782 3720 fecit

179 3754 276 3794 rea:
321 3738 574 3795 Saiomon
607 3739 675 3796 de
709 3740 866 3813 lignis
894 3740 1125 3807 Libani;
1176 3741 1451 3800 columnas
1498 3744 1614 3816 ejus
1661 3745 1781 3814 fecit

180 3839 480 3899 argenteas,
495 3830 889 3887 reclinatorium
911 3850 1153 3902 aureum,
1169 3852 1444 3890 ascensum
1456 3853 1780 3907 purpureum

177 3916 358 3973 media
405 3919 664 3974 charitate
705 3923 991 3977 comitavit
1035 3932 1248 3993 propter
1295 3923 1440 3993 ﬁlias
1482 3923 1781 3980 Jerusalem

180 4007 364 4083 (Cant.
400 4027 488 4076 ιιι,
523 4011 577 4078 9,
622 4011 734 4085 10).

843 4129 1122 4188 ιιτΑΝιΑ

621 4239 718 4280 εει]
755 4239 1021 4281 PRECATIO
1059 4242 1128 4281 AD
1163 4241 1456 4282 CHIISTUI.

254 4329 537 4402 Miserere,
577 4335 824 4401 Domine,
853 4337 1139 4405 miserere,
1171 4336 1412 4395 Christe.

256 4434 286 4500 ξ
315 4423 398 4500 Ex
418 4427 547 4500 cod.
567 4443 669 4484 ms.
702 4427 1116 4500 Tegernseensi.

255 4494 284 4533 δ
317 4495 378 4550 ln
402 4497 616 4572 __cgdice
658 4494 805 4572 _r_ns.'
839 4497 1278 4572 Sanctfcallensi
1301 4542 1317 4566 ,
1375 4515 1486 4572 quo
1530 4500 1785 4558 Canisius

178 4565 370 4639 (Tom.
402 4565 444 4622 ll
467 4568 632 4624 Thes.
657 4567 1165 4647 Monument.__Ed_it_.
1197 4565 1478 4647 Basnaéii,
1508 4586 1631 4645 pag.
1656 4572 1782 4647 377)

178 4653 322 4693 usus
348 4647 454 4707 est,
480 4650 604 4716 post
626 4642 941 4716 prmcedens
981 4641 1253 4716 distichon
1291 4641 1786 4716 alii'sequebantur
2013 4652 2111 4702 Nos
2140 4659 2452 4712 nostramque
2479 4641 2621 4704 siina!
2638 4641 2879 4716 protei;th
2899 4641 3266 4708 iniuriarum.

179 4723 402 4776 versus,
426 4713 520 4788 qui
545 4727 614 4766 an
646 4711 714 4766 ad
739 4711 1008 4788 Eulaliam
1024 4713 1110 4769 vel
1133 4715 1202 4768 ad
1229 4711 1516 4788 epistolam
1544 4715 1622 4770 illi
1650 4715 1788 4788 scri—
1954 4713 2074 4788 Haec
2095 4723 2265 4788 pateat
2290 4711 2450 4764 charis
2463 4717 2560 4788 iam
2576 4711 2723 4788 ianua
2748 4711 2948 4780 semper
2967 4719 3131 4788 amicis
3154 4758 3173 4782 ,

178 4788 341 4851 ptam
383 4777 713 4852 pertineant,
745 4799 868 4838 cum
897 4785 1080 4855 potius
1129 4777 1402 4840 variorum
1429 4785 1674 4843 locorum
1703 4787 1786 4842 in-
1815 4811 1866 4874 υ
1983 4779 2108 4846 ,Ουί
2135 4777 2247 4848 “91,0
2271 4786 2496 4850 ηειίενπιι
2519 4786 2724 4837 pectore
2750 4777 2962 4840 ηεωὶιυθ
2980 4777 3202 4846 imre“?!-

180 4851 515 4888 ςρνὶηιῑηηοε
551 4854 658 4888 cini
708 4856 900 4888 mariln
929 4855 1206 4888 Antius“...
1266 4855 1344 4888 ιη.
1376 4869 1507 4888 που
1536 4866 1734 4888 MM...
1769 4877 1778 4887 .
1957 4839 1976 4888 ι
2003 4842 2050 4888 lc
2074 4850 2347 4888 requiescit
2371 4851 2522 4888 ovans
2539 4840 2712 4888 abbas.
2739 4851 2990 4888 sannsoue
3019 4853 3202 4888 restim:

179 4838 518 4922 scriptiones
551 4854 682 4920 sint,
701 4838 1243 4911 'merito‘dubitatur:
1258 4838 1510 4912 imas
1525 4838 1770 4913 ὲόέίᾇηῖί

1957 4839 2050 4890 l‘ic
2074 4838 2347 4899 requiescit
2371 4851 2522 4888 ovans
2539 4840 2712 4900 abbas,
2739 4838 3000 4902 sanusque“
3019 4849 3244 4905 resurgat

2017 4901 2280 4964 Qu-etn‘tua
2306 4910 2569 4950 conservet
2591 4903 2824 4961 dextera,
2850 4903 3042 4953 Christe
3071 4912 3261 4964 potens.

1952 4963 2035 5026 Sit
2052 4964 2134 5012 tibi
2162 4962 2386 5011 Christus
2403 4976 2558 5026 amor,
2581 4971 2741 5026 potus,
2764 4965 2928 5021 cibus,
2955 4962 3112 5014 omnia
3137 4966 3376 5026 Christus}

2019 5025 2145 5082 Lux,
2176 5026 2270 5083 vis,
2299 5027 2422 5086 vita,
2443 5023 2596 5088 salus,
2617 5023 2757 5086 laus,
2784 5027 3070 5082 venerande
3099 5029 3261 5078 l’ater.

1963 5136 1988 5167 ο
2022 5127 2183 5181 Forte
2209 5125 2340 5196 leg.,
2367 5127 2570 5189 ηιηὶεαι,
2607 5125 2818 5182 scilicet
2843 5141 3103 5198 exponam
3132 5128 3337 5181 mirice.

1883 3589 2186 3662 Signiﬁcet,
2217 3592 2469 3647 manibus
2490 3606 2628 3662 quas
2655 3609 2758 3650 nos
2786 3594 3126 3663 portabimus
3147 3610 3359 3652 omnes.

1885 3683 2071 3740 Palma
2097 3685 2176 3739 tui
2201 3686 2438 3757 signum,
2465 3700 2665 3757 magne
2687 3696 2774 3742 est
2796 3685 2915 3742 Rex
2935 3686 3173 3756 Christe,
3200 3685 3484 3759 triumphi.

1885 3776 2074 3832 Palma
2107 3777 2269 3833 docet
2290 3785 2534 3832 nostram
2572 3778 2719 3849 ipsos
2758 3794 2860 3836 nos
2899 3781 3120 3836 vincere
3144 3792 3409 3850 carnem,

1872 3869 2074 3925 Palma
2099 3876 2190 3925 est
2221 3868 2492 3925 mercedis
2518 3869 2738 3942 signum
2765 3870 2988 3927 cmleste
3017 3870 3230 3927 futurae.

1885 3963 2011 4018 Haec
2035 3962 2216 4035 palma
2241 3963 2495 4018 hortatur
2523 3963 2690 4020 vitam
2716 3979 2938 4036 sperare
2968 3964 3229 4022 futuram.

1883 4058 1944 4114 In
1967 4070 2131 4113 cruce
2159 4055 2449 4126 pendentis
2477 4054 2683 4113 Christi
2711 4065 2798 4113 est
2826 4060 3053 4115 victoria
3082 4062 3279 4130 prima.

1887 4147 2122 4204 Vincere
2143 4162 2246 4204 nos
2275 4147 2423 4219 ipsos
2457 4161 2567 4204 non
2597 4156 2684 4205 est
2708 4150 2937 4205 victoria
2966 4166 3156 4223 parva.

1887 4239 1969 4295 Tu
2000 4249 2053 4295 te
2078 4240 2258 4306 vince,
2287 4255 2506 4313 precor,
2538 4257 2756 4313 semper
2777 4252 2830 4298 te
2853 4242 3036 4309 vince,
3068 4249 3246 4303 amica

1888 4328 2079 4402 Sitque
2106 4329 2182 4384 tui
2211 4330 2463 4386 Christus
2491 4346 2705 4388 merces
2727 4331 2963 4406 ﬁnisque
2989 4333 3210 4392 laboris.

1953 4462 2156 4527 Frigora
2175 4467 2262 4527 ιιιιί
2284 4465 2459 4528 fugiat,
2487 4469 2656 4516 veniat
2678 4481 2764 4517 sua
2791 4469 3016 4519 membra
3038 4469 3230 4527 fovere.

2015 4504 2763 4590 Αἳῖὶῦἐρὲεδὶειιιῖυὲᾘέἱῖυῗξ
2774 4504 3084 4582 ιὲίὄῗῖῦἔυέἶ

1949 4591 2078 4654 Crux
2105 4599 2290 4639 sacrata
2317 4591 2413 4640 Dei
2438 4591 2669 4654 fulges-cit
2691 4595 2933 4653 sanguine
2953 4597 3128 4643 summi
3154 4629 3168 4652 ,

252 4964 384 5034 D03:
407 4967 586 5034 sedeas
609 4967 753 5020 laetus
773 4968 972 5032 pulchra
999 4983 1250 5034 possessor
1275 4969 1460 5034 insula
1477 5012 1498 5033 ,

320 5026 444 5080 Tum
467 5033 674 5082 miseros
692 5026 881 5083 stantes
905 5026 1021 5084 esse
1045 5041 1295 5084 memento
1324 5033 1468 5084 foras.

256 5086 386 5158 υιε..
411 5093 498 5141 tibi
527 5105 817 5158 perpetuam
835 5098 918 5158 qui
948 5096 1144 5145 tradidit
1169 5097 1310 5146 istam

316 5151 539 5218 Jamque
549 5151 746 5208 domum
770 5151 991 5207 clemens
1008 5158 1224 5208 Christus
1243 5159 1292 5207 in
1323 5168 1441 5208 arce
1463 5154 1581 5221 poli.

1931 5295 1996 5304 v.-

857 5420 1019 5496 1“
1102 5431 1957 5584 OPUSCULUM
2059 5431 2841 5548 SEPTIMUM.

569 5635 680 5699 DE
718 5633 1262 5699 CONFESSIONE
1313 5634 1856 5699 PECCATORUM
1907 5637 2013 5696 AD
2061 5633 2370 5697 PUEROS
2422 5632 2710 5697 SANCTI
2760 5589 3130 5702 MARTlNl.

1585 5767 1752 5780 ...-

1761 5762 2114 5778 *ιι-...ια-

1908 5797 2245 5891 lescentulis,
2275 5829 2370 5899 qui
2409 5827 2465 5883 in
2494 5827 2727 5885 ecclesia
2776 5826 2972 5884 summi
3022 5825 3296 5898 pontiﬁcis
3321 5840 3505 5900 pote-

1907 5923 2185 5994 ctorisque
2213 5922 2394 5994 magni
2421 5921 2568 5978 beati
2603 5920 2818 5977 Martini
2842 5918 3073 5976 Domino
3095 5915 3222 5977 Iesu
3241 5919 3374 5992 μί..
3393 5921 3506 5979 Deo

799 5824 1136 5884 EPISTOLA
1159 5841 1207 5882 ι.

269 5919 656 5986 Dilectissimis
684 5919 736 5976 in
769 5918 990 5977 Christo
1036 5915 1162 5976 filiis
1185 5962 1200 5986 ,
1229 5921 1499 5992 bonaeque
1525 5923 1640 5994 spei
1669 5923 1799 5978 ado-

276 6072 305 6102 ι
331 6058 388 6117 in
413 6057 534 6116 cod.
568 6073 671 6113 ms.
715 6053 774 6111 S.
808 6053 1140 6114 Emmerami
1188 6055 1377 6114 titulus
1402 6065 1489 6114 est
1518 6077 1531 6114 :
1563 6058 1803 6132 Epistola
1832 6070 1880 6115 et
1920 6060 2212 6116 admonitio
2249 6059 2426 6116 Albini
2457 6061 2526 6116 ad
2548 6077 2737 6132 pueros
2764 6071 2813 6114 et
2853 6056 3295 6123 adolescentulos,
3325 6059 3384 6115 id
3405 6070 3510 6128 eu,

618 6151 895 6212 PATROL.
947 6151 1046 6212 Cl.
3009 6151 3084 6211 ‘11
