4112 6580
590 312 688 366 θοι

1416 314 1479 371 Β.
1518 314 1581 371 F.
1623 314 1851 371 ALBINI
1891 312 2022 371 SEU
2062 309 2343 369 ALCUINI
2383 309 2671 369 OPERUM
2710 312 2892 371 PARS
2930 312 3018 370 l‘v.

3805 311 3909 366 6.3:!

587 425 742 502 Jesu]
789 425 1065 483 deservire
1110 425 1364 483 videntur
1391 470 1404 493 ,
1453 436 1616 497 atque
1672 428 1743 483 ab
1794 423 2187 481 ecclesiasticis
2216 423 2264 482 Α
2290 436 2358 478 eo
2401 423 2617 481 dicente
2643 432 2699 479 et
2726 427 2779 479 in
2807 426 2913 481 alio
2940 426 3237 498 Scriptura:
3264 425 3385 483 loco
3427 444 3439 480 :
3486 424 3553 481 In
3579 442 3909 497 quacum/uc

586 520 911 575 erudiuntur
956 520 1232 591 magistris
1274 519 1331 575 in
1361 520 1592 576 Domino
1626 521 1739 576 Deo
1768 518 1925 592 [Ms.,
1947 518 2003 573 in
2027 517 2190 573 domo

591 609 711 684 Dei]
758 625 863 683 ego
908 608 1139 666 Albinus
1173 606 1329 683 [Cod.
1371 609 1433 666 S.
1469 606 2004 680 Em.,Alcbuuinus]
2046 606 2190 661 bene

587 705 819 777 cupiens
867 704 1063 761 salutis
1092 712 1288 760 vestra:
1308 746 1323 771 ,
1352 714 1573 759 aeterna:
1617 703 2003 776 prosperitatis
2030 698 2140 773 [ΑΙ.
2171 741 2186 765 ,

587 800 782 856 salutis
807 808 1003 857 vestra:
1028 797 1472 871 prosperitatem]
1496 798 1551 852 in
1585 796 1807 853 Christo
1839 796 2072 853 Domino
2099 812 2189 853 sa-

590 892 777 951 lutem.
1300 902 1301 905 ‘

656 988 699 1044 l.
732 988 1061 1045 Desiderans
1088 1004 1205 1055 vos,
1241 987 1336 1043 ﬁlii
1363 987 1696 1054 charissimi,
1728 988 1783 1042 in
1814 986 2046 1042 salutem
2070 988 2189 1041 ani—

588 1096 800 1138 marum
830 1081 1097 1154 proﬁcere
1123 1088 1431 1137 vestrarum
1455 1122 1471 1146 ,
1521 1080 1645 1136 ideo
1692 1079 1904 1150 aliquas
1955 1087 2189 1150 paterno

587 1172 782 1229 all'cctu
821 1173 974 1229 vobis
1000 1172 1404 1229 admonitiones
1454 1172 1599 1229 dulci
1645 1186 1902 1229 sermone
1950 1171 2188 1241 dirigere

586 1266 769 1322 studui
794 1307 810 1333 ,
860 1274 922 1320 ut
948 1280 1048 1335 per
1075 1279 1170 1320 eas
1193 1264 1482 1336 prresentis
1510 1264 1634 1319 vitae
1661 1262 2084 1335 prosperitatem
2132 1271 2189 1316 ct

586 1356 816 1424 futurae,
846 1356 961 1413 Deo
982 1356 1297 1421 miserante,
1328 1354 1720 1411 beatitudinem
1750 1355 1954 1411 habere
1976 1368 2188 1408 merea-

586 1448 743 1515 mini,
776 1457 832 1505 et
865 1447 1088 1521 fragiles
1116 1454 1314 1503 vestra:
1343 1449 1523 1502 astatis
1550 1462 1727 1502 annos
1757 1448 1811 1501 in
1844 1446 1942 1501 Dei
1964 1446 2187 1501 servitio

585 1540 769 1598 cdocti
798 1540 868 1595 ad
892 1540 1194 1612 perfectum
1228 1540 1527 1596 senectutis
1575 1541 1719 1596 diem
1751 1539 2043 1595 adducere.
2077 1541 2186 1596 Vos

584 1645 826 1704 quoque,
851 1633 1028 1687 sancti
1057 1631 1270 1698 Patres,
1301 1631 1507 1686 lumina
1546 1629 1709 1700 hujus
1752 1631 2009 1686 fraternre
2056 1646 2186 1685 con‘

586 1723 920 1797 gregationis
945 1764 961 1790 ,
1007 1723 1260 1779 doctores
1288 1730 1345 1778 et
1372 1722 1628 1778 ductores
1670 1722 1724 1776 in
1764 1723 1910 1776 omni
1940 1721 2186 1776 bonitate

2290 515 2375 569 die
2406 527 2651 586 peccator
2679 534 2962 573 conversus
2992 517 3172 588 fuerit,
3214 519 3317 573 vita
3353 519 3485 573 vivet
3515 559 3531 584 ,
3559 527 3609 572 et
3648 534 3761 571 non
3794 531 3908 570 mo-

2290 608 2457 662 rietur
2492 607 2712 679 (Ezeclt.
2751 626 2948 676 χχχιιι,
2983 610 3072 676 12,
3114 608 3225 683 15).
3260 609 3306 666 Ο
3334 610 3612 682 singulare
3642 608 3903 665 clemen-

2290 699 2488 755 tissimi
2530 699 2735 769 judicis
2781 701 3146 757 beneﬁcium!
3198 701 3244 758 Ο
3289 700 3638 773 magniﬁcum
3704 699 3907 753 divinae

2287 793 2510 862 pietatis
2537 792 2858 848 thesaurum
2884 793 2896 847 !
2931 792 3161 863 Propter
3203 794 3307 847 hoc
3339 809 3367 845 a
3397 792 3767 863 peccantibus
3793 789 3908 844 vult

2188 902 2195 909 ·
2288 883 2651 940 confessionis
2687 900 2886 939 munus
2925 886 3196 956 accipere,
3220 893 3281 937 ut
3309 900 3419 938 non
3452 882 3725 947 inveniat,
3759 881 3906 951 quod

2288 977 2474 1032 ulcisci
2504 978 2717 1032 debeat.
2740 977 2857 1033 Non
2888 978 3059 1033 simus
3085 976 3281 1048 ingrati
3311 985 3475 1031 tantm
3500 973 3909 1031 benevolentiae

2291 1068 2672 1139 Redemptoris
2701 1069 2873 1125 nostri
2904 1088 2917 1123 :
2945 1070 3039 1140 qui
3064 1068 3238 1139 magis
3266 1068 3380 1123 vult
3407 1067 3560 1141 [ϐοά.
3597 1064 3753 1131 γοα,
3791 1081 3907 1119 ma-

2287 1159 2423 1233 vult]
2455 1162 2736 1232 ignoscere
2764 1176 2929 1231 quam
2977 1161 3209 1232 punire;
3251 1162 3425 1233 magis
3460 1160 3680 1215 salvare
3734 1175 3906 1230 quam

2285 1252 2534 1323 perdere.
2565 1252 2883 1323 Acquiritur
2910 1252 3144 1307 Domino
3166 1294 3180 1310 .
3236 1252 3381 1323 quod
3425 1268 3535 1306 non
3582 1253 3825 1324 punitur
3850 1252 3906 1306 in

2288 1357 2449 1399 servo
2480 1362 2493 1396 :
2526 1351 2583 1397 ct
2611 1343 2842 1398 multum
2890 1343 3175 1399 confertur
3221 1345 3429 1400 auctori
3459 1385 3474 1411 ,
3508 1344 3555 1399 si
3602 1345 3909 1414 deputatus

2286 1450 2464 1505 pugna:
2493 1435 2665 1490 venire
2684 1452 2787 1491 con
2798 1437 3047 1492 donetur.
3070 1436 3183 1492 Nec
3202 1447 3356 1509 optat
3379 1436 3587 1504 ulcisci,
3612 1438 3711 1508 qui
3742 1435 3907 1507 155

2285 1536 2511 1598 paratus
2537 1535 2623 1581 est
2666 1529 2913 1583 misereri
2942 1548 2955 1584 :
2988 1531 3107 1601 ipso
3132 1530 3199 1586 de
3226 1547 3287 1586 se
3326 1546 3424 1601 per
3451 1529 3794 1601 Prophetam
3826 1529 3910 1584 di-

2287 1628 2446 1674 cente
2478 1639 2491 1673 :
2531 1617 2670 1673 Nolo
2707 1630 2929 1675 mortem
2973 1623 3288 1692 peccatoris,
3321 1622 3413 1677 scd
3456 1632 3513 1676 ut
3557 1630 3910 1677 convertatur

2286 1720 2335 1764 et
2365 1712 2501 1765 vivat
2533 1709 2726 1783 [lbid.,
2760 1711 2869 1784 ll].
2896 1712 3036 1769 Ecce
3062 1729 3225 1770 verus
3253 1715 3378 1769 vitm
3402 1722 3625 1779 auctor,
3668 1713 3768 1784 qui
3796 1728 3906 1768 non

581 1792 910 1886 iuventutis,
936 1815 1215 1886 deprecor,
1244 1821 1308 1869 ut
1334 1814 1674 1870 admoneatis
1703 1828 1799 1868 eos
1822 1854 1836 1879 ,
1881 1812 1931 1867 id
1962 1819 2077 1879 est,
2101 1811 2185 1865 di-
2218 1792 2260 1851 Β
2292 1804 2403 1858 vult
2424 1805 2707 1874 peccantis
2734 1814 2965 1861 mortem
2992 1847 3006 1873 ,
3051 1806 3147 1861 sed
3184 1808 3557 1864 convertentis
3579 1806 3692 1880 [ΑΙ.
3721 1849 3737 1873 ,
3773 1822 3909 1862 con-

586 1908 826 1983 scipulos
870 1916 1083 1965 vestros
1106 1950 1122 1976 ,
1153 1917 1215 1964 ut
1243 1908 1487 1965 studiose
1517 1907 1737 1963 discant
1778 1921 1900 1977 qua:
1929 1906 2041 1961 Deo
2067 1904 2186 1975 pla-

585 2006 718 2057 cent
740 1998 879 2074 [Al.,
904 1999 1205 2074 placeant],
1228 2008 1285 2057 et
1312 2000 1383 2058 ad
1417 1999 1650 2057 salutem
1676 2000 1986 2055 animarum
2016 1997 2186 2069 perti-

586 2099 721 2149 nent
746 2108 968 2150 suarum
996 2113 1011 2149 :
1036 2102 1309 2166 quatenus
1337 2107 1407 2150 ex
1434 2092 1650 2149 illorum
1687 2089 1937 2164 profectu
1977 2098 2035 2144 et
2058 2103 2183 2160 pro—

584 2184 851 2255 speritate
877 2199 975 2242 vos
1004 2192 1325 2256 perpetuam
1350 2184 1494 2255 apud
1533 2183 1828 2241 Dominum
1875 2180 2009 2257 [AI.,
2039 2180 2183 2253 apud

585 2274 779 2350 Deum]
805 2275 1061 2333 habeatis
1105 2276 1432 2332 mercedem.
1486 2275 1863 2331 Exhortamini
1904 2273 2048 2339 illos,
2089 2287 2181 2328 so-

582 2370 703 2431 brie
732 2411 747 2438 ,
784 2379 935 2427 caste
960 2411 977 2438 ,
1006 2371 1203 2443 pudice
1233 2411 1249 2436 ,
1288 2384 1415 2426 cum
1450 2369 1601 2424 omni
1628 2368 1936 2423 humilitate
1971 2374 2029 2422 et
2049 2366 2183 2422 obe-

585 2462 789 2521 dientia
829 2462 941 2520 Deo
958 2463 1170 2519 servire
1192 2463 1247 2517 in
1268 2462 1425 2518 bonis
1451 2461 1714 2529 moribus,
1740 2470 1796 2517 et
1825 2469 2017 2517 sancta
2049 2473 2182 2514 con-

584 2560 925 2626 versatione,
965 2564 1020 2614 et
1072 2556 1325 2629 religiosa
1371 2557 1626 2612 castitate
1659 2598 1674 2623 ,
1732 2564 1791 2612 et
1841 2555 2081 2610 maxime
2113 2553 2182 2610 de

582 2649 927 2708 confessione
969 2657 1317 2722 peccatorum
1362 2662 1584 2703 suorum
1618 2668 1631 2702 :
1662 2648 1790 2719 quia
1821 2647 2005 2701 multae
2050 2653 2182 2701 sunt

582 2752 777 2801 contra
830 2742 1266 2801 adolescentulos
1295 2741 1577 2799 diabolica:
1605 2742 1813 2797 fraudis
1863 2742 2073 2796 insidiae
2122 2740 2179 2795 in

582 2836 855 2896 desiderio
882 2835 1090 2894 carnali
1115 2843 1173 2890 et
1196 2834 1411 2891 ueteris
1436 2832 1817 2891 adolescentiae
1844 2834 2008 2889 vitiis.

543 2978 557 2992 .
650 2929 715 2987 ιι.
746 2926 857 2988 Sed
880 2927 1040 2995 nihil,
1063 2926 1177 2984 Deo
1197 2924 1458 2993 donante,
1479 2923 1701 2999 proﬁcit
1726 2925 1782 2980 in
1808 2940 1907 2981 sua
1929 2922 2180 2980 diabolus

582 3020 810 3090 malitia,
845 3019 892 3078 si
922 3033 1113 3091 puram
1148 3017 1337 3074 volunt
1364 3015 1600 3089 juvenes
1646 3015 1831 3073 facere
1878 3014 2179 3073 confessio-

582 3128 729 3183 nem,
756 3119 813 3169 et
840 3110 1050 3167 fructus
1085 3110 1279 3183 dignos
1325 3109 1663 3182 poenitentia:
1696 3116 1880 3183 agere,
1906 3109 1957 3164 id
1989 3118 2095 3174 est,
2119 3119 2180 3163 ut

580 3202 894 3261 vulneribus
916 3201 1141 3260 vulnera
1170 3218 1281 3259 non
1306 3201 1747 3274 superadjiciant,
1776 3211 1832 3259 et
1857 3210 2047 3259 sanata
2071 3217 2179 3256 non

579 3298 910 3356 resaucient.
944 3294 1242 3370 [Salutare]
1288 3296 1557 3369 siquidem
1603 3298 1944 3369 paenitentiae
1980 3304 2068 3352 est
2094 3312 2181 3351 re-

580 3389 819 3446 medium
850 3388 1165 3461 poznitcnda
1218 3388 1416 3445 iterum
1444 3405 1552 3445 non
1582 3390 1865 3461 perﬁcere.
1900 3388 2178 3459 Scriptum

580 3491 668 3539 cst
693 3482 840 3539 enim
871 3500 883 3537 :
921 3479 1300 3536 Paenitentibus
1331 3480 1475 3537 Deus
1510 3481 1652 3535 dedit
1698 3490 1904 3551 partem
1949 3480 2177 3551 justitiw

582 3573 793 3650 [Vulg.,
828 3575 970 3629 viam
989 3572 1244 3645 justitiaa]
1281 3571 1473 3646 (Eccii.
1508 3589 1644 3640 xvu,
1685 3573 1800 3645 20).
1840 3573 1955 3644 Age
2013 3572 2179 3644 igitur

578 3668 876 3739 paenitens,
903 3665 1122 3738 propria
1148 3665 1355 3722 scelera
1382 3655 1645 3722 confitere
1675 3662 1833 3739 [ϐοά.
1870 3664 2018 3731 Vat.,
2049 3680 2177 3721 con-

578 3756 768 3833 ﬁteri],
796 3757 977 3831 pande
1004 3772 1101 3829 per
1125 3756 1529 3814 confessionem
1578 3765 1684 3812 tuae
1732 3757 2035 3827 iniquitatis
2084 3772 2175 3812 se-

579 3858 806 3907 cretum.
838 3847 975 3906 Nota
1004 3858 1135 3906 sunt
1159 3848 1271 3907 Deo
1311 3864 1434 3921 quae
1452 3850 1512 3904 in
1540 3848 1754 3905 occulto
1794 3846 2003 3915 fecisti;
2054 3863 2177 3920 qua:

579 3942 625 3998 si
656 3956 765 3997 non
788 3941 990 3997 dixerit
1015 3939 1219 4014 lingua,
1246 3956 1357 3997 non
1387 3941 1590 4011 poterit
1615 3940 1794 3997 celare
1814 3941 2171 3997 conscientia.

580 4031 808 4090 Frustra
852 4033 996 4089 intra
1023 4034 1263 4105 parietes
1292 4040 1387 4088 tua
1414 4035 1653 4089 aestimes
1676 4032 1858 4106 [Mss.,
1907 4033 2171 4108 azsumas]

578 4126 808 4184 crimina
834 4126 1112 4182 abscondi.
1144 4124 1302 4181 Patet
1330 4123 1487 4199 [ϐοά.
1520 4123 1667 4191 ναι,
1693 4123 1849 4199 Pate]
1877 4124 1990 4181 Deo
2010 4140 2174 4181 omne

578 4217 726 4292 quod
761 4218 1139 4275 absconditum
1175 4225 1375 4289 putas:
1408 4225 1465 4274 et
1512 4218 1558 4273 si
1602 4216 1838 4273 hominis
1882 4216 2068 4273 oculos
2116 4219 2171 4272 in

579 4311 820 4383 peccatis
845 4308 1083 4382 effugere
1113 4309 1316 4377 valeas,
1350 4310 1659 4367 nullatenus
1689 4320 1868 4366 tamen
1892 4310 1987 4367 Dei
2015 4326 2174 4381 aspe-

577 4412 733 4461 ctum
766 4403 937 4459 latere
974 4404 1208 4475 poterit,
1234 4404 1499 4475 quidquid
1545 4404 1599 4458 in
1643 4403 1859 4459 occulto
1909 4404 2167 4475 gesseris.

2288 1897 2453 1969 versi]
2486 1899 2675 1954 vitam.
2708 1899 2866 1956 Unde
2885 1910 2943 1956 et
2978 1901 3031 1957 iu
3065 1900 3361 1974 Evangelio
3382 1902 3499 1973 ipsa
3528 1902 3607 1956 ait
3631 1901 3902 1957 Veritas:

2286 1988 2375 2045 Sic
2395 1992 2493 2045 erit
2520 1992 2775 2063 gaudium
2802 1993 2858 2047 in
2881 1993 3009 2048 caelo
3036 2010 3214 2048 coram
3238 1993 3412 2079 Patre.
3424 2005 3592 2050 vestro
3615 2006 3666 2049 et
3692 1995 3905 2067 angelis

2283 2089 2402 2158 ejus
2433 2104 2593 2161 super
2627 2107 2733 2144 uno
2776 2102 3048 2162 peccatore
3090 2091 3273 2164 [Mss.,
3304 2111 3465 2165 super
3486 2110 3652 2148 unum
3710 2111 3901 2163 pecca-

2284 2176 2472 2251 torem]
2501 2182 2863 2251 paenitentiam
2916 2191 3101 2253 agente
3149 2180 3302 2255 (Luc.
3334 2200 3426 2250 xv,
3458 2183 3514 2255 7)
3544 2202 3556 2238 :
3581 2192 3637 2239 et
3672 2185 3730 2238 in
3768 2185 3906 2239 Pro-

2282 2274 2486 2345 pheta:
2514 2272 2615 2328 Dic
2658 2286 2715 2328 tu
2763 2275 3058 2347 injustitias
3100 2285 3222 2332 tuas
3269 2277 3420 2348 prior
3448 2318 3463 2344 ,
3500 2288 3555 2331 ut
3574 2278 3902 2349 justiﬁccris

2284 2364 2442 2439 (Isai.
2474 2383 2630 2432 mn,
2658 2366 2772 2439 26).
2808 2366 2951 2423 Ecce
2979 2369 3248 2441 benignus
3284 2377 3371 2425 est
3413 2368 3637 2441 largitor
3675 2371 3861 2425 venite
3881 2412 3897 2438 ,

2280 2459 2375 2528 qui
2405 2459 2611 2528 praebet
2634 2474 2734 2530 pro
2758 2459 2908 2515 lucro
2933 2458 3088 2534 [Ms.,
3130 2459 3300 2534 luctu]
3345 2460 3628 2533 temporali
3674 2463 3901 2519 aeterni-

2285 2552 2413 2607 tatis
2461 2551 2738 2623 gaudium,
2793 2552 2911 2623 ipso
2940 2552 3157 2609 dicente
3188 2568 3201 2607 :
3233 2552 3385 2608 Beati
3412 2555 3502 2625 qui
3525 2552 3702 2626 lugent
3729 2570 3898 2621 nunc,

2280 2645 2530 2717 quoniam
2546 2646 2646 2716 ipsi
2659 2646 3075 2702 consolabuntur
3094 2646 3311 2721 (Matth.
3328 2664 3382 2715 v,
3405 2648 3462 2721 5)
3489 2667 3502 2703 :
3527 2657 3583 2704 et
3607 2648 3717 2705 alio
3740 2647 3894 2706 loco:

2292 2737 2475 2795 Venite
2505 2740 2578 2793 ad
2628 2756 2732 2805 me,
2767 2756 2947 2794 omnes
2976 2741 3069 2810 qui
3121 2740 3375 2796 laboratis
3408 2750 3457 2796 et
3489 2742 3698 2797 onerati
3745 2744 3894 2809 estis,

2281 2839 2331 2885 et
2367 2845 2463 2901 ego
2501 2828 2737 2900 reﬁciam
2774 2847 2864 2885 vos
2916 2829 3136 2903 (Matth.
3194 2848 3286 2899 χι,
3344 2832 3458 2906 28).
3512 2833 3604 2889 Ait
3631 2836 3806 2901 enim,
3838 2844 3896 2892 ut

2282 2921 2521 2977 diximus
2550 2938 2565 2974 :
2596 2919 2693 2975 Dic
2728 2930 2784 2975 tu
2826 2922 2976 2992 prior
2996 2920 3288 2993 injustitias
3315 2932 3459 2990 tuas,
3488 2934 3544 2978 ut
3574 2924 3895 2995 justiﬁccris

2283 3014 2490 3090 [Vulg.,
2543 3015 2725 3072 Narra
2752 3018 2803 3072 si
2827 3017 2955 3089 quid
2986 3018 3147 3073 habes
3165 3059 3180 3082 ,
3209 3027 3265 3072 ut
3288 3017 3626 3092 justiﬁceris]
3655 3060 3670 3086 ,
3694 3029 3751 3075 et
3782 3035 3893 3076 non

2282 3107 2667 3163 condemneris
2693 3126 2706 3162 :
2736 3116 2797 3162 ut
2822 3117 3046 3164 maneat
3069 3109 3122 3164 in
3147 3116 3202 3164 te
3223 3109 3505 3180 praemium
3526 3111 3892 3181 poenitentia,

2285 3216 2393 3255 non
2424 3198 2664 3254 vindicta
2692 3208 3060 3269 peccatorum.

2352 3290 2435 3346 ill.
2484 3289 2739 3362 Nunquid
2764 3292 2921 3361 quasi
2949 3292 3167 3347 nescius
3194 3291 3338 3348 Deus
3367 3310 3468 3351 nos
3492 3293 3742 3351 conﬁteri
3767 3296 3893 3351 hor-

2282 3394 2429 3439 tatur
2456 3391 2705 3454 peccata,
2737 3383 2830 3452 qui
2860 3383 3181 3454 priusquam
3208 3393 3361 3456 gesta
3390 3394 3595 3451 essent,
3627 3388 3890 3457 praescie-

2279 3473 2596 3544 batzcujus
2647 3474 3005 3545 providentiae
3050 3475 3234 3531 omnia
3280 3485 3571 3547 patescunt
3618 3478 3891 3532 occulta?

2279 3569 2433 3624 Tunc
2477 3569 2625 3623 enim
2670 3568 2876 3638 poteris
2924 3566 3225 3638 perfectum
3260 3570 3520 3641 consequi
3562 3571 3891 3627 beneﬁcium

2278 3662 2580 3727 medicina),
2605 3661 2652 3717 si
2682 3677 2791 3716 non
2818 3662 2963 3717 celes
2984 3662 3199 3719 medico
3225 3672 3331 3719 tua:
3351 3664 3579 3720 vulnera
3606 3665 3891 3721 conscien-

2278 3758 2384 3812 tiae.
2439 3755 2646 3826 Opinor
2686 3755 2855 3821 enim,
2908 3755 3014 3809 nisi
3056 3756 3431 3827 interpelletur
3465 3758 3730 3824 medicus,
3776 3773 3889 3814 non

2230 3872 2236 3878 ·
2276 3860 2502 3907 curatur
2527 3858 2784 3921 aegrotus.
2836 3847 3124 3906 Confessio
3161 3859 3250 3905 tua
3279 3851 3549 3907 medicina
3580 3860 3667 3909 est
3703 3852 3889 3908 vulne-

2278 3958 2399 3998 rum
2427 3953 2663 4009 tuorum,
2693 3949 2749 3997 et
2784 3941 2976 3997 salutis
3014 3950 3121 3998 tua:
3158 3942 3526 3998 certissimum
3558 3943 3883 3999 subsidium.

2277 4035 2452 4091 Homo
2471 4041 2705 4106 aegrotus
2734 4049 2766 4088 a
2793 4033 3004 4089 medico
3029 4033 3225 4104 quaerit
3248 4033 3598 4100 medicinam,
3623 4036 3715 4104 qui
3738 4049 3885 4105 saepe

2275 4130 2490 4186 incerto
2519 4125 2748 4200 [labore]
2780 4126 3011 4182 desudat
3045 4125 3100 4180 in
3138 4133 3361 4198 aegroto.
3411 4124 3557 4179 Deus
3595 4139 3725 4180 vero
3764 4126 3885 4181 sine

2275 4223 2460 4279 labore
2490 4228 2669 4286 sanat,
2698 4220 2818 4276 sine
2843 4219 3100 4275 tarditate
3128 4219 3529 4275 medicamenta
3553 4220 3725 4275 venite
3751 4236 3885 4291 prm-

2274 4326 2405 4383 stat,
2443 4317 2490 4372 si
2526 4316 2721 4371 devota
2760 4314 3019 4387 lacrymis
3054 4314 3263 4384 scripta
3304 4312 3360 4367 in
3400 4314 3621 4369 auribus
3659 4313 3882 4384 pietatis

2275 4426 2387 4467 sua:
2408 4409 2622 4482 legatur
2646 4407 2981 4479 poenitentiae
3010 4404 3162 4479 [Ms.,
3192 4404 3560 4478 pmnitentia].
3606 4405 3778 4462 Nemo
3805 4416 3878 4471 te,

578 4492 681 4551 Dic
723 4508 825 4565 per
858 4493 1263 4551 confessionem
1303 4504 1527 4567 peccata
1559 4538 1574 4562 ,
1627 4506 1920 4568 antequam
1967 4495 2169 4565 judieis
2200 4521 2252 4581 ιν)
2276 4505 2459 4567 homo,
2490 4500 2683 4556 melius
2712 4498 2887 4555 reficit
2911 4514 3074 4571 quam
3097 4498 3188 4569 qui
3218 4497 3375 4566 fecit;
3407 4514 3509 4555 nec
3537 4499 3673 4555 alius
3694 4509 3876 4566 sanat,

579 4586 918 4643 iracundiam
948 4588 1173 4642 sentias.
1201 4588 1377 4643 Crede
1416 4588 1547 4643 mihi
1573 4630 1588 4654 ,
1620 4596 1793 4643 totum
1830 4589 2041 4644 veniale
2068 4591 2175 4645 erit

578 4683 725 4755 quod
754 4682 993 4754 peccasti
1022 4723 1037 4746 ,
1088 4682 1136 4737 si
1183 4681 1432 4739 conﬁteri
1478 4698 1586 4738 non
1618 4682 1909 4739 erubesccs
1937 4702 1950 4737 :
1985 4691 2041 4738 et
2076 4699 2175 4754 per

579 4778 959 4850 paenitentiam
987 4792 1218 4849 purgare
1238 4778 1518 4833 curaberis
1546 4774 1702 4850 [ϐοά.
1731 4774 1791 4832 S.
1827 4774 1948 4831 Em.
1966 4819 1981 4843 ,
2014 4793 2173 4834 cura-

578 4869 726 4927 veris
748 4910 765 4937 ,
791 4868 889 4935 aL,
915 4882 1013 4939 per
1035 4868 1414 4940 pmnitenliam
1440 4883 1633 4923 curare
1662 4885 1769 4925 non
1801 4869 2127 4941 cessaveris]
2153 4912 2168 4935 ,

576 4964 797 5021 dicente
826 4962 1248 5034 Psalmographo
1277 4980 1290 5017 :
1326 4960 1453 5017 Dixi
1473 4960 1651 5035 [Vulg.
1684 4962 1833 5029 add.,
1863 4961 2169 5034 conﬁtebor]

580 5055 857 5112 adversum
886 5071 968 5110 me
1008 5055 1297 5126 injustitias
1351 5070 1496 5110 meas
1546 5053 1779 5110 Domino
1800 5098 1817 5121 ,
1849 5065 1899 5110 et
1929 5065 1987 5109 tu
2021 5058 2173 5110 remi-

578 5148 696 5203 sisti
730 5146 1047 5218 impietatem
1095 5146 1295 5215 peccati
1349 5145 1452 5200 mei
1494 5142 1667 5217 (Psal.
1711 5163 1840 5202 xxxx
1869 5187 1883 5212 ,
1933 5147 2010 5218 5).
2065 5147 2172 5204 Ex-

577 5247 791 5311 spectat
816 5238 1076 5293 Dominus
1100 5252 1130 5291 a
1154 5238 1310 5293 nobis
1336 5236 1699 5293 confessionis
1728 5237 2080 5306 sacrificium,
2111 5250 2173 5295 ut

577 5338 802 5401 praestet
845 5329 1003 5386 nobis
1039 5328 1360 5385 delectabile
1407 5328 1751 5401 indulgentia:
1797 5346 1994 5386 munus
2022 5374 2037 5397 ,
2081 5335 2172 5403 qui

578 5422 687 5479 vult
719 5440 899 5479 omnes
928 5424 1164 5478 homines
1206 5422 1378 5477 salvos
1418 5421 1536 5491 ﬁeri
1563 5430 1618 5477 et
1646 5422 1921 5479 neminem
1947 5426 2128 5494 perire
2154 5444 2167 5479 :

578 5584 642 5637 de
662 5579 1010 5652 confessione.
1023 5577 1263 5652 Coujicit
1277 5579 1531 5652 Canisius
1550 5580 1835 5651 epistolam
1859 5581 2002 5637 hanc
2022 5595 2171 5637 eam-

578 5654 703 5726 dem
740 5649 866 5726 esse
894 5650 1175 5726 aclibrum
1207 5649 1285 5704 De
1318 5649 1613 5726 attricnlari
1636 5654 1982 5726 confessione,
2008 5670 2167 5726 quem

581 5724 723 5779 inter
751 5722 925 5793 Opera
949 5720 1162 5778 Alcuini
1194 5731 1447 5779 recenset
1473 5723 1680 5778 Bulaeus
1704 5741 1717 5788 ;
1738 5720 1813 5778 et
1840 5720 2169 5779 forsan'me-

582 5795 704 5849 ritu.
747 5793 1074 5851 Constanter
1102 5802 1282 5852 tamen
1315 5794 1525 5851 titul-nu
1559 5795 1645 5850 hic
1670 5794 1951 5866 przeﬁxum
1982 5795 2167 5867 [ιι-ωηε-

2277 4595 2379 4650 nisi
2407 4592 2496 4663 qui
2538 4591 2770 4664 ﬂagellat
2808 4599 2861 4646 et
2896 4599 3084 4655 curat;
3127 4588 3275 4646 solus
3312 4590 3460 4645 enim
3507 4591 3656 4647 novit
3696 4592 3879 4662 operis

2275 4687 2359 4743 sui
2386 4684 2753 4756 fragilitatem,
2782 4683 2875 4754 qui
2907 4684 3012 4738 hoc
3041 4690 3250 4737 tantum
3281 4690 3585 4753 exspectat,
3611 4690 3674 4737 ut
3706 4681 3878 4738 fatea-

2276 4781 2392 4845 ris;
2446 4793 2599 4833 mora
2655 4793 2763 4833 non
2814 4779 2958 4843 erit,
3016 4785 3079 4831 ut
3134 4777 3349 4832 saneris
3390 4796 3402 4831 :
3443 4776 3536 4848 qui
3593 4791 3693 4849 per
3742 4793 3875 4849 pro-

2274 4873 2492 4943 phetam
2525 4870 2868 4926 Ezechielem
2891 4870 3005 4924 ait:
3032 4868 3167 4925 Cum
3189 4885 3489 4925 conversus
3514 4869 3682 4925 fueris
3711 4879 3767 4925 ct
3797 4870 3877 4926 in-

2275 4962 2566 5034 gemucris,
2598 4969 2728 5016 tunc
2762 4960 3063 5016 salvaberis
3101 4960 3321 5032 (Ezech.
3368 4961 3585 5035 xum).

2345 5054 2432 5109 ιν.
2482 5053 2654 5109 Datur
2694 5052 2848 5108 nobis
2881 5068 2913 5107 a
2945 5052 3341 5125 benignissimo
3372 5052 3557 5124 judice
3594 5054 3746 5111 locus
3780 5070 3874 5113 ac-

2275 5146 2498 5201 cusandi
2546 5144 2913 5216 nosmetipsos
2944 5145 2999 5199 in
3035 5146 3276 5218 peccatis
3314 5148 3518 5203 nostris
3559 5164 3743 5205 coram
3778 5165 3871 5205 sa-

2275 5237 2494 5293 cerdote
2538 5236 2665 5303 Dei,
2703 5253 2772 5293 ne
2812 5238 3010 5292 iterum
3046 5247 3272 5294 accuset
3302 5255 3403 5296 nos
3454 5242 3510 5295 in
3568 5242 3646 5297 eis
3682 5242 3873 5299 diabo-

2274 5329 2358 5385 lus
2406 5345 2589 5385 comm
2621 5329 2803 5402 judice
2839 5328 3076 5386 Christo.
3128 5330 3256 5385 Vult
3307 5341 3368 5387 ut
3407 5334 3757 5405 ignoscantur
3789 5334 3870 5406 [in

2275 5426 2379 5480 hoc
2403 5422 2647 5497 szcculo],
2678 5438 2747 5479 ne
2770 5424 3069 5495 puniantur
3104 5424 3156 5479 in
3181 5423 3380 5481 futuro.
3414 5425 3581 5498 Igitur
3611 5428 3732 5498 pius
3765 5427 3873 5483 Pa«

2274 5590 2400 5637 runt
2421 5583 2543 5637 cod.
2576 5596 2710 5636 mss.
2740 5580 3009 5636 Bssmcs.
3029 5613 3102 5621 —
3124 5581 3201 5637 De
3234 5581 3417 5653 pueris
3440 5624 3456 5645 ,
3502 5598 3690 5639 eorum
3719 5582 3872 5639 obla-

2274 5655 2419 5708 tione
2466 5655 2522 5708 in
2577 5653 2922 5724 monasteriis
2947 5694 2964 5724 ,ν
2993 5654 3188 5708 studiis
3215 5668 3282 5707 ac
3311 5654 3616 5724 disciplina,
3645 5653 3869 5709 consule

2272 5724 2333 5848 ιδ.
2368 5724 2637 5780 Edmuudi
2669 5723 2915 5779 Martene
2943 5723 3250 5780 Comment.
3284 5725 3339 5781 in
3381 5723 3501 5796 cap.
3548 5725 3618 5781 59
3660 5739 3771 5795 reg.
3804 5724 3865 5781 S.

2314 5811 2403 5851 cn.
