4112 6680
181 609 272 669 635
977 603 1308 665 MORALIA.
1348 631 1418 645 —-
1453 598 1545 656 DE
1584 592 2067 655 CONFESSIONE
2105 590 2598 651 PECCATORUM.
3337 583 3441 639 (iiii

182 731 271 792 ter,
291 721 410 781 dum
433 721 581 779 videt
597 735 696 794 per
720 720 1098 792 pcenitentiam
1124 725 1348 790 peccata
1368 722 1557 773 nostra
1582 729 1615 768 a
1645 725 1740 766 no—
1767 713 1815 768 A
1854 705 1996 772 Vat,
2025 722 2125 778 pro
2159 705 2381 780 modici]
2411 705 2671 776 temporis
2697 703 2909 758 luxuria
2943 703 3129 794 pinnis,
3148 703 3288 758 tradi
3321 718 3444 776 per-

181 814 254 872 bis
273 814 530 881 damnari,
564 812 766 886 gaudet
793 810 1063 878 misereri,
1099 818 1155 866 et
1188 808 1465 881 proprium
1488 815 1748 860 exercere

179 921 354 962 munus
388 904 779 962 misericordiae
813 904 868 959 in
907 901 1241 975 pmnitentes
1275 907 1448 971 optat,
1481 897 1623 951 sicut
1651 910 1751 966 per

178 996 352 1055 Isaiam
387 1005 623 1054 testatur
655 996 977 1069 prophetam
1004 1013 1018 1049 ε
1047 993 1163 1065 Ego
1186 1009 1324 1058 sum,
1356 992 1445 1063 qui
1469 988 1615 1044 deleo
1647 988 1751 1042 ini-

176 1089 375 1163 quitates
413 1101 535 1145 tuas
586 1089 744 1159 (Isai.
789 1103 958 1153 XLIII,
1001 1086 1128 1156 25);
1169 1092 1224 1142 et
1249 1085 1446 1140 iterum
1474 1100 1488 1136 :
1519 1078 1749 1135 Conver-

179 1182 330 1237 timini
351 1181 420 1236 ad
441 1181 728 1236 Dominum
749 1180 921 1234 Deum
951 1187 1201 1244 vestrum,
1225 1175 1476 1248 quoniam
1498 1170 1651 1245 (Cod.
1687 1169 1746 1226 S.

175 1271 304 1342 BIL,
347 1272 498 1346 quia]
542 1272 840 1328 misericors
871 1278 922 1324 et
953 1270 1072 1342 pius
1119 1277 1219 1334 est,
1248 1267 1450 1338 patiens
1487 1272 1534 1318 et
1570 1261 1751 1316 multa:

175 1365 526 1420 misericordite
549 1361 709 1438 (Joel.
739 1379 800 1430 ιι,
835 1361 946 1436 l5).
994 1360 1111 1417 Hoc
1142 1361 1321 1416 sciens
1353 1357 1545 1413 beatus
1581 1353 1753 1410 David

175 1459 245 1514 ait
268 1477 280 1513 :
308 1455 590 1514 Peccatum
619 1472 793 1513 meum
819 1455 1085 1526 cognitum
1110 1453 1204 1508 tibi
1229 1451 1346 1523 feci,
1379 1460 1428 1505 et
1463 1445 1753 1519 injustitias

172 1567 303 1607 meas
347 1567 452 1606 non
497 1549 679 1622 operui
710 1546 884 1621 (Psai.
931 1563 1082 1613 xxxi,
1127 1545 1185 1618 5)
1215 1563 1231 1598 :
1257 1551 1504 1599 econtra
1539 1541 1587 1595 si
1621 1554 1750 1611 pec-

171 1651 360 1708 catum,
387 1643 532 1714 quod
560 1640 754 1697 fecerit
781 1641 967 1706 homo,
1003 1645 1235 1709 negatur
1269 1631 1554 1709 [tegatur],
1585 1646 1751 1702 pinna

171 1745 340 1793 reatus
363 1734 761 1799 accumulatur;
786 1732 916 1803 quia
946 1731 1171 1802 punitur
1193 1727 1537 1785 contumacia
1561 1726 1614 1780 in
1640 1739 1754 1781 sce-

169 1826 290 1883 leris
321 1827 626 1898 negatione.
685 1823 795 1881 Sed
830 1823 968 1879 dicis
1013 1821 1201 1878 forsan
1230 1839 1242 1874 :
1275 1819 1359 1875 Me
1398 1827 1564 1874 terret
1603 1832 1752 1873 meo-

169 1935 284 1976 rum
319 1919 631 1992 magnitudo
668 1925 1040 1990 peccatorum.
1085 1913 1344 1981 Quinimo
1385 1919 1541 1966 tanto
1579 1911 1752 1983 magis

168 2010 516 2067 insistendum
558 2017 645 2064 est
678 2009 794 2073 tibi,
833 2021 868 2062 ο
900 2015 1188 2077 peccator,
1227 2004 1282 2058 in
1319 2001 1585 2059 medicina
1626 2016 1751 2056 eon-

1846 799 2045 868 petuis.
2082 797 2283 866 Quanti
2324 797 2484 852 modo
2510 794 2866 851 infernalibus
2893 793 3135 864 deputati
3160 795 3443 850 tormentis

1847 891 2090 946 converti
2111 890 2433 957 voluissent,
2467 889 2515 944 si
2550 889 2786 960 spatium
2821 887 2926 943 illis
2961 888 3184 943 daretur
3215 902 3446 945 conver-

1849 982 1995 1038 tendi
2021 983 2034 1036 Ξ
2078 981 2274 1039 Omnia
2305 981 2526 1054 quidem
2559 983 2718 1052 hujus
2749 980 2931 1037 saeculi
2963 981 3120 1045 dura,
3149 982 3204 1037 in
3231 996 3448 1053 compa.

1851 1075 2061 1130 ratione
2101 1083 2495 1130 tormentorum
2531 1073 2880 1130 infernalium
2913 1075 3055 1130 levia
3091 1083 3147 1130 et
3181 1076 3448 1145 quodam-

1849 1165 2014 1222 modo
2032 1164 2271 1235 jucunda
2303 1166 2576 1222 videntur.
2629 1165 2859 1222 Servisti
2890 1166 3103 1223 diabolo
3126 1168 3182 1224 in
3208 1168 3444 1236 luxuria,

1850 1257 2059 1312 servire
2093 1255 2274 1330 [Mss.,
2303 1256 2472 1329 servi]
2509 1256 2728 1314 Christo
2760 1259 2816 1312 in
2845 1263 3130 1326 castitate;
3161 1262 3448 1333 utriusque

1850 1348 1932 1403 rei
1954 1347 2118 1404 ﬁnem
2149 1350 2391 1404 attende.
2431 1348 2526 1403 Illa
2553 1349 2842 1420 siquidem,
2880 1349 2936 1405 id
2966 1358 3070 1416 est,
3108 1351 3319 1407 luxuria
3351 1353 3450 1408 ho-

1851 1439 2057 1496 minem
2086 1440 2254 1495 mittit
2275 1441 2329 1496 in
2358 1439 2625 1496 flammas.
2664 1440 2903 1497 Castitas
2938 1443 3193 1497 charitati
3230 1444 3452 1515 conjun-

1851 1536 1940 1584 cta
1976 1545 2077 1586 nos
2113 1530 2330 1587 deducit
2354 1531 2408 1586 in
2433 1547 2660 1603 regnum
2698 1533 2813 1588 Dei.
2856 1533 3155 1591 Revertere
3189 1536 3246 1590 in
3279 1537 3446 1603 viam,

1852 1621 1922 1677 de
1969 1637 2078 1692 qua
2130 1622 2418 1678 abcrrasti.
2467 1621 2696 1692 Jejuniis
2737 1640 2936 1696 corpus
2984 1625 3220 1682 afﬁcitur
3263 1627 3450 1701 [Μαίη

1852 1713 2149 1788 afficiatur]
2168 1757 2182 1781 ,
2209 1715 2304 1770 sed
2328 1715 2677 1787 pulchritudo
2699 1720 2897 1774 anima:
2921 1721 3134 1791 paritur
3159 1720 3342 1793 [Mss.,
3365 1737 3454 1779 re—

1850 1805 2118 1880 paretur].
2163 1807 2296 1864 Vilis
2331 1810 2404 1863 sit
2445 1810 2692 1881 corporis
2729 1811 2937 1880 cultus;
2977 1814 3072 1869 sed
3110 1814 3227 1884 ipse
3256 1816 3453 1886 praeei-

1850 1913 1990 1970 puus
2030 1908 2115 1955 est
2151 1900 2465 1956 sanctitatis
2503 1909 2752 1956 ornatus.
2801 1899 3117 1974 Vigiliarum
3159 1905 3456 1963 assiduitas

1851 1990 1909 2046 in
1934 1991 2272 2046 orationibus
2305 2001 2362 2047 et
2402 1992 2456 2047 in
2483 1992 2640 2048 laude
2669 1993 2769 2049 Dei
2805 1995 3063 2068 angelicae
3097 2005 3184 2053 est
3224 1998 3458 2055 imitatio

165 2099 428 2167 fessionis,
455 2115 525 2155 ne
548 2114 742 2171 pereas
769 2099 824 2153 in
855 2097 1142 2170 putredine
1171 2094 1477 2160 vulnerum,
1511 2093 1558 2149 si
1584 2093 1749 2148 medi—
1776 2083 1825 2146 Β
1854 2079 1996 2135 νίιίθ·
2047 2079 2254 2137 Parcus
2287 2081 2442 2138 Cibus
2494 2092 2682 2154 Pasms
2708 2094 2795 2141 εει
2827 2088 3041 2143 anima”!-
3081 2087 3139 2145 Si
3169 2089 3338 2147 habes
3358 2108 3458 2148 un-

161 2207 232 2249 co
276 2193 552 2250 erubescis
592 2192 806 2263 aperire
849 2189 1176 2262 multiplices
1227 2187 1471 2245 ulcerum
1511 2186 1748 2243 dolores.

163 2281 472 2338 Nullatenus
502 2283 698 2338 divinae
724 2281 1120 2336 abundantiam
1157 2278 1464 2336 clementiae
1498 2293 1755 2334 numero-

163 2372 292 2428 sitas
316 2381 529 2428 tuorum
563 2387 825 2444 superare
862 2371 1064 2442 poterit
1108 2379 1478 2441 peccatorum.
1528 2367 1614 2423 Ne
1644 2377 1756 2422 tar-

160 2463 252 2520 des
270 2464 332 2520 de
349 2465 437 2520 die
470 2465 525 2518 in
546 2464 712 2530 diem,
733 2463 866 2518 dicit
898 2460 1203 2533 Scriptura,
1229 2459 1477 2526 converti,
1503 2458 1628 2530 quia
1671 2475 1758 2513 ne-

159 2555 262 2612 scis
291 2555 417 2628 quid
460 2564 835 2626 superuentura
874 2553 1051 2624 pariat
1085 2551 1242 2624 (Cod.
1282 2549 1341 2606 S.
1377 2550 1522 2617 Em.,
1561 2547 1757 2623 pariet]

159 2647 270 2704 dies
302 2646 493 2720 (Eccli.
524 2663 579 2713 v,
608 2645 685 2718 8).
724 2645 860 2712 Quia
896 2644 1113 2717 qualem
1146 2653 1200 2699 te
1233 2643 1458 2698 ultimus
1488 2641 1758 2698 invenerit

158 2740 294 2810 dies,
322 2739 442 2796 talis
455 2739 722 2810 judicaris
757 2737 910 2814 [Ms.,
942 2735 1321 2810 judicaberis].
1361 2737 1472 2792 Nec
1506 2745 1558 2793 te
1588 2735 1760 2792 voluit

157 2831 304 2890 Deus
324 2832 465 2889 diem
495 2832 644 2886 illum
669 2831 945 2903 praescire,
976 2837 1038 2884 ut
1057 2843 1276 2900 semper
1303 2836 1531 2900 paratus
1551 2841 1706 2884 esses
1738 2843 1752 2880 :

157 2925 373 3000 qualem
399 2934 557 2998 Optas
583 2933 712 2981 ante
729 2924 968 2994 judicem
994 2932 1048 2979 te
1081 2931 1249 2990 stare,
1285 2922 1450 2978 talem
1474 2931 1528 2978 te
1553 2935 1758 2992 praepa-

158 3035 241 3086 ra,
267 3019 392 3077 dum
427 3019 598 3074 habes
621 3027 836 3090 tempus
865 3017 1146 3089 operandi.
1178 3017 1313 3073 Esto
1338 3016 1646 3087 negotiator
1664 3015 1759 3071 de-

157 3121 334 3167 votus.
377 3109 510 3165 Eme
546 3109 643 3165 tibi
673 3123 900 3181 regnum
931 3107 1025 3164 Dei
1063 3109 1400 3179 pmnitentize
1431 3107 1619 3174 lucris,
1651 3120 1760 3162 me-

155 3222 280 3262 mor
307 3205 596 3263 Dominum
616 3205 888 3261 dicentem
918 3223 932 3260 :
964 3203 1334 3259 Paenitentiam
1359 3203 1513 3274 agite,
1545 3212 1592 3257 et
1623 3201 1756 3273 [AL,

153 3297 298 3373 ecce]
331 3296 769 3370 appropinquabit
796 3296 936 3352 vobis
968 3313 1185 3368 regnum
1211 3295 1309 3350 Dei
1335 3294 1551 3368 (Matth.
1585 3311 1647 3360 ll,
1676 3294 1754 3365 3).

232 3390 298 3447 V.
339 3390 448 3447 Pro
471 3397 524 3446 te
549 3389 735 3463 igitur,
756 3403 791 3444 ο
809 3387 1048 3459 juvenis,
1079 3389 1222 3443 Deus
1247 3390 1409 3443 homo
1440 3386 1617 3443 factus
1648 3397 1754 3453 est,

1856 2171 1943 2237 de,
1973 2173 2304 2244 pauperibus
2335 2175 2551 2247 porrige
2586 2191 2808 2232 manum
2841 2175 2999 2250 (Cod.
3037 2179 3100 2235 S.
3129 2180 3282 2251 Em.,
3311 2185 3458 2240 unde

1854 2264 2184 2336 pauperibus
2225 2267 2504 2338 porrigere
2550 2285 2771 2324 manum
2815 2273 3039 2347 possis],
3088 2276 3214 2346 quia
3259 2293 3460 2336 manus

1856 2357 2113 2428 pauperis
2149 2359 2597 2431 gazophylacium
2633 2371 2719 2417 est
2757 2361 2980 2420 Christi.
3027 2365 3142 2422 Nec
3185 2369 3253 2425 de
3291 2386 3460 2442 opere

1857 2450 2243 2507 misericordia:
2291 2460 2343 2510 te
2381 2450 2530 2522 justc
2575 2471 2841 2512 excusare
2879 2458 3114 2528 poteris,
3150 2461 3279 2516 dum
3313 2465 3459 2522 calix

1858 2557 2013 2613 aqua:
2041 2541 2251 2615 frigidae
2281 2545 2534 2600 mercede
2569 2550 3011 2606 remunerabitur
3049 2562 3313 2624 perpetua
3341 2574 3355 2610 :
3379 2559 3463 2613 vi-

1857 2634 2027 2690 sitare
2064 2633 2341 2704 inﬁrmos,
2380 2646 2678 2696 man-entes
2713 2640 3004 2708 consolari,
3041 2643 3344 2716 hospitibus
3367 2664 3462 2706 oc-

1859 2742 2100 2795 currere,
2135 2728 2280 2786 fame
2317 2731 2401 2786 vel
2437 2731 2526 2787 siti
2563 2733 2875 2790 laborantes
2904 2735 3150 2804 reﬁcere,
3185 2744 3462 2811 possessio

1859 2829 1946 2876 est
1983 2821 2136 2893 regni
2185 2821 2279 2878 Dei
2327 2823 2382 2878 in
2427 2823 2602 2892 coctis,
2649 2826 2794 2880 sicut
2834 2827 2890 2881 in
2928 2827 3223 2901 Evangelia
3267 2831 3465 2904 legitur

1861 2912 2079 2985 (Matth.
2107 2916 2258 2989 xxv).
2297 2915 2358 2973 lu
2397 2917 2605 2986 talium,
2647 2934 2683 2975 ο
2717 2919 2812 2987 ﬁli,
2850 2936 3076 2992 operum
3110 2928 3465 2984 exsecutione

1861 3004 2017 3080 [Cod.
2062 3006 2207 3074 Vat.,
2245 3011 2621 3078 excusatione,
2655 3013 2847 3088 male],
2889 3023 3242 3085 peccatorum
3277 3021 3467 3077 remis-

1861 3101 1944 3156 sio
1973 3101 2289 3170 adhibetur;
2319 3103 2542 3174 insuper
2575 3113 2631 3160 et
2657 3115 2932 3178 perpetuac
2957 3109 3308 3167 beatitudinis
3333 3129 3475 3185 pra:-

1863 3205 1976 3253 stat
2005 3197 2330 3269 ingressum.

1934 3290 2021 3346 Vl.
2068 3291 2187 3348 Noli
2213 3294 2497 3365 degeneris
2525 3297 2691 3351 animi
2713 3311 2854 3354 esse.
2885 3298 2983 3355 Dei
3012 3298 3183 3355 Filius
3215 3301 3270 3356 in
3292 3301 3470 3375 bapti-

1865 3399 1985 3441 smo
2031 3394 2389 3442 consecratus
2431 3403 2492 3443 es
2529 3407 2542 3440 :
2580 3387 2676 3444 sed
2716 3397 2826 3442 tam
2872 3390 3151 3448 excellens
3186 3391 3467 3459 nobilitas.

155 3494 222 3542 ut
251 3493 305 3541 te
325 3458 636 3550 redimeret,
658 3490 715 3538 et
734 3482 976 3554 seipsum
1001 3481 1228 3536 tradidit
1257 3482 1314 3537 in
1337 3489 1591 3547 mortem,
1617 3489 1678 3536 ut
1709 3490 1762 3536 te
1788 3458 1834 3518 (ἶ
1868 3493 1976 3535 non
2000 3477 2362 3552 nisi[magna]
2380 3495 2593 3535 morum
2617 3481 2880 3552 dignitate
2902 3483 3213 3538 conservari
3244 3487 3466 3556 poterit.

153 3577 398 3634 salvaret
420 3577 475 3632 in
502 3577 671 3631 vitam
698 3595 711 3629 :
735 3575 866 3647 quid
893 3584 950 3630 tu
967 3573 1121 3644 jaces
1150 3574 1206 3630 in
1238 3583 1414 3630 morte
1449 3574 1762 3631 scelerum?

156 3670 335 3742 Surge
369 3680 425 3726 et
461 3670 548 3725 dic
589 3687 602 3723 :
645 3666 828 3731 Pater,
866 3666 1079 3738 peccavi
1113 3667 1168 3722 in
1213 3665 1396 3722 etclam
1443 3665 1603 3746 (Luc.
1644 3667 1758 3740 xv).

155 3763 353 3818 Adduc
395 3762 491 3819 tibi
522 3771 629 3817 tua:
674 3760 1008 3833 pmnitentite
1053 3767 1247 3816 testem
1285 3760 1518 3816 ﬁdelem.
1565 3760 1763 3817 Munda

152 3856 243 3910 vis
272 3855 478 3911 habere
504 3854 864 3922 vestimenta,
894 3867 1067 3924 quare
1092 3867 1202 3908 non
1229 3853 1399 3909 multo
1431 3854 1603 3928 magis
1626 3868 1766 3925 quze-

153 3947 236 4004 ris
263 3947 522 4003 mundam
551 3955 603 4002 te
626 3946 828 4002 habere
850 3945 1136 4001 animam?
1175 3944 1437 4001 Sordidus
1471 3947 1767 4018 procedere

154 4054 271 4095 non
312 4040 398 4096 vis
435 4039 491 4094 in
531 4047 828 4111 conspectu
874 4038 1192 4104 hominum;
1231 4053 1404 4110 quare
1450 4054 1558 4094 non
1599 4037 1767 4095 multo

153 4133 339 4204 magis
363 4133 524 4190 times
546 4131 824 4188 sordidum
853 4132 1097 4202 peccatis
1125 4138 1178 4185 te
1212 4130 1346 4205 [Al.,
1379 4132 1631 4188 sordidus
1650 4147 1770 4204 pec-

150 4225 300 4282 catis
321 4222 640 4297 procedere]
665 4224 958 4295 procedere
981 4225 1035 4280 in
1048 4233 1342 4295 conspectu
1366 4224 1499 4279 Dei?
1540 4223 1688 4280 Lava
1714 4234 1770 4281 te

151 4312 534 4385 lacrymarum
557 4311 726 4379 fonte,
743 4327 811 4368 ne
822 4313 951 4384 quid
965 4313 1019 4368 in
1034 4311 1218 4381 teejus
1249 4313 1435 4370 oculos
1468 4313 1771 4384 majestatis

147 4405 426 4463 offendat.
472 4404 626 4474 Quis,
671 4420 822 4477 rogo,
869 4407 1072 4461 cadens
1109 4421 1221 4463 non
1266 4407 1463 4477 qumrit
1493 4409 1772 4479 surgere?

149 4498 296 4566 Quis
343 4498 684 4565 inﬁrmatur,
744 4507 802 4551 et
859 4512 967 4552 non
1021 4498 1300 4554 desiderat
1349 4499 1773 4558 convalescere?

146 4590 297 4661 Quis
323 4591 681 4662 periclitatur,
713 4599 902 4646 etnon
927 4598 1078 4661 optat
1101 4591 1377 4646 evadere?
1402 4590 1696 4647 Pmnitebit
1723 4603 1774 4648 te

139 4683 516 4759 "postmodum
553 4681 848 4748 tarditatis,
883 4682 930 4737 si
958 4697 1066 4738 non
1102 4683 1450 4755 cegitaveris,
1489 4683 1620 4753 quid
1657 4686 1775 4739 ani—

145 4793 265 4836 ma:
288 4786 398 4832 tua:
429 4774 680 4847 proﬁciat
703 4775 772 4830 ad
797 4774 1052 4830 salutem.
1091 4776 1354 4848 Exsurge,
1382 4777 1480 4843 ﬁli,
1513 4792 1769 4849 exsurge,

141 4869 387 4945 placare
414 4867 633 4923 Patrem
658 4867 1004 4938 pcenitentia,
1035 4882 1196 4937 quem
1229 4867 1501 4924 offendisti
1540 4868 1769 4925 scelere.

140 4959 441 5020 Conﬁtere
476 4957 712 5030 culpam,
744 4966 806 5012 ut
831 4958 1046 5014 saneris
1079 4974 1109 5012 a
1145 4961 1371 5016 medico.
1422 4959 1554 5016 Esto
1591 4962 1645 5016 in
1680 4969 1771 5016 tua

142 5052 436 5110 sollicitus
455 5051 652 5107 salute.
692 5048 750 5105 Si
787 5058 845 5104 tu
871 5051 986 5120 ipse
1023 5052 1099 5105 tui
1137 5051 1307 5121 ipsius
1340 5067 1450 5107 non
1489 5052 1659 5108 habes
1687 5068 1777 5107 cu-

143 5164 303 5213 ram,
340 5147 466 5219 quis
497 5145 592 5200 tibi
628 5144 697 5199 ad
729 5144 961 5200 salutem
993 5145 1255 5216 prodesse
1281 5146 1510 5216 poterit;
1542 5147 1628 5202 vel
1653 5147 1776 5217 quis

144 5241 260 5297 tibi
289 5239 469 5296 ﬁdelis
489 5239 616 5304 erit,
646 5238 692 5293 si
719 5246 776 5292 tu
800 5237 915 5308 ipse
939 5237 1154 5293 tibimet
1187 5237 1420 5292 inﬁdelis
1441 5254 1564 5295 esse
1587 5240 1779 5310 proba-

143 5331 315 5388 bcris
348 5327 505 5405 (Cod.
533 5328 595 5385 S.
622 5327 770 5395 Em.,
794 5327 1102 5401 probaris]?
1138 5327 1432 5384 lnﬁdelitas
1451 5339 1540 5386 est
1557 5347 1774 5401 magna,

148 5423 267 5499 [te]
311 5441 425 5482 non
466 5423 627 5495 156
655 5437 856 5478 curare
889 5421 958 5477 de
991 5421 1166 5477 salute
1203 5432 1326 5486 tua;
1365 5431 1417 5478 te
1453 5425 1776 5478 morientem

148 5521 211 5575 in
245 5517 518 5590 peccatis,
549 5531 658 5571 non
689 5516 1015 5572 resuscitare
1046 5531 1143 5586 per
1171 5515 1568 5586 ptenitentiam.
1603 5517 1780 5583 Quan-

146 5620 215 5667 to
275 5609 501 5682 longius
549 5606 826 5664 recessisti
868 5621 970 5678 pro
1013 5608 1280 5663 scelerum
1330 5609 1707 5680 magnitudine
1749 5625 1780 5662 a

145 5704 320 5771 Deo,
363 5711 519 5758 tanto
554 5699 753 5758 fortius
789 5717 889 5772 per
925 5702 1307 5771 paenitentiam
1345 5705 1784 5775 appropinquare

141 5797 424 5856 studeas.
455 5794 711 5852 Clemens
737 5803 892 5866 pater
912 5803 1139 5865 paratus
1161 5805 1248 5851 est
1270 5805 1324 5850 te
1346 5797 1616 5867 accipere,
1647 5799 1691 5853 si
1727 5806 1783 5852 tu

143 5906 282 5948 non
314 5887 620 5944 tardaveris
644 5885 866 5944 reverti.
889 5887 1097 5959 Aspera
1121 5888 1215 5944 tibi
1241 5890 1457 5946 videtur
1477 5890 1784 5956 conversio,

139 5978 429 6039 carnalia
461 5977 771 6049 relinquere
799 5977 1101 6046 desideria;
1136 5981 1233 6036 sed
1256 5981 1428 6038 multo
1455 5983 1641 6038 durior
1666 5996 1791 6036 con-

141 6073 314 6129 ditio
351 6071 570 6128 :eternis
596 6080 650 6128 te
673 6071 868 6128 ardere
896 6071 1150 6141 ﬂammis,
1187 6084 1243 6129 et
1264 6089 1365 6146 pro
1392 6074 1605 6130 modica
1632 6073 1787 6148 (Cod.

1865 3571 2118 3626 Caelestis
2143 3571 2326 3638 Pater,
2358 3574 2468 3627 imo
2498 3573 2740 3628 omnium
2771 3574 3032 3631 Dominus
3061 3578 3303 3648 peccatis
3339 3580 3472 3636 sub-

1867 3663 2010 3718 ditos
2037 3661 2362 3735 dedignatur
2398 3665 2600 3720 habere
2637 3665 2795 3722 ﬁlios.
2835 3667 3041 3724 Excute
3075 3670 3142 3726 de
3185 3671 3327 3728 collo
3373 3681 3470 3728 tuo

1862 3752 2051 3825 jugum
2090 3756 2426 3825 captivitatis
2459 3755 2758 3812 diabolicae.
2807 3756 3050 3818 Recurre
3091 3763 3161 3817 ad
3207 3763 3471 3834 pietatem

1867 3855 2110 3918 paterna:
2151 3847 2476 3904 dilectionis.
2530 3849 2827 3907 Revertere
2867 3853 2936 3908 ad
2979 3853 3269 3912 Dominum
3315 3855 3469 3930 (AL,

1867 3936 2085 4011 Deum],
2119 3937 2214 4005 ﬁli,
2241 3947 2534 4007 revertere,
2558 3949 2614 3995 et
2638 3956 2706 3996 ex
2740 3951 2956 3999 mortuo
2989 3946 3271 4013 revivisce,
3311 3957 3367 4004 et
3398 3965 3472 4006 ex

1869 4031 2080 4101 perdito
2116 4045 2390 4102 reparare.
2427 4032 2634 4101 Quaerit
2665 4047 2822 4090 ovem
2858 4035 3034 4092 bonus
3063 4048 3256 4108 pastor
3285 4054 3474 4095 erran-

1872 4133 2004 4188 tem,
2033 4133 2090 4178 et
2119 4124 2351 4194 amplius
2372 4124 2441 4179 de
2469 4125 2712 4191 inventa,
2745 4142 2910 4196 quam
2953 4143 3060 4184 non
3096 4130 3308 4200 perdita
3343 4147 3472 4202 gra-

1870 4215 2094 4280 tulatur,
2133 4214 2376 4269 humeris
2414 4216 2531 4271 suis
2566 4216 2712 4270 inter
2743 4218 3017 4289 angelicos
3053 4221 3264 4276 revehit
3295 4231 3474 4278 enatus

1872 4305 2026 4378 (Luc.
2074 4307 2188 4378 xv).
2224 4307 2612 4362 Animadverte
2650 4307 3136 4367 clementissimam
3178 4312 3476 4371 Dominica:

1871 4402 2094 4472 pietatis
2128 4401 2462 4457 sententiam
2491 4401 2726 4458 dicentis
2760 4423 2773 4457 :
2808 4403 2930 4459 Non
2962 4407 3100 4459 enim
3138 4407 3252 4464 veni
3286 4425 3477 4465 vocare

1865 4497 2062 4565 justas,
2085 4495 2176 4548 sed
2195 4502 2493 4565 peccatores
2516 4493 2731 4567 (Matth.
2757 4513 2834 4565 Ix,
2853 4497 2963 4572 l3),
2992 4501 3046 4555 in
3073 4503 3474 4571 paenitentiam.

1874 4587 2050 4644 Vocat
2099 4603 2229 4660 ergo
2274 4588 2537 4644 Dominus
2582 4589 2653 4645 ad
2708 4591 3084 4661 ptenitentiam
3137 4604 3475 4665 peccatores,

1873 4679 2003 4751 quia
2046 4680 2219 4751 magis
2267 4687 2421 4751 optat
2467 4679 2685 4736 salvare
2730 4697 2895 4751 quam
2933 4683 3227 4754 damnare,
3265 4693 3322 4742 et
3355 4687 3479 4760 plus

1874 4790 1998 4830 cum
2030 4773 2236 4829 sanctis
2266 4788 2366 4829 nos
2394 4773 2650 4845 gaudere,
2678 4790 2842 4845 quam
2869 4791 2994 4832 eum
3020 4777 3236 4834 diabolo
3259 4780 3474 4851 punire.

1881 4869 2051 4925 Vocat
2086 4884 2186 4924 nos
2230 4883 2326 4939 per
2365 4869 2636 4939 seipsum;
2673 4879 2836 4926 vocat
2869 4886 2967 4942 per
3007 4871 3318 4944 Scripturas
3351 4890 3481 4931 san-

1875 4969 2027 5025 ctas;
2064 4969 2223 5013 vocat
2251 4961 2416 5014 etiam
2443 4975 2542 5029 per
2572 4961 2822 5017 doctores
2843 4963 3164 5030 catholicos,
3194 4973 3254 5020 ut
3288 4981 3478 5024 rever-

1873 5063 2060 5111 tamur
2085 5053 2151 5108 ad
2178 5069 2324 5120 eum,
2356 5055 2448 5125 qui
2485 5061 2712 5126 paratus
2736 5064 2822 5111 est
2851 5072 2951 5112 nos
2984 5059 3255 5131 accipere,
3293 5061 3338 5117 si
3378 5077 3480 5120 nos

1881 5161 1988 5202 non
2013 5147 2218 5201 erimus
2247 5147 2383 5217 pigri
2424 5146 2493 5200 ad
2523 5161 2650 5200 eum
2682 5149 2886 5202 venire.
2927 5149 3226 5207 Audiamus
3259 5150 3502 5208 beatum-

1879 5242 2148 5298 Joannem
2193 5241 2584 5312 evangelistam
2622 5243 2688 5296 ad
2729 5245 3104 5312 paenitentiam
3150 5263 3248 5302 nos
3287 5251 3485 5306 exhor-

1885 5345 2112 5391 tantem.
2172 5335 2309 5390 Dicit
2337 5335 2484 5390 enim
2523 5336 2576 5389 in
2624 5335 2864 5407 Epistula
2909 5353 3007 5392 sua
3037 5358 3049 5393 :
3077 5337 3136 5394 Si
3169 5341 3483 5408 dixerimus.

1884 5428 2011 5500 quia
2032 5438 2246 5499 peccata
2278 5426 2408 5500 [Al.,
2445 5427 2738 5498 peccatum]
2774 5447 2876 5484 non
2909 5430 3178 5498 habemus,
3218 5452 3310 5490 nos
3340 5438 3485 5509 ipsos

1888 5522 2210 5585 seducimus,
2242 5530 2289 5575 et
2322 5522 2513 5574 veritas
2545 5521 2599 5574 in
2632 5521 2777 5576 nobis
2805 5534 3047 5578 nonest:
3073 5526 3119 5579 si
3150 5537 3325 5583 autem
3359 5547 3486 5585 con-

1891 5612 2016 5681 fessi
2035 5611 2292 5680 fuerimus
2313 5618 2526 5680 peccata
2551 5621 2727 5664 nostra
2744 5655 2757 5676 ,
2783 5611 2954 5681 ﬁdelis
2973 5624 3022 5668 et
3033 5615 3214 5684 justus
3228 5627 3304 5672 est
3323 5618 3484 5683 Deus,

1891 5712 1947 5757 ut
1983 5703 2129 5756 nobis
2150 5709 2361 5772 peccata
2409 5709 2588 5754 nostra
2629 5702 2878 5767 dimittat,
2912 5713 2960 5758 et
2991 5707 3204 5760 mandet
3241 5707 3306 5760 ab
3343 5711 3488 5764 omni

1892 5795 2166 5864 iniquitate
2194 5790 2246 5864 (1
2272 5789 2434 5846 Joan.
2468 5809 2508 5856 1,
2546 5791 2622 5863 8).
2663 5792 2720 5845 Si
2755 5793 2933 5848 nullus
2967 5805 3052 5851 est
3087 5799 3206 5851 sine
3241 5808 3484 5868 peccato,

1894 5885 2017 5954 quis
2043 5892 2147 5948 est,
2181 5883 2272 5953 qui
2298 5883 2620 5954 pmnitentia
2645 5899 2750 5938 non
2785 5885 3040 5957 indigeat,
3066 5903 3186 5957 qua:
3212 5890 3332 5945 sine
3352 5906 3488 5945 con-

1897 5980 2135 6036 fessione
2150 5979 2238 6032 vix
2259 5977 2534 6034 fructuosa
2557 5977 2674 6032 ﬁeri
2698 5979 2874 6034 valet?
2903 5980 3320 6037 Consideremus
3343 5982 3487 6037 beati

1898 6071 2085 6128 Jacobi
2150 6070 2378 6143 apostoli
2446 6078 2775 6143 praeceptum
2829 6072 3112 6129 dicentis:
3155 6074 3488 6145 Cou/ilemini
