4112 6580
661 384 768 441 659

1503 372 1566 428 ll.
1604 370 1669 427 F.
1710 364 1934 426 ALBlNl
1969 362 2107 422 SEU
2143 358 2419 419 ALCUlNl
2457 355 2747 417 Ol’ERUM
2783 351 2965 413 PARS
3000 348 3066 405 ν.

3852 331 3956 391 660

663 496 1026 561 nobilitatem,
1073 500 1158 549 est
1198 491 1467 548 addictus.
1507 485 1617 543 Sed
1642 486 1725 541 vir
1774 490 1998 539 sanctus
2078 476 2250 547 magis
2276 477 2329 537 Α
2354 471 2570 542 adjutor
2624 478 2729 537 est,
2775 484 2882 524 non
2942 463 3146 520 timebo
3194 459 3369 561 minas
3424 461 3569 560 tuas.
3599 449 3721 510 Sed
3755 446 3958 561 stultas

666 589 837 663 elegit
885 585 1000 644 Deo
1034 584 1245 644 ccelesti
1301 581 1533 646 servire,
1582 591 1747 646 quam
1785 574 1887 629 sub
1931 573 2259 642 imperatore

664 683 909 740 militare
949 686 1199 743 terreno;
1254 673 1348 746 qui
1399 668 1712 744 specialiter
1771 666 1979 722 electus
2038 668 2142 725 est,
2199 665 2263 713 ut

666 772 930 830 vexillum
974 777 1180 829 sancta:
1207 766 1389 823 crucis
1416 764 1677 821 occiduas
1727 760 1881 817 orbis
1927 760 2173 828 portaret
2206 753 2262 808 in

665 873 884 938 partes,
931 872 991 922 et
1008 861 1217 919 militiai
1262 864 1609 916 sacramenta
1639 850 1970 925 evangelicis
2022 852 2264 904 mutaret

666 956 864 1016 edictis
893 973 910 1011 :
947 969 1059 1013 non
1092 969 1195 1028 pro
1244 966 1417 1024 regno
1451 950 1620 1005 armis
1650 943 2008 1004 molaribus
2051 947 2265 997 certare

668 1048 942 1115 Romano,
986 1047 1084 1105 sed
1118 1044 1449 1116 specialibus
1470 1038 1739 1097 doctrinis
1763 1034 2138 1092 Christianum
2174 1028 2259 1085 di-

669 1141 849 1201 [atare
882 1140 1207 1212 imperium;
1238 1153 1343 1196 nec
1374 1137 1513 1194 dura
1537 1134 1910 1191 Romanorum
1955 1129 2073 1199 lege
2097 1140 2266 1197 popu-

668 1230 757 1290 los
787 1231 1060 1304 subjicere
1094 1230 1327 1297 feroces,
1365 1228 1463 1285 sed
1494 1227 1612 1283 leve
1653 1224 1859 1281 Christi
1875 1222 2068 1293 jugum
2098 1217 2267 1291 pluri-

672 1337 889 1379 marum
912 1320 1054 1380 collo
1080 1320 1305 1391 injicere
1325 1318 1590 1393 gentium.
1617 1315 1722 1385 Qui
1744 1323 1868 1387 post
1892 1312 2035 1369 sacri
2061 1310 2267 1382 baptis-

670 1415 839 1474 matis
857 1415 1179 1489 mysterium
1195 1414 1411 1485 magnis
1434 1413 1490 1467 in
1514 1410 1716 1466 mundo
1742 1406 1941 1464 claruit
1963 1401 2265 1467 miraculis,

672 1518 732 1567 et
782 1508 1046 1566 doctrinis
1080 1508 1240 1580 longe
1289 1507 1506 1576 lateque
1536 1501 1883 1575 resplenduit
1896 1500 1951 1555 in
1976 1498 2139 1564 orbe;
2171 1510 2267 1551 cu-

666 1601 762 1676 jus
791 1602 909 1659 lucc
944 1601 1124 1674 prima
1152 1600 1405 1673 leguntur
1457 1596 1710 1669 insignia.
1742 1594 1882 1651 Cum
1923 1593 2100 1648 adhuc
2120 1598 2269 1646 cate-

672 1694 980 1750 chumenus
1058 1699 1245 1758 esset,
1311 1688 1531 1746 hiemali
1599 1687 1823 1761 frigore,
1892 1684 2071 1741 media
2156 1696 2270 1738 sum

672 1783 981 1856 chlamydis
1001 1796 1299 1856 pauperem
1326 1790 1482 1854 parte
1505 1780 1743 1836 vestivit.
1766 1777 1887 1846 Qua
1920 1778 2089 1833 etiam
2112 1782 2270 1846 parte

672 1875 980 1951 chlamydis
1023 1891 1157 1943 suae,
1212 1876 1360 1933 inter
1387 1873 1661 1947 angelicos
1681 1871 1960 1929 exercitus
1980 1867 2270 1925 Dominum

672 1968 889 2039 Jesum,
913 1970 1177 2030 divinitus
1198 1969 1555 2034 illuminatus,
1588 1975 1749 2023 nocte
1772 1972 2058 2035 sequente,
2104 1962 2272 2019 vesti-

674 2071 793 2120 tum
820 2062 1069 2135 aspexit;
1101 2068 1163 2117 ut
1183 2074 1375 2117 verum
1401 2058 1727 2129 intelligeret
1750 2056 1897 2129 quod
1941 2054 2059 2126 ipse
2095 2053 2274 2109 Domi-

673 2170 783 2210 nus
805 2152 965 2210 lesus
997 2150 1329 2225 evangelicis
1378 2151 1589 2205 intonat
1613 2147 1863 2220 paginis:
1914 2143 2167 2213 Quandiu
2196 2144 2275 2215 fe-

675 2247 824 2303 cistis
856 2246 951 2302 nni
989 2260 1056 2301 ea:
1085 2246 1168 2301 his
1190 2244 1423 2300 minimis
1449 2242 1598 2311 meis,
1628 2243 1759 2296 mihi
1796 2239 1992 2312 fecistis
2018 2237 2236 2312 (Matth.
2256 2278 2274 2306 ,

676 2354 812 2407 xxv,
845 2338 962 2411 40).

751 2429 839 2486 lll.
874 2429 1191 2486 Adolescens
1236 2429 1530 2486 Mediolani
1558 2437 1797 2485 moratus
1820 2427 2035 2483 Arionis
2061 2425 2273 2480 restitit.

2358 539 2686 619 Arianorum
2722 557 3101 615 tribulationes
3148 551 3442 614 sustinens,
3497 547 3705 602 iterum
3754 539 3960 598 Gallias

2360 652 2662 724 repedavit,
2704 658 3002 720 sanctoque
3057 643 3264 700 Hilario
3320 638 3655 697 Pictaviensi
3692 632 3923 705 junctus
3944 671 3960 700 ,

2358 758 2528 816 prope
2555 742 2832 798 civitatem
2855 738 2961 795 sibi
2984 735 3240 793 cellulam
3286 730 3615 797 construxit,
3650 729 3713 784 in
3757 741 3871 798 qua
3902 724 3966 781 li-

2358 835 2545 893 berius
2567 831 3021 904 contemplativos
3045 835 3300 899 carperet
3328 824 3557 881 fructus.
3598 821 3707 878 Cui
3737 819 3966 891 quidam

2362 925 2789 983 catechumenus
2812 922 3099 979 adhaarens
3120 917 3321 984 subita,
3346 922 3537 972 sancto
3560 915 3801 971 absente
3822 908 3968 977 viro,

2362 1025 2541 1074 morte
2566 1023 2872 1089 praireptus
2903 1021 2988 1070 est
3014 1030 3028 1067 :
3054 1026 3218 1083 quem
3241 1010 3329 1064 vir
3362 1008 3459 1064 Dei
3486 1006 3754 1079 precibus
3780 1000 3970 1073 profu-

2365 1110 2443 1165 sis
2470 1107 2838 1173 resuscitavit,
2861 1106 2989 1161 vita:
3014 1103 3283 1159 redditum
3313 1098 3631 1172 baptizavit,
3658 1097 3762 1168 qui
3786 1094 3973 1151 multis

2365 1209 2554 1275 postea
2602 1201 2761 1257 annis
2791 1200 2951 1254 vixit.
2985 1196 3232 1254 Alterum
3277 1208 3515 1266 quoque,
3565 1192 3623 1247 in
3669 1187 3970 1261 cujusdam

2365 1292 2615 1364 Lupicini
2638 1292 2666 1331 δ
2683 1306 2816 1364 agro
2835 1291 3030 1361 laqueo
3046 1302 3390 1361 suspensum,
3417 1285 3591 1343 sacris
3618 1281 3975 1340 orationibus

2365 1387 2495 1441 vitae
2530 1383 2791 1441 restituit.
2843 1382 3091 1438 Tertium
3121 1380 3191 1436 ab
3238 1379 3430 1436 eodem
3476 1383 3667 1434 sancto
3717 1374 3872 1439 viro,
3920 1372 3975 1428 in

2367 1479 2679 1537 Carnoteno
2698 1477 2914 1549 oppido,
2953 1473 3238 1545 cujusdam
3272 1470 3520 1528 mulieris
3542 1468 3771 1526 flentem
3804 1466 3974 1522 filium

2368 1575 2484 1632 sola
2507 1576 2758 1632 oratione
2791 1574 2846 1629 in
2896 1578 3191 1642 conspectu
3224 1569 3410 1642 populi
3439 1562 3818 1624 resuscitavit.
3857 1560 3975 1628 Quo

2369 1666 2633 1724 miraculo
2689 1666 2828 1732 viso,
2903 1662 3124 1735 plurimi
3198 1677 3267 1718 ex
3341 1657 3542 1733 populo
3615 1654 3978 1713 crediderunt

2369 1759 2610 1817 Christo.
2643 1757 2981 1815 Succedente
3017 1754 3206 1811 itidem
3247 1763 3516 1822 tempore,
3547 1749 3604 1805 in
3649 1740 3977 1815 eodem'op-

2304 1835 2349 1897 Β
2374 1852 2527 1923 pido,
2578 1859 2785 1906 mutam
2831 1849 2902 1904 ab
2967 1845 3200 1902 infantia
3252 1842 3489 1917 puellam
3542 1837 3829 1897 benedicti
3869 1834 3975 1892 olei

2374 1945 2690 2001 inunctione
2720 1942 2955 1999 sanavit.

2444 2058 2534 2115 Vl.
2557 2057 2792 2131 Eligitur
2815 2058 3086 2130 episcopus
3119 2053 3458 2111 Turonensis.
3484 2050 3745 2107 Omnibus
3769 2046 3975 2103 virtuti-

2375 2155 2473 2209 bus
2499 2153 2770 2226 ρτωὲηωίε.
2796 2182 2870 2193 -
2898 2150 3007 2208 Sed
3030 2167 3097 2207 ne
3122 2151 3347 2206 lucerna
3368 2147 3587 2204 Domini
3613 2143 3805 2201 modio
3835 2148 3975 2197 tecta

2375 2245 2591 2311 lateret,
2642 2246 2973 2304 dulcissimis
3010 2246 3319 2300 abstractus
3354 2249 3443 2297 est
3482 2239 3725 2305 sedibus,
3778 2234 3975 2291 multo-

2377 2356 2611 2413 rumque
2630 2340 2886 2412 precibus
2918 2338 3193 2409 alligatus,
3219 2335 3427 2393 electus
3467 2340 3551 2390 est
3572 2332 3627 2387 in
3650 2331 3973 2402 episcopum

2377 2434 2665 2491 Turonicte
2685 2433 2946 2500 civitatis,
2981 2432 3075 2488 ubi
3103 2430 3335 2501 plurima
3374 2434 3694 2484 sanctarum
3736 2420 3973 2494 insignia

678 2525 751 2581 In
790 2523 1026 2582 Galliam
1054 2524 1247 2580 secedit
1263 2534 1315 2580 et
1341 2524 1404 2580 S.
1441 2524 1657 2579 Hilario
1680 2521 1948 2594 jungitur.
1976 2517 2172 2574 -—llic
2194 2518 2278 2572 vir
2378 2533 2547 2606 gessi;
2590 2530 2877 2596 νίηυιιιιη,
2933 2535 2990 2583 ει
3019 2525 3189 2581 multa
3245 2522 3488 2581 οωιεειῑε
3536 2520 3665 2576 vita:
3717 2517 3972 2589 dogmata

678 2614 873 2672 “om
896 2613 1276 2673 ²άο¹θθοεηιίῖε
1299 2631 1411 2673 81133
1436 2615 1739 2671 Μθάίοιίιηίι
1761 2609 2274 2684 ιηηεθείιίηιπὺθ»
2380 2626 2602 2699 sparsit,
2631 2632 2815 2680 tamen
2858 2622 3087 2694 privata:
3109 2618 3237 2675 vitae
3270 2615 3664 2675 continentiam
3714 2611 3770 2667 in
3799 2608 3976 2665 turbis

678 2722 849 2781 quam
873 2714 1005 2763 ωηο
1027 2709 1290 2780 ιθωροΐίε
1313 2708 1538 2775 “iam:
1571 2706 1786 2763 τενθηῑθ
1806 2706 2103 2770 Αυιθηίίον
2140 2701 2279 2757 mu“
2378 2719 2705 2792 populorum
2739 2732 2847 2773 non
2879 2715 3079 2771 amisit.
3110 2710 3345 2770 llumilis
3383 2712 3440 2767 in
3470 2708 3684 2773 habitu,
3700 2700 3973 2777 iucundus

677 2809 799 2858 tum
857 2801 1151 2858 maculavit
1199 2801 1463 2873 perfidia;
1522 2801 1612 2857 cui
1644 2807 1868 2856 sanctus
1923 2797 2187 2854 Martinus
2218 2800 2281 2849 ut
2381 2813 2438 2868 in
2467 2826 2736 2876 sermone,
2769 2810 2999 2866 devotus
3029 2809 3084 2863 ίη
3124 2803 3538 2879 ντπίιίοαιίοηε,
3560 2815 3729 2857 vet-ax
3752 2798 3813 2854 in
3833 2793 3975 2867 judi—

677 2890 839 2948 fortis
867 2891 1071 2947 athleta
1097 2889 1303 2948 Christi
1331 2890 1564 2948 viriliter
1608 2888 1830 2955 restitit,
1867 2888 2280 2959 intrepidusque
2382 2907 2492 2974 είο,
2519 2904 2848 2962 venerabilis
2878 2907 2935 2960 in
2963 2902 3228 2968 moribus,
3253 2897 3482 2974 pervigil
3506 2898 3562 2953 in
3607 2892 3971 2953 orationibus,

678 2998 869 3041 “3mm
930 2991 1136 3041 sane“:
1179 2984 1465 3041 Ττίηίυιίε
1506 2983 1668 3040 ﬁdem
1708 2982 1961 3040 docebat
2006 2980 2117 3037 sed
2152 2980 2281 3035 inde
2384 3000 2637 3056 assiduus
2664 3000 2721 3054 in
2770 2998 3024 3064 lectione,
3052 3004 3311 3055 constans
3339 2995 3396 3051 in
3433 2993 3605 3060 vultu,
3627 2991 3755 3063 pius
3800 2989 3861 3045 in
3898 2983 3977 3041 af-

678 3075 818 3152 ῘΑῙη
874 3076 1099 3151 exinde]
1131 3076 1463 3134 Ᾱτίδῐιοτυπι
1515 3078 1722 3134 “Vitia
1754 3076 2062 3148 Principum
2090 3073 2280 3145 (πριιι-
2383 3092 2553 3158 fectu,
2576 3091 2916 3148 honorabilis
2939 3091 2993 3146 in
3022 3089 3329 3162 ministerio
3350 3083 3698 3149 sacerdotali,
3723 3081 3975 3154 infatiga-

683 3188 781 3229 sus
834 3169 1147 3229 Gallicanas
1198 3173 1428 3229 secessit
1480 3172 1539 3229 in
1598 3179 1806 3243 partes,
1872 3169 2278 3239 venerabilique

2385 3187 2511 3243 bilis
2536 3186 2690 3241 verbi
2716 3184 2811 3240 Dei
2844 3185 3161 3251 seminator,
3190 3184 3426 3256 impiger
3448 3188 3727 3252 acceptam
3762 3176 3973 3234 Domini

676 3263 1041 3322 Pictaviensis
1064 3266 1220 3322 urbis
1245 3265 1479 3321 antistiti
1525 3263 1730 3319 Hilario
1751 3262 2001 3333 junctus,
2025 3260 2118 3332 qui
2147 3269 2278 3316 tunc
2310 3260 2353 3274 “’
2383 3280 2469 3338 sui
2502 3281 2792 3352 pecuniam
2829 3278 3220 3350 muniﬁcam;
3268 3292 3395 3333 cum
3444 3273 3809 3344 gaudentibus
3841 3288 3974 3345 san-

675 3357 945 3428 ωῐηυοτίε
991 3359 1148 3429 quasi
1196 3358 1512 3414 ﬁﬂniSSima
1560 3358 1686 3413 ﬁdei
1736 3357 1990 3413 οοιυῐηηδ
2025 3354 2279 3411 omnibus
2381 3375 2538 3441 dens,
2568 3389 2693 3431 cum
2723 3372 3036 3444 lugentibus
3062 3373 3272 3444 lugens,
3296 3368 3552 3427 omnibus
3570 3366 3753 3424 omnia
3776 3365 3973 3433 factus,

676 3447 965 3505 laudabilis
992 3450 1205 3506 exstitit
1234 3464 1250 3504 :
1275 3461 1334 3507 et
1370 3451 1527 3522 quasi
1556 3449 1767 3524 [Forte,
1790 3459 1847 3505 et
1865 3448 2031 3521 sicut]
2060 3446 2280 3504 Lucifer

680 3538 738 3595 in
763 3537 905 3596 satio
929 3539 1104 3596 stellis
1129 3540 1333 3597 clarior
1361 3541 1581 3598 caeteris
1601 3540 1881 3606 clarescit,
1928 3538 2003 3594 ita
2028 3537 2119 3594 ille
2152 3554 2282 3594 san-

678 3638 804 3689 ctus
826 3632 914 3687 vir
939 3633 996 3688 in
1029 3632 1279 3691 Ecclesia
1322 3632 1553 3701 Christi,
1584 3632 1841 3689 omnibus
1878 3631 2039 3688 famae
2072 3630 2281 3703 magni-

679 3723 889 3790 tudine,
941 3730 1001 3781 et
1027 3725 1319 3781 sanctitate
1347 3727 1496 3791 vitze,
1543 3734 1600 3780 et
1650 3724 2023 3780 doctrinarum
2050 3724 2282 3779 veritate

680 3824 1000 3878 sanctarum
1021 3817 1375 3874 excellentior
1406 3817 1609 3873 effulsit
1644 3834 1659 3872 :
1697 3815 1855 3886 cujus
1882 3815 2190 3886 disciplinis
2223 3832 2284 3872 se

680 3916 905 3967 sanctus
946 3908 1236 3977 Martinus,
1272 3918 1397 3981 post
1441 3908 1696 3965 relictum
1736 3908 1945 3964 militiae
1979 3907 2281 3982 cingulum,

680 4007 934 4075 sociavit,
956 4015 1019 4063 ut
1049 4007 1187 4063 tanti
1212 4006 1315 4062 viri
1347 4004 1596 4062 eruditus
1621 4003 1888 4075 exemplis
1912 4002 2283 4060 Christianam

681 4098 881 4158 fortior
898 4100 1261 4171 processisset
1281 4098 1351 4155 ad
1374 4112 1634 4170 pugnam,
1672 4096 1800 4153 fidei
1827 4104 2073 4152 armatus
2099 4093 2282 4167 galea,

680 4202 740 4249 et
760 4192 926 4249 lorica
963 4192 1193 4263 justitia:
1235 4194 1538 4261 accinctus,
1562 4193 1744 4264 gladio
1785 4191 2069 4248 verbi-Dei
2102 4206 2285 4247 arma-

685 4300 795 4356 tus,
850 4289 1153 4361 intrepidus
1194 4298 1385 4345 contra
1431 4289 1617 4345 omnia
1646 4288 1753 4343 tela
1789 4286 2013 4360 maligni
2052 4284 2286 4341 bellator

688 4389 1019 4445 muniretur.

756 4477 847 4535 IV.
884 4476 1138 4536 Parentes
1177 4481 1408 4536 invisens
1458 4488 1682 4536 matrem
1707 4481 1957 4535 conuertit
1984 4481 2054 4534 ad
2096 4480 2279 4549 ﬁdem.

2380 3475 2443 3525 ut
2470 3482 2663 3524 omnes
2691 3465 3041 3523 lucrifaceret
3088 3465 3341 3531 Christo;
3376 3462 3674 3518 virtutibus
3723 3460 3973 3532 insignis,
4026 3467 4036 3472 '

2380 3562 2628 3620 bonitate
2708 3561 3018 3628 laudabilis,
3076 3561 3279 3633 pietate
3342 3556 3616 3624 amabilis,
3683 3555 3874 3612 multis
3923 3554 3975 3609 in

2380 3656 2700 3728 episcopatu
2730 3654 2942 3728 fulgens
2964 3655 3279 3711 virtutibus.

2454 3747 2564 3804 VII.
2599 3748 2888 3804 Miracula.
2909 3779 2980 3788 —
2998 3747 3135 3803 Nam
3166 3747 3382 3804 turbam
3396 3760 3734 3820 paganorum
3758 3743 3868 3800 ritu
3895 3749 3977 3798 tu-

2384 3842 2744 3898 multuantem
2786 3841 2842 3897 in
2889 3842 3155 3911 obsequio
3208 3841 3492 3914 cujusdam
3513 3837 3784 3910 corporis,
3810 3835 3975 3892 verbo

2383 3934 2673 4002 orationis,
2710 3950 2821 3991 uno
2868 3932 3057 4005 ligavit
3101 3933 3155 3988 in
3184 3932 3337 4001 loco;
3366 3934 3673 4002 iterumque
3701 3926 3976 3985 resolvens

2384 4029 2499 4085 suis
2553 4028 2811 4100 permisit
2845 4028 3115 4085 dominari
3166 4027 3430 4101 vestigiis.
3491 4024 3762 4083 Ruentem
3790 4023 3975 4094 pinum

2385 4134 2548 4189 super
2595 4132 2654 4174 se
2682 4118 2836 4188 signo
2859 4121 3039 4176 crucis
3059 4120 3308 4191 opposito
3332 4116 3554 4184 avertit,
3577 4116 3976 4185 mirantemque

2386 4209 2602 4266 turbam
2633 4208 2854 4267 Christo
2881 4211 3107 4268 credere
3155 4210 3304 4267 fecit.
3340 4210 3593 4281 Seipsum
3622 4209 3678 4266 in
3706 4215 3854 4264 tecto
3877 4222 3972 4263 cu-

2379 4303 2597 4373 jusdam
2623 4305 2818 4360 domus
2844 4303 3077 4360 ﬂammis
3103 4304 3375 4376 opposuit,
3397 4318 3468 4360 ne
3494 4304 3727 4359 innocua
3755 4300 3975 4357 laederet

2385 4395 2527 4465 ignis
2556 4403 2720 4463 tecta,
2764 4397 2858 4466 qui
2906 4395 3093 4451 fanum
3123 4394 3364 4452 incendit
3420 4393 3761 4451 idololatrias.
3812 4389 3973 4448 Aliud

2384 4500 2600 4555 quoque
2627 4486 2890 4559 templum
2915 4488 3141 4558 antiquo
3166 4503 3355 4544 errore
3380 4487 3717 4544 daemonibus
3757 4485 3971 4543 dedica-

685 4572 944 4629 Similiter
984 4582 1035 4629 et
1083 4573 1366 4629 latronem.
1396 4604 1467 4614 —
1498 4571 1649 4628 Idem
1696 4587 1913 4643 quoque
1946 4582 2168 4629 sanctus
2197 4573 2282 4627 vir
2309 4575 2359 4635 ι)
2385 4584 2522 4642 tum,
2555 4576 2683 4631 dum
2728 4593 2893 4633 manu
2935 4594 3042 4635 non
3082 4579 3262 4650 potuit
3302 4579 3564 4645 humana,
3594 4578 3840 4650 angelico
3874 4576 3970 4632 ful-

681 4666 867 4722 divino
893 4663 1204 4721 admonitus
1230 4665 1469 4730 oraculo,
1498 4674 1754 4736 parentes
1777 4679 1907 4721 suos
1936 4676 1962 4705 ι
2007 4664 2076 4719 ad
2106 4679 2278 4720 sacrae

682 4756 810 4813 lldei
862 4757 1132 4813 convertit
1183 4755 1611 4829 professionem;
1658 4762 1715 4812 et
1764 4764 2022 4821 matrem,
2070 4771 2194 4826 qua:
2218 4770 2278 4811 se

680 4845 887 4903 mundo
934 4848 1140 4919 genuit,
1180 4847 1297 4918 ipse
1329 4847 1673 4918 regeneravit
1708 4845 1946 4903 Christo.
1984 4846 2100 4903 lloc
2145 4864 2279 4918 quo-

676 4951 790 5009 que
836 4937 1033 4994 itinere
1074 4937 1349 4994 latronum
1379 4952 1674 5009 perpessus
1732 4938 1980 5004 insidias,
2014 4938 2143 4993 dum
2183 4939 2277 4993 uni

678 5029 917 5085 traditur
943 5029 1013 5086 ad
1052 5030 1491 5095 custodiendum,
1526 5030 1838 5101 evangelica
1889 5030 2279 5100 prtedicatione

678 5118 951 5177 latronem
977 5123 1252 5177 convertit
1271 5122 1341 5178 ad
1383 5120 1697 5178 Christum:
1723 5131 1781 5179 et
1799 5122 1892 5192 qui
1921 5121 2053 5195 [Al.,
2085 5131 2140 5178 et
2162 5121 2275 5194 cui]

680 5211 915 5269 traditus
952 5209 1056 5267 luit
1084 5212 1153 5268 ad
1180 5229 1418 5283 poenam,
1456 5216 1637 5271 factus
1660 5224 1749 5272 est
1774 5216 1824 5271 ei
1861 5215 1917 5271 in
1952 5216 2203 5273 salutem.

755 5303 920 5376 160
945 5303 1013 5361 Υ.
1049 5302 1119 5359 In
1159 5304 1366 5361 Gallias
1398 5308 1552 5363 redit.
1609 5305 1812 5363 Cellam
1838 5309 2117 5365 construit.
2152 5308 2278 5364 Tres

679 5405 919 5454 mortuos
958 5398 1257 5453 resuscitat.
1310 5396 1556 5456 Puellam
1602 5411 1806 5457 mutam
1849 5412 2025 5458 sanat.
2053 5434 2126 5444 —
2150 5403 2279 5461 inde

679 5503 963 5563 regressus
995 5491 1215 5547 obviam
1246 5492 1439 5549 habuit
1488 5494 1788 5565 malignum
1848 5494 2125 5567 spiritum,
2182 5496 2277 5569 qui

677 5590 872 5641 sancto
902 5583 1044 5651 viro,
1075 5597 1400 5656 quocunque
1443 5595 1721 5658 pergeret,
1766 5588 2024 5644 comitem
2058 5603 2120 5645 se
2153 5603 2277 5647 esse

679 5675 1003 5749 spopondit;
1031 5676 1121 5734 cui
1149 5675 1451 5749 intrepidus
1482 5679 1763 5751 respondit
1796 5698 1810 5733 ε
1846 5681 2111 5739 Dominus
2139 5682 2276 5738 mihi

749 5804 776 5834 ι
811 5790 1065 5852 Parentes
1090 5808 1237 5858 suos,
1289 5800 1395 5849 etc.
1444 5793 1626 5849 Solam
1659 5803 1911 5860 matrem,
1935 5797 2013 5852 ait
2038 5796 2277 5855 Severus

682 5861 875 5936 Sulpit.
911 5878 1029 5936 cap.
1064 5864 1120 5930 4,
1148 5874 1303 5935 patre
1326 5864 1381 5919 in
1405 5864 1565 5921 malis
1592 5877 1995 5936 perseverante.

2380 4676 2468 4723 tus
2499 4669 2701 4725 auxilio
2750 4672 3038 4728 subvertit.
3093 4672 3205 4730 Nec
3252 4688 3360 4729 non
3391 4673 3497 4728 alio
3527 4673 3648 4729 loco
3693 4672 3971 4744 gentilium

2379 4778 2533 4819 sacra
2558 4764 2902 4832 subvertens,
2926 4782 2956 4821 a
2984 4767 3217 4837 quodam
3238 4783 3453 4839 pagano
3478 4767 3659 4839 gladio
3679 4767 3966 4838 appetitus,

2379 4856 2468 4911 ille
2517 4856 2719 4911 nudum
2764 4854 3013 4915 ferientis
3038 4859 3169 4914 ictui
3201 4858 3398 4915 collum
3427 4858 3708 4930 opposuit;
3750 4858 3846 4915 sed
3876 4858 3966 4914 im-

2379 4948 2501 5017 pius
2532 4955 2679 5002 retro
2706 4948 2930 5015 cadens,
2974 4964 3127 5006 suam
3161 4950 3467 5022 intelligens
3494 4952 3849 5021 impietatem,
3880 4966 3969 5006 ve-

2379 5039 2526 5094 niam
2564 5039 2858 5109 postulavit
2885 5057 2915 5096 a
2944 5051 3168 5108 sancto;
3214 5041 3499 5115 alteroque
3547 5044 3778 5099 librante
3804 5044 3968 5099 ictum

2379 5131 2435 5186 in
2462 5138 2710 5186 sanctum
2758 5141 2945 5202 caput,
2980 5132 3185 5190 ferrum
3222 5133 3414 5207 effugit
3436 5136 3505 5191 de
3541 5136 3811 5193 manibus.
3844 5136 3971 5192 Tre-

2378 5225 2525 5281 veris
2549 5226 2903 5297 paralyticam
2930 5226 3189 5298 puellam,
3220 5228 3457 5300 totisque
3489 5229 3781 5285 resolutam
3805 5246 3971 5286 mem-

2377 5317 2517 5383 bris,
2544 5333 2702 5373 sacra
2731 5318 3006 5375 benedicti
3034 5318 3139 5375 olei
3186 5318 3480 5387 inlusione.
3513 5330 3725 5379 astante
3753 5321 3968 5394 populo,

2376 5407 2625 5479 pristinae
2670 5408 2905 5466 reddidit
2954 5410 3199 5466 sanitati.
3259 5410 3505 5470 Tetradii
3568 5413 3970 5484 proconsularis

2377 5499 2480 5555 viri
2500 5512 2718 5556 servum
2744 5515 2938 5559 manus
2983 5502 3331 5574 impositionc
3348 5518 3381 5559 a
3406 5504 3675 5562 daemonio
3699 5505 3967 5563 liberavit.

2379 5592 2535 5650 Unde
2556 5602 2613 5651 et
2642 5593 2732 5651 ille
2760 5592 3053 5652 Tetradius
3088 5611 3214 5652 cum
3237 5603 3351 5654 tota
3380 5598 3542 5655 domo
3576 5614 3675 5655 sua
3716 5599 3786 5655 ad
3815 5597 3972 5657 Chri-

2378 5686 2611 5743 stianam
2637 5703 2935 5746 conversus
2954 5698 3041 5746 est
3066 5688 3487 5761 professionem.
3515 5692 3812 5765 Cujusdam
3837 5710 3969 5766 quo.

2448 5799 2479 5839 δ
2524 5798 2787 5867 Lupicini.
2830 5800 2988 5857 Hunc
3012 5802 3337 5860 honoratum
3380 5806 3683 5863 secundum
3713 5804 3969 5865 siecnlum

2377 5871 2555 5926 virum
2581 5869 2844 5941 Sulpitius
2865 5873 3133 5942 nominat,
3166 5872 3200 5927 l.
3231 5874 3327 5930 cit.
