4112 6650
277 602 371 660 661

1242 605 1830 661 llAGlOGll.\l’lilCA.
1870 633 1940 643 —
1984 604 2144 659 Vl'l‘A
2190 607 2247 660 S.
2292 608 2595 665 ΜΛΒΤΙΝΙ.

3455 607 3558 660 062

275 737 380 793 que
432 719 837 793 patrisfamilias
890 736 1115 789 puerum
1186 735 1217 772 a
1288 721 1533 775 daemone
1583 727 1860 790 arreptum
1895 723 1939 780 Α
1968 723 2177 777 satione
2203 725 2496 793 perfectus,
2528 728 2582 780 in
2612 726 2760 780 onmi
2796 726 2997 797 pietate
3025 735 3082 780 et
3123 726 3381 798 religione
3424 743 3563 796 prm-

275 814 635 880 atrocissimo,
694 813 892 885 digitos
944 814 998 867 in
1043 828 1106 868 os
1164 813 1409 877 mittens,
1468 813 1721 882 Spiritum
1754 826 1864 864 ma-

276 904 478 978 lignum
526 920 627 976 per
654 905 903 976 pudenda
937 904 1194 974 patientis
1228 904 1379 958 exire
1425 902 1705 973 compulit.
1761 900 1864 956 Le-

273 1011 496 1066 prosum
549 996 603 1051 in
634 1004 791 1068 porta
820 995 1111 1051 Parisiacae
1144 995 1381 1051 civitatis
1438 1010 1468 1049 a
1518 994 1864 1050 deformitate

272 1087 358 1143 sui
399 1088 646 1158 corporis
695 1087 814 1143 solo
842 1086 1073 1143 salvavit
1126 1086 1345 1150 osculo;
1405 1084 1501 1142 sed
1541 1094 1598 1141 et
1622 1084 1864 1140 ﬁmbrias

272 1179 581 1236 vestimenti
606 1179 745 1252 ejus,
783 1187 839 1234 et
876 1178 966 1234 ﬁla
992 1177 1154 1234 cilicii
1186 1176 1386 1234 multos
1407 1191 1604 1233 sanare
1643 1176 1866 1232 morbos

273 1279 611 1345 compertum
634 1280 739 1328 est.
769 1271 909 1327 Filia
935 1271 1156 1327 Arborii
1176 1269 1417 1341 praafecti
1443 1284 1541 1340 per
1566 1268 1865 1338 impositio-

274 1377 398 1417 nem
425 1362 669 1433 epistola:
710 1362 882 1418 sancti
919 1360 1137 1416 Martini
1186 1376 1219 1414 a
1265 1358 1603 1431 gravissimis
1636 1358 1865 1413 liberata

273 1463 357 1509 est
381 1451 645 1511 febribus.
683 1453 896 1510 Paulini
930 1466 956 1495 ει
981 1454 1199 1508 oculum
1241 1451 1494 1523 peniculo
1523 1452 1866 1522 superposito

270 1545 483 1601 sanavit
506 1559 538 1599 a
564 1546 750 1601 dolone
776 1557 939 1616 atque
965 1545 1239 1617 caligine.

342 1635 477 1692 Vlll.
503 1636 582 1691 Ab
625 1637 846 1708 angelis,
878 1637 944 1690 B.
1000 1636 1065 1691 V.
1103 1646 1154 1691 et
1198 1635 1322 1691 aliis
1367 1637 1567 1691 sanctis
1598 1636 1861 1691 visitatur.

272 1725 476 1798 Spiritu
522 1729 808 1799 prophetia:
854 1727 1068 1783 claruit.
1096 1759 1168 1769 —
1190 1727 1336 1784 Idem
1383 1743 1602 1800 quoque
1644 1737 1866 1784 sanctus

272 1818 537 1874 Martinus
566 1820 768 1875 cadens
806 1835 907 1892 per
934 1820 1155 1891 gradus,
1193 1820 1433 1891 graviter
1451 1835 1591 1892 pene
1612 1827 1760 1877 totus
1784 1830 1867 1876 at-

272 1913 435 1968 tritus
462 1913 746 1979 membris,
771 1921 931 1969 nocte
953 1912 1025 1968 ab
1047 1911 1240 1984 angelo
1263 1913 1332 1969 ad
1354 1914 1623 1989 integam
1653 1928 1867 1968 recrea-—

273 2014 363 2060 tus
389 2011 476 2059 est
518 2003 812 2059 sanitatem
847 2021 861 2057 :
897 2005 1204 2073 saepiusque
1240 2003 1499 2074 angelicis
1538 1998 1867 2059 visitationi—

1964 813 2176 882 clarus,
2223 816 2278 870 in
2326 817 2473 871 omni
2518 816 2760 873 bonitate
2801 826 2856 872 et
2890 817 3225 889 benignitate
3266 818 3559 888 iucundus,

1967 920 2110 960 anno
2138 907 2318 962 aetatis
2351 922 2463 963 sum
2496 924 2683 973 LXXXI,
2714 916 2770 963 et
2794 908 3137 979 episcopatus
3164 909 3247 964 sui
3277 926 3428 976 xxvi,
3465 924 3564 965 an-

1967 998 2054 1054 nis
2102 1009 2353 1057 maturus
2393 1010 2450 1057 et
2488 1002 2734 1068 meritis,
2774 1003 2827 1056 in
2863 1000 3106 1058 caelestia
3150 1003 3448 1060 advocatus
3480 1012 3566 1059 est

1967 1104 2162 1160 regna;
2188 1100 2455 1161 quatenus
2481 1107 2609 1148 cum
2635 1091 2921 1164 multiplici
2948 1094 3032 1149 sui
3056 1093 3259 1151 laboris
3288 1096 3563 1163 mercede,

1965 1188 2285 1250 perpetuam
2337 1196 2369 1237 a
2420 1180 2638 1239 Christo
2683 1183 2915 1239 Domino
2962 1185 3231 1254 reciperet
3278 1202 3560 1242 coronam.

1969 1270 2077 1327 Sed
2107 1271 2252 1328 diem
2276 1274 2458 1329 obitus
2488 1274 2572 1330 sui
2617 1273 2787 1331 multo
2824 1285 2952 1331 ante
2978 1290 3331 1347 pernoscens,
3365 1286 3421 1331 et
3444 1278 3564 1347 qui-

1966 1361 2195 1417 busdam
2220 1363 2335 1418 suis
2353 1363 2657 1434 praedicens
2680 1362 2961 1430 fratribus,
2986 1368 3562 1437 appropinquanteque

1967 1454 2125 1519 hora,
2151 1451 2386 1509 febrium
2408 1453 2594 1511 dolore
2614 1463 2813 1522 tactus,
2836 1454 2993 1512 laetus
3020 1457 3072 1511 in
3097 1457 3254 1512 laude
3275 1456 3393 1522 Dei,
3418 1457 3563 1514 inter

1968 1543 2149 1598 divina
2176 1543 2578 1614 praedicationis
2598 1546 2787 1611 verba,
2805 1545 2949 1600 inter
2966 1546 3239 1617 angelicas
3260 1546 3562 1603 caelestium

1969 1635 2297 1705 hymnorum
2321 1649 2504 1699 voces,
2530 1635 2645 1692 suis
2664 1636 2969 1692 astantibus
2989 1636 3290 1708 discipulis,
3316 1645 3562 1694 sanctam

1968 1724 2081 1781 Deo
2109 1725 2331 1782 Christo
2353 1726 2590 1783 reddidit
2611 1728 2871 1784 animam.

2043 1815 2134 1872 XI.
2170 1816 2396 1874 Turonis
2425 1818 2697 1890 sepelitur.
2725 1850 2798 1861 —
2822 1818 2991 1890 Cujus
3033 1830 3281 1878 sanctum
3309 1837 3505 1895 corpus
3533 1839 3565 1877 a

1968 1908 2185 1965 clericis
2202 1909 2508 1976 civitatum,
2532 1920 2587 1966 et
2606 1910 2928 1982 populorum
2948 1913 3147 1979 turbis,
3170 1928 3291 1967 cum
3317 1912 3567 1969 laudibus

1969 2009 2026 2057 et
2064 2001 2283 2073 hymnis
2316 2002 2385 2056 ad
2415 2001 2742 2058 Turonicam
2772 2010 3021 2072 portatur
3048 2003 3347 2070 civitatem,
3384 2004 3567 2074 ibique

270 2095 374 2151 bus
402 2101 458 2152 et
495 2093 754 2150 familiari
801 2071 1074 2151 locutione
1116 2071 1425 2150 fruebatur.
1455 2094 1699 2162 Quodam
1735 2107 1868 2148 vero
1894 2071 1942 2134 Β
1970 2093 2026 2148 in
2056 2071 2357 2163 polyandro
2388 2092 2607 2162 publico
2641 2071 2885 2163 sepultus
2929 2105 3031 2156 est,
3082 2095 3174 2150 ubi
3220 2071 3564 2171 postmodum

271 2188 361 2244 die
388 2187 720 2243 beatissima:
753 2186 1046 2242 Genitricis
1072 2186 1169 2242 Dei
1201 2196 1257 2242 et
1290 2186 1505 2242 Domini
1536 2186 1709 2243 nostri
1737 2183 1867 2241 Jesu
1967 2184 2162 2240 beatus
2186 2182 2418 2239 antistes
2440 2182 2744 2254 Perpetuus
2773 2184 2800 2224 ιι
2829 2183 3084 2241 laudabili
3110 2199 3292 2256 opere,
3324 2194 3381 2241 et
3403 2199 3567 2241 vene-

271 2276 500 2343 Christi,
530 2284 587 2332 et
617 2285 930 2332 sanctorum
980 2276 1350 2347 apostolorum
1396 2276 1547 2332 Petri
1576 2284 1634 2331 et
1679 2274 1865 2340 Pauli;

271 2382 375 2424 nec
417 2384 525 2425 non
550 2376 864 2424 sanctarum
893 2368 1165 2439 virginum
1194 2367 1411 2423 Thecla:
1444 2375 1501 2423 et
1538 2368 1765 2440 Agnetis
1790 2367 1867 2421 vi-

271 2458 530 2514 sitatione
571 2459 657 2513 vir
681 2457 779 2513 Dei
803 2457 1104 2515 honoratus
1143 2467 1199 2514 et
1232 2459 1573 2515 confortatus
1595 2468 1699 2514 est.
1731 2457 1867 2512 Nam

272 2551 579 2607 dmmonum
606 2548 1006 2620 phantasmata,
1058 2559 1116 2607 et
1146 2550 1199 2605 in
1245 2550 1478 2606 diversis
1505 2549 1695 2619 ﬁguris
1743 2550 1868 2604 hor-

273 2642 462 2698 ribiles
483 2651 734 2711 aspectus
762 2641 897 2697 nihil
927 2650 1195 2705 metuens,
1227 2657 1330 2699 nec
1352 2641 1480 2697 ullis
1503 2656 1693 2697 eorum
1717 2640 1869 2695 falla-

273 2736 376 2791 ciis
387 2734 537 2790 illudi
556 2734 751 2803 potuit.
777 2733 983 2804 Spiritu
1003 2747 1134 2789 vero
1152 2734 1540 2805 prophetarum
1557 2732 1630 2788 ita
1653 2732 1867 2798 claruit,

274 2833 340 2880 ut
393 2825 579 2881 multis
629 2823 799 2879 multa
842 2823 1157 2895 praedixerit
1217 2825 1372 2897 161
1424 2823 1650 2879 futura:
1702 2823 1870 2878 veluti

277 2917 516 2974 Maximo
552 2917 870 2989 imperatori
901 2917 1186 2973 victoriam
1236 2917 1293 2972 in
1328 2916 1483 2972 Italia
1518 2926 1574 2972 et
1618 2918 1671 2971 in
1697 2916 1870 2986 Aqui-

277 3009 382 3067 leia
427 3010 709 3067 interitum
754 3008 1026 3081 praedixit.
1059 3009 1128 3065 Et
1154 3010 1346 3065 eodem
1381 3009 1544 3066 beato
1576 3011 1694 3065 viro
1731 3010 1874 3066 cele-

284 3104 480 3159 brante
512 3110 761 3159 sanctum
794 3100 1113 3174 mysterium
1144 3102 1211 3157 ad
1239 3101 1432 3169 altare,
1464 3102 1655 3173 globus
1682 3102 1872 3174 igneus

279 3195 461 3254 subito
506 3198 575 3252 de
636 3196 841 3253 vertice
901 3195 1051 3252 fulsit
1109 3197 1274 3253 illius.
1336 3196 1599 3254 Evantius
1650 3198 1872 3268 quidam

279 3296 540 3359 :egrotus,
554 3295 882 3360 properante
896 3290 969 3344 ad
991 3306 1049 3346 se
1068 3289 1228 3345 beato
1247 3291 1390 3359 viro,
1408 3292 1561 3363 prius
1581 3291 1872 3347 sanitatem

280 3380 509 3451 recepit,
534 3394 698 3450 quam
724 3388 948 3437 sanctus
983 3379 1248 3437 Martinus
1269 3381 1489 3438 domum
1523 3381 1771 3436 intraret.
1812 3380 1872 3435 lu

1970 2278 2130 2336 rabili
2156 2278 2307 2335 cultu
2334 2279 2639 2336 construxit
2679 2277 2967 2335 ecclesiam
3006 2280 3144 2334 tanti
3172 2277 3351 2334 Patris
3380 2280 3568 2335 condi-
3636 2278 3643 2284 ’

1968 2387 2130 2442 gnam
2160 2371 2373 2427 meritis
2398 2390 2411 2425 :
2456 2370 2510 2425 in
2546 2385 2653 2440 qua
2679 2371 2845 2425 etiam
2874 2384 3047 2440 usque
3073 2370 3233 2425 hodie
3256 2369 3430 2425 multa
3459 2370 3564 2424 mi-

1971 2461 2281 2518 raculorum
2311 2463 2487 2532 signa,
2514 2461 2763 2531 plurima:
2799 2461 3098 2517 sanitatum
3138 2460 3391 2526 virtutes,
3437 2476 3569 2515 eun-

1971 2551 2269 2606 solationes
2294 2550 2660 2615 maerentium,
2684 2548 2917 2621 pietates
2938 2548 3257 2616 lattantium,
3272 2558 3567 2618 prmstante

1973 2641 2203 2696 Domino
2233 2650 2423 2696 nostro
2451 2639 2579 2695 Iesu
2610 2639 2850 2705 Christo,
2876 2640 2993 2696 ﬁeri
3022 2639 3222 2706 solent,
3240 2640 3332 2711 qui
3364 2640 3492 2694 vivit
3513 2649 3571 2695 et

1973 2738 2167 2802 regnat
2190 2745 2313 2786 cum
2344 2731 2455 2786 Deo
2480 2730 2641 2786 Patre
2665 2729 2713 2803 [ο
2743 2739 2801 2785 et
2826 2729 3030 2801 Spiritu
3058 2739 3250 2787 sancto
3275 2731 3331 2786 in
3362 2731 3571 2787 unitate

1974 2824 2274 2895 maiestatis
2299 2822 2518 2888 divinae,
2545 2839 2644 2894 per
2670 2822 2854 2879 omnia
2881 2820 3124 2894 sarcula].

2352 2959 2379 2999 ἀ
2409 2959 2803 3023 EIUSDEM
2836 2957 3181 3022 ALCUINI

2085 3082 2320 3140 SERMO
2355 3081 2444 3138 DE
2484 3082 2833 3140 TRANSITU
2874 3082 3122 3139 SANCTI
3159 3082 3467 3138 MARTINI.

2047 3196 2161 3252 ΧΠ.
2191 3196 2377 3253 Sancti
2401 3194 2623 3250 Martini
2643 3196 2922 3262 sanctitas,
2943 3195 3202 3251 miracula
3223 3205 3271 3250 et
3289 3194 3573 3267 prophetia

1977 3288 2196 3343 donum.
2224 3318 2296 3328 —
2324 3286 2551 3358 Oportet
2580 3302 2680 3344 nos
2709 3302 2899 3343 omnes
2932 3288 3263 3344 unanimiter
3289 3287 3531 3361 gaudere
3553 3328 3571 3354 ,

1980 3378 2179 3434 fratres
2206 3378 2540 3444 charissimi,
2567 3386 2624 3433 et
2651 3378 2973 3449 praeclarum
3017 3380 3163 3435 diem
3186 3381 3369 3437 obitus
3398 3381 3573 3437 sancti

282 3438 473 3534 eadem
496 3438 713 3548 quoque
739 3476 899 3531 domo
943 3491 1172 3548 puerum
1196 3492 1225 3531 a
1253 3486 1505 3549 serpente
1532 3490 1871 3547 percussum,
1902 3438 1951 3503 ο
1982 3470 2200 3526 Martini
2224 3471 2457 3527 ﬁdeliter
2480 3438 2769 3536 venerari;
2806 3471 2903 3527 sed
2924 3472 3195 3543 prmeipue
3217 3473 3308 3543 qui
3338 3472 3392 3526 in
3417 3472 3577 3529 Occi-

281 3576 598 3624 sanctorum
627 3575 778 3623 tactu
810 3568 1099 3641 digitorum
1129 3586 1157 3624 a
1206 3569 1451 3639 periculo
1488 3568 1682 3623 mortis
1708 3566 1873 3623 eruit.

355 3657 449 3713 IX.
482 3655 665 3713 Sancti
705 3658 803 3713 viri
838 3660 1112 3730 patientia.
1140 3660 1417 3715 Da’mones
1458 3658 1638 3730 pellit,
1668 3667 1776 3714 etc.
1807 3667 1878 3698 -—‘-

283 3747 421 3803 Nam
448 3753 613 3803 tantae
639 3747 745 3802 fuit
775 3749 858 3803 vir
884 3747 979 3803 Dei
1019 3749 1321 3820 patientize',
1373 3757 1434 3804 ut
1478 3748 1724 3804 convicia
1769 3763 1877 3803 non

282 3839 536 3904 doluerit,
566 3840 859 3911 Opprobria
886 3856 995 3896 non
1021 3841 1281 3897 senserit:
1314 3838 1425 3896 imo
1442 3850 1496 3895 et
1516 3841 1878 3911 quorumdam

285 3930 616 3987 rusticorum
644 3928 854 4001 ﬂagella
879 3930 1090 4004 placido
1114 3931 1371 3988 sustinuit
1411 3932 1595 3988 animo
1616 3973 1631 3999 ,
1657 3946 1879 3988 eorum-

285 4038 393 4094 que
417 4022 524 4078 tixa
554 4021 718 4077 terris
752 4022 1007 4078 animalia
1044 4020 1160 4077 solo
1187 4023 1433 4079 solvebat
1456 4038 1729 4079 sermone.
1767 4021 1876 4078 Ne-

283 4113 420 4172 mini
444 4113 716 4170 adulando
739 4113 1155 4179 blandiebatur;
1192 4113 1423 4186 principi
1458 4113 1592 4169 nulli
1632 4113 1880 4170 veritatis

284 4206 455 4262 verba
483 4206 678 4274 tacuit,
704 4205 774 4260 ad
797 4214 925 4262 nota
957 4219 1172 4276 semper
1194 4206 1504 4261 orationum
1525 4206 1767 4261 subsidia
1794 4222 1880 4261 re-

285 4313 533 4355 currens.
582 4298 738 4356 Unde
778 4298 825 4355 si
856 4298 986 4369 quid
1013 4298 1064 4353 ei
1088 4305 1330 4367 potestas
1360 4298 1541 4353 renuit
1581 4298 1874 4363 smcularis,

288 4406 415 4447 mox
445 4391 628 4448 divina
657 4391 912 4463 prtestitit
939 4390 1133 4461 pietas.
1177 4390 1437 4458 Quaedam
1467 4390 1643 4461 puella
1673 4389 1877 4446 dmmo-

286 4483 446 4540 niaco
468 4490 684 4553 arrepta
710 4482 928 4553 spiritu,
954 4481 1237 4548 stramine,
1258 4482 1348 4536 ubi
1375 4491 1596 4538 sanctus
1618 4481 1881 4537 Martinus

289 4574 539 4644 sedebat,
566 4590 597 4630 a
635 4583 900 4645 potestate
924 4582 1112 4646 erepta
1140 4582 1225 4630 est
1251 4573 1492 4631 inimica.
1541 4573 1658 4630 Non
1706 4575 1880 4629 solum

290 4668 559 4734 homines,
585 4667 679 4724 sed
703 4666 867 4722 ctiam
911 4666 1169 4721 animalia
1217 4681 1249 4720 a
1292 4666 1598 4721 dmmonum
1645 4665 1883 4721 liberans

1980 3563 2288 3618 dentalibus
2316 3561 2503 3616 mundi
2531 3562 2780 3633 partibus
2809 3570 2939 3617 sunt
2984 3562 3172 3619 ﬁdeles
3206 3563 3446 3629 Christi,
3480 3562 3577 3634 qui

1980 3660 2036 3709 et
2056 3653 2322 3709 doctrinis
2343 3651 2460 3721 ejus
2480 3652 2730 3709 similiter
2748 3662 2804 3708 et
2819 3652 3083 3723 exemplis
3103 3653 3388 3709 illuminati
3413 3664 3573 3711 sunt:

1979 3745 2104 3815 quia
2154 3744 2516 3814 quodcunque
2564 3742 2896 3814 praedicabat
2936 3744 3139 3811 verbis,
3171 3745 3578 3803 demonstrabat

1979 3835 2258 3908 operibus.
2295 3834 2355 3891 ln
2399 3835 2547 3891 omni
2591 3835 2736 3891 enim
2780 3835 2891 3891 vita
2935 3851 3034 3891 sua
3079 3844 3136 3891 et
3160 3839 3574 3894 conversatione

1979 3944 2078 3983 sua
2104 3927 2400 3999 perfectus,
2426 3925 2482 3981 in
2504 3928 2651 3982 omni
2674 3927 2874 3999 pietate
2898 3937 2954 3984 et
2975 3929 3237 4002 religione
3257 3931 3571 4001 praeclarus,

1980 4019 2035 4075 in
2064 4020 2215 4076 omni
2240 4019 2487 4076 bonitate
2531 4028 2586 4076 et
2628 4019 2962 4091 benignitate
3000 4020 3272 4092 jucundus
3315 4031 3472 4090 erat,
3506 4025 3578 4081 ab

1980 4116 2233 4172 omnibus
2277 4115 2590 4182 laudabilis,
2636 4115 2892 4171 omnibus
2920 4115 3207 4183 amabilis;
3246 4117 3400 4187 virgo
3435 4117 3579 4173 inter

1981 4209 2180 4265 choros
2224 4207 2533 4279 virginum,
2589 4208 2842 4278 egregius
2889 4208 3233 4264 sacerdotum
3262 4249 3279 4275 ,
3331 4208 3576 4265 imitator

1981 4297 2372 4368 apostolorum,
2400 4306 2457 4354 et
2484 4296 2688 4353 Christi
2719 4297 3060 4369 praedicator.
3099 4299 3271 4367 Quem
3314 4298 3576 4355 Dominus

1982 4398 2037 4451 in
2062 4395 2235 4466 gratia
2264 4393 2557 4463 apostolica
2591 4401 2675 4448 est
2703 4392 2956 4463 dignatus
2986 4392 3204 4463 eligere,
3232 4384 3374 4448 sicut
3397 4392 3464 4448 de
3486 4393 3578 4448 illo

1982 4488 2246 4559 scriptum
2272 4494 2356 4541 est
2381 4504 2393 4537 :
2434 4502 2453 4537 ι
2485 4483 2585 4540 Hic
2608 4492 2692 4541 est
2728 4483 3013 4549 Martinus,
3044 4484 3249 4540 electus
3279 4483 3371 4540 Dei
3398 4486 3577 4555 ponti-

1983 4578 2107 4641 fex,
2153 4578 2238 4631 cui
2287 4576 2546 4631 Dominus
2588 4583 2714 4645 post
2766 4574 3039 4647 apostolos
3088 4584 3293 4631 tantam
3341 4578 3574 4646 gratiam

1984 4669 2238 4726 conferre
2268 4669 2519 4740 dignatus
2541 4675 2646 4734 est,
2678 4676 2737 4722 ut
2762 4668 2816 4723 in
2843 4668 3039 4724 virtute
3066 4676 3268 4724 sancta:
3296 4668 3580 4725 Trinitatis

288 4767 578 4833 potestate,
600 4766 655 4814 et
680 4766 963 4813 mansueta
997 4758 1053 4812 in
1083 4772 1241 4813 suum
1272 4756 1452 4813 redire
1484 4770 1700 4828 gregem
1727 4771 1874 4811 man-

1986 4763 2193 4818 deiﬁcze
2222 4768 2525 4817 mereretur
2554 4760 2671 4815 ﬁeri
2700 4761 2864 4815 trium
2906 4770 3245 4816 mortuorum
3285 4762 3578 4817 suscitator

289 4853 458 4909 davit.
483 4851 658 4907 Etiam
687 4850 790 4905 fuit
818 4860 982 4905 tantze
1018 4850 1425 4915 misericordiae,
1458 4858 1518 4904 ut
1540 4850 1768 4905 canibus
1797 4864 1881 4905 se-

289 4945 582 5017 quentibus
606 4944 939 5016 lepusculum
968 4944 1314 5014 imperaverit
1344 4951 1519 5008 stare;
1543 4949 1600 4997 et
1627 4943 1882 4997 miseram

292 5036 576 5093 bestiolam
598 5051 629 5090 a
655 5034 909 5106 prtesenti
937 5042 1113 5089 morte
1141 5033 1359 5104 eripuit.
1394 5032 1530 5088 Villa
1559 5033 1804 5103 quaadam
1829 5031 1881 5087 in

295 5128 567 5184 Senonico
594 5124 886 5197 grandinea
920 5123 1129 5194 smpius
1171 5132 1383 5178 vastata
1430 5133 1783 5195 tempestate,
1817 5124 1885 5178 ad

296 5234 487 5291 preces
509 5216 681 5275 sancti
711 5215 949 5280 Martini,
978 5215 1161 5269 multis
1191 5215 1420 5269 liberata
1450 5224 1535 5270 est
1567 5215 1743 5270 annis.
1774 5215 1888 5269 Mu-

297 5312 400 5365 lier
427 5326 457 5365 a
486 5306 765 5378 sanguinis
791 5303 938 5361 ﬁuxu
962 5306 1407 5361 vestimentorum
1452 5304 1597 5360 illius
1627 5313 1770 5360 tactu
1801 5321 1887 5359 sa-

300 5414 427 5460 nata
453 5410 556 5458 est.

375 5494 442 5551 Χ.
476 5492 639 5548 Obiit.
675 5522 746 5532 —
775 5490 997 5547 Talibus
1034 5491 1199 5545 etiam
1246 5489 1454 5545 electus
1499 5489 1591 5543 Dei
1637 5490 1890 5545 sacerdos

305 5586 507 5644 mundo
532 5583 729 5641 claruit
755 5580 1070 5647 miraculis;
1101 5588 1155 5638 et
1179 5581 1233 5636 in
1261 5580 1410 5636 omni
1442 5578 1547 5634 vita
1579 5586 1635 5635 et
1661 5595 1890 5635 convcr-

380 5777 408 5806 ι
442 5762 678 5827 Paulini,
710 5758 949 5830 episcopi
995 5757 1207 5830 Nolani.
1254 5755 1377 5814 Vid.
1436 5757 1633 5812 Baron.
1696 5756 1892 5813 Annal.

312 5847 445 5893 tom.
467 5832 544 5904 Δγ,
570 5849 694 5904 pag.
727 5829 821 5895 2'5,
844 5829 992 5904 num.
1020 5829 1107 5883 t7.

386 5906 413 5945 δ
456 5898 745 5973 Perpetuus
790 5903 1075 5973 episcopus
1124 5898 1459 5954 Turonensis
1504 5899 1727 6022 quintus
1774 5908 1896 5968 post

386 5984 563 6022 notum
592 5973 909 6022 Martinum:
936 5970 1029 6022 nui
1064 5972 1132 6022 ad
1176 5968 1481 6022 sepulcrum
1547 5969 1685 6022 iuius
1724 5969 1896 6022 sancti

316 5968 909 6037 sanctum'Martinuin;
936 5968 1029 6041 qui
1064 5972 1132 6026 ad
1176 5968 1481 6041 sepulcrum
1529 5968 1685 6039 hujus
1720 5969 1898 6041 sam-ti

317 6045 589 6119 pontiﬁcis
613 6043 911 6101 construxit
935 6038 1213 6099 basilicam
1225 6038 1254 6108 ,⁷
1267 6038 1420 6110 cujus
1454 6038 1678 6111 ﬁguram
1703 6040 1899 6096 descri-

1987 4856 2341 4927 magniticus.’
2373 4873 2391 4905 ι
2442 4854 2523 4908 Ad
2567 4852 2873 4922 exemplum
2918 4851 3128 4907 Domini
3178 4861 3289 4908 tres
3336 4861 3580 4907 mortuos

1985 4947 2301 5006 suscitavit:
2332 4945 2500 5001 multa
2531 4945 2694 4999 etiam
2725 4945 2917 5015 spiritu
2942 4945 3260 5015 prophetia,
3287 4952 3577 5013 antequam

1988 5038 2203 5101 fierent,
2248 5036 2592 5108 praasciebat.
2644 5034 2851 5104 Spiritu
2896 5037 3041 5090 enim
3069 5034 3367 5106 prophetia:
3389 5034 3582 5105 plenus

1986 5140 2125 5195 erat,
2153 5140 2209 5187 et
2234 5130 2356 5185 ideo
2392 5144 2549 5183 suum
2577 5128 2784 5182 obitum
2828 5128 3011 5183 divina
3051 5127 3405 5198 inspiratione
3434 5143 3577 5198 prte-

1988 5222 2164 5286 scivit,
2192 5228 2248 5276 et
2273 5219 2593 5290 quibusdam
2629 5234 2695 5272 ex
2742 5215 3002 5273 fratribus
3036 5217 3445 5275 dissolutionem
3494 5221 3580 5277 sui

1987 5313 2234 5383 corporis
2262 5310 2723 5381 appmpinquassc
2753 5308 3027 5362 revelavit.

2065 5406 2223 5477 162
2246 5404 2381 5458 Xlll.
2410 5402 2560 5456 Inter
2587 5402 2802 5456 clericos
2822 5402 3183 5457 discordantes
3208 5419 3385 5473 pacem
3408 5403 3579 5474 refor-

1992 5505 2122 5552 mat.
2149 5493 2344 5547 Avibus
2366 5493 2607 5561 imperat.
2632 5516 2703 5531 -—
2735 5501 2758 5529 ε
2785 5490 2940 5546 Tunc
2962 5499 3143 5547 autem
3170 5509 3333 5548 causa
3363 5492 3437 5547 illi
3460 5508 3585 5547 eve-

1994 5594 2169 5652 nerat,
2196 5600 2301 5655 qua
2330 5598 2550 5639 necesse
2569 5581 2759 5637 habuit
2778 5580 3175 5637 Condatensem
3202 5582 3453 5639 dimcesis
3472 5598 3585 5638 sure

1995 5756 2075 5812 bit
2103 5753 2160 5808 S.
2189 5752 2352 5821 Greg.
2384 5752 2585 5807 Turon.
2620 5751 2755 5807 llist.
2790 5751 2982 5806 Franc.
3012 5752 3136 5806 libr.
3160 5768 3223 5816 tl,
3252 5767 3371 5823 cap.
3406 5752 3493 5823 14.

2069 5837 2093 5863 ο
2124 5824 2254 5890 Qua:
2282 5824 2497 5879 uncinis
2520 5823 2723 5877 inclusa
2748 5832 2893 5888 sunt,
2918 5838 2983 5876 ex
3009 5839 3109 5877 ms.
3142 5822 3435 5877 Rhl-mensi
3456 5838 3563 5877 sure

2001 5913 2077 5951 xu
2102 5903 2230 5949 sunt
2257 5894 2569 5963 desumpta.

2071 5966 2097 6005 ά
2128 5965 2202 6018 Ex
2238 5980 2340 6017 ms.
2372 5962 2505 6017 Cod.
2529 5964 2893 6019 Puteanorum
2917 5962 3167 6017 fratrum.

2080 6051 2100 6075 ε·
2129 6036 2203 6090 Ex
2229 6034 2452 6104 cpistola
2484 6034 2669 6090 Severi
2701 6036 2767 6089 ad
2793 6034 3065 6101 Basulam,
3096 6034 3284 6105 paucis
3307 6032 3547 6088 mutatis.
