4112 6584
585 366 691 424 oss
1454 360 1516 415 Β.
1555 358 1617 415 ιε’.
1658 357 1887 412 suam
1924 353 2057 411 seu
2098 352 2378 411 ALCUINI
2413 352 2705 411 omnes:
2739 353 2921 411 mus
2957 352 3032 411 v.
3773 322 3888 407 eus

583 480 765 536 vicum
793 477 972 542 adire,
1015 484 1076 531 ut
1099 473 1314 532 clericis
1339 474 1486 529 inter
1508 487 1568 529 se
1597 472 1854 529 Ecclesia:
1882 472 2023 528 illius
2058 471 2168 528 dis-
2195 476 2241 534 Α
2270 478 2437 536 ctum,
2464 486 2567 527 nec
2606 480 2782 526 morte
2811 469 3132 527 vincendum
3156 513 3171 537 ,
3219 469 3317 541 qui
3350 484 3453 526 nec
3495 468 3638 526 mori
3668 467 3879 533 timuit,

584 568 936 625 cordantibus
954 579 1146 636 pacem
1175 563 1517 621 reformatet.
1548 563 1616 618 Et
1634 563 1763 619 licet
1780 562 1944 619 ﬁnem
1963 563 2176 618 dierum
2277 578 2380 621 nec
2398 563 2583 619 vivere
2604 562 2904 619 recusavit!
2922 559 3030 618 Sed
3053 577 3177 620 cum
3204 577 3235 616 a
3253 561 3533 633 discipulis
3561 567 3884 633 rogaretur,

583 673 811 716 suorum
838 656 1075 713 adfuisse
1107 672 1213 713 non
1248 656 1557 729 ignoraret,
1603 655 1874 725 proﬁcisci
1898 664 2079 711 tamen
2105 655 2177 710 ob
2278 666 2340 713 ut
2374 664 2675 712 stramenta
2712 654 2812 711 sub
2854 670 2913 711 se
2958 653 3163 709 faceret
3198 648 3358 725 puni,
3399 655 3452 709 vi
3497 654 3738 709 febrium
3781 667 3883 723 per

584 748 892 807 istiusmodi
929 764 1153 805 causam
1197 763 1304 804 non
1348 747 1649 814 recusavit,
1691 762 1999 804 memorans
2046 748 2176 805 illud
2277 750 2482 821 aliquot
2509 748 2626 805 dies
2665 748 2947 812 laborans,
2988 745 3108 803 Non
3135 747 3312 814 decet,
3355 747 3546 817 inquit,
3593 745 3721 811 ﬁlii,
3768 758 3882 800 non

584 842 995 914 evangelicum:
1031 841 1184 898 Beati
1215 843 1425 915 paciﬁci
1443 882 1458 909 ,
1487 843 1737 915 quoniam
1762 842 1865 913 ﬁlii
1894 841 1995 897 Dei
2023 859 2179 898 eoca-
2278 839 2432 896 decet
2452 838 2839 905 Christianum,
2868 838 2975 894 nisi
2998 839 3054 892 in
3080 838 3263 894 cinere
3285 846 3340 893 et
3364 837 3544 893 cilicio
3562 838 3745 903 mori;
3780 851 3892 906 ego

585 935 812 991 buntur:
836 932 1134 1004 volensque
1151 947 1343 1005 pacem
1363 933 1621 989 omnibus
1640 933 1971 1004 relinquere,
1994 948 2178 989 exem—
2277 930 2445 995 enim,
2472 931 2517 985 si
2546 928 2692 985 aliud
2720 928 2875 985 vobis
2905 928 3101 998 reliqui
3124 929 3457 1000 exemplum,
3484 931 3598 999 ipse
3616 926 3880 999 peccavi.

583 1028 677 1100 ple
696 1027 913 1084 Domini
938 1027 994 1082 in
1018 1027 1105 1083 die
1131 1026 1468 1083 ascensionis
1490 1041 1603 1082 suae
1628 1024 1892 1096 apostolis
1911 1024 2173 1083 dicentis:
2278 1018 2345 1074 Et
2376 1035 2498 1075 cum
2526 1020 2725 1074 iterum
2753 1033 2785 1073 a
2827 1019 3184 1092 presbyteris,
3212 1019 3309 1089 qui
3336 1018 3404 1073 ad
3430 1018 3550 1091 ejus
3574 1017 3886 1073 inﬁmita-

586 1118 784 1176 Pacettt
811 1117 1049 1191 relinquo
1077 1118 1238 1183 vobis,
1267 1135 1449 1189 pacem
1477 1134 1647 1173 meum
1674 1117 1744 1172 do
1767 1119 1928 1173 vobis.
1959 1116 2030 1173 In
2048 1133 2179 1189 pace
2278 1122 2388 1167 tem
2418 1121 2701 1178 venerant,
2723 1121 3029 1183 rogaretur,
3055 1118 3118 1166 ut
3137 1110 3516 1183 corpusculum
3539 1111 3736 1166 lateris
3761 1125 3885 1164 mu-

583 1227 677 1265 vos
699 1210 899 1276 dimisi,
932 1210 989 1264 in
1010 1225 1137 1281 pace
1165 1226 1255 1264 vos
1280 1209 1565 1264 inveniam.
1599 1206 1844 1279 Cumque
1883 1208 1988 1264 hac
2010 1222 2177 1264 causa
2281 1208 2484 1263 talione
2512 1207 2797 1273 relevaret,
2828 1205 3023 1273 Sinite,
3061 1206 3261 1277 inquit,
3303 1206 3467 1262 sinite
3510 1220 3616 1271 me,
3646 1204 3879 1269 fratres.

584 1318 712 1359 cum
741 1301 1000 1358 familiari
1028 1301 1416 1373 discipulorum
1438 1300 1702 1357 comitatu
1739 1301 1845 1355 iter
1869 1307 2177 1371 perageret,
2278 1301 2461 1373 potius
2483 1299 2681 1357 cmlum
2708 1316 2870 1371 quam
2902 1309 3105 1357 terram
3131 1300 3338 1366 videre,
3370 1308 3431 1356 ut
3457 1300 3513 1355 in
3544 1315 3646 1357 suo
3675 1301 3887 1357 itinere

585 1411 803 1468 mergos
846 1397 901 1452 in
932 1394 1154 1451 ﬂumine
1188 1395 1336 1450 videt
1368 1394 1599 1465 piscium
1642 1392 2046 1449 multitudinem
2077 1407 2173 1447 ca-
2271 1392 2387 1464 jam
2418 1391 2595 1448 iturus
2620 1392 2687 1447 ad
2711 1391 3000 1447 Dominum
3021 1406 3177 1447 meus
3199 1389 3423 1463 spiritus
3446 1391 3740 1464 dirigatur.

584 1494 821 1560 ptantes,
853 1493 909 1542 et
949 1484 1122 1541 dixit:
1152 1483 1351 1540 Forma
1390 1484 1510 1540 haec
1555 1484 1860 1539 daemonum
1889 1491 1996 1538 est.
2024 1482 2177 1539 Tunc
2349 1482 2467 1538 XV.
2498 1481 2652 1537 Inter
2671 1481 2932 1555 angelicas
2953 1482 3174 1554 hymnos
3202 1483 3436 1539 animum
3459 1484 3586 1554 agit.
3614 1512 3685 1525 -—
3716 1481 3893 1539 Anno

587 1576 694 1632 illis
718 1576 928 1648 potenti
949 1575 1154 1631 virtute
1173 1575 1465 1630 verborum
1490 1575 1799 1645 imperavit,
1826 1581 1889 1629 ut
1909 1589 2033 1631 eum
2052 1588 2175 1646 gure
2280 1572 2446 1645 igitur
2464 1573 2642 1629 etatis
2669 1588 2782 1628 suae
2809 1587 2999 1640 um,
3023 1582 3079 1630 et
3104 1574 3452 1646 episcopatus
3471 1576 3554 1631 sui
3577 1590 3733 1642 xm,
3764 1590 3889 1630 ma-

586 1667 754 1739 gitem
777 1667 1144 1738 relinquentes
1169 1667 1322 1723 arida
1349 1666 1669 1738 desertaque
1690 1673 2010 1737 appeterent
2031 1666 2175 1723 loca.
2278 1675 2435 1721 turus
2462 1665 2621 1721 annis
2644 1672 2700 1721 et
2734 1666 2985 1723 moribus
3010 1668 3152 1739 apud
3176 1666 3573 1728 Condatensem
3616 1667 3884 1727 dimcesis

586 1759 894 1831 Statimque
914 1760 1111 1813 mirum
1135 1758 1191 1813 in
1209 1756 1429 1814 modum
1453 1771 1644 1813 omnes
1667 1756 1723 1813 in
1742 1771 1850 1813 una
1874 1758 2032 1813 turba
2051 1773 2177 1815 con-
2278 1770 2391 1812 sua:
2417 1755 2729 1821 vicumrut
2773 1755 3033 1825 diximus,
3074 1757 3307 1815 feliciter
3337 1760 3560 1816 recessit
3589 1775 3621 1813 a
3645 1759 3879 1815 sacculo.

584 1857 821 1921 gregata
839 1848 1032 1905 relicto
1058 1847 1280 1904 flumine
1318 1856 1532 1904 montes
1572 1848 1845 1921 silvasque
1876 1850 2171 1920 petierunt.
2208 1836 2252 1897 Β
2279 1846 2387 1903 Sed
2407 1846 2551 1903 inter
2578 1847 2762 1903 divina
2790 1862 2960 1905 sacrae
2978 1849 3380 1922 predicatiouis
3403 1851 3589 1914 verba,
3622 1865 3752 1905 cum
3783 1866 3881 1904 an-

584 1942 655 1997 Et
680 1941 931 1997 admirati
963 1950 1110 2009 sunt,
1141 1943 1234 2013 qui
1266 1942 1427 1998 simul
1458 1943 1705 2007 aderant,
1750 1942 1915 1999 talem
1944 1944 2000 1997 in
2028 1942 2174 1997 Maro
2277 1940 2463 2012 gelicis
2490 1941 2795 1998 caelestium
2824 1941 3149 2014 hymnorum
3183 1940 3407 1998 vocibus
3427 1984 3441 2007 ,
3468 1943 3882 1998 circumstanti-

583 2032 701 2088 tino
727 2047 849 2089 esse
882 2032 1159 2097 virtutem,
1188 2040 1249 2090 ut
1272 2034 1441 2089 etiam
1475 2034 1666 2090 avibus
1690 2035 1807 2091 sive
1840 2033 2183 2091 daemonibus
2276 2029 2379 2086 bus
2407 2029 2521 2085 suis
2549 2030 2847 2101 discipulis,
2879 2031 3055 2103 gratia
3084 2030 3277 2102 plenus
3304 2039 3361 2085 ct
3399 2032 3708 2095 sanctitate,
3744 2047 3879 2085 san-

586 2123 878 2194 imperaret
903 2141 1001 2196 per
1025 2126 1261 2198 gratiam
1290 2124 1407 2181 Dei.
2274 2128 2422 2177 ctam
2447 2118 2575 2176 Jesu
2610 2120 2831 2176 Christo
2859 2121 3084 2178 tradidit
3116 2123 3376 2179 animam.
3427 2121 3576 2178 Multi
3620 2124 3776 2178 enim
3820 2122 3878 2177 in

655 2217 794 2273 XIV.
827 2217 1077 2289 zEgrotat
1102 2232 1120 2270 :
1148 2217 1444 2273 molliorem
1469 2218 1659 2273 lectum
1700 2220 1800 2274 sibi
1824 2220 1987 2274 sterni
2022 2235 2174 2273 recu—
2276 2211 2397 2282 ejus
2442 2212 2678 2267 transitu
2712 2226 2879 2268 voces
2920 2214 3211 2272 audierunt
3258 2214 3571 2286 angelorum
3616 2224 3877 2270 sanctum

582 2318 687 2362 sat.
716 2336 790 2348 --
814 2305 1060 2377 Cumque
1087 2308 1144 2363 in
1172 2308 1264 2364 illo
1288 2309 1431 2376 vico,
1463 2309 1533 2365 ad
1578 2323 1740 2379 quem
1781 2310 1941 2377 ierat,
1986 2311 2180 2381 paucis
2278 2305 2569 2362 Martinum
2598 2308 2953 2364 laudantium.
2985 2307 3199 2377 Quanta
3234 2318 3416 2367 autem
3463 2310 3757 2367 multitudo
3807 2311 3877 2367 ad

584 2398 775 2454 diebus
797 2406 1189 2467 commoratus,
1203 2414 1337 2469 pace
1359 2400 1502 2457 inter
1522 2399 1753 2457 clericos
1770 2401 2047 2468 restituta,
2058 2401 2173 2472 jam
2275 2399 2393 2471 ejus
2413 2396 2731 2471 obsequium
2754 2404 3089 2469 convenerit,
3112 2406 3326 2459 narrari
3349 2419 3457 2459 non
3482 2413 3684 2474 potest.
3719 2404 3878 2460 Multi

585 2486 799 2558 regredi
843 2489 911 2544 ad
937 2491 1329 2547 monasterium
1367 2492 1651 2565 cogitaret,
1680 2492 1889 2550 viribus
1930 2496 2177 2566 corporis
2276 2492 2422 2549 enim
2461 2508 2527 2549 ex
2566 2494 2759 2550 vicinis
2792 2493 3016 2550 urbibus
3057 2501 3116 2551 et
3158 2496 3503 2552 monasteriis
3530 2503 3694 2565 atque
3737 2496 3877 2551 vicis

585 2579 755 2651 etrapit
782 2590 1004 2651 repente
1034 2582 1254 2639 destitui
1280 2601 1296 2651 ;
1327 2587 1747 2658 convocatisque
1771 2587 2071 2658 discipulis,
2093 2590 2179 2643 in-
2278 2600 2404 2641 cum
2424 2584 2684 2657 lacrymis
2700 2593 2982 2651 venerunt,
3009 2601 3115 2640 una
3144 2600 3276 2642 voce
3305 2596 3555 2642 sanctum
3580 2586 3874 2643 Martinam

585 2670 791 2727 dicavit
822 2673 905 2728 eis
940 2673 1053 2745 jam
1087 2675 1281 2731 adesse
1323 2683 1537 2747 tempus
1578 2676 1879 2734 resolvendi
1926 2680 2177 2751 spiritum
2277 2672 2543 2746 Ιαεθιὶιεει
2591 2674 2638 2732 Ο
2679 2683 2915 2746 quantus
2960 2682 3079 2731 erat
3114 2675 3295 2733 luctus
3338 2678 3620 2734 omnium!
3668 2690 3879 2749 quanta

584 2758 706 2832 ejus
726 2777 759 2819 a
780 2778 1031 2835 corpore.
1066 2764 1221 2821 Tunc
1246 2780 1375 2822 vero
1402 2765 1578 2823 luctus
1598 2774 1654 2822 et
1680 2783 1885 2826 mmror
1905 2772 2174 2840 omnium,
2275 2768 2552 2840 praecipue
2579 2765 2814 2824 lamenta
2841 2768 3229 2824 monachorum
3273 2781 3329 2826 ct
3365 2770 3634 2841 virginum
3681 2771 3877 2827 dicen-

583 2864 692 2909 vox
712 2866 822 2908 una
848 2853 1219 2926 plangentium
1248 2863 1305 2911 et
1330 2856 1625 2913 dicentium
1653 2876 1665 2912 :
1708 2857 1819 2914 Cur
1841 2876 1960 2927 nos,
1989 2859 2175 2932 Pater,
2277 2858 2437 2925 tium,
2466 2859 2599 2930 quia
2622 2854 2885 2930 piumc'st
2917 2861 3154 2932 gaudere
3202 2858 3453 2925 Ilartino,
3501 2871 3559 2918 et
3599 2862 3752 2934 pium
3790 2874 3878 2918 est

586 2938 817 3008 deseris,
863 2950 958 2998 aut
996 2944 1084 2997 cui
1127 2959 1227 3001 nos
1254 2945 1527 3002 desolatus
1568 2947 1874 3020 relinquis?
1918 2949 2178 3008 lnvadent
2277 2947 2408 3005 flere
2433 2947 2745 3005 Martinum.
2775 2947 2935 3006 Pium
2958 2951 3105 3006 enim
3141 2961 3263 3007 erat
3300 2966 3426 3008 eum
3471 2953 3675 3020 vivere,
3722 2956 3876 3026 pium

585 3032 731 3088 ettim
758 3046 977 3106 gregem
1005 3044 1154 3090 tuum
1182 3036 1295 3106 lupi
1327 3053 1571 3108 rapaces.
1603 3037 1669 3094 Et
1696 3041 1820 3111 quis
1844 3058 1942 3099 nos
1962 3058 1994 3098 a
2022 3059 2180 3117 rapa-
2275 3050 2397 3097 erat
2423 3050 2480 3097 et
2502 3041 2641 3099 mori
2666 3058 2681 3107 ;
2710 3043 2839 3113 quia
2868 3044 2919 3097 in
2948 3044 3057 3099 vita
3087 3060 3181 3107 sua
3204 3044 3484 3113 placuerat
3509 3045 3637 3101 Deo.

585 3123 846 3181 citatibus
888 3140 1100 3195 eorum,
1148 3136 1206 3182 te
1253 3131 1559 3196 recedente,
1611 3130 1909 3188 defendet?
1958 3136 2179 3193 Scimus
2205 3194 2247 3210 Α
2347 3131 2487 3188 XVL
2527 3131 2751 3190 Turonis
2780 3134 3048 3205 sepelitur.
3079 3162 3150 3176 -
3176 3148 3201 3176 α
3231 3134 3401 3207 Cuius
3425 3137 3640 3209 quidem
3673 3153 3877 3210 corpus

585 3214 807 3286 quidem
835 3223 889 3270 te
907 3217 1221 3274 desiderare
1260 3218 1537 3277 Christum
1556 3262 1577 3289 ,
1600 3224 1695 3279 sed
1740 3222 1887 3279 salva
1910 3226 2009 3282 tibi
2034 3241 2175 3298 prte-
2200 3194 2247 3258 δ
2280 3240 2312 3281 a
2335 3226 2548 3282 clericis
2574 3194 2878 3293 civitatum,
2907 3226 2962 3285 et
2994 3194 3332 3299 populorum
3354 3194 3526 3286 turbis
3545 3271 3560 3295 ,
3601 3246 3721 3284 cum
3757 3194 3873 3284 lau-

587 3304 697 3359 mia
722 3311 840 3371 tua,
866 3322 969 3363 nec
993 3308 1157 3363 dilata
1198 3310 1538 3379 minuentur;
1586 3315 1759 3371 nostri
1803 3319 1984 3387 potius
2012 3320 2179 3376 mist»
2278 3318 2437 3381 dibus
2462 3326 2516 3373 et
2551 3318 2768 3390 hymnis
2808 3321 2877 3375 ad
2912 3320 3239 3377 Turonicam
3260 3329 3540 3393 portatum
3567 3331 3649 3377 est
3681 3324 3876 3378 civita—

585 3410 730 3453 rere.
775 3397 929 3453 Tunc
975 3399 1068 3456 ille
1114 3411 1296 3459 motus
1343 3418 1534 3460 eorum
1581 3404 1798 3464 ﬂetibus
1842 3408 2176 3482 lacrymasse
2278 3417 2413 3485 tem,
2448 3411 2632 3481 ibique
2667 3426 2790 3469 cum
2820 3428 3015 3486 magna
3055 3415 3404 3471 veneratione
3447 3415 3713 3487 sepultum
3759 3426 3867 3482 est,

584 3489 935 3561 perhibetur;
960 3510 1362 3569 conversusque
1392 3500 1461 3557 ad
1482 3500 1772 3559 Dominum
1793 3506 2021 3577 supplici
2042 3524 2176 3566 voce
2278 3510 2601 3573 assequente
2627 3516 2752 3559 eum
2779 3503 2984 3559 cmlesti
3016 3506 3175 3560 turba
3224 3519 3351 3560 cum
3380 3506 3693 3561 cmlestibus
3713 3505 3872 3576 hym-

586 3580 756 3637 disit:
788 3582 1033 3654 Domine,
1061 3589 1109 3644 si
1134 3590 1313 3647 adhuc
1333 3593 1532 3664 populo
1555 3602 1648 3652 tuo
1667 3610 1787 3652 sum
1810 3600 2175 3669 necessarius,
2277 3594 2365 3650 nis
2388 3610 2563 3666 usque
2588 3593 2657 3651 ad
2683 3594 2859 3652 locum
2883 3597 3136 3667 sepulcri.
3159 3596 3217 3653 lu
3245 3613 3356 3669 quo
3376 3606 3565 3668 postea
3590 3597 3709 3653 loco
3737 3598 3870 3652 bea-

586 3686 697 3730 non
722 3689 914 3732 recuso
936 3676 1212 3746 laborem;
1245 3681 1339 3738 ﬁat
1364 3684 1613 3741 voluntas
1642 3694 1753 3742 tua.
1782 3687 2049 3746 Ninnirum
2077 3706 2173 3748 ne-
2276 3693 2365 3740 tus
2391 3687 2619 3742 antistes
2650 3686 2952 3758 Perpetuus
2983 3703 3178 3743 novam
3227 3687 3483 3744 laudabili
3526 3703 3692 3759 opere
3734 3705 3868 3746 con-

587 3763 797 3820 sciebat
823 3766 953 3837 quid
978 3771 1159 3839 potius
1185 3774 1407 3831 mallet:
1453 3777 1580 3848 quia
1634 3793 1737 3834 nee
1764 3780 1865 3836 bos
1898 3782 2175 3852 deserere,
2276 3779 2476 3833 struxit
2501 3778 2809 3845 ecclesiam,
2834 3779 2971 3834 tanti
3011 3782 3227 3852 patroni
3268 3782 3498 3852 talisque
3535 3783 3636 3838 viri
3672 3784 3865 3839 condi-

587 3868 691 3910 nec
719 3871 750 3911 a
773 3855 990 3916 Christo
1018 3862 1236 3918 volebat
1263 3864 1466 3922 diutius
1488 3869 1749 3937 separari.
1780 3869 1925 3926 Nihil
1948 3873 2093 3928 enim
2117 3874 2173 3929 in
2274 3883 2434 3939 gnam
2459 3867 2688 3926 meritis.
2713 3868 2770 3925 In
2800 3886 2906 3942 qua
2932 3872 3099 3928 etiam
3122 3888 3292 3945 usque
3317 3874 3475 3931 hodie
3500 3874 3669 3929 multa
3697 3875 3866 3931 mira-

586 3954 716 4001 voto
743 3961 843 4002 suo
872 3964 1076 4018 ponens
1097 3955 1280 4010 omnia
1320 3957 1437 4014 haec
1478 3958 1534 4013 in
1576 3959 1670 4015 Dei
1699 3963 1927 4021 arbitrio
1965 3965 2174 4021 dimisit
2273 3960 2519 4017 culorum
2541 3961 2718 4035 signa,
2746 3962 2994 4033 plurim
3018 3965 3313 4021 sanitatum
3336 3967 3588 4031 virtutes,
3614 3968 3865 4023 consola-

588 4036 810 4095 dicens:
834 4039 1142 4111 Domine,si
1169 4047 1345 4105 adhuc
1373 4066 1458 4105 me
1484 4052 1566 4109 vis
1594 4053 1648 4108 in
1676 4068 1902 4124 corpore
1928 4072 2168 4128 manere,
2276 4053 2455 4109 tiones
2477 4055 2843 4121 maerentium,
2874 4064 2929 4110 et
2952 4056 3180 4128 pletates
3202 4057 3522 4127 laetantium,
3567 4068 3862 4130 prastante

586 4140 724 4226 non
748 4145 941 4226 recuso
984 4134 1263 4193 laborem:
1293 4148 1350 4196 et
1378 4141 1422 4196 si
1456 4143 1636 4213 parcis
1659 4146 1830 4211 artati,
1859 4147 2061 4203 bonum
2088 4158 2174 4205 est
2277 4147 2505 4204 Domino
2536 4158 2724 4205 nostro
2747 4148 2877 4206 Iesu
2912 4149 3151 4217 Christo,
3194 4151 3314 4208 ﬁeri
3356 4152 3563 4209 solent:
3604 4156 3697 4226 qui
3728 4155 3865 4211 vivit

593 4219 757 4323 mihi:
786 4223 880 4279 fiat
904 4226 1154 4323 voluntas
1179 4240 1291 4323 tua.
1321 4231 1432 4290 llos
1453 4246 1653 4302 autem,
1675 4236 1743 4294 de
1768 4238 1966 4310 quibus
1983 4240 2167 4310 timeo,
2276 4246 2332 4294 ei
2363 4247 2555 4311 regnat
2601 4241 2656 4297 in
2699 4243 2907 4299 unitate
2950 4242 3287 4314 maiestatis.
3315 4260 3412 4318 Per
3453 4219 3640 4302 omnia.
3661 4246 3863 4306 830013

590 4318 654 4364 tu
688 4318 803 4383 ipse
830 4318 1059 4373 custodi.
1096 4318 1140 4375 Ο
1168 4321 1343 4377 virum
1377 4324 1721 4392 ineffabilem,
1750 4345 1851 4384 nec
1883 4330 2069 4388 labore
2092 4333 2171 4390 vi-
2276 4333 2620 4391 sazculorum.
2656 4333 2849 4392 Amen.

661 4458 689 4487 ι
714 4444 968 4505 Clausula
988 4450 1103 4507 haec
1123 4455 1311 4510 eadem
1350 4464 1435 4516 est
1474 4474 1539 4515 ac
1577 4463 1930 4531 praecedentis
1952 4465 2168 4538 scripti,
2204 4483 2367 4541 supra
2389 4484 2540 4525 num.
2574 4470 2661 4528 li.

1081 4595 1154 4603 .—

627 4587 1072 4603 Mc

1158 4596 3844 4639 ____..__.______________________________________________________

1254 4752 1409 4825 163
1466 4725 2313 4851 OPUSCULUM
2398 4735 3229 4901 SECUNDUM.

1105 4956 1354 5037 VITA
1406 4958 1484 5042 S.
1538 4964 1979 5045 VEDASTI
2038 4969 2503 5055 EPISCOPI
2545 4980 3344 5081 ATREBATENSIS,

1784 5145 2036 5227 Scripta
2066 5153 2234 5213 circa
2259 5173 2488 5217 annum
2524 5159 2664 5222 800.

2060 5298 2336 5314 ’ῃ-

650 5366 974 5426 Dulcissimo
997 5368 1301 5447 dilectionis
1328 5373 1439 5431 filio
1470 5374 1677 5432 l'tadoni

650 5380 974 5426 Dulcissimo
997 5380 1301 5447 dilectionis
1328 5380 1439 5431 ﬁlio
1470 5380 1677 5432 [ladani
1709 5390 1733 5418 ι
1766 5380 1945 5439 abbati
1985 5382 2163 5442 humi-
2189 5387 2198 5449 Ι

574 5458 647 5520 lis
668 5458 830 5517 levita
855 5459 1083 5519 Albinus
1105 5462 1352 5519 salutem.

2229 5394 2242 5443 ι
2333 5387 2373 5443 1.
2389 5389 2735 5520 vDilectionis
2771 5406 2966 5456 vestrae
3003 5402 3306 5462 venerabile
3347 5416 3673 5480 praereptum
3698 5425 3853 5469 sear-

2268 5487 2352 5520 lne
2440 5482 2566 5520 ἰιαηι
2598 5488 2769 5520 εῆηηθῖ
2802 5487 3020 5520 vuln—4:
3051 5492 3223 5520 [ιιι-ε-
3256 5498 3420 5520 -.-_._:
3450 5508 3497 5520 -.
3530 5500 3694 5520 2-.-“
3715 5518 3725 5520 -
3774 5518 3784 5520 _
3805 5518 3820 5520 _

2268 5487 2372 5547 tus,
2389 5478 2567 5539 Vitam
2597 5488 2771 5544 sancti
2802 5487 3022 5549 Vedasti
3046 5492 3227 5552 Patris
3256 5498 3423 5555 vestri
3444 5508 3503 5556 et
3521 5478 3851 5561 intercesso-

651 5632 1204 5751 ἒεέίῧέῗιξέὶίῗξῖἓξλ
1234 5636 1751 5751 ﬁlf‘flfiiizilff‘:
1764 5646 2157 5751 "$113.32"?
2262 5662 2463 5751 ante!
2491 5681 2645 5751 anno.
2670 5669 2777 5751 8.45
2803 5673 2957 5751 ριιίίι,
2996 5686 3160 5751 pro"!
3196 5676 3477 5751 Iesiwrjn
3502 5678 3705 5737 cum.
3741 5677 3850 5736 vc-

573 5706 724 5763 sterii
758 5706 1035 5792 Vedastini
1062 5708 1335 5791 annoo795
1366 5716 1772 5777 monasterium.
1815 5706 2153 5794 templumwet

574 5778 777 5836 cultum
804 5789 975 5839 sancti
1010 5779 1229 5837 Vedastt
1256 5783 1506 5841 maximis
1552 5788 1854 5860 sumptibus
1884 5792 2153 5851 instaura-

2275 5706 2366 5727 -η,
2388 5706 2454 5745 ὐ-
2491 5706 2635 5723 -ισυν
2670 5706 2777 5727 υιυ
2803 5706 2957 5740 vum,
2997 5706 3160 5747 purus
3197 5706 3395 5751 Ιινειινιιι⁷
3423 5706 3477 5735 111
3502 5706 3705 5737 unum.
3754 5706 3848 5736 τε*

2262 5730 2646 5863 auguriis);de
2687 5740 2938 5802 Locrium
2969 5758 3022 5802 et
3053 5746 3245 5805 Franc.
3285 5749 3362 5807 Le
3404 5748 3513 5807 Bar
3555 5751 3609 5809 in
3658 5767 3848 5807 trionu-
