4112 6528
244 439 348 498 665

1202 439 1786 498 BAGIOGRAPHICA.
1822 470 1894 483 -
1933 441 2095 498 VlTA
2136 440 2194 498 S.
2237 440 2552 501 VEDASTI.

3398 444 3512 499 ϐδῦ

242 557 315 613 ris
370 556 541 613 nostri
565 597 581 624 ,
634 556 931 613 emendare
970 556 1149 614 studui
1174 570 1202 599 ι
1228 575 1242 612 :
1268 573 1377 617 non
1424 559 1568 629 quod
1614 557 1815 628 aliquid
1846 566 1888 620 Α
1918 557 2212 613 sobrietate
2239 560 2441 623 ornati,
2472 573 2582 614 non
2606 557 2857 613 ebrietati
2883 558 3120 624 assueti;
3152 574 3380 631 quorum
3408 560 3513 616 ho-

242 646 379 704 illius
401 646 873 704 excellentissimis
901 648 1111 705 meritis
1138 650 1361 722 dignum
1387 650 1695 714 valuissent,
1720 648 1816 705 sed

240 739 379 810 quod
424 738 560 794 nihil
611 748 716 794 ture
759 740 1079 796 reverentia:
1110 740 1281 810 jussis
1328 741 1597 812 denegare
1640 748 1815 794 ratum

238 833 439 906 putavi.
481 832 687 887 Idcirco
715 831 781 886 ad
815 840 865 887 te
904 832 1135 885 maxima
1177 830 1363 904 [Bolt.,
1399 831 1657 901 maxime]
1694 847 1818 902 per-

240 924 411 980 tinent
428 922 622 979 harum
645 922 763 978 laus
785 923 870 978 vel
897 924 1223 993 vituperatio
1245 923 1564 978 litterarum.
1598 922 1816 978 Utinam

238 1018 328 1075 tibi
375 1026 432 1074 et
475 1017 756 1082 fratribus,
784 1016 1190 1088 qualescunque
1234 1018 1364 1082 sint,
1395 1017 1662 1086 placeant.
1713 1016 1817 1071 De-

234 1125 426 1180 precor
458 1118 659 1174 autem,
689 1118 751 1165 ut
778 1125 961 1165 meum
983 1109 1224 1165 laborem
1266 1110 1575 1164 orationum
1611 1118 1819 1163 vestra-

235 1218 349 1259 rum
378 1204 575 1260 solatio
608 1218 960 1259 remunerare
983 1204 1310 1276 dignemini;
1343 1210 1400 1257 et
1434 1219 1574 1259 unus
1606 1219 1817 1260 merear

234 1307 353 1349 esse
379 1302 620 1349 vestrum
652 1295 706 1351 in
744 1293 1028 1350 eharitatis
1053 1295 1434 1350 communione
1462 1294 1642 1349 :illius
1672 1310 1817 1351 sem-

229 1399 327 1457 per
355 1399 626 1447 memores
650 1386 911 1453 mandati,
937 1386 1032 1457 qui
1060 1387 1231 1442 dixit:
1258 1385 1377 1442 Hoc
1398 1397 1477 1443 est
1500 1400 1814 1459 pra’ceptttm

232 1490 422 1541 meum,
465 1486 521 1530 ut
564 1475 798 1548 diligatis
840 1477 1061 1533 invicem
1105 1476 1289 1551 (Joan.
1320 1496 1412 1546 xv,
1446 1479 1552 1548 l3).
1606 1479 1662 1534 In
1710 1480 1814 1537 hoc

231 1566 374 1624 enim
403 1568 660 1625 mandato
699 1570 941 1626 omnium
984 1571 1133 1627 salus
1159 1572 1410 1628 consistit
1433 1590 1447 1627 :
1470 1571 1575 1627 hoe
1601 1572 1813 1628 cunctis

229 1659 695 1730 pernecessariutn
722 1675 847 1716 esse
866 1669 1098 1729 constat,
1128 1670 1185 1717 et
1209 1662 1447 1717 maxime
1476 1663 1543 1718 iis
1572 1663 1663 1734 qui
1694 1679 1815 1735 gre-

229 1770 346 1828 gem
393 1755 597 1812 Christi
648 1755 944 1829 regendum
997 1757 1286 1828 accipiunt.
1351 1757 1691 1829 Quapropter
1731 1766 1809 1823 tu,

228 1848 567 1915 charissime,
598 1865 815 1921 gregem
840 1865 1004 1919 quem
1047 1850 1305 1920 accepisti
1352 1850 1672 1921 regendum,
1706 1846 1813 1903 fra-

1917 658 2103 705 nestas
2127 650 2251 705 vitae
2273 650 2391 706 aliis
2421 648 2580 723 164
2603 651 2676 705 sit
2700 650 2942 706 doctrina
2970 649 3187 717 salutis;
3211 666 3505 723 curamque

1915 743 2114 815 ubique
2142 743 2343 799 habeas
2373 743 2608 799 maxime
2633 758 2951 815 pauperum,
2978 743 3285 809 viduarum,
3314 745 3511 815 orpha-

1917 851 2132 902 norum,
2165 846 2223 892 ut
2246 838 2430 893 audias
2456 837 2511 893 in
2539 836 2625 893 die
2651 838 2933 894 tremendo
2957 853 2989 892 a
3024 836 3257 893 Domino
3285 836 3512 895 Christo

1916 942 2038 983 cum
2072 928 2191 983 aliis
2228 928 2625 1000 eleemosynam
2662 928 3013 985 facientibus:
3044 926 3293 996 Quandiu
3317 932 3409 983 uni
3438 945 3506 983 ea:

1917 1021 1997 1075 Itis
2017 1023 2245 1075 minimis
2267 1022 2485 1093 fecistis,
2509 1023 2638 1076 mihi
2661 1021 2856 1092 fecistis
2884 1021 3099 1092 (Matth.
3124 1038 3216 1087 xv,
3238 1022 3347 1091 40).
3374 1022 3517 1077 Esto

1918 1113 2133 1168 miseris
2164 1121 2225 1166 ut
2256 1122 2430 1182 pater,
2465 1121 2521 1167 et
2549 1128 2769 1168 causam
2818 1112 2886 1168 ad
2917 1120 2969 1167 te
2997 1112 3348 1168 clamantium
3383 1112 3505 1167 dili-

1916 1212 2106 1274 genter
2143 1203 2376 1267 discute,
2406 1210 2464 1258 et
2486 1218 2648 1274 parce
2685 1203 2739 1258 in
2773 1211 2824 1259 te
2864 1204 3242 1275 peccantibus,
3272 1213 3331 1258 ut
3360 1203 3505 1259 Deus

1918 1292 2025 1347 tuis
2058 1301 2243 1362 pateat
2269 1294 2528 1363 peccatis.
2572 1294 2705 1350 Esto
2735 1294 2917 1365 justus
2952 1295 3009 1350 in
3047 1294 3292 1366 judiciis,
3323 1302 3382 1351 et
3408 1294 3509 1350 mi-

1916 1383 2150 1438 sericors
2189 1383 2243 1437 in
2270 1383 2487 1439 debitis.
2535 1382 2788 1456 Magister
2822 1384 3107 1450 virtutum,
3140 1388 3383 1444 moribus
3413 1387 3507 1441 ho-

1917 1482 2125 1538 nestus,
2173 1475 2356 1531 verbis
2398 1476 2693 1546 jucundus,
2740 1478 2854 1531 vita
2908 1476 3214 1545 laudabilis,
3248 1479 3304 1535 in
3355 1479 3504 1534 omni

1915 1578 2079 1635 opere
2115 1563 2210 1619 Dei
2246 1565 2491 1621 devotus.
2528 1564 2751 1622 Fratres
2782 1562 2999 1639 quoque
3029 1568 3268 1634 hortare,
3300 1576 3507 1625 utsan—

1915 1662 2035 1711 etas
2060 1656 2475 1728 diligentissime
2503 1658 2686 1731 legant
2716 1656 3049 1730 Seripturas.
3089 1658 3206 1715 Non
3228 1659 3508 1716 conﬁdant

1915 1746 1974 1802 in
2019 1747 2215 1819 linguae
2263 1750 2485 1815 notitia,
2524 1750 2619 1805 sed
2669 1751 2724 1805 in
2752 1752 2996 1808 veritatis
3037 1752 3415 1826 intelligentia,
3446 1760 3509 1807 ut

1919 1847 2130 1918 possint
2193 1848 2690 1904 contradicentibus
2740 1849 2957 1907 veritati
3019 1850 3296 1905 resistere.
3366 1848 3509 1904 Sunt

229 1947 384 1997 terno
432 1957 618 1997 amore
656 1940 944 2013 diligenter
984 1943 1198 1997 erudire
1244 1942 1479 2006 studeto,
1504 1950 1559 1995 et
1606 1940 1811 1996 sanctis
1844 1924 1887 1985 Β
1915 1947 2157 2008 tempora
2200 1938 2528 2007 periculosa,
2576 1947 2636 1993 ut
2685 1938 2912 2008 apostoli
2961 1940 3350 2011 praedixerunt,
3376 1938 3505 2009 quia

228 2031 685 2088 admonitionibus
712 2048 835 2087 eum
882 2047 980 2102 per
1023 2046 1223 2102 pascua
1251 2031 1376 2085 vita:
1424 2031 1689 2086 deducere
1730 2046 1813 2085 sa-

227 2130 365 2194 tage.
417 2122 598 2179 Habes
637 2123 694 2178 in
744 2124 891 2179 omni
930 2138 1092 2195 opere
1128 2124 1273 2179 bono
1299 2123 1574 2178 Christum
1602 2122 1813 2193 adjuto-

227 2231 376 2283 rem,
430 2224 676 2272 sanctum
734 2230 949 2286 quoque
1013 2214 1306 2272 Vedastum
1368 2216 1809 2271 intercessorem.

226 2304 379 2364 Sicut
400 2325 596 2381 magno
624 2310 809 2364 labore
833 2309 1050 2364 domum
1082 2309 1178 2365 Dei
1215 2310 1416 2381 optime
1453 2309 1624 2367 habes
1649 2324 1810 2365 orna-

225 2410 336 2461 tam
385 2412 441 2463 et
464 2405 782 2478 largissimis
808 2404 966 2460 donis
1006 2403 1350 2469 decor-utam;
1383 2404 1455 2457 ita
1487 2403 1593 2458 sibi
1619 2400 1807 2477 [Balt.,

224 2494 343 2569 tibi]
370 2495 641 2565 subjectos
665 2496 823 2553 bonis
852 2497 1091 2552 moribus
1112 2497 1296 2552 ornari
1321 2499 1609 2564 contende,
1634 2505 1691 2553 et
1714 2511 1811 2553 eos

224 2584 282 2643 in
307 2587 485 2643 divina
505 2586 665 2646 laude
685 2586 772 2642 fac
793 2587 1123 2652 consistere;
1148 2595 1205 2642 et
1224 2587 1367 2657 quod
1391 2587 1564 2659 angeli
1594 2602 1811 2657 seraper

222 2688 389 2753 agunt
419 2681 473 2734 in
510 2680 695 2746 oculis,
726 2679 831 2736 hoc
858 2678 1055 2736 fratres
1076 2679 1280 2751 jugiter
1307 2679 1506 2734 faciant
1549 2680 1605 2735 in
1636 2680 1811 2734 eccle—

224 2768 341 2829 siis.
393 2772 567 2827 Tuum
608 2782 696 2829 est
740 2773 1055 2844 praecipere,
1084 2772 1299 2826 illorum
1345 2770 1585 2826 obedire.
1635 2770 1809 2826 Tuum

222 2872 307 2922 est
353 2865 578 2934 punire,
625 2865 836 2919 illorum
890 2863 1166 2934 subsequi.
1221 2862 1474 2920 Omnium
1527 2862 1712 2932 itaque
1754 2863 1810 2917 in

225 2955 449 3011 servitio
478 2954 575 3010 Dei
603 2971 710 3010 una
751 2956 912 3011 debet
936 2971 1059 3011 esse
1090 2954 1355 3020 voluntas,
1394 2960 1453 3008 ut
1481 2968 1592 3007 una
1627 2951 1725 3008 ﬁat
1754 2953 1810 3009 in

222 3058 391 3117 regno
413 3043 511 3100 Dei
538 3047 925 3101 remuneratio.

293 3134 354 3189 ll.
397 3134 583 3189 Nullus
639 3136 786 3191 horis
833 3136 1111 3192 canonicis
1157 3153 1216 3191 se
1276 3136 1477 3191 divinis
1526 3134 1815 3191 subtrahat

222 3225 489 3294 laudibus,
518 3244 588 3283 ne
615 3237 834 3300 propter
860 3229 1092 3299 aliquam
1121 3229 1500 3300 negligentiam
1524 3222 1812 3299 cujuslibet

223 3318 373 3375 locus
401 3318 457 3372 in
486 3328 781 3389 conspectu
811 3318 907 3373 Dei
939 3334 1139 3374 vacuus
1181 3320 1488 3373 inveniatur
1514 3338 1525 3372 :
1558 3327 1615 3375 et
1647 3318 1811 3373 verba

221 3416 317 3471 Dei
344 3416 399 3471 in
431 3416 675 3471 ecclesiis
708 3416 900 3471 intimo
924 3416 1104 3471 cordis
1130 3413 1325 3469 all’ectu
1360 3412 1727 3484 proferantur,
1756 3420 1815 3468 et

223 3521 347 3563 cum
377 3521 573 3578 magna
595 3506 900 3562 reverentia
927 3504 1026 3562 Dei
1053 3505 1443 3576 omnipotentis
1469 3502 1638 3558 oﬁicia
1672 3502 1811 3558 cele-

221 3598 452 3654 brentur
478 3597 663 3670 [omne
710 3613 839 3652 vero
882 3596 1248 3655 ministerium
1275 3593 1478 3651 Christi
1530 3593 1811 3649 humiliter

220 3696 281 3745 et
304 3689 497 3746 devote
531 3688 860 3761 impleatur].
889 3689 1095 3744 Omnes
1132 3688 1330 3758 ubique
1364 3688 1726 3742 obedientiam
1750 3686 1807 3742 in

221 3781 405 3836 steculi
434 3780 849 3835 necessitatibus
878 3777 1109 3834 ﬁdeliter
1131 3787 1189 3833 et
1214 3786 1437 3832 strenue
1470 3784 1735 3849 peragant
1754 3778 1812 3832 ιι..

220 3871 345 3928 Fiat
390 3872 641 3943 equidem
692 3873 836 3928 inter
880 3887 1072 3927 onmes
1116 3871 1541 3926 coneordissima
1593 3886 1725 3941 pax,
1754 3880 1811 3925 et

219 3965 569 4021 sanctissima
611 3964 849 4020 cbaritas
877 3963 957 4036 [et
985 3965 1200 4021 devotio
1224 3965 1347 4018 vitae
1375 3962 1680 4036 regularis].
1710 3961 1809 4019 Se-

218 4057 405 4114 niores
426 4058 581 4113 bonis
605 4057 866 4127 exemplis
887 4065 942 4111 et
960 4056 1144 4111 sedula
1167 4056 1535 4111 admonitione
1558 4055 1811 4111 erudiant

211 4149 486 4220 iuniores,
510 4149 735 4221 illosque
779 4149 1006 4221 diligant
1032 4160 1093 4203 ut
1121 4148 1260 4204 ﬁlios
1289 4167 1302 4201 :
1333 4157 1389 4204 et
1423 4148 1497 4203 illi
1525 4149 1683 4218 quasi
1711 4163 1808 4218 pa-

218 4250 335 4296 tres
375 4256 470 4298 eos
506 4240 888 4307 honoriﬁcent,
918 4242 1129 4295 illorum
1171 4227 1294 4294 cum
1339 4240 1490 4294 omni
1531 4238 1810 4295 alacritate

216 4330 478 4386 obediant
511 4330 813 4401 praeceptis.
865 4329 980 4385 Tua
1025 4344 1185 4395 vero,
1214 4328 1523 4384 venerande
1551 4326 1648 4393 ﬁli,
1677 4341 1810 4382 con-

215 4420 459 4475 versatio
482 4421 735 4476 omnibus
759 4422 831 4476 sit
854 4421 1162 4491 exemplum
1188 4420 1399 4475 salutis.
1430 4417 1593 4485 Cave,
1618 4428 1678 4472 ut
1706 4433 1808 4474 nec

217 4511 480 4568 minimus
500 4512 622 4581 quis
648 4512 703 4566 in
731 4522 821 4566 tua
851 4512 1247 4568 scandalizetur
1284 4512 1415 4576 vita,
1450 4511 1547 4566 sed
1575 4509 1802 4566 :ediﬁce-

1915 2028 2067 2082 multi
2102 2028 2555 2097 pseudodoctores
2591 2038 2845 2102 surgent,
2884 2046 3055 2087 novas
3101 2030 3505 2085 introdueentes

1912 2129 2110 2186 sectas,
2138 2121 2230 2192 qui
2265 2122 2546 2177 catholicae
2581 2122 2704 2177 ﬁdei
2756 2124 3050 2194 puritatem
3102 2124 3286 2193 impiis
3325 2138 3507 2179 asser-

1915 2213 2149 2268 tionibus
2179 2214 2453 2269 maculare
2481 2213 2725 2268 nitentur
2756 2212 2843 2285 (ΙΙ
2883 2214 3017 2268 Tim.
3053 2230 3137 2278 ut,
3170 2215 3231 2277 i;
3264 2213 3323 2266 11
3361 2212 3501 2267 Patr.

1913 2320 1975 2370 ti,
2008 2304 2078 2375 l).
2117 2304 2242 2359 Ideo
2273 2320 2503 2360 necesse
2530 2314 2618 2359 est
2658 2305 2958 2360 Ecclesiam
3009 2304 3271 2375 plurimos
3301 2305 3515 2362 habere.

1912 2393 2251 2461 defensores,
2276 2395 2368 2466 qui
2394 2411 2505 2450 non
2533 2396 2707 2450 solum
2728 2396 2852 2451 vitm
2879 2399 3190 2463 sanctitate,
3220 2398 3315 2452 sed
3337 2399 3505 2452 etiam

1910 2487 2159 2543 doctrina
2170 2487 2412 2543 veritatis
2426 2495 2607 2542 castra
2620 2487 2717 2541 Dei
2728 2488 2956 2543 viriliter
2967 2488 3259 2543 defendere
3271 2505 3333 2543 va
3342 2487 3419 2542 lea
3428 2499 3515 2544 ιη..

1982 2577 2071 2634 lV.
2113 2579 2222 2634 llas
2244 2593 2375 2637 vero
2393 2580 2497 2650 pia:
2516 2581 2903 2636 admonitionis
2923 2580 3193 2637 litterulas
3215 2598 3322 2636 non
3348 2583 3506 2652 quasi

1913 2669 2178 2724 nescienti
2226 2669 2424 2735 direxi,
2471 2671 2566 2726 sed
2594 2679 2654 2725 ut
2685 2686 2827 2725 verte
2864 2671 3149 2726 charitatis
3180 2672 3235 2727 in
3267 2687 3389 2728 meo
3418 2686 3511 2743 pe-

1912 2770 2063 2817 ctore
2115 2760 2276 2818 ﬁdem
2327 2765 2691 2820 ostenderem.
2744 2764 2881 2832 Quid
2916 2765 3048 2820 facit
3074 2767 3303 2831 amicus,
3331 2767 3376 2820 si
3424 2781 3506 2821 se-

1912 2854 2089 2925 ipsum
2144 2855 2323 2909 verbis
2377 2870 2483 2909 non
2534 2857 2806 2911 ostendit?
2856 2856 2913 2912 Si
2965 2857 3159 2912 divites
3205 2873 3506 2928 pauperum

1911 2947 2230 3002 munuscula
2280 2964 2388 3003 non
2434 2956 2725 3018 spernunt,
2769 2966 2867 3005 cur
2907 2958 2965 3005 et
3004 2961 3197 3007 vestrm
3226 2952 3508 3021 sapientia:

1911 3037 2133 3094 [lumina
2155 3048 2357 3096 nostrze
2380 3040 2584 3096 rivulos
2605 3041 2973 3113 intelligentiae
2995 3058 3253 3113 respuere
3274 3043 3509 3100 debent?

1912 3129 2048 3185 Nam
2076 3139 2132 3187 et
2157 3130 2389 3199 majores
2409 3147 2598 3187 amnes
2623 3132 2815 3188 rivulis
2835 3141 3104 3205 augentur
3132 3135 3511 3200 influentibus,

1915 3231 1972 3279 et
1998 3224 2113 3295 ipse
2140 3222 2397 3279 Dominus
2426 3224 2598 3279 viduae
2628 3223 2868 3279 laudavit
2894 3226 3001 3280 duo
3026 3228 3255 3291 minuta,
3284 3243 3406 3297 qua:
3435 3242 3506 3282 ex

1916 3315 2098 3386 inopia
2121 3330 2232 3371 sua:
2255 3316 2585 3385 paupertatis
2611 3315 2762 3387 larga
2789 3332 2951 3370 manu
2979 3315 3268 3387 Deo,quod
3295 3315 3503 3385 habuit,

1914 3411 2109 3466 obtulit
2132 3410 2282 3481 (Luc.
2318 3426 2433 3475 xxi,
2453 3410 2530 3483 ‘2).
2563 3410 2629 3465 Et
2654 3425 2755 3483 ego
2781 3412 3031 3482 quamvis
3063 3413 3293 3466 scientia
3323 3413 3503 3482 inops,

1913 3509 2097 3557 tamen
2145 3501 2287 3557 fideli
2339 3502 2527 3574 [Boll.,
2559 3501 2802 3558 fraterno
2846 3502 3044 3575 ﬁdelis]
3091 3520 3277 3560 amore
3313 3516 3508 3561 vestrze

1913 3592 2030 3649 hinc
2054 3593 2371 3649 munuscula
2401 3594 2573 3648 direxi
2601 3594 2813 3663 pietati,
2844 3595 3139 3651 obsecrans
3169 3603 3228 3649 ut
3266 3606 3377 3650 tam
3407 3597 3512 3649 hu-

1912 3684 2028 3739 mili
2054 3683 2411 3740 fraternitatis
2444 3700 2508 3739 ea
2528 3684 2728 3739 intuitu
2748 3686 3022 3757 respicere
3051 3685 3311 3758 digneris,
3339 3702 3504 3759 quam

1912 3790 2014 3833 nos
2046 3775 2134 3845 pia
2165 3775 2466 3829 devotionis
2502 3774 2770 3830 charitate
2816 3776 2906 3830 illa
2934 3776 3089 3832 vobis
3116 3777 3350 3849 dirigere
3384 3787 3504 3833 stu-

1914 3864 2147 3919 duimus.
2178 3862 2534 3934 Omnipotens
2562 3864 2730 3931 Deus,
2755 3872 2807 3920 te
2839 3874 3070 3935 tuosque
3100 3864 3508 3940 [charissimos]

1913 3953 2110 4009 fratres
2138 3955 2195 4010 in
2231 3956 2382 4011 omni
2403 3957 2545 4012 bono
2569 3955 2836 4027 proiicere
2865 3957 3051 4025 faciat,
3083 3969 3140 4014 et
3179 3960 3247 4014 ad
3269 3959 3506 4017 beatitu-

1911 4048 2095 4103 dinem
2127 4057 2345 4104 aeternte
2378 4048 2561 4121 gloriae
2589 4051 2874 4121 pervenire
2896 4052 3179 4107 concedat.

2430 4164 2658 4221 CAPUT
2696 4163 2983 4222 PRIMUM.

1911 4254 2164 4310 Doctrina
2188 4255 2489 4310 Christiana
2521 4257 2627 4380 τείῖξ
2653 4253 2948 4379 Shlodoveo
2975 4256 3238 4322 explicata
3259 4275 3290 4312 a
3315 4270 3505 4313 sancto

2612 4338 2655 4380 ‘e
2695 4338 2829 4380 asto.

2612 4338 2616 4352 ³
2628 4338 2775 4381 εααει
2779 4344 2809 4382 0
2817 4369 2829 4380 .

1981 4437 2046 4492 ν.
2086 4436 2381 4506 Postquam
2410 4436 2552 4492 Deus
2573 4446 2628 4492 et
2658 4436 2922 4495 Dominus
2950 4448 3139 4496 noster
3166 4439 3324 4497 Jesus
3349 4440 3503 4496 Chri-

1913 4540 2031 4587 stus
2057 4544 2213 4584 ovem
2250 4545 2491 4600 qumrere
2524 4532 2791 4600 perditam
2818 4532 2886 4588 de
2909 4533 3064 4588 cualis
3093 4534 3146 4588 in
3173 4534 3317 4590 hunc
3344 4550 3502 4590 mun-

219 4616 311 4664 ῑυΐ
346 4615 403 4662 εί
435 4608 720 4703 ιξοῦοτθίυτ
754 4608 934 4703 ill-"iii
965 4609 1210 4703 νςδῐξίῐεῑεε
1240 4626 1253 4660 ³
1281 4605 1407 4677 (ιιιὶε
1444 4606 1539 4703 tibi
1573 4621 1640 4703 ξι
1841 4645 1886 4703 υ
1912 4622 2039 4677 dum
2067 4637 2165 4692 per
2184 4620 2503 4692 virginalem
2532 4632 2758 4678 venerat
2794 4633 3003 4680 uterum
3037 4625 3186 4698 (Luc.
3219 4643 3310 4692 xv,
3339 4626 3420 4695 4),
3445 4635 3503 4682 et

218 4715 343 4756 Tum
387 4699 559 4756 εθιυῐθ
590 4715 798 4755 merces
821 4696 1152 4769 iudicabitur
1192 4708 1415 4755 ωιετηίὶ·
1458 4697 1592 4752 cani
1627 4696 1808 4766 ειη)ίυὶ
1841 4696 1875 4703 ⁷
1912 4721 2024 4768 tota
2076 4729 2187 4768 suae
2236 4715 2656 4785 dispensationis
2699 4724 2755 4770 et
2807 4726 3007 4783 nostra:
3040 4696 3232 4772 salutis
3278 4731 3502 4788 peracta

219 4800 527 4849 ειῑτθωυηι
562 4793 886 4849 denuntiant
923 4807 1218 4865 ΡΓοΡθηΓθ
1257 4792 1419 4847 diem
1470 4790 1815 4860 Quapropter
1910 4803 2268 4875 plenitudine,
2298 4820 2421 4858 cum
2453 4804 2727 4875 triumpho
2749 4806 2931 4878 gloriae
2957 4809 3023 4863 ad
3056 4811 3237 4865 sedem
3260 4821 3503 4881 paternae

218 4893 445 4954 paratus
468 4891 589 4938 esto
613 4881 761 4938 omni
782 4883 916 4938 hora
946 4885 1003 4939 in
1027 4898 1313 4961 occursum
1335 4880 1550 4938 Domini
1584 4881 1681 4936 Dei
1707 4881 1804 4936 tui.

220 4977 454 5035 Dilectio
478 4976 740 5044 fraterna,
770 4986 826 5034 et
852 4973 1209 5051 eleemosynm
1232 4976 1575 5041 miserorum,
1609 4982 1664 5029 et
1684 4975 1810 5030 vita:

220 5068 452 5124 castitas
477 5078 782 5141 praeparent
818 5070 911 5125 tibi
938 5070 1134 5141 gradus
1162 5069 1218 5124 in
1244 5066 1458 5123 coelum.
1512 5064 1810 5137 Diligenter

221 5163 446 5221 elabora
486 5164 584 5220 tibi
614 5172 844 5221 :eternos
890 5165 1007 5221 dies
1036 5164 1242 5222 felices.
1286 5164 1469 5219 llonor
1505 5162 1808 5229 saecularis,

220 5270 389 5327 quem
418 5255 612 5322 babes,
638 5256 974 5328 spiritualem
999 5258 1094 5313 tibi
1123 5257 1360 5314 abundet
1393 5259 1448 5313 in
1488 5257 1735 5331 gloriam.

298 5344 385 5401 ill.
426 5345 659 5402 Festivis
688 5347 875 5404 diebus
904 5349 1156 5405 veniente
1179 5349 1247 5405 ad
1270 5349 1556 5406 ecclesiam
1591 5349 1807 5422 populo,

220 5438 317 5496 fac
343 5440 424 5495 eis
446 5440 729 5509 praedicari
764 5442 989 5497 verbum
1012 5442 1108 5499 Dei
1131 5452 1153 5481 ο
1175 5460 1189 5508 ;
1214 5451 1269 5499 et
1290 5459 1611 5516 quocunque
1636 5443 1808 5507 vadis,

217 5521 413 5588 cleric‘l
438 5532 716 5587 servitium
742 5532 839 5587 Dei
864 5533 1096 5603 pleniter
1129 5544 1423 5607 peragant;
1456 5545 1631 5592 tecum
1661 5544 1810 5602 eant,

302 5698 329 5729 ι
369 5685 668 5769 Emendare
690 5690 888 5745 studui.
942 5691 1017 5747 De
1067 5692 1172 5749 hoc
1220 5693 1457 5750 diximus
1503 5692 1556 5749 in
1610 5693 1815 5751 Monito

347 5773 453 5812 VIO.

216 5772 636 5911 Prffllglilandzz
656 5830 854 5911 planis
902 5834 1075 5906 itaque
1113 5834 1404 5890 obedientia
1432 5835 1488 5890 in
1513 5834 1696 5891 seculi
1725 5852 1813 5892 ne-

229 5902 565 5956 cessitatibus
592 5902 814 5971 ﬁdeliter
843 5916 888 5958 et
915 5902 1122 5960 strenue
1150 5915 1452 5977 peragatur.

1913 4893 2214 4963 maiestatis
2269 4909 2517 4949 reversus
2555 4893 2716 4966 [est],
2768 4904 2828 4949 ut
2875 4898 3096 4953 tetricas
3140 4897 3271 4970 [ΑΙ.,
3306 4900 3504 4975 tetras}

1911 4986 2229 5059 igmorantice
2261 4987 2514 5041 tenebras
2540 4994 2653 5042 toto
2682 4987 2973 5057 depelleret
3003 4989 3154 5055 orbe,
3180 4992 3349 5046 multa
3370 5009 3503 5047 san-

1911 5086 2119 5133 ctorum
2161 5077 2365 5131 lumina
2410 5077 2718 5143 doctorum,
2747 5079 3071 5149 evangelicae
3097 5080 3502 5151 praedicationis

1908 5170 2030 5224 luce
2060 5168 2337 5239 fulgentia,
2364 5176 2478 5223 toto
2500 5170 2757 5226 diviserat
2784 5170 2985 5227 mundo
3010 5189 3025 5226 :
3052 5182 3115 5227 ut
3133 5174 3277 5230 sicut
3300 5175 3505 5231 caelum

1912 5260 2240 5333 fulgentibus
2284 5270 2510 5315 ornatur
2552 5261 2751 5328 stellis,
2789 5278 2910 5334 quae
2954 5270 3137 5321 tamen
3190 5281 3383 5322 omnes
3430 5268 3507 5323 ab

1914 5368 2024 5407 uno
2059 5352 2399 5407 illustrantur
2442 5353 2588 5418 sole;
2629 5355 2709 5409 sic
2752 5364 2808 5409 et
2841 5354 2947 5410 lata
3003 5364 3269 5412 terrarum
3323 5360 3500 5430 spatia

1916 5444 2120 5498 sanctis
2167 5444 2610 5513 splendescerent
2658 5447 3000 5514 doctoribus,
3057 5450 3149 5519 qui
3195 5458 3379 5506 tamen
3429 5453 3509 5509 ab

1919 5546 2124 5590 aeterno
2153 5535 2266 5591 sole
2296 5535 2583 5593 illuminati
2601 5578 2615 5603 ,
2653 5537 2833 5592 divina
2867 5548 3144 5609 prmeunte
3172 5543 3364 5612 gratia,
3394 5558 3503 5598 cn-

1994 5707 2018 5735 °
2057 5694 2176 5776 ac
2204 5699 2281 5753 eis
2298 5700 2580 5770 praedicari
2616 5700 2839 5756 Verbum
2863 5701 2977 5757 Dei.
3000 5702 3154 5829 ξιιοᾱ
3180 5716 3500 5776 argumento

1994 5776 2025 5829 ἱ,
2049 5782 2163 5829 jam
2192 5784 2258 5824 eo
2300 5777 2540 5829 tempore
2585 5774 2935 5829 eoneionandi
2963 5789 2998 5829 o
3054 5777 3195 5829 cium
3240 5778 3294 5829 in
3328 5777 3496 5829 eccle-

1921 5776 2025 5850 εει,
2049 5774 2163 5853 jam
2192 5777 2540 5853 eontemponre
2562 5774 2939 5853 .eonciqnandi
2963 5774 3294 5853 ofﬁcium__in
3315 5777 3496 5853 recte-

1922 5843 2027 5977 g;
2066 5843 2378 5964 m3;gasticis
2432 5843 2687 5913 viguisse.
2761 5843 2959 5900 Mabill.
3018 5854 3148 5901 tom.
3205 5844 3247 5901 ll
3300 5844 3497 5902 Annal.
