4112 6606
631 433 735 492 667

1521 437 1586 493 Β.
1632 437 1695 493 F.
1736 434 1963 491 ALBlNl
1999 435 2129 492 SEU
2170 434 2451 493 ALCUlNl
2488 435 2777 495 OI’ERUM
2815 435 2995 493 PARS
3036 435 3099 499 Υ.

3847 441 3938 495 668

630 562 731 603 cas
764 546 1083 620 ignorantiae
1121 547 1377 603 tenebras
1405 564 1547 604 vene
1578 546 1703 603 ﬁdei
1744 547 1951 620 fulgore
1982 546 2083 621 [et]
2115 548 2235 620 glo-
2268 557 2311 610 Α
2341 553 2718 609 tantummodo
2744 553 3008 625 petitione
3046 556 3368 626 promeruit,
3397 572 3508 613 non
3538 556 3722 614 solum
3744 573 3774 612 a
3806 574 3938 630 prte-

632 641 782 697 rioso
810 637 1016 696 Christi
1044 640 1268 695 nomine
1316 638 1678 707 illustrarent,
1708 648 1769 693 ut
1802 640 1884 695 eis
1928 641 2244 695 ministran-

632 732 804 797 tibus,
830 730 990 803 longa
1036 732 1106 787 ab
1155 732 1310 787 initio
1355 730 1541 787 saeculi
1599 732 1810 788 esuries
1854 740 2074 788 aeterna:
2117 731 2243 787 vitae

626 822 804 895 epulis
854 824 1170 879 satiaretur.
1198 823 1277 880 De
1323 839 1558 894 quorum
1605 840 1832 880 numero
1882 834 2106 881 sanctus
2142 824 2241 879 Dei

625 916 889 971 sacerdos
915 914 1207 983 Vedastus,
1239 924 1297 972 et
1331 916 1657 988 praedicator
1681 916 1952 989 egregius,
1982 917 2241 988 tempori-

627 1007 732 1064 bus
760 1008 1046 1065 fortissimi
1091 1010 1234 1081 regis
1275 1017 1408 1065 tunc
1454 1011 1716 1080 temporis
1744 1008 2086 1066 Francorum
2115 1011 2242 1067 Clo-

626 1102 786 1157 dovei
818 1114 872 1168 0,
903 1101 961 1157 in
987 1101 1089 1157 has
1119 1102 1303 1157 divina
1340 1101 1608 1173 dirigente
1634 1102 1808 1173 gratia
1844 1101 1917 1157 ob
1943 1102 2240 1157 multorum

625 1193 859 1250 salutem
884 1194 1138 1265 pervenit
1165 1195 1450 1266 regiones;
1484 1202 1756 1265 quatenus
1784 1210 2037 1265 supernae
2070 1196 2243 1266 pieta-

626 1284 700 1341 tis
727 1284 981 1341 suffultus
1032 1286 1260 1349 auxilio,
1302 1285 1565 1356 populum
1599 1287 1865 1342 diabolica
1902 1284 2092 1343 fraude
2140 1288 2239 1342 de-

624 1385 868 1449 ceptum,
909 1385 967 1434 et
988 1393 1241 1434 errorum
1274 1378 1483 1450 laqueis
1527 1381 1806 1451 captivum
1842 1382 1899 1436 in
1934 1382 2079 1436 viam
2104 1381 2241 1437 diri-

624 1480 780 1544 geret
824 1471 1019 1529 salutis
1048 1482 1271 1528 :eternm
1306 1482 1364 1528 et
1397 1490 1573 1539 vene,
1615 1491 1735 1545 qum
1773 1474 1829 1530 in
1858 1474 2083 1531 Christo
2128 1484 2237 1544 est,

626 1563 866 1622 libertati
902 1566 1237 1623 restitueret.
1270 1566 1380 1623 Sed
1410 1576 1472 1622 ut
1501 1567 1607 1624 hoc
1655 1569 1998 1638 acceptabili,
2038 1585 2237 1625 secun-

623 1656 757 1714 dum
787 1657 1104 1731 Apostolum
1122 1700 1138 1725 ,
1166 1657 1324 1715 fieret
1362 1668 1630 1731 tempore,
1658 1661 1751 1731 qui
1779 1661 1859 1718 ait
1888 1681 1900 1715 :
1926 1661 2065 1717 Ecce
2098 1678 2238 1716 nunc

624 1761 835 1823 tempus
860 1753 1201 1824 acceptabile,
1224 1770 1342 1808 ecce
1367 1770 1504 1808 nunc
1523 1754 1636 1809 dies
1674 1753 1865 1809 salutis
1886 1752 1975 1826 (11
2000 1752 2124 1809 Cor.
2155 1770 2235 1819 vn,

2342 645 2485 699 senti
2528 647 2835 702 vastatione
2873 647 3152 704 civitatem
3190 664 3426 720 superna
3461 652 3807 722 protectione
3852 654 3941 711 de-

2339 736 2511 805 fendi,
2547 741 2644 797 sed
2687 741 2857 797 etiam
2900 742 2955 797 in
2982 742 3174 798 eadem
3211 751 3393 811 nocte,
3425 759 3532 814 qua
3558 761 3757 817 preces
3786 747 3843 802 in
3869 747 3942 806 di-

2340 827 2498 886 vinas
2552 831 2821 889 effuderat
2863 848 3060 900 aures,
3104 843 3324 890 centum
3378 838 3655 908 octoginta
3707 840 3943 911 quinque

2340 924 2509 979 millia
2561 926 2799 982 hostium
2852 926 3014 983 laetus
3069 936 3129 982 et
3182 926 3445 984 liberatus
3498 930 3678 985 occidi
3737 931 3944 990 viderat

2342 1013 2454 1088 (IV
2485 1015 2617 1089 Reg.
2650 1018 2805 1091 xxx)?

2411 1110 2521 1166 VII.
2564 1110 2695 1169 Haec
2721 1127 2852 1169 vero
2874 1114 3122 1182 victoria,
3150 1116 3218 1171 de
3240 1131 3347 1187 qua
3378 1125 3507 1172 ante
3542 1116 3811 1185 diximus,
3837 1120 3947 1191 regi

2337 1208 2645 1280 populoque
2677 1223 2779 1264 suo
2808 1224 2974 1265 causa
3010 1207 3117 1264 fuit
3164 1209 3361 1265 salutis
3407 1218 3649 1277 teternte,
3683 1220 3741 1265 et
3772 1224 3843 1265 ne
3871 1208 3948 1264 lu-

2338 1315 2528 1366 cerna,
2557 1307 2782 1356 sanctus
2807 1300 3057 1357 videlicet
3079 1299 3370 1366 Vedastus,
3399 1302 3501 1357 sub
3537 1302 3728 1358 modio
3759 1302 3949 1357 lateret

2339 1392 2718 1456 absconditus,
2746 1392 2842 1447 sed
2878 1407 3044 1462 supra
3074 1390 3464 1447 candelabrum
3495 1391 3739 1462 positus,
3768 1406 3949 1447 exem-

2337 1482 2442 1553 plis
2470 1483 2552 1537 vel
2579 1484 3053 1554 prtedicationibus
3080 1484 3136 1539 in
3163 1484 3324 1539 domo
3362 1481 3459 1538 Dei
3510 1482 3725 1547 lucens,
3760 1483 3833 1538 ab
3859 1496 3945 1538 er-

2339 1591 2465 1632 rore
2494 1577 2815 1633 idololatria:
2847 1585 2904 1633 et
2931 1577 3164 1650 caligine
3201 1576 3523 1649 ignorantia:
3551 1576 3606 1631 in
3636 1576 3788 1632 viam
3836 1576 3948 1647 plu-

2339 1671 2509 1726 rimos
2541 1671 2798 1727 educeret
2835 1670 3105 1726 veritatis.
3135 1669 3306 1742 Igitur
3355 1668 3628 1740 superatis
3672 1666 3945 1733 hostibus,

2337 1771 2395 1817 et
2424 1764 2587 1818 rebus
2613 1764 2669 1818 in
2698 1777 2834 1834 pace
2859 1762 3211 1834 compositis,
3236 1770 3293 1818 et
3328 1762 3648 1817 Alemannis
3680 1775 3799 1816 suae
3828 1761 3947 1816 sub-

623 1844 682 1915 2)
713 1860 730 1907 ;
757 1843 1018 1901 Dominus
1060 1843 1244 1914 Jesus,
1287 1847 1381 1917 qui
1411 1846 1526 1900 vult
1550 1861 1744 1902 omnes
1772 1847 2025 1903 homines
2052 1846 2235 1903 salvos
2330 1852 2495 1923 jectis
2548 1854 2762 1920 ditioni,
2811 1870 2911 1910 rex
2947 1868 3121 1909 ovans
3170 1868 3297 1909 cum
3352 1852 3512 1908 laude
3561 1851 3831 1922 triumphi
3879 1849 3946 1905 ad

626 1934 813 2009 fieri(f
840 1934 979 1992 Tim.
1002 1953 1068 2005 ιι,
1090 1936 1169 2010 4),
1188 1946 1590 2009 competentem
1612 1954 1718 1995 suo
1737 1937 1940 1994 famulo
1966 1938 2236 2011 praevide—
2267 1927 2313 1986 Β
2340 1948 2576 2019 patriam
2606 1948 2788 2004 rediit.
2818 1947 2888 2002 Et
2915 1955 2977 2001 ut
3011 1945 3188 2002 ﬁdelis
3234 1954 3402 2001 tanta;
3435 1945 3538 2001 sibi
3570 1944 3762 2016 gloria:
3792 1942 3949 2015 largi.

625 2029 978 2098 batcausam,
994 2030 1268 2102 quomodo
1282 2040 1584 2103 opportune
1609 2032 1677 2087 ad
1699 2032 2062 2087 ministerium
2085 2032 2239 2087 verbi

625 2119 724 2178 Dei
745 2123 1036 2194 pervenire
1068 2122 1350 2179 valuisset.

697 2211 786 2269 Vl.
837 2213 1081 2287 Contigit
1124 2230 1257 2271 vero
1304 2215 1592 2287 prmfatum
1654 2218 1995 2275 Francorum
2050 2236 2239 2293 regem

622 2305 959 2364 Clodoveum
981 2307 1299 2364 Alemannis
1325 2310 1466 2365 bella
1493 2309 1685 2383 [Boll.,
1701 2311 1928 2386 bellum]
1954 2313 2160 2372 inferre
2182 2315 2235 2383 δ,

621 2397 720 2469 qui
753 2406 883 2453 tunc
912 2399 1174 2470 temporis
1204 2414 1374 2471 regno
1411 2416 1514 2457 suo
1538 2417 1639 2473 per
1664 2417 1726 2457 se
1749 2403 1909 2474 potiti
1939 2412 2109 2459 sunt:
2137 2406 2239 2461 sed

622 2505 737 2548 non
774 2507 869 2547 eos
906 2492 981 2548 ita
1011 2492 1241 2549 offendit
1276 2493 1599 2565 imparatos,
1630 2503 1690 2551 ut
1720 2497 1909 2552 voluit.
1942 2496 2081 2553 Nam
2127 2498 2239 2555 for-

625 2582 841 2639 tissima
868 2582 1099 2641 collecta
1129 2600 1294 2639 manu
1315 2625 1331 2651 ,
1369 2587 1483 2657 regi
1515 2585 1663 2643 circa
1691 2588 1838 2659 ripas
1868 2587 2045 2644 Rheni
2078 2588 2237 2662 165

620 2673 867 2732 fluminis
913 2675 1273 2731 obviaverunt
1318 2678 1634 2746 unanimes,
1665 2679 1858 2736 bellica
1906 2681 2109 2737 virtute
2141 2698 2240 2752 pa-

624 2768 790 2823 triam
818 2766 1130 2834 defendere,
1161 2768 1243 2824 vel
1287 2768 1460 2826 libera
1509 2788 1672 2826 manu
1701 2789 1802 2845 pro
1842 2773 2021 2845 patria
2050 2776 2191 2829 mori
2219 2793 2235 2841 ;

621 2868 687 2916 et
713 2859 1010 2916 fortissime
1034 2862 1294 2933 utrinque
1323 2862 1660 2919 decertatum
1687 2872 1774 2922 est
1800 2884 1815 2921 :
1843 2867 1923 2933 hi,
1950 2883 2021 2923 ne
2046 2868 2239 2923 trium-

623 2951 719 3023 phi
759 2951 1020 3023 gloriam;
1061 2952 1157 3019 illi,
1189 2969 1259 3009 ne
1293 2954 1484 3026 patriae
1530 2958 1829 3027 perderent
1870 2957 2006 3031 ML,
2041 2960 2240 3030 prode-

624 3042 772 3115 rent]
799 3043 1124 3111 libertatem,
1141 3044 1197 3098 in
1222 3054 1464 3101 mutuam
1487 3058 1808 3106 corruentes
1822 3051 2043 3107 aedem.
2069 3051 2239 3124 Igitur

625 3150 724 3192 rex
752 3136 923 3191 nimio
961 3136 1208 3193 turbatus
1237 3147 1469 3206 terrore,
1506 3140 1637 3195 dum
1678 3140 1932 3199 inimicos
1966 3143 2103 3199 vidit
2130 3144 2238 3199 for-

624 3227 756 3283 titer
803 3243 1065 3299 pugnare,
1098 3236 1156 3284 et
1182 3244 1313 3284 suos
1343 3245 1482 3302 pene
1509 3232 1578 3287 ad
1607 3232 2039 3291 internecionem
2068 3236 2232 3303 vinci,

626 3320 805 3393 magis
848 3322 1016 3392 coepit
1039 3323 1109 3377 de
1150 3294 1655 3395 salutedesperare
1695 3343 1861 3397 quam
1893 3330 1961 3384 de
2003 3294 2236 3388 victoria
2262 3294 2311 3358 Ο

625 3426 871 3484 sperare.
898 3413 1013 3469 Etsi
1046 3423 1228 3469 autem
1265 3417 1495 3471 necdum
1524 3417 1803 3475 voluntate
1839 3429 2065 3477 renatus
2091 3433 2241 3481 esset

629 3510 689 3563 in
740 3503 980 3572 Christo,
1024 3516 1205 3563 tamen
1259 3512 1588 3567 necessitate
1632 3523 1879 3585 cogente,
1928 3517 1997 3572 ad
2034 3516 2240 3574 Christi

624 3597 872 3671 confugit
918 3600 1201 3657 auxilium.
1240 3603 1311 3658 Et
1336 3604 1466 3675 quia
1494 3606 1740 3677 reginam
1787 3607 1982 3663 habuit
2020 3611 2243 3683 religio-

626 3703 751 3746 sam
775 3730 791 3754 ,
832 3690 1197 3765 baptismique
1247 3697 1609 3752 sacramentis
1663 3698 1965 3767 initiatam,
2019 3703 2241 3758 nomine

627 3778 898 3837 Clotilden
930 3794 979 3849 ο,
1010 3785 1197 3840 oculos
1227 3802 1350 3841 cum
1380 3786 1485 3842 hac
1512 3802 1645 3843 voce
1680 3789 1749 3844 ad
1777 3790 1980 3846 coelum
2009 3791 2236 3848 levavit:

628 3868 677 3925 0
703 3869 847 3927 Deus
873 3875 1048 3929 unicce
1072 3878 1381 3945 potestatis,
1403 3888 1461 3933 et
1478 3894 1705 3934 summa:
1729 3880 2053 3949 majestatis,
2078 3900 2240 3955 quem

629 3966 819 4037 regina
845 3965 1090 4024 Clotildis
1125 3970 1275 4037 colit,
1311 3972 1605 4028 confitetur
1645 3981 1703 4029 et
1738 3975 1932 4031 adorat
1960 3995 1973 4031 :
2002 3979 2243 4034 concede

630 4057 768 4113 mihi
796 4057 957 4115 hodie
991 4060 1058 4117 de
1092 4062 1331 4120 inimicis
1355 4064 1494 4120 meis
1521 4064 1829 4120 victoriam.
1876 4066 2009 4122 Nam
2039 4084 2108 4124 ex
2138 4069 2243 4125 hac

631 4148 722 4205 die
755 4158 811 4205 tu
839 4150 987 4208 solus
1038 4154 1168 4209 mihi
1199 4155 1310 4211 eris
1355 4155 1522 4221 Deus,
1548 4163 1603 4211 et
1634 4159 1945 4213 veneranda
1979 4168 2239 4230 potestas.

633 4241 717 4298 Tu
764 4243 899 4301 mihi
950 4246 1281 4317 triumphum
1330 4260 1561 4319 praesta,
1592 4260 1647 4305 et
1677 4266 1779 4322 ego
1813 4251 1905 4307 tibi
1956 4252 2243 4307 servitium

632 4336 895 4407 promitto
918 4338 1332 4409 sempiternum.
1362 4339 1484 4396 Mox
1509 4342 1696 4397 divina
1732 4352 1993 4413 operante
2020 4345 2239 4414 pietate,

634 4439 789 4500 terga
850 4438 1135 4487 verterunt
1177 4432 1489 4500 Alemanni,
1541 4434 1773 4491 victoria
1822 4440 1991 4493 cessit
2036 4440 2152 4511 regi
2188 4449 2245 4494 et

634 4520 884 4577 Francis.
913 4522 960 4578 Ο
980 4524 1121 4580 mira
1156 4526 1547 4597 omnipotentis
1573 4527 1665 4582 Dei
1692 4529 2013 4585 clementia!
2040 4530 2085 4587 Ο
2112 4531 2245 4587 inef-

2341 2039 2446 2093 tori
2493 2052 2729 2109 sponsor
2754 2046 3067 2109 appareret,
3098 2034 3379 2092 festinavit
3408 2050 3699 2091 servorum
3743 2030 3943 2089 Christi

2339 2144 2497 2187 sacra
2525 2129 2692 2185 imbui
2712 2128 3122 2200 pnedicatione,
3145 2134 3202 2183 et
3222 2127 3399 2183 sancti
3420 2125 3773 2198 baptismatis
3803 2122 3942 2179 ablui

2340 2223 2719 2280 sacramentis.
2777 2220 2939 2279 Venit
2996 2230 3185 2276 autem
3230 2222 3299 2276 ad
3355 2218 3627 2275 Tullumd
3661 2218 3940 2291 oppidum,

2339 2314 2434 2370 ubi
2485 2322 2737 2370 sanctum
2778 2313 2999 2385 agnovit
3030 2311 3326 2367 Vedastum
3377 2309 3634 2367 laudabili
3687 2307 3941 2381 religione

2339 2407 2441 2465 soli
2470 2406 2685 2462 servire
2704 2405 2840 2472 Deo,
2867 2413 2924 2460 et
2971 2404 3317 2461 dulcissimos
3351 2403 3793 2475 mntemplativa:
3822 2402 3941 2456 vita:

2339 2513 2567 2569 carpere
2600 2496 2829 2551 fructus.
2869 2495 3025 2551 Hunc
3053 2510 3184 2551 vero
3220 2495 3290 2551 ad
3330 2503 3587 2551 sanctum
3634 2492 3939 2565 Remigium

2338 2588 2544 2645 Christi
2573 2588 2938 2644 clarissimum
2967 2586 3331 2655 sacerdotem,
3355 2587 3425 2641 ad
3454 2585 3794 2641 Rhemorum
3820 2596 3941 2655 pro-

2340 2692 2539 2750 perans
2569 2677 2871 2744 civitatem,
2904 2676 3008 2732 sibi
3055 2677 3265 2732 socium
3307 2676 3607 2747 assumpsit
3634 2692 3647 2727 :
3676 2682 3939 2744 quatenus

2338 2785 2439 2841 per
2466 2768 2708 2841 singulos
2757 2768 2973 2825 itineris
3002 2769 3087 2825 sui
3123 2785 3345 2841 gressus
3371 2767 3749 2826 saluberrimis
3782 2766 3850 2821 ab
3876 2778 3940 2820 eo

2341 2861 2678 2918 imbueretur
2719 2861 3007 2929 doctrinis,
3042 2870 3101 2917 et
3142 2860 3425 2917 catholicae
3472 2858 3599 2915 fidei
3638 2856 3815 2914 firmis
3841 2854 3943 2913 ini-

2342 2954 2570 3010 tiaretur
2615 2952 3026 3009 fundamentis:
3050 2960 3111 3008 ut
3161 2960 3385 3024 paratus
3437 2951 3544 3007 fide
3580 2959 3637 3006 et
3681 2950 3938 3005 virtutum

2340 3046 2593 3110 scientia,
2621 3061 2650 3100 a
2680 3050 2833 3099 tanto
2860 3043 3120 3116 pontifice
3154 3042 3425 3115 spirituali
3460 3041 3777 3098 ablueretur
3798 3038 3940 3094 lava-

2339 3156 2454 3204 cro,
2478 3149 2533 3195 et
2559 3140 2627 3194 ab
2664 3138 2756 3193 illo
2783 3138 2941 3193 donis
2977 3136 3290 3192 caelestibus
3324 3133 3769 3198 confirmaretur,
3804 3131 3939 3203 quod

2344 3232 2415 3288 ab
2453 3233 2577 3298 isto,
2609 3231 2790 3286 divina
2836 3230 2991 3302 prius
3036 3228 3405 3301 praeveniente
3446 3226 3625 3300 gratia
3675 3224 3811 3299 [Αι.,
3837 3223 3938 3279 cle-

2343 3323 2596 3398 mentia],
2621 3322 2953 3395 evangelicis
2973 3330 3216 3393 ereptum
3243 3319 3424 3376 fuerat
3444 3315 3934 3391 prmdicationibus.

2340 3418 2441 3474 llic
2469 3417 2537 3471 ad
2576 3416 2781 3472 fontem
2825 3415 2953 3471 vitae
2990 3413 3345 3470 festinantem
3371 3409 3681 3467 deducebat
3725 3422 3934 3479 regem;

2340 3510 2431 3566 ille
2449 3510 2503 3565 in
2528 3508 2677 3565 fonte
2698 3507 2889 3564 salutis
2906 3516 3123 3563 aeternae
3143 3505 3453 3561 venientem
3474 3502 3750 3558 abluebat.
3774 3499 3937 3555 Ambo

2340 3604 2732 3676 propemodum
2758 3601 2879 3673 pari
2906 3601 3108 3672 pietate
3146 3598 3320 3671 patris
3347 3594 3559 3671 [Fort¢,
3585 3592 3797 3667 patres]
3822 3592 3938 3646 :hic

2342 3696 2591 3753 doctrina
2620 3695 2768 3761 fidei,
2800 3693 2889 3748 ille
2914 3691 3258 3764 baptismatis
3286 3691 3432 3745 unda
3458 3708 3472 3744 :
3497 3689 3714 3760 utrique
3743 3696 3938 3743 :eterno

2343 3788 2457 3859 regi
2484 3802 2668 3859 regem
2696 3782 3055 3855 temporalem
3098 3798 3297 3839 munus
3334 3779 3653 3837 obtulerunt
3696 3788 3940 3849 accepta-

2342 3881 2470 3936 bile.
2502 3880 2569 3935 lli
2595 3886 2724 3935 sunt
2748 3877 2869 3934 dum
2909 3877 3067 3932 olivze
3107 3886 3163 3932 et
3196 3873 3306 3931 duo
3335 3874 3663 3929 candelabra
3704 3870 3935 3928 lucentia

2346 3973 2536 4048 (Zach.
2560 3988 2640 4039 1v,
2665 3970 2721 4044 3)
2739 4013 2755 4037 ,
2781 3986 2811 4025 a
2842 3968 3041 4041 quibus
3068 3983 3162 4023 rex
3193 3964 3454 4038 praefatus
3483 3965 3538 4020 in
3561 3964 3649 4019 via
3684 3962 3782 4019 Dei
3823 3976 3940 4016 eru-

2344 4068 2511 4134 ditus,
2538 4067 2838 4122 miserante
2866 4062 2997 4127 Deo,
3029 4069 3244 4133 portam
3274 4066 3552 4132 perpetua:
3580 4057 3720 4113 lucis
3741 4058 3939 4127 ingres-

2345 4176 2460 4227 sus,
2488 4174 2614 4215 cum
2641 4156 2940 4213 fortissima
2971 4162 3134 4227 gente
3163 4150 3500 4208 Francorum
3534 4150 3768 4206 credidit
3792 4148 3938 4203 Chri-

2345 4262 2431 4310 sto
2457 4272 2470 4308 :
2493 4260 2550 4309 et
2595 4250 2740 4307 facta
2768 4258 2855 4307 est
2882 4265 3016 4322 gens
3044 4256 3230 4303 sancta
3249 4288 3264 4313 ,
3290 4245 3522 4317 populus
3568 4242 3938 4313 acquisitionis

2346 4346 2400 4419 (I
2423 4345 2571 4401 Patr.
2605 4362 2667 4409 ιι,
2700 4343 2780 4416 9),
2804 4352 2866 4397 ut
2912 4342 3306 4398 annuntientur
3338 4341 3391 4394 in
3422 4355 3488 4395 eo
3534 4339 3767 4393 virtutes
3804 4336 3935 4392 illius

2346 4441 2437 4511 qui
2455 4455 2551 4495 eos
2572 4438 2638 4495 de
2667 4437 2908 4492 tenebris
2928 4435 3142 4491 vocavit
3165 4435 3220 4489 in
3241 4432 3560 4488 admirabile
3572 4431 3751 4486 lumen
3767 4444 3931 4486 suum.

2980 4545 3212 4603 CAPUT
3248 4544 3311 4600 II.

633 4614 822 4671 fabiiis
872 4615 1110 4684 bonitas,
1138 4619 1228 4687 qui
1271 4620 1354 4674 sic
1390 4622 1614 4676 exaudit
1658 4632 1715 4676 et
1761 4640 2039 4695 nunquam
2080 4628 2240 4681 dere-

2352 4642 2613 4698 Miracula
2639 4652 2687 4696 et
2720 4642 2934 4697 virtutes
2973 4640 3145 4726 sancti
3174 4637 3415 4721 Vedasti.
3455 4637 3760 4708 Baptismus
3790 4637 3934 4693 Chlo-

634 4708 833 4780 linquit
857 4720 1142 4780 sperantes
1170 4713 1223 4767 iu
1253 4715 1343 4770 se!
1380 4714 1595 4782 Quanta
1624 4716 1728 4773 fide
1757 4718 2056 4774 Christiani
2099 4720 2243 4777 illius

635 4804 1072 4863 misericordiam
1121 4807 1379 4864 invocare
1428 4810 1647 4873 debent,
1678 4811 1806 4864 dum
1851 4828 2095 4883 paganus
2146 4830 2243 4868 rex

634 4893 707 4951 θοι
730 4897 892 4951 unius
912 4898 1091 4967 procis
1111 4897 1366 4955 effectum
1390 4908 1599 4955 tantam
1616 4903 1921 4971 promeruit
1938 4903 2241 4958 victoriam.

634 4987 738 5043 Cui
764 5003 835 5043 ex
862 4989 1106 5060 antiquis
1129 4990 1290 5058 hujus
1310 4990 1511 5046 divinae
1533 4993 1755 5062 pietatis
1781 4996 2072 5065 adatquarc
2096 4997 2247 5050 auxi-

633 5080 771 5136 lium
805 5082 1085 5148 debemus,
1115 5084 1207 5153 qui
1237 5084 1309 5138 ob
1343 5084 1506 5139 unius
1535 5086 1795 5139 momenti
1832 5086 2100 5157 lacrymas
2132 5098 2241 5142 tam

637 5172 910 5227 celebrem
962 5182 1194 5230 venturo
1235 5190 1337 5231 suo
1384 5192 1545 5231 servo
1592 5178 1827 5233 contulit
1873 5178 2243 5249 triumphum;

639 5266 747 5320 nisi
776 5265 1023 5320 Ezechize
1050 5266 1186 5337 regi,
1223 5268 1314 5339 qui
1355 5269 1410 5323 in
1451 5271 1703 5340 angustia
1738 5270 2101 5325 tribulationis
2137 5288 2245 5326 una

712 5438 740 5465 ι
779 5423 1049 5491 Clodovei,
1073 5425 1168 5496 qui
1196 5426 1483 5495 imperavit
1526 5441 1557 5480 a
1591 5423 1696 5479 fine
1725 5424 1851 5477 anni
1890 5422 1985 5478 i79
2015 5424 2087 5478 ad
2114 5422 2242 5489 509,

639 5512 752 5568 quo
785 5497 923 5568 obiit
946 5497 1013 5552 27
1046 5496 1177 5552 Nov.
1205 5496 1555 5568 Benacus.

716 5568 745 5608 δ
783 5566 1088 5622 Alemannis
1131 5567 1266 5622 bella
1296 5568 1513 5637 inferre.
1559 5567 1634 5621 De
1678 5566 1783 5637 hoc
1825 5564 2079 5620 Clodovei
2112 5580 2236 5637 etim

637 5640 958 5696 Alemannis
978 5638 1119 5695 bello
1148 5648 1314 5710 agunt
1336 5640 1499 5710 Greg.
1532 5638 1737 5692 Turon.
1766 5636 1951 5710 lib.u,
1984 5652 2108 5705 cap,
2130 5636 2235 5699 '50;

640 5656 958 5696 Alemannis
979 5656 1119 5695 neno
1148 5656 1314 5710 agunt
1336 5656 1445 5693 ure
1488 5679 1499 5692 .
1533 5656 1737 5692 ‘iuron.
1767 5656 1858 5690 ιιι).
1891 5656 1951 5701 ιι,
1984 5656 2108 5705 cap,
2131 5656 2235 5699 ou;

640 5710 926 5766 Aimoinus
953 5710 1051 5765 lib.
1079 5727 1123 5771 I,
1149 5726 1269 5780 cap.
1304 5710 1403 5775 15;
1437 5656 1759 5764 ﬁincmarus
1782 5707 1987 5780 aliique
2010 5709 2239 5780 scripto-

642 5799 753 5838 res.
780 5781 1007 5837 Gestum
1059 5783 1112 5837 id
1141 5777 1232 5836 est
1252 5798 1395 5837 anno
1425 5782 1571 5850 regni
1596 5780 1713 5849 ejus
1745 5779 1830 5840 l5,
1863 5777 2066 5832 Christi
2110 5777 2234 5850 illi.

644 5853 998 5908 liccentiercs
1030 5854 1323 5919 scriptores
1364 5849 1609 5919 pra-lium
1655 5852 1756 5903 hoc
1794 5851 2072 5919 assignant
2114 5849 2238 5902 'l‘ul-

648 5926 824 5993 piaco,
851 5924 1008 5997 vulgo
1031 5920 1258 5988 Zuffirh,
1283 5920 1380 5978 sed
1403 5924 1582 5978 verius
1612 5922 1701 5976 alii
1731 5920 2238 5993 rreduntAlcntau-

2979 4712 3130 4766 dovei
3152 4710 3309 4780 regis.

2421 4806 2553 4862 VIII.
2595 4806 2766 4861 Sacra
2807 4804 2975 4877 igitur
3015 4800 3342 4872 evangelica:
3389 4800 3731 4857 auctoritatis
3760 4805 3935 4857 narrat

2351 4898 2617 4963 historia,
2667 4897 2958 4951 Dominum
3008 4892 3196 4947 Iesum
3246 4891 3467 4946 Jericho
3517 4902 3831 4963 pergentem
3872 4891 3933 4947 ad

2350 4990 2722 5047 confirmanda
2769 4988 2875 5044 fide
2904 5003 3017 5042 sum
3052 4984 3355 5053 maiestatis
3398 4986 3565 5040 corda
3598 4986 3780 5056 populi
3810 5000 3933 5055 pne-

2350 5083 2540 5147 sentis,
2555 5080 2774 5136 cuidam
2797 5096 2946 5134 czrco
2967 5078 3034 5132 ad
3064 5094 3122 5133 se
3151 5077 3411 5131 clamanti
3440 5076 3620 5131 lumen
3652 5076 3934 5131 reddidisse

2346 5174 2629 5229 oculorum
2670 5171 2824 5244 (Luc.
2851 5170 3059 5239 xvm,),
3088 5178 3149 5223 ut
3177 5186 3275 5239 per
3304 5170 3589 5240 corporale
3615 5172 3775 5225 unius
3803 5171 3933 5226 illius

2352 5268 2514 5339 166
2545 5265 2676 5322 caeci
2723 5265 2905 5320 lumen
2942 5263 3303 5335 spiritualitrr
3348 5264 3641 5319 multorum
3673 5264 3932 5319 illumina-

2347 5436 2447 5475 nos
2474 5418 2649 5474 victos
2690 5417 2859 5473 fuisse
2903 5417 3052 5472 circa
3088 5415 3534 5489 Argentoratum.
3583 5417 3705 5472 \‘id.
3735 5418 3934 5473 Bollan-

2348 5492 2475 5546 dum
2506 5491 2563 5544 in
2591 5491 2736 5544 hunc
2756 5490 2957 5544 locum.
3765 5506 3792 5533 ο

2418 5574 2442 5601 ο
2485 5559 2767 5615 Clotilden.
2800 5560 2860 5614 S.
2890 5558 3157 5623 Clotildis,
3182 5558 3306 5613 aliis
3330 5555 3636 5625 Chlotildis,
3664 5558 3929 5625 Crotildis,

2344 5632 2567 5696 Hlotild,
2586 5630 2812 5695 Rothilt,
2828 5631 3121 5693 Rothildis,
3151 5626 3352 5685 colitur
3379 5631 3413 5683 5
3435 5628 3602 5685 Junii.

2411 5704 2440 5744 ἀ
2488 5701 2637 5757 Venit
2660 5702 2731 5755 ad
2761 5698 2971 5772 Tullum
3002 5700 3271 5772 oppidum.
3325 5700 3541 5755 Tullum
3568 5702 3699 5772 urbs
3724 5711 3811 5756 est
3834 5700 3933 5772 epi-

2342 5773 2576 5845 sc0palis
2623 5773 2692 5827 ad
2736 5771 3037 5845 Mosellam,
3076 5772 3179 5845 ubi
3214 5787 3315 5845 rex
3352 5781 3601 5845 sanctum
3648 5771 3930 5845 Yedastum

2343 5841 2593 5917 agnovit,
2618 5844 2992 5917 comitemque
3008 5842 3091 5897 sui
3116 5841 3347 5898 adscivit
3377 5844 3608 5911 itineris,
3643 5844 3822 5915 inquit
3848 5844 3927 5899 Ai-

2346 5914 2557 5972 nioinus
2584 5916 2675 5971 lib.
2716 5932 2755 5981 ι,
2790 5931 2908 5985 cap.
2946 5914 3027 5969 lii.
