4112 6640
328 571 432 634 669

1305 574 1894 634 HAGIOGRAPIHCA.
1936 609 2008 618 —
2043 578 2206 635 ViTA
2246 580 2305 638 S.
2350 581 2670 641 VEDASTI.

3519 586 3624 647 670

327 701 518 761 rentur
544 700 785 764 pectora.
814 691 895 748 lta
922 700 979 748 et
997 699 1220 748 sanctus
1240 692 1525 758 Vcdastus,
1557 692 1668 749 Deo
1696 694 1914 750 Christo
1941 698 1989 756 Α
2017 695 2333 755 ablueretur
2371 698 2540 757 fonte.
2598 699 2734 758 Cum
2766 717 2875 775 quo
2904 702 3215 776 aliquantis
3242 712 3486 762 moratus
3533 714 3621 762 est

327 784 578 850 donante,
623 798 723 856 per
772 782 1054 853 cujusdam
1093 783 1544 839 illuminationem
1570 786 1722 852 caici,
1759 783 1923 841 ﬁdem

325 893 493 950 quam
530 879 698 936 verbo
741 878 1099 950 praedicavit,
1148 878 1203 933 in
1247 879 1414 934 corde
1464 880 1608 952 regis
1655 880 1922 936 miraculo

324 971 668 1029 conﬁrmavit
692 990 707 1028 ;
733 981 793 1026 ut
823 986 919 1027 rex
947 972 1061 1042 ipse
1105 970 1468 1043 intelligeret,
1498 981 1611 1028 tam
1652 972 1755 1029 sibi
1800 988 1922 1029 esse

323 1066 695 1130 necessarium
740 1067 922 1121 cordis
970 1064 1187 1130 lumen,
1238 1081 1401 1137 quam
1444 1068 1591 1122 creet)
1636 1067 1919 1123 oculorum

323 1155 744 1215 illustrationem
769 1172 782 1212 :
808 1168 863 1213 et
883 1158 1028 1229 quod
1060 1159 1239 1213 divina
1261 1166 1487 1229 operata
1512 1168 1595 1214 est
1620 1160 1796 1231 gratia
1822 1175 1921 1230 per

321 1268 516 1326 preces
563 1252 749 1308 famuli
787 1253 872 1307 sui
913 1254 966 1307 in
1005 1253 1178 1309 oculis
1223 1268 1366 1309 caeca
1397 1263 1554 1309 nocte
1600 1254 1913 1325 castigatis;

322 1343 431 1402 hoc
452 1359 551 1417 per
576 1360 858 1401 sermones
902 1346 1145 1417 ejusdem
1189 1346 1402 1411 famuli,
1439 1347 1628 1401 eadem
1658 1355 1920 1417 operante

321 1436 585 1509 potentia,
623 1452 722 1509 per
749 1437 1049 1508 spiritualis
1079 1437 1491 1509 intelligentiam
1541 1437 1678 1494 lucis
1720 1439 1775 1493 in
1819 1454 1919 1495 suo

319 1537 543 1600 pectore
579 1528 954 1601 perﬁceretur.
998 1527 1135 1585 Nam
1184 1528 1360 1602 [dum]
1405 1530 1551 1601 regia
1592 1529 1917 1587 excellentia

320 1621 592 1693 eondigno
637 1623 899 1677 comitatu
930 1637 1054 1676 cum
1095 1621 1447 1677 multitudine
1490 1622 1728 1677 maxima
1764 1620 1915 1695 [iret]

318 1712 527 1786 populi,
560 1713 665 1770 iter
711 1714 997 1785 agentibus
1042 1713 1149 1769 illis
1173 1754 1188 1781 ,
1217 1722 1486 1769 venerunt
1522 1714 1580 1769 in
1625 1714 1917 1785 quemdam

317 1819 540 1876 pagum,
566 1804 659 1875 qui
683 1803 985 1859 incolarum
1012 1813 1172 1859 terrae
1193 1804 1337 1859 illius
1356 1804 1747 1861 consuetudine
1771 1805 1917 1863 Vun-

317 1897 435 1969 gise
462 1908 490 1938 ι
515 1912 687 1969 pagus
707 1897 923 1961 dicitur,
948 1912 1118 1968 prope
1142 1896 1490 1967 Reguliacam
1512 1897 1542 1937 δ
1565 1896 1769 1964 villam,
1795 1911 1917 1969 quae

316 1989 422 2045 sita
469 1996 555 2044 est
598 2002 762 2061 super
806 1987 1090 2059 ﬂorigcras
1134 1987 1339 2043 Axona:
1379 1986 1618 2043 ﬂuminis
1647 1988 1813 2059 ripas.
1847 1986 1916 2042 Et

2023 787 2235 860 diebus,
2268 800 2330 848 ut
2362 793 2746 852 ecclesiasticis
2775 794 3118 855 satisfaceret
3144 798 3537 867 sanctionibus,
3565 806 3625 855 et

2020 883 2360 951 poenitentia:
2388 887 2688 942 secundum
2716 887 3070 959 apostolicum
3112 896 3441 961 prmceptum
3470 890 3624 963 prius

2022 971 2337 1029 ablueretur
2386 975 2665 1048 lacrymis,
2698 978 2914 1036 dicente
2962 980 3123 1037 beato
3166 980 3327 1037 Petro
3370 982 3622 1056 principe

2021 1064 2391 1133 apostolorum
2416 1084 2429 1119 :
2456 1066 2831 1127 Paenitentiam
2858 1075 3019 1145 agite,
3052 1084 3101 1128 et
3139 1074 3431 1148 baptizetur
3458 1092 3623 1132 unus-

2018 1155 2236 1229 quisque
2261 1162 2569 1215 vestrumin
2593 1163 2803 1217 nomine
2840 1163 2971 1219 Iesu
3003 1162 3199 1220 Christi
3222 1164 3359 1239 (Act.
3390 1182 3451 1232 Il,
3483 1165 3576 1240 '58)
3601 1181 3618 1223 :

2020 1255 2076 1301 et
2105 1246 2233 1322 [sic]
2262 1249 2315 1304 in
2343 1250 2564 1307 nomine
2588 1261 2793 1309 sancta:
2811 1254 3093 1311 Trinitatis
3116 1254 3356 1312 caelestis
3375 1254 3624 1329 mysterii

2018 1339 2286 1410 baptisma
2333 1342 2655 1415 susciperet.
2726 1343 2918 1402 Sciens
2960 1363 3093 1403 vero
3141 1348 3336 1404 beatus
3374 1344 3623 1419 pontifex

2019 1432 2322 1501 apostolum
2350 1434 2530 1491 dicere
2556 1436 2784 1493 Paulum
2810 1457 2824 1493 :
2849 1437 3044 1495 Omnia
3073 1450 3245 1495 vestra
3266 1442 3481 1496 honeste
3500 1454 3623 1495 cum

2021 1523 2204 1577 ordine
2232 1522 2365 1593 ﬁant
2398 1522 2452 1597 (Ι
2476 1522 2601 1579 Cor.
2630 1541 2747 1594 xw,
2776 1526 2869 1597 40)
2892 1547 2905 1583 :
2930 1530 3122 1584 statuit
3147 1529 3281 1602 [Αι.,
3313 1526 3618 1602 constituit]

2021 1614 2163 1671 diem
2197 1615 2246 1683 ἀ,
2279 1632 2389 1687 quo
2430 1632 2525 1672 rex
2572 1619 2859 1675 ecclesiam
2904 1620 3137 1675 intraret
3171 1621 3240 1677 ad
3270 1620 3619 1693 suscipienda

2019 1708 2216 1764 divinae
2256 1710 2476 1779 pietatis
2505 1720 2868 1767 sacramenta.
2912 1712 3083 1780 Quale
3122 1712 3224 1768 fuit
3256 1724 3385 1769 tunc
3411 1713 3620 1770 sanctis

2018 1800 2113 1856 Dei
2140 1801 2422 1874 gaudium,
2446 1802 2623 1873 qualis
2652 1803 2706 1857 in
2730 1803 2972 1861 Ecclesia
3014 1805 3218 1862 Christi
3247 1806 3461 1873 laetitia,
3490 1822 3616 1864 cum

2017 1892 2266 1949 viderent
2312 1909 2494 1967 regem
2544 1894 2739 1951 Ninive
2782 1898 2850 1952 ad
2900 1897 3344 1968 praedicationem
3368 1896 3522 1955 Jonai
3549 1898 3621 1955 de

2017 1984 2155 2041 solio
2183 1982 2485 2054 majestatis
2504 2002 2616 2042 suae
2641 1988 3013 2055 descendisse,
3036 2001 3093 2046 et
3121 1991 3175 2044 in
3205 1993 3389 2047 cinere
3414 1991 3623 2049 sedisse

317 2095 447 2137 ecce
489 2078 733 2151 ejusdem
766 2079 1005 2134 ﬂuminis
1033 2089 1256 2150 pontem
1285 2094 1413 2151 rege
1446 2087 1761 2135 transeunte
1789 2094 1913 2135 cum
1947 2067 1991 2126 Β
2017 2080 2370 2149 paenitentiae,
2399 2088 2455 2136 et
2486 2082 2586 2137 sub
2628 2082 2717 2155 pia
2763 2082 2860 2138 Dei
2912 2084 3211 2140 sacerdotis
3235 2084 3463 2141 dextera
3506 2102 3620 2141 sua:

315 2171 661 2228 multitudine
693 2170 896 2242 populi,
919 2172 1161 2226 obviavit
1188 2171 1265 2226 illi
1292 2187 1472 2228 camus
1500 2172 1723 2243 quidam
1751 2170 1914 2240 hujus

316 2263 620 2320 diutissime
667 2263 862 2319 solaris
913 2278 1111 2333 expers
1160 2262 1433 2319 luminis:
1472 2262 1613 2320 forte
1662 2278 1764 2321 nec
1814 2280 1913 2320 sua

315 2363 552 2411 emeatus
597 2354 775 2427 culpa,
804 2356 900 2411 sed
927 2363 987 2409 ut
1013 2353 1499 2410 manifestarentur
1527 2371 1694 2426 opera
1723 2355 1819 2410 Dei
1858 2356 1913 2412 in

316 2449 431 2517 illo,
460 2457 515 2505 et
560 2467 659 2522 per
707 2450 853 2505 illius
900 2449 1351 2505 illuminationem
1379 2458 1706 2521 praesentem
1740 2449 1911 2521 pluri-

314 2561 531 2603 morum
576 2545 1017 2601 illuminarentur
1050 2544 1215 2600 corda
1251 2543 1628 2614 spiritualiter.
1655 2542 1759 2611 Qui
1788 2560 1912 2600 eum

314 2639 673 2697 intellexisset
710 2655 742 2694 a
784 2637 1261 2710 praetereuntibus,
1312 2647 1561 2694 sanetum
1618 2636 1912 2693 Vedastum

314 2727 517 2789 Christi
546 2746 765 2787 servum
787 2730 843 2785 in
871 2729 1061 2786 eodem
1084 2729 1189 2787 iter
1213 2745 1377 2801 agere
1399 2729 1684 2795 comitatu,
1710 2728 1915 2785 clama-

316 2822 436 2880 vit:
459 2821 660 2880 Sancte
689 2830 744 2877 et
769 2822 945 2877 electe
970 2821 1081 2877 Deo
1110 2821 1345 2878 Vedaste
1362 2862 1378 2886 ,
1408 2819 1670 2875 miserere
1698 2818 1830 2885 mei,
1858 2826 1914 2875 et

315 2930 613 2987 supernam
642 2915 731 2987 pio
753 2923 974 2986 pectore
997 2914 1311 2985 diligentius
1340 2913 1573 2984 deposce
1587 2912 1912 2982 potentiam,

315 3017 380 3066 ut
418 3024 555 3065 mea:
594 3008 883 3066 subveniat
925 3005 1179 3064 miseriae.
1230 3005 1349 3061 Non
1379 3019 1574 3059 aurum
1603 3018 1787 3074 posco,
1813 3018 1915 3058 nec

317 3110 629 3175 argentum,
659 3101 754 3157 sed
794 3110 854 3156 ut
900 3100 1035 3155 mihi
1080 3100 1264 3154 lumen
1312 3114 1414 3169 per
1457 3097 1763 3154 sanctitatis
1809 3106 1916 3155 tua:

312 3210 509 3270 preces
536 3196 790 3253 restituat
816 3194 1121 3252 oculorum.
1155 3192 1339 3250 Sensit
1359 3194 1542 3263 itaque
1565 3192 1653 3248 vir
1682 3191 1778 3248 Dei
1804 3192 1915 3247 vir-

317 3294 494 3345 tutem
521 3289 625 3345 sibi
656 3289 851 3345 adesse
877 3303 1173 3360 supernam
1201 3306 1214 3342 :
1239 3302 1347 3342 non
1373 3288 1443 3343 ob
1474 3285 1619 3342 illius
1642 3284 1773 3342 eteci
1793 3291 1916 3340 tan-

316 3382 619 3449 tummodo,
632 3380 727 3438 sed
746 3379 869 3452 plus
887 3388 1110 3452 prepter
1123 3378 1410 3450 praesentis
1430 3377 1614 3450 populi
1629 3374 1737 3449 [Αι.
1749 3417 1764 3443 ,
1780 3390 1913 3446 prte-

315 3477 489 3533 sentis
533 3473 741 3548 saeculi]
785 3475 1049 3540 salutem,
1080 3480 1252 3529 totum
1300 3488 1358 3527 se
1387 3471 1444 3526 in
1486 3484 1672 3526 sacras
1720 3466 1913 3524 effudit

313 3584 526 3643 preces,
558 3569 614 3624 in
655 3567 839 3624 divina
887 3566 1060 3623 ﬁdens
1107 3568 1329 3638 pietate,
1360 3573 1416 3620 et
1457 3563 1737 3620 dexteram
1785 3575 1911 3616 cum

316 3662 473 3734 signo
501 3662 680 3717 crucis
721 3661 901 3732 posuit
942 3674 1108 3729 super
1152 3657 1337 3715 oculos
1376 3657 1528 3722 caeci,
1557 3655 1782 3709 dicens:
1806 3650 1914 3709 Do—

314 3756 463 3810 mine
488 3751 640 3820 Jesu,
671 3752 765 3823 qui
791 3766 851 3809 es
877 3752 1058 3807 lumen
1083 3765 1295 3817 verum,
1316 3748 1411 3820 qui
1435 3745 1696 3819 aperuisti
1723 3744 1912 3800 oculos

314 3849 446 3906 caeci
475 3847 634 3922 [nati]
660 3840 729 3903 ad
759 3854 812 3902 te
825 3845 1146 3913 'clamantis,
1174 3842 1324 3915 aperi
1349 3841 1538 3898 oculos
1566 3847 1623 3894 et
1650 3837 1827 3899 istius,
1850 3843 1913 3890 ut

314 3941 579 4013 intelligat
599 3939 828 4011 populus
849 3940 951 3995 iste
971 3952 1230 4008 praesens,
1257 3935 1386 4007 quia
1411 3943 1466 3988 tu
1489 3948 1549 3989 es
1569 3931 1713 3986 Deus
1739 3929 1909 3995 solus,

315 4032 522 4088 faciens
550 4031 821 4087 mirabilia
848 4030 901 4085 in
926 4028 1066 4086 ccelo
1092 4038 1147 4083 ct
1177 4029 1232 4084 in
1260 4037 1427 4083 terra.
1462 4024 1584 4080 Mox
1615 4023 1705 4078 ille
1733 4036 1911 4077 czecus

314 4126 519 4183 lumine
541 4133 776 4195 recepto,
800 4124 1045 4197 gaudens
1072 4121 1316 4194 perrexit
1344 4120 1491 4176 viam
1520 4132 1694 4174 suam.
1722 4115 1782 4171 ln
1803 4131 1910 4187 quo

314 4221 437 4278 loco
465 4229 708 4290 tempore
737 4217 984 4287 sequenti
1020 4232 1051 4271 a
1080 4215 1345 4286 religiosis
1374 4213 1506 4268 viris
1533 4207 1798 4267 aediﬁcata
1827 4215 1913 4263 est

314 4312 545 4370 ecclesia
573 4312 627 4366 in
660 4308 1027 4366 testimonium
1054 4305 1304 4361 miraculi
1329 4303 1505 4368 istius,
1529 4301 1584 4355 in
1615 4314 1721 4370 qua
1748 4314 1911 4353 oran-

316 4406 462 4463 tibus
487 4413 543 4461 et
566 4401 914 4459 credentibus
937 4414 1106 4469 usque
1130 4398 1291 4453 hodie
1314 4408 1335 4435 ε
1362 4393 1627 4452 beneﬁcia
1651 4398 1914 4465 praestan-

316 4512 408 4560 tur
436 4501 640 4557 divina.

385 4595 480 4652 IX.
518 4593 688 4666 Igitur
723 4606 818 4647 rex
844 4606 874 4645 a
903 4589 1022 4645 viro
1053 4587 1146 4642 Dei
1176 4583 1501 4656 evangelicis
1527 4581 1773 4654 apprime
1809 4579 1911 4635 im-

316 4692 481 4749 butus
521 4685 805 4751 doctrinis,
834 4691 889 4741 et
935 4681 1039 4738 hoc
1089 4678 1343 4751 prrescnti
1390 4672 1653 4730 miraculo
1699 4672 1754 4727 in
1803 4670 1909 4727 ﬁde

318 4783 549 4842 ﬁrmiter
573 4779 931 4844 confortatus,
956 4775 1033 4831 nil
1055 4780 1302 4830 moratus
1328 4771 1382 4825 in
1410 4770 1518 4836 via,
1548 4766 1625 4822 nil
1653 4765 1908 4822 dubitans

318 4878 372 4933 in
402 4877 526 4941 ﬁde,
555 4873 650 4930 sed
678 4887 870 4944 magna
914 4868 1193 4924 alacritate
1231 4862 1429 4928 animi,
1458 4875 1655 4932 magna
1685 4858 1911 4915 festina-

318 4973 465 5029 tione
509 4968 742 5034 itineris,
788 4965 1190 5021 sanetissimum
1238 4956 1551 5032 pontiﬁcem
1600 4953 1909 5025 Remigium

316 5063 506 5119 videre
535 5058 863 5131 properavit,
895 5063 957 5110 ut
996 5054 1140 5108 illius
1162 5049 1537 5107 sacratissimo
1576 5043 1908 5109 ministerio,

319 5153 525 5226 Spiritu
548 5158 737 5207 sancto
758 5155 1041 5219 operante,
1064 5145 1121 5199 in
1150 5140 1531 5197 remissionem
1558 5145 1909 5209 peccatorum

315 5255 375 5302 et
421 5258 578 5317 spem
625 5241 753 5297 vita:
806 5247 1042 5303 sclerum,
1085 5233 1337 5290 catholici
1388 5230 1731 5302 baptismatis
1783 5229 1910 5284 vivo

388 5373 417 5403 α
463 5356 689 5429 Vungise
715 5372 902 5429 pagus.
937 5353 1078 5429 Alibi
1107 5350 1306 5429 legitur
1355 5344 1598 5428 Vongise,
1636 5341 1905 5429 liungisas

317 5413 608 5504 μειβ.)ιῖ
630 5413 909 5504 itinerario
932 5413 1191 5504 ᾼιιιοιιίιὶἰ
1210 5413 1627 5504 Χεηρυδῗὺίςιιξζ
1651 5413 1908 5504 lupiqu-

320 5491 480 5557 ἱιιῖξιτί
507 5499 684 5557 Caroli
715 5496 861 5552 Calvi
885 5496 951 5550 ad
977 5509 1177 5549 annum
1209 5491 1313 5546 855
1338 5492 1465 5544 dum
1505 5491 1627 5557 pagi
1651 5499 1748 5555 per
1770 5491 1903 5539 mis-

319 5573 521 5629 satieos
545 5569 777 5627 ordinati
808 5566 1216 5628 describuntur,
1257 5558 1499 5615 Vonziso.
1548 5558 1618 5629 ln_
1627 5565 1905 5629 praecepto

317 5643 579 5702 Ludovici
602 5655 703 5702 pro
724 5638 964 5695 Ecclesia
992 5633 1303 5696 Rhemensi,
1326 5639 1559 5702 castrum
1601 5633 1904 5702 Vonzense;

319 5697 399 5788 Et
413 5697 564 5785 haud
604 5697 970 5788 ιἰράοατιιιιιη
1027 5704 1377 5788 {lanienae
1421 5700 1703 5788 .Yreatei
1746 5697 1908 5788 uls?

328 5768 534 5855 Ϋοκὲῃ,
562 5768 705 5855 quod
730 5795 869 5853 pago
893 5793 986 5836 seu
1015 5776 1206 5832 ditioni
1230 5768 1487 5844 subjecta:
1511 5768 1709 5825 nomen
1739 5768 1906 5826 dedit.

318 5854 635 5996 Βοξιῧῗὲίκ
657 5920 995 5996 Reguliacam
1018 5919 1216 5996 uiuant.
1249 5915 1391 5996 Alibi
1423 5908 1909 5996 BilugiaCQaYicus

322 6008 407 6056 est
434 5996 503 6052 ad
550 5983 793 6053 A'xonaiu
837 5991 1068 6064 (Aisne),
1099 5988 1236 6062 Rilly
1279 5988 1476 6055 dictus,
1507 5983 1652 6042 inter
1677 5983 1908 6038 Attinia—

323 6086 449 6127 cum
470 6078 525 6124 ct
548 6065 813 6140 Vongum.
1629 6076 1636 6081 ‘

2017 2172 2353 2249 excellentiae
2398 2181 2563 2245 caput
2611 2174 2899 2229 bumiliare
2930 2175 3094 2248 (Jan.
3129 2177 3253 2248 ιιι).
3301 2175 3620 2248 Baptizatus

2015 2265 2200 2335 itaque
2229 2280 2324 2319 rex
2355 2279 2480 2320 cum
2528 2264 2887 2336 optimatibus
2932 2267 3046 2322 suis
3071 2275 3126 2322 et
3152 2268 3380 2339 populo,
3411 2269 3503 2340 qui
3534 2269 3620 2324 di-

2014 2363 2139 2418 vina
2170 2363 2534 2435 praeveniente
2563 2364 2737 2433 gratia
2785 2363 3043 2420 salutaris
3081 2363 3282 2419 lavacri
3313 2365 3621 2437 gaudebant

2015 2454 2293 2523 suscipere
2323 2460 2750 2509 sacramentum.

2018 2582 2023 2589 -
2090 2546 2248 2618 167
2272 2545 2341 2601 Χ.
2370 2545 2665 2616 Utriusque
2685 2555 2742 2602 et
2768 2546 3013 2603 victoriae
3031 2562 3100 2603 ex
3127 2547 3394 2615 hostibus,
3420 2555 3480 2603 et
3491 2563 3607 2604 sua:

2015 2639 2207 2696 salutis
2226 2639 2338 2695 voti
2375 2654 2617 2711 compos,
2642 2640 2711 2696 ad
2732 2649 2951 2712 sceptra
2974 2642 3126 2713 regni
3156 2643 3505 2712 gubernanda
3530 2657 3618 2699 rc-

2014 2747 2207 2789 versus
2257 2740 2360 2798 est,
2409 2742 2765 2806 sanctumque
2819 2735 3113 2791 Vcdastum
3165 2734 3325 2791 beato
3371 2735 3619 2809 pontiﬁci

2013 2824 2415 2880 commendavit
2440 2824 2706 2897 Remigio.
2755 2824 2859 2894 Qui
2906 2824 2980 2880 ibi
3014 2833 3283 2893 moratus,
3326 2826 3454 2882 vita:
3494 2839 3614 2882 me-

2015 2919 2139 2975 ritis
2166 2928 2222 2976 et
2240 2919 2504 2975 virtutum
2539 2917 2738 2974 claruit
2758 2918 3042 2988 exemplis,
3073 2918 3329 2973 omnibus
3367 2917 3620 2973 amabilis

2014 3021 2072 3070 et
2091 3011 2419 3070 venerabilis
2443 3011 2621 3069 factus
2641 3019 2744 3068 est.
2806 3010 2934 3067 Fuit
2982 3012 3128 3067 enim
3179 3027 3397 3067 morum
3437 3011 3618 3082 digni-

2014 3112 2129 3161 tate
2151 3103 2457 3176 religiosus,
2496 3103 2763 3160 cbaritate
2816 3104 3142 3176 prmeipuus,
3190 3105 3431 3160 fraterna
3484 3103 3619 3161 dile-

2015 3196 2195 3253 ctione
2220 3194 2513 3267 jucundus,
2550 3194 2741 3252 humili
2770 3197 2971 3266 pietate
3012 3195 3264 3261 eximius,
3303 3195 3616 3253 orationum

2017 3287 2297 3359 vigilantia
2325 3285 2598 3352 assiduus,
2650 3300 2902 3341 sermone
2935 3284 3235 3351 modestus,
3271 3300 3502 3356 corpore
3525 3299 3618 3341 ca-

1963 3430 1983 3454 ,
2016 3391 2174 3448 stus;
2216 3378 2427 3453 jejunio
2463 3377 2678 3437 sobrius
2704 3420 2720 3447 ,
2752 3380 3076 3435 miserorum
3107 3378 3444 3446 consolator;
3500 3395 3611 3436 non

1936 3432 1984 3493 C

2015 3475 2083 3530 de
2115 3473 2354 3529 crastino
2387 3471 2654 3545 cogitans,
2714 3470 2807 3527 sed
2836 3486 3050 3543 semper
3084 3472 3151 3528 de
3198 3470 3293 3526 Dei
3336 3472 3617 3529 conlidens

2012 3563 2321 3630 clementia,
2337 3577 2527 3620 omnes
2552 3562 2622 3619 ad
2653 3577 2713 3621 se
2735 3562 3017 3620 venientes
3037 3570 3255 3619 :eternte
3285 3562 3407 3619 vitm
3426 3578 3618 3634 pasee-

2010 3660 2106 3715 bat
2134 3658 2411 3714 alimento.
2488 3656 2705 3713 Nullum
2735 3656 2789 3712 in
2828 3670 2926 3712 sua
2954 3655 3291 3727 despiciebat
3340 3658 3612 3728 angustia,

2011 3752 2107 3810 sed
2132 3751 2219 3822 pie
2250 3749 2638 3807 consolationis
2669 3750 2834 3805 verbo
2883 3748 3161 3805 reﬁciebat
3196 3759 3444 3807 maestos.
3502 3748 3611 3805 Ne-

2012 3843 2146 3898 mini
2181 3841 2269 3898 vel
2312 3842 2482 3898 verbo
2531 3843 2736 3908 nocuit,
2783 3842 2879 3899 sed
2920 3842 3163 3899 fraterno
3191 3858 3375 3899 amore
3400 3846 3614 3901 cunctis

2011 3936 2273 4007 prodesse
2324 3934 2627 4007 satagebat.
2688 3934 2844 3991 Unde
2889 3943 2945 3991 et
2970 3951 3002 3989 a
3026 3950 3192 4005 quam
3217 3935 3468 4007 plurimis
3492 3934 3615 3991 illu-

2012 4028 2216 4084 stribus
2242 4024 2694 4098 frequentabatur
2723 4026 2873 4091 viris,
2890 4034 2949 4081 ut
2980 4025 3127 4082 illius
3146 4026 3515 4083 sacratissimo
3533 4026 3616 4083 al-

2012 4118 2214 4188 loquio,
2245 4117 2328 4173 vel
2354 4117 2408 4172 in
2439 4117 2664 4173 tristitia
2692 4116 2983 4187 cujuslibet
3014 4117 3397 4173 sollicitudinis
3430 4119 3608 4174 susci-

2010 4218 2205 4281 perent
2237 4208 2683 4276 consolationem,
2736 4210 2825 4265 vel
2851 4210 2906 4265 in
2938 4210 3198 4280 religione
3224 4210 3611 4269 ecclesiasticae

2012 4301 2420 4358 exercitationis
2439 4315 2633 4372 puram
2650 4302 2720 4357 ab
2744 4316 2811 4358 eo
2836 4303 3091 4359 audirent
3109 4305 3413 4358 veritatem.
3457 4303 3611 4361 Unde

2012 4404 2069 4451 et
2090 4394 2233 4449 illius
2262 4394 2350 4465 pia
2373 4392 2659 4450 devotione
2686 4392 2820 4467 [Al.,
2844 4395 3233 4468 admonitione]
3260 4396 3414 4452 multi
3440 4411 3470 4450 a
3495 4394 3611 4451 dia-

2012 4486 2121 4543 boli
2150 4485 2358 4556 laqueis
2384 4484 2600 4540 liberati
2623 4493 2770 4553 sunt,
2814 4494 2869 4541 et
2900 4486 3015 4541 vias
3036 4487 3161 4541 vita:
3187 4495 3485 4557 perpetuae,
3515 4502 3610 4542 su-

2012 4595 2178 4652 perna
2191 4577 2481 4648 adjuvante
2501 4579 2723 4647 pietate,
2749 4578 2980 4652 ingressi
3003 4586 3147 4634 sunt.
3186 4577 3407 4635 Scilicet
3428 4577 3607 4645 multi,

2011 4683 2074 4730 ut
2100 4689 2265 4746 supra
2298 4672 2553 4738 diximus,
2595 4673 2665 4728 ob
2702 4671 3117 4728 celeberrimam
3178 4672 3482 4728 sanctitatis
3528 4670 3610 4727 fa-

1937 4802 1988 4865 D
2013 4784 2158 4823 mam
2182 4766 2441 4823 nobilium
2464 4765 2550 4820 vel
2572 4765 2931 4835 plebeiorum,
2957 4765 3135 4819 virum
3155 4762 3250 4819 Dei
3280 4764 3501 4819 visitare
3520 4778 3610 4820 so-

2013 4863 2215 4929 lebant,
2238 4868 2297 4916 ut
2320 4859 2737 4917 consolarentur
2756 4875 2855 4931 per
2868 4862 3120 4930 gratiam,
3151 4877 3271 4932 qum
3302 4859 3610 4916 abundabat

2012 4955 2067 5009 in
2088 4953 2243 5008 labiis
2265 4951 2438 5018 illius;
2469 4960 2523 5006 et
2546 4951 2669 5021 quia
2686 4965 2753 5005 ex
2778 4950 3108 5006 abundantia
3136 4952 3314 5005 cordis
3342 4966 3403 5005 os
3432 4949 3609 5019 loqui-

2014 5057 2102 5102 tur
2130 5045 2348 5121 (Matth.
2377 5061 2479 5111 xu,
2512 5044 2625 5113 34),
2664 5052 2720 5099 et
2739 5043 2865 5113 quia
2900 5043 3143 5099 fraterno
3173 5059 3359 5099 amore
3415 5058 3607 5099 omnes

2011 5141 2287 5213 diligebat,
2318 5139 2570 5195 omnibus
2604 5151 2663 5192 se
2690 5134 2960 5190 affabilem
2978 5135 3290 5205 praestabat.
3360 5133 3603 5188 Aliorum

2014 5235 2241 5292 salutem
2266 5248 2425 5289 suum
2443 5239 2700 5302 reputans
2739 5229 2969 5295 lucrum,
2998 5242 3096 5283 nec
3118 5227 3411 5283 Dominica:
3433 5225 3603 5281 talen-

2090 5360 2111 5388 ο
2155 5345 2549 5419 UsqueAhodic.
2601 5343 2914 5419 Baldcricus
2948 5350 3231 5419 _testa_tur_,
3280 5340 3461 5419 adhuc
3494 5354 3604 5419 suo

2016 5410 2276 5490 tempore,
2308 5416 2362 5490 id
2390 5425 2494 5490 est,
2537 5415 2734 5490 seculo
2759 5413 2983 5490 Christi
3011 5413 3296 5490 undecimo
3324 5410 3602 5465 exstitisse

2012 5482 2144 5546 eam'
2170 5488 2439 5545 ecclesiam
2463 5488 2517 5541 in
2547 5485 2901 5541 testimonium
2938 5482 3141 5539 virtutis
3169 5482 3329 5553 hujus
3359 5491 3603 5536 constru—

2011 5573 2169 5617 ctam.
2196 5560 2467 5614 Bonum.

2083 5632 2109 5671 ἀ
2152 5630 2349 5686 Statuit
2400 5630 2558 5683 diem.
2613 5646 2632 5677 ι
2672 5626 2791 5693 Quo
2827 5634 3014 5680 natum
3063 5622 3451 5693 redemptionis
3490 5637 3602 5678 sua:

2011 5703 2135 5758 caeli
2158 5701 2447 5756 Dominum
2472 5698 2707 5754 mundus
2727 5697 2955 5767 accepit,
2972 5704 3153 5767 etquo
3173 5695 3427 5767 Christus
3448 5702 3602 5767 ortus

2010 5784 2097 5829 est
2127 5774 2349 5837 mundo,
2374 5792 2393 5823 ι
2431 5770 2615 5845 inquit
2658 5767 2715 5823 S.
2753 5762 2943 5845 Avitus
2974 5762 3233 5845 in_l~3pist.
3268 5764 3334 5818 ad
3369 5762 3601 5845 Cblodo:

2008 5860 2169 5901 veum
2200 5859 2400 5914 regem.
2441 5861 2459 5892 ‹
2497 5836 2671 5914 Unde,
2704 5840 2883 5914 addit.
2905 5854 3003 5914 nos
3036 5836 3150 5914 jam
3180 5849 3401 5914 securos
3429 5836 3600 5888 vestri

2011 5931 2167 5972 sacra
2198 5902 2305 5972 ηοξ
2349 5912 2574 5985 reperit,
2603 5927 2709 5981 qua
2741 5911 2956 5966 videtur
2984 5902 3570 5980 baptizatusaBouu
3590 5930 3602 5940 -

2012 6002 2129 6043 νινε.
