4112 6598
498 384 559 442 7i
1306 378 1369 436 Β.
1408 377 1473 435 F.
1512 376 1738 434 ALBINI
1780 375 1912 433 SEU
1951 372 2230 433 ALCUINI
2266 376 2553 435 OPERUM
2590 375 2771 434 PARS
2812 377 2867 435 Υ.

3642 374 3757 432 673

459 513 577 561 tum
603 498 844 569 pecuniae
869 495 1102 569 pigritia:
1126 492 1311 550 obruit
1365 494 1533 549 humo
1551 534 1568 558 ,
1602 482 1697 550 Sed
1730 490 2047 563 quotidiano
2076 492 2126 552 Α
2152 491 2403 559 consilio,
2424 492 2697 549 ordinavit
2715 507 2840 548 eum
2873 489 3208 562 episcopum,
3260 500 3315 549 et
3338 493 3405 547 al
3443 494 3756 564 praedican-

460 589 747 648 cbaritatis
761 590 955 647 sudore
972 586 1331 657 multiplicare
1349 585 1619 649 Studebat,
1638 599 1710 640 ne
1733 598 1941 640 vacuus
1957 596 2018 638 re
2032 611 2046 621 -

460 684 715 740 veniente
749 683 979 739 Domino
1016 695 1115 737 suo
1136 681 1191 736 in
1234 687 1525 748 conspectu
1577 677 1722 733 illius
1767 682 2053 747 appareret

464 773 601 851 [Al.,
626 770 1001 844 inveniretur].

532 868 622 924 XI.
664 868 833 940 igitur
861 866 1083 937 quidam
1133 864 1215 920 vir
1256 862 1455 918 nobilis
1474 870 1533 919 et
1576 860 1863 933 religiosus
1910 859 2056 915 inter

461 960 593 1016 alios
621 957 881 1013 famulum
905 956 1053 1011 venit
1083 954 1305 1008 visitare
1331 950 1552 1014 Christi,
1591 956 1653 1005 ut
1677 963 1775 1019 per
1797 962 1922 1004 eum
1942 963 2055 1004 cm-

460 1054 617 1111 lcstis
644 1052 905 1108 doctrinae
935 1051 1250 1104 reﬁceretur
1262 1046 1439 1101 melle.
1485 1044 1556 1101 Et
1581 1044 1707 1099 dum
1734 1056 1918 1099 sermo
1940 1039 2055 1096 dul—

459 1146 696 1203 cissimae
747 1141 1091 1213 allocutionis
1126 1142 1180 1194 in
1210 1140 1432 1211 longum
1483 1138 1826 1203 traheretur,
1881 1143 1939 1193 et
1972 1134 2054 1191 sol

458 1236 698 1295 medium
744 1234 866 1291 coeli
919 1232 1195 1288 transiens
1219 1240 1491 1295 centrum,
1539 1234 1848 1285 crescentes
1876 1224 2054 1297 dupli-

461 1338 617 1387 caret
641 1329 882 1392 umbras,
905 1325 1124 1381 nolebat
1148 1324 1231 1379 vir
1254 1324 1348 1379 Dei
1374 1322 1643 1392 hospitem
1665 1334 1821 1374 suum
1849 1319 2055 1387 absque

458 1420 744 1478 charitatis
766 1417 1041 1472 dimittere
1069 1414 1287 1470 viatico.
1349 1411 1625 1467 Mandavit
1648 1417 1830 1464 autem
1862 1405 2051 1479 [Boil.,

458 1513 556 1568 sed
584 1506 884 1580 mandavit]
910 1523 1100 1577 puero,
1131 1513 1191 1561 ut
1220 1505 1266 1560 si
1290 1504 1419 1574 quid
1450 1501 1526 1558 illi
1542 1499 1895 1557 remansisset
1920 1496 2051 1564 vini,

459 1602 632 1658 chara
666 1598 859 1671 pocula
897 1604 1143 1668 portaret
1172 1596 1368 1661 amico,
1406 1600 1678 1664 quatenus
1712 1592 1767 1646 in
1821 1599 2056 1660 utroque

463 1700 523 1747 et
569 1690 749 1745 anima
802 1687 1042 1743 refectus
1075 1695 1134 1742 et
1174 1699 1404 1756 corpore
1444 1681 1788 1738 confortatus
1834 1681 2054 1736 domum

460 1783 686 1840 rediret.
744 1779 851 1838 Sed
877 1788 1099 1851 propter
1131 1778 1405 1848 hospitum
1427 1775 1808 1846 frequentiam,
1840 1779 1897 1828 et
1948 1770 2055 1827 viri

2151 583 2279 639 dum
2300 585 2523 639 verbum
2537 585 2848 657 vitae-168
2866 583 3211 641 Atrebatensi
3234 601 3356 641 eum
3377 587 3576 643 direxit
3598 586 3754 652 urbi,

2150 682 2420 744 quatenus
2445 676 2674 747 populus
2695 678 2783 732 diu
2812 677 2867 732 in
2889 677 3130 747 antiquis
3156 679 3310 734 malae
3339 681 3757 740 consuetudinis

2149 767 2430 823 erroribus
2451 768 2661 841 iacens,
2716 769 2830 826 Deo
2860 770 3191 837 auxiliante,
3226 785 3325 843 per
3354 773 3629 830 assiduam
3662 791 3760 832 sa-

2151 871 2261 913 cra:
2295 858 2699 929 prtedicationis
2727 860 3060 926 instantiam,
3109 878 3208 933 per
3230 862 3379 917 illum
3402 865 3459 919 in
3481 865 3626 921 viam
3653 882 3760 922 ve-

2152 948 2332 1005 ritatis
2381 957 2436 1005 et
2498 950 2828 1020 agnitionem
2869 952 2992 1008 Filii
3048 952 3143 1009 Dei
3192 955 3567 1013 deduceretur.
3640 958 3759 1027 Qui

2151 1041 2499 1109 pontiﬁcatus
2519 1043 2690 1113 gradu
2723 1050 2782 1098 et
2827 1042 3231 1114 praedicationis
3261 1046 3438 1103 oilicio
3470 1059 3759 1121 suscepto,

2153 1133 2400 1188 concitus
2434 1135 2502 1191 ad
2526 1135 2808 1204 prmfatam
2850 1136 2933 1192 ire
2974 1138 3215 1207 perrexit
3264 1138 3486 1207 urbem;
3537 1142 3635 1198 sed
3695 1143 3762 1198 in

2153 1226 2455 1296 auspicium
2484 1226 2680 1285 futurae
2712 1230 3092 1301 prosperitatis
3139 1238 3197 1286 et
3216 1222 3430 1299 salutis,
3488 1233 3631 1291 Deus
3655 1249 3761 1290 cu-

2146 1316 2366 1389 jusdam
2392 1320 2645 1376 miraculi
2694 1319 3073 1378 testiﬁcatione
3101 1320 3220 1392 eius
3253 1322 3510 1381 patefecit
3534 1326 3763 1383 civibus

2154 1408 2459 1466 introitum.

2226 1506 2363 1563 XIII.
2389 1507 2560 1581 igitur
2584 1509 2640 1565 in
2663 1510 2780 1580 ipsa
2805 1509 3043 1567 civitatis
3083 1518 3241 1581 porta
3274 1510 3412 1567 duos
3432 1509 3624 1567 habuit
3656 1512 3764 1567 ob-

2154 1600 2300 1658 viam
2324 1600 2427 1657 sibi
2461 1617 2662 1675 egenos
2695 1611 2753 1658 et
2771 1604 3038 1684 inﬁrmos,
3062 1618 3265 1660 aecum
3297 1603 3506 1660 scilicet
3524 1611 3580 1657 et
3600 1603 3764 1661 clau-

2154 1692 2306 1759 dum,
2352 1694 2647 1753 miserabili
2685 1711 2718 1751 a
2749 1695 2870 1752 viro
2896 1694 2995 1752 Dei
3020 1709 3155 1752 voce
3184 1695 3380 1766 stipem
3432 1693 3621 1768 [Bol!.,
3652 1694 3763 1754 sti-

2157 1784 2374 1858 pendia]
2404 1785 2760 1857 postulantes.
2842 1786 2966 1844 Ilo:
3006 1788 3263 1844 sacerdos
3291 1786 3496 1844 Christi
3535 1787 3761 1843 illorum

462 1876 559 1932 Dei
583 1876 788 1947 largam
810 1890 937 1945 erga
963 1886 1153 1928 omnes
1176 1868 1624 1933 muniﬁcentiam,
1645 1882 1754 1924 non
1776 1864 1929 1922 arida
1951 1863 2054 1919 Pa-
2083 1856 2131 1917 Β
2157 1856 2453 1937 candelas
2472 1880 2707 1936 miseria,
2740 1896 2924 1937 εεωω
2953 1881 3228 1937 tractabat
3273 1881 3402 1952 quid
3426 1881 3537 1938 mis
3573 1882 3760 1939 δοιειίί

460 1967 564 2023 tris
590 1967 881 2030 charitate,
914 1965 1127 2019 aridum
1154 1962 1363 2018 invenit
1391 1959 1704 2024 vasculum,
1755 1959 1810 2013 in
1840 1973 1950 2028 quo
1980 1956 2061 2011 vi-

464 2076 597 2114 num
633 2059 838 2113 servari
868 2057 1095 2112 solebat.
1169 2052 1289 2110 Mox
1328 2052 1522 2116 tristis,
1563 2050 1727 2106 tacito
1758 2063 2055 2116 murmure,

460 2148 569 2206 hoc
600 2151 774 2219 ipsum
806 2164 944 2219 puer
965 2146 1207 2217 paternis
1239 2144 1510 2200 intimavit
1540 2138 1785 2197 auribus.
1844 2139 1947 2208 Qui
1968 2155 2061 2194 ve-

466 2242 743 2297 recundiae
768 2240 968 2295 rubore
994 2237 1280 2308 perfusus,
1317 2233 1601 2290 charitatis
1638 2241 1822 2290 tamen
1873 2230 2061 2288 dulce-

467 2333 594 2388 dine
622 2331 902 2387 abundans
950 2329 1135 2395 corde,
1174 2328 1231 2384 in
1271 2326 1455 2386 divina
1498 2324 1736 2380 conﬁsus
1779 2321 2058 2395 suﬂragia.

470 2424 675 2478 tacitus
706 2421 982 2494 paulisper
1011 2420 1123 2475 Deo
1155 2431 1348 2489 preces
1377 2414 1568 2472 etfudit
1590 2454 1607 2480 ,
1670 2411 1747 2468 nil
1783 2411 2061 2467 de'divino

386 2560 393 2563 .
462 2513 724 2572 dubitans
746 2514 968 2578 auxilio,
998 2513 1073 2569 nil
1095 2512 1163 2568 de
1182 2525 1299 2568 sum
1332 2508 1612 2581 petitionis
1635 2506 1893 2562 haesitans
1932 2504 2064 2561 effe—

466 2614 582 2671 ctu,
632 2614 778 2662 totus
823 2606 878 2660 in
925 2600 1045 2676 ejus
1075 2603 1306 2660 credens
1332 2600 1640 2666 clementia,
1686 2598 1780 2669 qui
1806 2598 1874 2653 de
1908 2597 2062 2653 arida

463 2708 622 2771 petra
658 2696 865 2754 sitienti
912 2696 1110 2769 popqu
1164 2692 1366 2751 fontem
1419 2708 1574 2761 aquae
1620 2691 1758 2747 vim
1807 2689 2065 2760 produxit

469 2791 669 2862 (Exod.
708 2805 848 2855 xvu;
888 2790 1051 2845 Num.
1082 2788 1206 2862 xx);
1250 2787 1337 2845 vel
1358 2788 1411 2843 in
1434 2785 1582 2843 Cana
1610 2784 1831 2840 Galileae
1864 2796 2062 2853 aquam

470 2886 526 2939 in
551 2883 815 2940 mirabilis
843 2884 955 2939 vini
977 2882 1247 2939 convertit
1264 2894 1512 2951 saporem
1536 2877 1674 2951 μί..
1699 2876 1863 2933 vertit
1900 2876 1953 2931 in
1982 2875 2063 2929 vi-

469 2975 624 3050 num]
657 2974 840 3045 (Joan.
865 2972 934 3048 ιι)
956 3018 971 3041 ,
1007 2975 1145 3031 dixit
1173 2986 1370 3046 puero:
1402 2971 1557 3028 Vade
1571 2972 1627 3029 in
1654 2969 1757 3027 Dei
1786 2967 2064 3025 conlidens

467 3073 733 3136 bonitate.
762 3081 818 3128 et
839 3072 1200 3143 quodcunque
1233 3067 1507 3125 inveneris
1552 3066 1607 3122 in
1635 3062 1857 3121 vasculo
1881 3102 1897 3127 ,
1955 3076 2062 3117 non

466 3163 739 3224 cunctcris
770 3163 926 3219 nobis
947 3159 1162 3216 afferre.
1212 3158 1313 3227 Qui
1342 3157 1513 3222 celer,
1548 3160 1777 3226 paterno
1798 3148 2061 3208 obediens

469 3263 765 3327 prmeepto,
808 3254 1055 3309 cucurrit
1086 3264 1144 3308 et
1162 3266 1260 3307 vas
1288 3253 1415 3306 vino
1436 3249 1643 3320 optimo
1672 3242 2061 3316 superaMuens
2086 3215 2137 3282 θ

469 3348 708 3409 invenit:
745 3345 951 3417 gratias
970 3346 1082 3401 Deo
1109 3358 1295 3415 agens.
1342 3342 1509 3398 alacri
1531 3339 1714 3397 animo
1733 3337 1972 3394 venienti
2007 3343 2065 3391 et

471 3439 591 3511 ejus
620 3438 808 3505 sociis,
838 3438 1149 3511 propinavit
1176 3437 1375 3500 amico,
1410 3435 1503 3506 qui
1539 3433 1737 3504 duplici
1779 3429 2065 3488 roboratus

470 3537 761 3601 charitate,
793 3535 1060 3590 remeavit
1082 3534 1136 3589 in
1154 3533 1397 3603 propria.
1444 3529 1553 3585 Sed
1586 3526 1818 3583 famulus
1839 3525 2064 3593 Christi,

472 3647 543 3688 ne
580 3631 735 3687 vanis
756 3630 1036 3699 iactantiae
1057 3628 1242 3685 verbis
1270 3625 1355 3680 vel
1390 3623 1669 3695 rumigero
1705 3620 1889 3693 populi
1925 3619 2071 3677 cele-

472 3728 726 3782 braretur
770 3722 989 3785 favore.
1025 3721 1127 3775 sub
1176 3731 1371 3789 magna
1415 3713 1761 3771 attestatione
1811 3710 2072 3784 praecepit

473 3834 665 3890 puero,
692 3815 944 3873 omnibus
971 3814 1097 3868 vita:
1122 3824 1235 3867 suae
1253 3808 1447 3864 diebus
1467 3806 1574 3862 hec
1603 3810 1786 3860 tacere
1833 3802 2072 3857 miracu-

475 3914 607 3977 lum,
640 3912 761 3982 plus
786 3909 902 3965 Deo
935 3906 1035 3963 soli
1087 3905 1336 3974 cognitus
1364 3916 1486 3957 esse
1514 3897 1741 3969 cupiens
1783 3911 1946 3967 quam
1974 3896 2073 3951 bo-

475 4004 752 4065 minibus;
779 4007 933 4056 certo
965 3996 1145 4053 sciens
1168 3994 1411 4049 omnium
1441 4006 1565 4047 esse
1592 3990 1860 4045 virtutum
1884 4001 2071 4043 veram

476 4096 532 4151 in
567 4093 873 4150 humilitate
892 4090 1213 4152 custodiam,
1240 4094 1303 4142 et
1331 4086 1477 4141 hanc
1500 4097 1623 4140 esse
1649 4094 1770 4153 quae
1789 4080 2074 4137 cbaritatis

478 4187 737 4257 gradibus
757 4183 1024 4239 altissima
1045 4180 1169 4236 ccli
1195 4193 1359 4249 regna
1381 4175 1711 4233 conscendat
1733 4170 1924 4247 [Boll.,
1947 4187 2078 4228 con-

478 4276 738 4350 scendit],
756 4278 870 4346 ipsa
893 4274 1109 4330 dicente
1124 4271 1366 4326 Veritate
1384 4285 1396 4323 ε
1426 4266 1611 4323 Omnis
1625 4267 1715 4338 qui
1734 4282 1789 4320 sc
1807 4262 2071 4328 humiliat,

479 4367 801 4426 emirabitur
824 4363 1043 4435 (Matth.
1066 4376 1228 4425 nm,
1255 4360 1366 4429 12).

1095 4487 1326 4553 CAPUT
1362 4494 1449 4551 ill.

678 4614 860 4672 Sancti
889 4608 1105 4668 Vedasti
1133 4609 1463 4683 episcopatus
1494 4607 1867 4663 Atrebatensis.

549 4730 668 4791 XI].
692 4729 939 4799 Cumque
963 4727 1067 4782 viri
1082 4727 1176 4782 Dei
1194 4723 1547 4781 celeberrima
1566 4721 1881 4792 vulgaretur
1902 4720 2069 4782 fama,

481 4835 540 4887 et
561 4824 845 4883 charitatis
896 4822 950 4875 in
996 4836 1061 4877 eo
1097 4816 1490 4880 muniﬁcentia,
1528 4823 1585 4871 et
1608 4814 1798 4883 religio
1830 4813 1973 4877 vitae,
2021 4820 2079 4866 et

481 4918 635 4975 verbi
657 4915 753 4971 Dei
774 4913 1202 4982 instantialonge
1233 4910 1444 4980 lateque
1467 4907 1536 4963 ab
1551 4908 1805 4964 omnibus
1830 4905 2076 4964 celebra-

482 5018 637 5069 retur
670 5006 802 5080 [Al.,
849 5007 1023 5077 magis
1048 5004 1330 5073 magisque
1355 4998 1716 5069 exercsceret]
1737 5041 1751 5063 ,
1793 4999 1971 5054 visum
1998 5006 2083 5053 est

482 5102 799 5158 beatissimo
832 5098 1072 5170 pontiﬁci
1105 5095 1369 5166 Remigio,
1404 5101 1513 5149 tam
1542 5092 1857 5163 praeclaram
1876 5090 2078 5146 Christi

486 5192 767 5249 lucernam
791 5190 986 5246 melius
1010 5204 1133 5245 esse
1167 5203 1332 5256 supra
1367 5183 1748 5239 candelabrum
1773 5198 1994 5253 ponere,
2019 5188 2082 5237 ut

485 5285 923 5357 splendidissimo
949 5297 1062 5338 sua:
1091 5281 1400 5337 sanctitatis
1438 5278 1646 5348 fulgore
1683 5277 1845 5332 latius
1889 5277 1956 5332 ad
1992 5291 2081 5330 sa-

484 5376 654 5434 lutem
686 5376 891 5431 luceret
915 5372 1229 5436 multorum,
1258 5386 1421 5440 quam
1451 5369 1551 5424 sub
1576 5368 1735 5423 unius
1764 5365 1865 5421 loci
1898 5364 2081 5420 lateri-

482 5467 587 5523 bus
621 5465 810 5540 [Boll.,
838 5463 1084 5535 latebris]
1111 5462 1497 5533 propemodum
1528 5458 2071 5515 absconditalateret.

483 5559 677 5616 Divina
726 5559 892 5631 igitur
935 5557 1357 5629 dispensatione,
1407 5563 1463 5611 et
1507 5552 1709 5609 salubri
1732 5550 2077 5606 sacerdotum

558 5703 585 5732 ι
622 5689 822 5745 Attilae.
856 5690 1011 5744 Anno
1038 5688 1239 5745 Christi
1268 5688 1374 5743 450
1399 5696 1455 5743 et
1480 5686 1754 5756 sequenti.
1792 5682 1866 5739 De
1910 5683 2078 5739 Attila

486 5757 745 5817 Sidonius
783 5759 1108 5830 Apollinaris
1154 5761 1207 5816 in
1246 5755 1583 5831 Panegyrico
1616 5755 1761 5811 Aviti
1783 5770 1952 5810 carm.
1983 5770 2075 5819 vn,

490 5846 618 5887 vers
640 5832 769 5899 527,
793 5833 863 5889 ita
898 5831 1072 5887 canit:

2157 1978 2414 2040 praastare
2442 1979 2645 2043 posset.
2703 1971 2771 2027 Et
2799 1987 2923 2029 cum
2939 1973 3272 2043 apostolicus
3295 1973 3623 2043 prtedicator
3659 1988 3764 2042 pe-

2156 2064 2371 2119 cuniam
2401 2063 2461 2119 in
2483 2061 2714 2119 sacculis
2737 2077 2802 2119 se
2826 2077 2936 2119 non
2956 2062 3215 2119 habuisse
3249 2062 3450 2130 sciret,
3491 2063 3546 2119 in
3568 2064 3762 2121 divina

2157 2153 2438 2211 conﬁdens
2461 2154 2775 2220 clementia,
2810 2161 2867 2213 et
2892 2162 3212 2211 sanctorum
3246 2156 3617 2225 apostolorum
3650 2155 3764 2213 Pe-

2158 2245 2232 2303 tri
2256 2257 2313 2302 et
2337 2245 2562 2305 Joannis
2578 2248 2917 2307 confortatus
2945 2250 3217 2319 exemplo,
3267 2250 3379 2305 ait:
3441 2248 3648 2306 Aurum
3698 2256 3766 2308 ct

2159 2347 2439 2410 argentum
2458 2350 2665 2398 nonest
2693 2357 2941 2407 mecum;
2970 2341 3113 2411 quod
3143 2350 3326 2397 autem
3347 2341 3543 2410 habeo,
3568 2343 3620 2398 id
3644 2351 3763 2411 est,

2158 2431 2446 2487 cbaritatis
2469 2432 2672 2499 ofﬁcia,
2699 2441 2757 2488 et
2777 2433 3038 2503 pietatem
3063 2432 3331 2488 orationis
3366 2431 3503 2505 με..
3537 2434 3763 2503 pietatis

2158 2522 2488 2596 orationem]
2519 2524 2589 2580 ad
2617 2523 2811 2590 Deum,
2839 2526 2942 2580 hoc
2969 2524 3126 2580 vobis
3145 2533 3410 2593 praestare
3429 2538 3539 2580 non
3560 2524 3762 2581 diﬁ’ero

2162 2614 2300 2688 (Act.
2326 2632 2411 2681 ιη.
2447 2616 2526 2687 6).
2580 2616 2649 2673 Et
2683 2624 2808 2687 post
2855 2618 2973 2673 lucc
2995 2618 3161 2673 verba
3196 2616 3288 2672 vir
3318 2616 3416 2672 Dei
3462 2631 3530 2674 ex
3562 2617 3762 2673 intimo

2161 2710 2343 2768 cordis
2365 2708 2559 2768 aﬁ'ectu
2592 2726 2695 2781 pro
2721 2710 2933 2766 illorum
2961 2710 3182 2767 miseria
3213 2708 3351 2766 fudit
3372 2710 3660 2783 lacrymas,
3702 2718 3763 2765 et

2160 2815 2285 2857 cum
2315 2798 2439 2856 ﬁdei
2483 2801 2725 2871 puritate
2748 2816 2908 2870 opem
2953 2800 3060 2857 illis
3079 2801 3343 2871 poscebat
3371 2800 3628 2863 divinam.
3671 2799 3762 2856 vel

2160 2907 2262 2963 pro
2291 2890 2507 2948 illorum
2536 2892 2824 2963 corporali,
2876 2890 2965 2948 vel
3004 2904 3106 2962 pro
3137 2892 3321 2964 populi
3357 2892 3641 2964 praesentis
3670 2906 3763 2948 sa-

2161 2981 2277 3038 lute
2296 2981 2590 3054 spirituali.
2664 2980 2777 3038 Nec
2809 2989 2922 3037 tam
2944 2982 3049 3052 pia:
3070 2990 3128 3040 et
3149 2989 3261 3039 tam
3291 2981 3613 3040 necessaria:
3631 2996 3764 3052 prec

2162 3087 2257 3130 ces
2281 3070 2590 3130 inefﬁcaces
2615 3086 2737 3130 esse
2778 3079 3093 3144 potuerunt,
3149 3071 3247 3129 sed
3275 3072 3485 3138 abillo,
3518 3071 3612 3143 qui
3659 3084 3764 3143 per

2162 3162 2357 3222 Isaiam
2387 3163 2565 3234 inquit
2586 3163 2948 3235 Prophetam:
2986 3162 3239 3235 Tempore
3258 3173 3565 3237 opportuno
3588 3180 3764 3220 exau-

2164 3257 2272 3312 diui
2293 3264 2367 3323 te,
2394 3265 2445 3311 et
2462 3257 2521 3311 in
2546 3256 2633 3313 die
2665 3256 2851 3314 salutis
2875 3256 3056 3327 adjuvi
3081 3265 3131 3312 te
3151 3255 3310 3328 (Issi.
3339 3272 3495 3323 ιιιι,
3519 3254 3608 3329 8):
3633 3270 3767 3316 mox

2162 3346 2324 3402 ambo
2357 3347 2414 3403 in
2446 3355 2741 3419 conSpectu
2767 3348 3130 3404 multitudinis
3170 3354 3413 3420 optatam
3438 3354 3769 3419 receperunt

2166 3439 2485 3507 sanitatem;
2530 3439 2621 3496 hic
2646 3439 2867 3497 luminis
2901 3441 3154 3497 claritate
3189 3440 3415 3515 ditatus,
3448 3440 3538 3497 ille
3562 3440 3767 3511 pedum

2165 3530 2452 3586 velocitate
2481 3530 2714 3587 laetatus.
2784 3532 2959 3589 Ambo
2998 3546 3248 3602 superna:
3294 3532 3501 3604 gratias
3534 3539 3773 3604 agentes

2166 3623 2357 3695 pietati
2389 3661 2404 3690 ,
2456 3622 2660 3692 majora
2693 3640 2857 3695 quam
2904 3634 3257 3696 speraverant
3298 3640 3528 3683 munera
3574 3642 3771 3696 repor-

2169 3723 2367 3783 tantes,
2427 3714 2647 3773 domum
2687 3717 2893 3772 reversi
2950 3726 3097 3773 sunt.
3178 3716 3289 3774 Sed
3344 3725 3400 3773 et
3450 3717 3555 3775 hoc
3603 3718 3775 3774 mira-

2171 3807 2351 3867 culum
2389 3810 2640 3866 sanitatis
2683 3811 2737 3867 in
2771 3810 2898 3876 illis,
2950 3809 3202 3881 plurimis
3252 3824 3417 3867 causa
3440 3808 3543 3866 fuit
3576 3810 3775 3869 salutis

2170 3909 2405 3957 ceterum.
2458 3901 2720 3957 Videntes
2772 3902 2917 3957 enim
2962 3901 3244 3958 cmlestem
3293 3901 3552 3959 virtutem
3600 3904 3772 3961 verba

2171 3992 2431 4063 consequi
2452 3992 2756 4051 sacerdotis
2778 3992 2895 4059 Dei,
2915 3993 3119 4049 relictis
3154 3991 3473 4050 idololatria:
3496 3994 3771 4061 sordibus,

2173 4082 2230 4138 in
2250 4082 2528 4140 Christum
2559 4085 2862 4151 credentes,
2893 4084 3016 4141 vivo
3067 4084 3212 4141 sacri
3253 4084 3597 4156 baptismatis
3622 4084 3777 4144 {ante

2170 4176 2388 4246 purgati
2414 4184 2563 4233 sunt.

2208 4261 2382 4348 ’XJV.
2422 4266 2644 4324 Praefati
2678 4283 2812 4325 vero
2841 4267 3095 4323 miraculi
3125 4266 3509 4333 testiﬁcatione
3567 4270 3650 4325 vir
3672 4269 3774 4326 Del

2173 4356 2359 4417 favore
2400 4360 2583 4434 populi
2611 4362 2882 4428 suffultus,
2934 4363 3143 4436 singula
3178 4364 3418 4421 civitatis
3462 4364 3580 4422 loca
3608 4381 3774 4437 pera-

2174 4468 2363 4524 grans,
2382 4454 2635 4525 qumsivit
2653 4456 2797 4511 inter
2822 4455 3007 4511 ruinas
3035 4453 3408 4520 aediﬁciorum,
3434 4456 3479 4512 si
3508 4458 3652 4528 quod
3677 4472 3776 4515 ec-

2096 4576 2150 4635 D
2174 4546 2354 4602 clesiaa
2370 4546 2585 4618 signum
2611 4546 2846 4602 inveniri
2867 4546 3144 4604 valuisset.
3184 4544 3322 4603 Nam
3342 4547 3583 4618 antiquis
3601 4548 3778 4606 ferme

2176 4637 2531 4707 temporibus,
2562 4652 2735 4695 sacrm
2760 4637 2816 4691 in
2843 4636 2951 4693 illis
2972 4635 3107 4693 locis
3134 4636 3257 4691 ﬁdei
3282 4635 3533 4695 ﬂoruisse
3558 4638 3779 4711 religio-

2177 4740 2301 4784 nem
2324 4728 2574 4798 agnovit;
2607 4728 2702 4786 sed
2728 4736 2958 4799 propter
2979 4735 3200 4797 peccata
3220 4727 3587 4786 habitatorum
3611 4738 3778 4789 term

2179 4819 2345 4885 illius,
2368 4819 2582 4875 occulto
2604 4816 2699 4875 Dei
2722 4817 2944 4888 judicio,
2982 4819 3074 4876 sed
3090 4818 3413 4891 iustissimo,
3445 4818 3640 4876 tradita
3666 4829 3771 4883 est.

2181 4924 2304 4966 cum
2328 4912 2539 4967 czeteris
2551 4911 2739 4967 Gallia:
2759 4909 2844 4967 vel
2869 4910 3177 4967 Germania
3203 4909 3536 4978 civitatibus,
3565 4925 3780 4983 pagano

2180 5013 2238 5059 et
2264 5004 2473 5075 perﬁdo
2497 5004 2814 5060 iiunnorum
2860 5005 2973 5076 regi
3008 5003 3189 5060 Attilae
3231 5016 3257 5045 ι
3282 5006 3417 5060 urbs
3444 5020 3658 5077 quoque
3682 5003 3778 5062 illa

2185 5096 2568 5167 depraedanda:
2622 5097 2713 5165 qui
2744 5104 2964 5166 propter
2989 5095 3155 5151 animi
3206 5095 3289 5151 sui
3341 5096 3623 5161 saevitiam.
3672 5112 3781 5153 nec

2186 5189 2561 5245 sacerdotibus
2598 5188 2695 5244 Dei
2725 5190 3007 5253 honorem,
3050 5203 3149 5243 nec
3181 5186 3428 5242 ecclesiis
3456 5186 3659 5242 Christi
3689 5200 3780 5242 re—

2186 5280 2483 5336 verentiam
2515 5279 2826 5349 impendere
2854 5279 3081 5343 sciebat,
3104 5278 3199 5333 sed
3224 5278 3432 5345 omnia,
3453 5280 3607 5349 quasi
3638 5288 3781 5333 tem-

2183 5378 2369 5441 pestas
2393 5371 2807 5435 immanissima,
2834 5370 2981 5426 ferro
2996 5370 3229 5425 vastavit
3258 5377 3315 5425 et
3339 5370 3482 5441 igne.
3539 5368 3691 5424 Tunc
3719 5369 3775 5424 in

2183 5462 2535 5518 similitudine
2562 5461 3064 5535 Hierosolymitanaz
3090 5461 3430 5526 vastationis,
3451 5477 3571 5533 quae
3590 5462 3658 5518 ab
3674 5462 3777 5515 im-

2180 5552 2270 5623 pio
2291 5551 2601 5624 Babylonia:
2630 5566 2754 5624 rege
2782 5550 2923 5608 facta
2950 5560 3055 5617 est,
3081 5560 3349 5607 venerunt
3375 5561 3565 5625 gentes
3592 5553 3644 5607 in
3665 5551 3777 5606 btr-

2331 5687 2397 5741 Et
2425 5684 2537 5755 jam
2568 5684 2819 5755 terriﬁcis
2857 5684 3333 5741 diﬁ'uderatA'tila
3364 5660 3560 5743 turmis

2328 5756 2385 5814 ln
2408 5754 2630 5828 campos
2679 5772 2761 5822 se,
2794 5754 2976 5828 Beiga,
3008 5764 3148 5814 tuos.
3226 5757 3389 5815 Βοιι..
