4112 6650
363 542 474 599 6ῖῦ

1305 532 1896 594 HAGIOGRAPIIICA.
1939 563 2010 574 --
2055 533 2210 590 VITA
2244 533 2310 591 S.
2349 529 2668 590 VEDASTI.

3531 530 3639 587 iiii

365 658 653 716 reditatem
706 654 833 720 Dei,
871 663 926 710 et
976 652 1195 724 pollutis
1247 652 1496 707 manibus
1530 649 1958 722 profanaverunt
1984 653 2026 710 Α
2055 647 2262 708 Christi
2284 648 2762 723 secutusvestigia,
2791 645 3092 720 potentium
3121 645 3363 705 comitia
3387 665 3491 705 non
3509 665 3641 707 cou-

363 747 606 802 sacraria
632 743 874 807 Christi,
902 742 1238 798 eﬂ'undentes
1283 757 1564 797 servorum
1600 740 1695 796 Dei
1736 739 1955 810 sangui-

366 853 492 893 nem
521 837 667 892 circa
693 834 884 889 altaria
915 833 1165 887 altissimi
1197 832 1339 904 regis
1372 830 1423 904 (I
1440 828 1479 883 γ
1506 831 1806 904 Reg.xxv).
1837 830 1953 886 Non

368 931 483 985 haec
509 943 841 998 paganorum
867 924 996 980 fecit
1023 924 1305 988 fortitudo,
1335 923 1429 978 sed
1451 923 1633 994 populi
1661 922 1952 979 Christiani

362 1025 782 1090 promeruerunt
807 1025 1048 1088 peccata.
1105 1015 1310 1069 Invenit
1343 1029 1474 1069 vero
1496 1013 1730 1070 famulus
1750 1013 1954 1068 Christi

364 1103 604 1181 aluiqua:
666 1109 852 1164 ruinas
893 1107 1135 1163 ecclesia:
1163 1147 1178 1170 ,
1235 1106 1378 1161 inter
1421 1119 1807 1174 murorumque
1842 1103 1953 1158 fra-

364 1211 585 1276 gmenta
619 1201 862 1273 veprium
893 1215 1145 1256 crescere
1170 1199 1496 1255 densitates:
1551 1198 1641 1253 ubi
1683 1198 1954 1266 quondam

361 1294 710 1366 psallentium
746 1292 919 1357 chori,
974 1291 1051 1346 ibi
1096 1291 1270 1347 lustra
1313 1298 1369 1345 et
1431 1289 1654 1344 latibula
1712 1287 1954 1343 ferarum

364 1385 483 1440 visa
519 1393 665 1447 sunt,
693 1382 1022 1441 stercoribus
1049 1389 1107 1435 et
1155 1379 1514 1436 immunditiis
1554 1378 1734 1433 omnia
1774 1377 1950 1445 plena,

367 1478 441 1531 ita
463 1485 520 1530 ut
552 1476 640 1530 vix
665 1474 950 1542 vestigium
990 1472 1206 1542 aliquod
1256 1471 1608 1524 remansisset
1649 1482 1949 1523 murorum.

364 1567 495 1624 llaec
521 1580 772 1630 cernens,
789 1566 988 1621 intimo
1014 1546 1195 1621 cordis
1217 1561 1400 1620 dolore
1428 1559 1709 1632 ingemuit,
1735 1558 1949 1614 dicens:

366 1659 412 1715 Ο
437 1659 682 1723 Domine,
713 1657 830 1712 haec
850 1656 1034 1710 omnia
1064 1659 1326 1710 venerunt
1351 1665 1514 1720 super
1535 1664 1653 1713 nos,
1692 1650 1816 1718 quia
1838 1665 1955 1720 ρεσ-

361 1753 602 1808 cavimus
625 1767 744 1806 cum
764 1749 1000 1820 patribus
1036 1747 1256 1809 nostris,
1279 1743 1472 1814 injuste
1505 1743 1725 1813 egimus,
1757 1743 1954 1813 iniqui—

357 1849 524 1898 tatem
544 1842 783 1912 fecimus.
815 1838 917 1894 Sed
939 1849 1017 1903 tu,
1034 1836 1274 1901 Domine,
1299 1851 1498 1888 memor
1524 1843 1633 1886 esto
1656 1833 1956 1886 miscricor-

2055 744 2276 814 tetnpsit
2294 786 2310 808 ,
2370 760 2478 799 non
2515 744 2741 800 luxuria:
2763 759 2949 808 causa,
2989 745 3085 799 sed
3107 744 3507 813 praedicationis
3531 744 3634 801 ob-

2053 839 2230 898 tentu,
2281 841 2341 887 ut
2364 830 2728 889 familiaritate
2748 833 3054 891 concordia:
3077 833 3270 906 [Bo(l.,
3298 835 3637 894 familiarita-

2054 925 2125 977 tis
2146 923 2481 997 concordia],
2516 924 2725 980 facilius
2751 926 2974 981 verbum
3010 925 3104 982 Dei
3134 927 3534 985 convivantium
3559 930 3644 986 it:-

2056 1015 2147 1069 fun
2171 1016 2302 1069 fere!
2329 1017 2603 1071 cordibus.

2126 1105 2284 1160 XVII.
2344 1106 2511 1177 Igitur
2566 1105 2782 1177 quidam
2833 1108 3026 1163 nobilis
3063 1107 3344 1173 Francus,
3401 1110 3642 1180 potentia

2055 1195 2257 1272 clarus,
2285 1197 2489 1254 Ociuus
2517 1198 2752 1263 nomine,
2798 1213 2976 1270 regem
3016 1200 3312 1255 Clutorium
3339 1213 3363 1242 ο
3398 1201 3644 1271 praedicti

2055 1289 2200 1359 regis
2239 1288 2490 1345 Clodovei
2524 1288 2714 1355 (ilium,
2768 1293 2858 1361 qui
2893 1299 3018 1345 tunc
3069 1293 3328 1362 temporis
3364 1294 3515 1362 regni
3548 1309 3643 1349 no-

2055 1379 2235 1434 biliter
2281 1392 2499 1436 rexerat
2546 1392 2757 1452 sceptra
2813 1382 2998 1456 [Bott.,
3056 1390 3278 1457 regebat
3323 1387 3644 1463 sceptrum],

2054 1475 2268 1527 vocavit
2297 1474 2362 1527 ad
2387 1475 2693 1544 prandium,
2724 1478 2866 1545 quod
2892 1493 3090 1547 magno
3113 1489 3371 1548 apparatu
3397 1499 3450 1536 in
3481 1481 3644 1536 domo

2057 1579 2154 1618 sua
2185 1564 2296 1634 regi
2344 1573 2400 1618 et
2447 1567 2560 1618 suis
2610 1575 2896 1634 paraverat
2927 1569 3277 1648 optimatibus
3308 1571 3352 1623 ι).
3405 1570 3648 1642 Rogatus

2055 1669 2270 1722 quoque
2318 1663 2401 1708 est
2430 1664 2651 1712 sanctus
2686 1655 2752 1711 ad
2804 1659 3110 1712 convivium
3163 1658 3446 1717 Vedastus.
3539 1661 3646 1730 Qui

2055 1743 2276 1798 domum
2307 1744 2539 1811 intrans,
2571 1762 2721 1802 more
2769 1749 2871 1802 sibi
2903 1750 3081 1815 solito,
3132 1752 3353 1807 dextera
3403 1763 3643 1820 extenta,
3723 1741 3726 1744 ’

2056 1834 2240 1889 omnia
2271 1845 2476 1892 sanctae
2503 1839 2683 1894 crucis
2706 1839 2904 1896 vexillo
2930 1842 3184 1911 signavit.
3230 1844 3485 1913 Quatdam
3515 1863 3648 1907 vero

361 1932 618 2000 dictum,
646 1940 695 1985 et
720 1930 911 1985 nostris
949 1943 1107 2000 parce
1157 1927 1402 1996 peccatis,
1429 1934 1477 1980 et
1524 1941 1588 1977 ne
1631 1923 1955 1977 obliviscaris
2057 1927 2274 1985 vascula
2303 1926 2375 1984 ibi
2413 1930 2642 1985 cervisia
2677 1931 2967 1989 adstabant
3001 1934 3180 2005 plena,
3235 1939 3330 1992 sed
3354 1940 3496 1995 male
3515 1957 3648 2012 gen-

362 2037 654 2094 pauperum
673 2029 885 2075 tuorum
909 2019 962 2072 in
987 2018 1146 2090 ﬁnem
1173 2013 1345 2088 (Ρεαι.
1377 2029 1465 2080 cv,
1493 2013 1568 2086 6).
1685 2023 1690 2031 '
1982 2012 2029 2072 Β
2060 2014 2137 2070 tiii
2167 2030 2358 2070 errore
2383 2017 2729 2075 daemoniacis
2766 2021 3221 2081 incantationibus
3247 2028 3463 2085 infecta.
3515 2030 3648 2099 ρυω

439 2112 555 2176 XV.
591 2113 727 2166 Dum
754 2113 870 2166 haec
890 2111 1073 2180 itaque
1097 2108 1414 2182 lacrymOsis
1441 2111 1957 2174 nuirmuraretque-
2056 2121 2182 2161 mox
2220 2107 2291 2162 ob
2319 2109 2621 2177 potentiam
2647 2121 2851 2167 sancta:
2893 2115 3074 2170 crucis
3109 2116 3386 2174 destructa
3416 2135 3648 2192 crepue-

295 2201 298 2204 ’
365 2209 520 2277 telis,
547 2223 675 2264 ecce
711 2209 894 2265 subito
918 2222 986 2264 ex
1015 2207 1250 2264 ruinosis
1281 2205 1552 2276 speluncis
1592 2218 1753 2258 ursus
1785 2203 1960 2271 prosi-
2056 2209 2205 2265 runt,
2267 2209 2323 2258 et
2361 2199 2620 2272 quidquid
2640 2201 2872 2274 liquoris
2897 2206 3223 2274 habuerunt,
3255 2211 3308 2265 in
3337 2219 3537 2268 terram
3568 2212 3652 2269 ef-

364 2304 487 2364 hm.
560 2301 659 2358 cui
685 2304 769 2359 vi].
793 2304 884 2360 Dei
909 2319 1030 2359 cum
1051 2302 1422 2372 indignatio”
1447 2301 1706 2370 pmcepn
1731 2340 1752 2362 ο
1793 2306 1854 2352 ιιι
1879 2356 1881 2360 Α
1901 2297 1957 2352 in
2056 2285 2331 2344 fuderunt.
2382 2285 2630 2348 Territus
2658 2309 2790 2349 vero
2837 2312 2931 2350 rex
2959 2305 3014 2352 ct
3041 2300 3330 2369 optimates
3383 2302 3528 2362 illius
3549 2306 3650 2363 hu-

367 2398 584 2454 deserta
603 2397 882 2454 secederet
911 2395 1047 2459 ioca,
1106 2403 1162 2448 et
1185 2394 1288 2448 sibi
1326 2392 1610 2448 commoda
1654 2393 1796 2446 inter
1823 2402 1957 2443 con-
2050 2377 2142 2447 jus
2170 2379 2377 2436 visione
2422 2378 2692 2451 miraculi,
2749 2379 3132 2447 sciscitabatur
3166 2393 3475 2461 pontificem
3520 2412 3650 2452 cau-

362 2489 536 2546 densa
562 2487 624 2542 sil
635 2504 819 2542 vamm
838 2494 1114 2558 gummi-et
1139 2483 1466 2547 habitacula,
1521 2499 1622 2537 nec
1645 2481 1787 2536 ultra
1804 2480 1959 2554 illius

340 2578 607 2640 .tiumiois
636 2579 784 2650 ripas
811 2579 1087 2638 transiret.
1141 2576 1242 2644 Qui
1264 2592 1388 2631 rnox
1417 2573 1509 2629 tali
1542 2574 1766 2628 territus
1793 2571 1961 2626 mina-

365 2673 519 2728 tione
547 2671 702 2746 fugit,
727 2688 828 2728 nec
859 2685 1097 2740 latinam
1127 2679 1313 2740 postea
1343 2665 1452 2722 illis
1479 2666 1629 2720 visus
1650 2675 1737 2718 est
1759 2664 1812 2718 in
1834 2677 1964 2733 par-

369 2757 536 2823 (ibus.
598 2762 645 2820 0
669 2764 803 2818 mira
832 2761 1220 2833 omnipotentis
1259 2759 1356 2815 Dei
1387 2759 1442 2814 in
1475 2759 1679 2823 sanctis
1726 2755 1840 2811 suis
1867 2770 1962 2824 pe-

369 2855 563 2918 tentia,
589 2853 792 2923 quibus
813 2852 999 2910 bestiae
1025 2850 1380 2908 ferocissimae
1403 2849 1624 2903 obedire
1659 2847 1841 2901 sciunt
1858 2843 1962 2930 i.0

368 2947 698 3005 miserabilis
724 2945 1004 3002 hominum
1029 2943 1276 3006 audacia,
1328 2942 1424 3011 qui
1451 2938 1742 2996 salutiferae
1767 2937 1962 3007 praedi-

371 3038 607 3101 cationis
633 3037 818 3102 verba,
855 3052 888 3090 a
920 3035 1125 3091 sanctis
1141 3033 1353 3103 prolata
1379 3031 1692 3086 doctoribus
1720 3037 1962 3085 contem-

373 3147 505 3188 nere
548 3130 709 3204 169
754 3146 861 3185 non
890 3133 1156 3185 metuunt.
1235 3123 1625 3179 lrrationabilis
1659 3123 1854 3186 bestia,
1906 3121 1962 3177 in

369 3223 796 3294 obtemperando
815 3230 1124 3278 sanctorum
1140 3219 1426 3290 praeceptis
1449 3215 1846 3287 quodammodo
1871 3230 1961 3269 ra-

372 3315 522 3372 tione
550 3314 721 3372 utitor
741 3315 1003 3368 humana:
1049 3311 1213 3366 homo
1243 3323 1370 3363 vero
1413 3309 1483 3361 ad
1535 3306 1824 3376 imaginem
1863 3303 1961 3360 Dei

324 3445 327 3449 -
367 3405 644 3470 conditus,
688 3405 897 3459 ratione
932 3390 1210 3474 przczlitus,
1236 3400 1500 3454 honorem
1531 3413 1690 3452 suum
1729 3411 1834 3452 non
1871 3396 1948 3451 in-
1988 3366 2033 3425 ί)

375 3499 642 3571 telligens,
680 3484 1012 3567 comparatus
1031 3503 1109 3549 est
1125 3493 1381 3562 jumentis
1405 3488 1783 3560 insipientibus,
1811 3496 1856 3542 et
1891 3490 1964 3544 si-

373 3589 523 3644 milis
546 3588 717 3664 {actus
743 3595 817 3642 est
837 3585 947 3642 illis
973 3582 1148 3657 (Pent.
1182 3599 1378 3649 nvm,
1408 3581 1518 3652 1'5).

453 3699 615 3767 XVI,
654 3700 798 3757 Dum.
847 3715 976 3756 vero
1023 3697 1379 3768 comperisset
1434 3695 1519 3748 vir
1558 3692 1651 3748 Dei
1702 3693 1964 3749 ecclesias

373 3792 578 3851 Christi
604 3793 862 3855 desertas,
897 3807 994 3848 cor
1028 3789 1208 3862 populi
1246 3788 1563 3844 idololatriae
1581 3787 1860 3841 erroribus
1890 3786 1967 3839 in-

380 3885 601 3948 fectum,
641 3885 951 3955 ignorantia:
975 3883 1214 3942 tenebris
1235 3881 1590 3943 obcaecatum,
1643 3882 1858 3952 gemino
1907 3894 1970 3934 se

312 4000 313 4003 η
381 3979 596 4049 pietatis
621 3979 859 4037 subdidit
881 3978 1074 4036 labori.
1155 3977 1417 4048 Populum
1445 3976 1630 4030 sedula
1666 3976 1967 4032 intentione

380 4072 450 4126 ad
486 4071 813 4146 agnitionem
844 4071 956 4126 veri
989 4070 1208 4124 luminis
1259 4069 1526 4138 perduit,
1577 4067 1845 4123 ecclesias
1900 4067 1968 4123 ad

383 4162 594 4225 culmen
618 4161 814 4217 summi
845 4161 1068 4217 honoris
1093 4161 1285 4224 erexit,
1333 4160 1684 4229 presbyteros
1705 4167 1760 4212 ct
1788 4158 1971 4213 diaco-

384 4267 486 4308 nos
513 4253 616 4308 sibi
643 4254 698 4308 in
734 4252 1057 4322 adiutorium
1087 4267 1186 4321 per
1215 4251 1429 4308 diversa
1457 4250 1824 4308 Ecclesiarum
1855 4251 1969 4306 dis-

383 4345 566 4415 posuit
592 4343 708 4400 loca
729 4360 744 4407 ;
769 4354 826 4397 et
846 4345 936 4401 ubi
967 4344 1117 4413 prius
1139 4342 1411 4413 spelunca:
1431 4342 1649 4396 fuerunt
1674 4341 1970 4407 latronum,

2057 2481 2177 2524 sam
2198 2474 2464 2542 repentini
2490 2474 2741 2548 prodigii.
2783 2476 2879 2533 Cui
2903 2489 3122 2537 sanctus
3144 2485 3421 2555 respondit
3440 2488 3652 2558 episco—

2020 2577 2192 2636 Ipus:
2244 2563 2350 2632 Per
2380 2566 2645 2634 quasdam
2699 2568 3068 2629 maleficorum
3112 2574 3530 2649 incantationes,
3582 2584 3653 2639 ad

2057 2653 2405 2727 decipiendos
2437 2657 2788 2739 convivarum
2845 2664 3091 2730 animas,
3145 2667 3410 2725 diabolica
3465 2673 3519 2728 in
3565 2675 3653 2730 his

2058 2745 2220 2802 latuit
2243 2748 2544 2818 liquoribus
2569 2753 2805 2830 potentia
2832 2773 2847 2810 :
2879 2757 2972 2811 sed
2993 2759 3197 2816 virtute
3237 2764 3416 2820 crucis
3439 2765 3646 2824 Christi

2059 2839 2272 2904 territa,
2301 2839 2380 2895 sic
2406 2843 2751 2900 invisibiliter
2787 2847 2855 2903 de
2894 2849 3056 2905 domo
3105 2851 3292 2922 effugit
3320 2855 3459 2921 ista,
3511 2858 3656 2918 sicut

2058 2927 2345 2986 visibilitcr
2370 2932 2756 2991 considerastis
2791 2923 3053 3006 liquorem
3105 2941 3305 2999 effundi
3341 2946 3396 3001 in
3425 2953 3649 3006 terram.

2058 3019 2185 3077 llaec
2225 3036 2352 3077 vero
2376 3038 2466 3078 res
2519 3025 2706 3081 multis
2731 3027 3049 3097 proﬁciebat
3091 3027 3146 3088 in
3187 3036 3436 3092 saiu:em.
3512 3038 3650 3100 Nam

2058 3112 2302 3182 plurimi,
2345 3115 2573 3172 occultis
2595 3116 2876 3176 diabolicae
2913 3121 3120 3178 fraudis
3158 3129 3366 3183 catenis
3395 3131 3656 3200 absoluti,

2045 3207 2409 3276 auguriorum
2433 3209 2670 3265 vanitate
2702 3219 2909 3282 spreta,
2957 3213 3386 3275 incantationum
3425 3238 3659 3282 consuc-

2064 3297 2249 3352 tudine
2304 3299 2532 3366 relicta,
2607 3303 2673 3358 ad
2734 3319 2878 3361 vera:
2935 3306 3210 3378 religionis
3266 3315 3660 3373 convaluerunt

2067 3386 2256 3460 [Boll.,
2285 3392 2733 3467 convolaverunt]
2786 3397 3096 3468 puritatem,
3154 3401 3515 3476 intelligentes
3571 3409 3654 3464 di-

2060 3480 2200 3572 vinae
2239 3485 2495 3550 potentia:
2533 3483 2772 3542 edicacia
2809 3489 2864 3542 in
2903 3505 3000 3545 suo
3046 3490 3245 3549 famqu
3298 3495 3473 3562 iacere
3503 3500 3658 3572 signa

2063 3569 2252 3640 [Boll.,
2277 3572 2575 3632 efﬁcaciam
2606 3618 2620 3631 .
2656 3617 2670 3631 .
2701 3618 2714 3631 .
2735 3577 2917 3636 facere
2943 3583 3141 3658 signa],
3183 3588 3425 3659 nihilque
3465 3569 3659 3650 contra

2061 3661 2177 3729 eius
2203 3666 2548 3722 sanctitatem
2595 3671 2804 3740 antiqui
2832 3678 3101 3744 serpentis
3165 3679 3352 3736 valere
3380 3685 3659 3742 machina-

2063 3767 2265 3812 menta.
2327 3760 2397 3815 Et
2437 3765 2579 3832 quod
2609 3763 2695 3817 illc
2722 3764 2790 3820 ad
2817 3767 3174 3836 perditionem
3217 3786 3503 3843 paraverat
3550 3779 3652 3834 ali-

2064 3867 2317 3923 quorum,
2342 3853 2445 3908 hoc
2471 3853 2671 3910 Christi
2694 3859 2866 3926 gratia
2888 3858 2954 3913 ad
2984 3861 3261 3933 redempti:
3285 3881 3408 3921 nem
3433 3884 3657 3928 conver-

2065 3946 2129 4000 tit
2158 3943 2534 4017 plurimormn.

2678 4047 2907 4108 CAPUT
2946 4051 3036 4108 IV.

2387 4135 2568 4194 Sancti
2602 4137 2810 4229 Vrdarti
2836 4142 3025 4207 abitus,
3045 4145 3332 4216 sepultura.

2139 4249 2322 4340 XVIII.
2363 4249 2526 4306 Rexit
2561 4250 2860 4324 [Bolla.nd.,
2890 4251 3167 4332 Rexerat]
3201 4261 3366 4332 igitur
3398 4266 3665 4336 praefatus

2069 4340 2166 4395 Dei
2218 4344 2472 4397 sacerdos
2513 4343 2812 4400 Ecclesiam
2861 4346 3086 4416 Christi,
3127 4350 3308 4411 divina
3360 4359 3662 4419 auxiliame

386 4437 460 4493 ibi
477 4435 784 4494 orationum
805 4435 994 4490 domos
1016 4436 1335 4500 construxit,
1358 4435 1638 4505 magisque
1664 4433 1864 4490 divinis
1892 4435 1974 4489 in-
2071 4433 2265 4503 gratia,
2289 4435 2446 4490 annis
2469 4434 2688 4490 circiter
2705 4437 3064 4508 quadraginta
3088 4453 3136 4508 ε,
3160 4445 3261 4501 sub
3281 4462 3473 4520 magna
3495 4467 3662 4506 evan-

387 4529 561 4585 tendit
587 4543 684 4581 eas
711 4542 906 4582 ornare
935 4527 1200 4591 laudibus,
1232 4540 1394 4596 quam
1422 4527 1745 4596 pompaticis
1789 4525 1973 4581 szecuii
2072 4525 2189 4580 liae
2227 4525 2630 4594 przedieationis
2673 4528 2959 4586 devotione
2987 4572 3003 4598 ,
3052 4532 3154 4588 sub
3199 4551 3397 4610 magno
3433 4541 3661 4611 pietatis

387 4618 591 4674 divitiis
617 4633 851 4675 comere.
915 4617 1038 4670 Fuit
1076 4633 1205 4672 vero
1232 4619 1563 4687 pauperibus
1605 4619 1804 4687 largus,
1838 4618 1975 4672 divi—
2073 4631 2290 4672 amore:
2325 4632 2390 4671 ac
2416 4632 2513 4687 per
2539 4618 2594 4673 id
2615 4621 2874 4690 temporis
2930 4624 3330 4684 multitudinem
3357 4633 3537 4702 populi
3571 4652 3663 4690 ca-

389 4709 534 4766 tibus
563 4708 811 4773 affabilis,
867 4718 1136 4779 quatenus
1162 4723 1355 4764 omnes
1389 4709 1473 4763 vei
1497 4710 1744 4780 largitate
1779 4724 1970 4765 mune—
2005 4741 2050 4799 D
2076 4707 2276 4763 tholico
2307 4711 2557 4780 dogmate
2581 4711 2648 4765 ad
2663 4709 2983 4770 Christianae
3013 4713 3132 4771 fidei
3166 4722 3432 4776 convertit
3455 4726 3660 4780 sancti-

391 4818 530 4867 rum,
563 4803 648 4859 vel
695 4803 1031 4873 iucunditate
1066 4803 1356 4856 verborum
1421 4803 1476 4857 in
1507 4803 1650 4857 viam
1680 4803 1973 4858 deduceret

388 4897 652 4952 veritatis.
703 4893 894 4950 Sciens
945 4893 1442 4962 itaquenullatenus
1465 4895 1691 4963 superba
1720 4895 1976 4964 potentiae

390 4987 526 5042 colla
555 4987 620 5040 ad
651 4985 970 5042 Christianum
993 4984 1267 5056 religionis
1310 4984 1668 5041 humilitatem
1711 4985 1977 5042 inclinare

394 5077 580 5151 [Bol!.,
612 5078 853 5133 converti
883 5077 966 5130 vel
992 5074 1264 5146 inclinari]
1302 5090 1484 5145 posse,
1513 5078 1616 5133 nisi
1647 5093 1746 5147 per
1774 5081 1979 5134 suavis-

393 5175 560 5230 simas
585 5171 800 5244 pietatis
865 5169 1297 5234 admonitiones,
1341 5169 1635 5238 apostolico
1679 5171 1977 5228 instructus

396 5263 663 5334 exenplo,
692 5262 942 5318 omnibus
987 5261 1166 5316 omnia
1199 5260 1394 5325 factus,
1459 5269 1518 5314 ut
1541 5276 1732 5318 omnes
1760 5263 1981 5319 lucrifao

397 5363 548 5410 ceret
571 5354 620 5424 (1
642 5352 764 5408 Cor.
796 5370 874 5416 ix,
901 5353 1013 5422 12),
1037 5352 1280 5408 seniores
1305 5352 1600 5410 honoribus
1620 5355 1975 5423 prmi-aniens,

395 5447 638 5517 iuniores
668 5451 896 5515 paterna
935 5442 1224 5498 dilectione
1261 5442 1580 5508 admonens,
1629 5444 1830 5514 ubique
1882 5462 1980 5516 per

401 5536 572 5595 cilicia
587 5537 872 5593 eharitatis
893 5550 998 5590 non
1026 5551 1122 5590 sua
1145 5549 1416 5605 quaerens,
1448 5536 1545 5589 sed
1571 5551 1690 5606 qua:
1711 5537 1804 5591 Dei
1833 5547 1974 5600 sunt,

473 5707 500 5734 ει
541 5692 731 5763 Regem
762 5691 1073 5747 Clotarium.
1141 5689 1410 5746 Clodoveo
1449 5707 1590 5746 anno
1618 5691 1721 5748 509
1799 5695 1886 5750 die
1909 5695 1976 5749 Q7

404 5764 690 5821 Novembr.
721 5764 976 5817 defuncto
997 5772 1373 5832 successerunt
1394 5773 1626 5832 quatuor
1667 5765 1782 5828 filii,
1839 5767 1980 5821 inter

404 5852 540 5905 quos
573 5835 775 5903 primus
797 5834 1084 5905 (notarius,
1113 5833 1252 5902 apud
1275 5830 1592 5888 Suessiones
1616 5836 1742 5890 sede
1781 5839 1974 5904 posita,

404 5903 618 5976 praefuit
644 5905 1021 5976 Atrebatibus.
1060 5903 1221 5957 BOLL.

479 5979 502 6018 1ο
543 5975 907 6048 Optimatibus.
966 5974 1154 6028 I'lures
1187 5990 1250 6028 ex
1273 5974 1358 6029 his
1395 5989 1632 6047 paganos
1656 5975 1843 6038 fuisse,
1869 5978 1978 6033 eis-

2076 4809 2261 4855 tatem.
2311 4801 2519 4856 Claruit
2549 4804 2749 4873 ubique
2768 4805 2964 4862 divinae
2991 4811 3227 4879 cognitio
3248 4812 3403 4881 legis,
3429 4820 3662 4877 sanctis-

2077 4894 2272 4947 simum
2295 4892 2497 4950 Christi
2527 4911 2719 4950 nomen
2751 4908 3068 4956 cunctorum
3099 4904 3418 4964 audiebatur
3447 4913 3500 4968 in
3537 4931 3658 4982 ore,

2077 4985 2258 5040 floruit
2289 4986 2344 5038 in
2377 4987 2616 5042 moribus
2637 4990 2954 5048 castissima:
2967 4994 3092 5050 vitae
3131 4997 3407 5066 honestas,
3434 5004 3663 5064 ardebat

2078 5081 2132 5135 in
2159 5079 2470 5149 pectoribus
2481 5080 2813 5152 singulorum
2844 5085 3002 5156 170
3013 5088 3249 5146 caelestis
3268 5095 3459 5162 patria:
3483 5111 3662 5168 amor,

2078 5172 2308 5243 pepulus
2354 5173 2572 5227 statutis
2606 5173 2796 5229 diebus
2839 5176 2904 5229 ad
2947 5178 3228 5235 ecclesiam
3280 5189 3659 5257 concurrebat,

2081 5265 2216 5319 festa
2245 5281 2366 5319 cum
2397 5279 2595 5336 magno
2619 5267 2815 5335 gaudio
2859 5272 3028 5325 nostri
3059 5271 3355 5333 Salvatoris
3404 5295 3664 5351 opportu-

2081 5359 2166 5413 nis
2208 5357 2622 5414 celebrabantur
2643 5359 2852 5425 diebus,
2903 5363 3255 5435 eleemosvna:
3293 5369 3435 5425 circa
3467 5372 3659 5432 domos

2080 5450 2352 5504 uberrime
2389 5449 2711 5519 pauperibus
2759 5452 3250 5522 dispertiebantur,
3296 5463 3517 5518 verbum
3565 5467 3663 5524 Dei

2082 5541 2320 5612 quotidie
2345 5557 2440 5613 per
2459 5543 2573 5599 loca
2595 5544 2802 5615 singula
2830 5548 3042 5618 populis
3063 5552 3476 5623 praidicahatur,
3509 5559 3666 5630 hym.

2083 5711 2188 5777 quo
2211 5695 2600 5777 poculagentiii
2625 5699 3004 5777 superstitione
3025 5717 3099 5758 sa;
3119 5713 3234 5759 rata
3254 5706 3440 5777 fuisse,
3464 5713 3667 5770 indicat

2086 5770 2188 5822 alia
2220 5770 2368 5837 prior
2402 5769 2518 5823 Vita
2545 5770 2600 5823 S.
2641 5768 2876 5826 Vedasti.
2915 5772 2990 5827 lu.

2159 5851 2180 5914 ς
2210 5839 2376 5914 finitis
2424 5841 2751 5914 circiterudtl.
2801 5843 2881 5895 Ab
2905 5859 3046 5900 anno
3072 5847 3291 5902 circiter
3315 5850 3420 5906 500
3445 5855 3514 5910 ad
3557 5853 3687 5914 5-10:

2085 5909 2194 5965 vid.
2223 5909 2509 5965 Bollandus
2548 5911 2601 5964 in
2629 5911 2930 5969 (leniment.
2963 5931 3150 5986 prima,
3180 5920 3206 5990 §
3244 5921 3296 5974 5.
