4112 6584
530 321 639 381 675

1380 325 1442 382 B.
1482 327 1547 382 ιτ.
1586 325 1814 382 ΑιΒιΝι
1853 322 1984 381 SEU
2025 321 2304 380 ALCUINI
2339 320 2628 380 OPERUM
2666 321 2846 380 PARS
2881 321 2945 378 γ.

3729 318 3837 375 676

523 440 739 497 nidicas
785 439 974 498 laudes
1019 441 1130 497 Deo
1184 443 1337 498 horis
1384 442 1666 499 canonicis
1730 443 1933 498 chorus
1990 456 2120 497 can-
2148 438 2198 498 A
2224 440 2552 494 secretarius
2577 437 2755 494 fuerat
2797 453 3115 494 sermonum
3160 438 3336 495 sancti
3365 437 3485 504 Dei,
3525 439 3574 495 si
3616 438 3837 512 aliquid

522 533 678 590 labat
715 533 772 590 in
812 535 1078 590 ccclesiis.
1150 534 1375 590 Beatum
1424 537 1672 591 dixerunt
1719 537 1994 608 populum,
2040 534 2127 588 cui

523 626 640 682 hac
677 637 833 685 sunt:
888 629 1070 683 beaIus
1116 627 1342 699 populus
1370 628 1526 700 cujus
1548 628 1816 682 Dominus
1844 628 1988 682 Deus
2012 627 2127 698 ejus

527 720 713 796 (Psal.
756 737 946 786 cxun,
999 719 1118 793 15).
1184 719 1384 776 Omnes
1433 721 1580 775 enim
1626 721 1680 775 in
1723 721 2128 791 pulchritudine

521 817 675 889 pacis
701 815 1073 888 quiescebant,
1129 815 1182 870 in
1215 816 1490 887 agnitione
1522 815 1768 870 veritatis
1795 815 2124 887 gaudebant,

523 911 580 967 in
600 911 892 968 sanctitate
916 910 1240 966 Christiana:
1269 908 1547 980 religionis
1567 908 1913 965 lmtabantur.

593 1047 736 1105 XIX.
785 1047 1080 1119 Postquam
1111 1063 1243 1103 vero
1267 1047 1391 1118 pius
1425 1048 1754 1118 przedicator
1807 1055 1863 1101 et
1905 1054 2127 1102 sanctus

522 1138 620 1195 Dei
647 1140 923 1206 sacerdos,
967 1139 1181 1196 meritis
1212 1147 1460 1197 maturus
1481 1148 1538 1194 et
1567 1140 1746 1204 annis,
1792 1140 2014 1210 pratmia
2042 1139 2125 1193 sui

525 1229 733 1286 laboris
765 1231 1013 1302 accipere
1050 1230 1263 1296 debuit,
1295 1232 1407 1286 Deo
1433 1231 1804 1302 dispensante,
1849 1229 1904 1284 in
1933 1229 2124 1285 eadem

521 1320 780 1379 Atrebata
819 1322 1040 1378 civitate
1072 1322 1267 1377 validze
1298 1322 1632 1378 inﬁrmitatis
1660 1321 1812 1378 febre
1842 1331 2128 1391 correptus

521 1423 628 1482 est,
673 1415 854 1472 divina
884 1415 1217 1486 prarvibnte
1264 1416 1662 1483 misericordia,
1714 1429 1776 1471 ut
1820 1415 1912 1470 ubi
1958 1413 2128 1485 pluri-

521 1524 672 1566 mum
702 1511 755 1566 in
777 1510 871 1565 Dei
897 1509 1113 1566 sudavit
1131 1511 1376 1572 servitio.
1392 1510 1518 1565 inde
1546 1511 1617 1566 ad
1641 1511 1882 1582 palmam
1906 1517 2126 1565 aeterna:

521 1602 876 1658 beatitudinis
907 1600 1236 1670 perveniret,
1270 1609 1326 1658 et
1353 1601 1498 1656 inter
1527 1601 1975 1656 charissimorum
2003 1614 2122 1654 ma-

522 1710 628 1751 nus
654 1693 884 1749 ﬁliorum
909 1692 1146 1748 animam
1175 1707 1274 1748 suo
1303 1693 1557 1747 redderet
1582 1690 1852 1746 Creatori.
1898 1689 1973 1747 Ut
1993 1704 2123 1744 vero

522 1788 609 1844 sui
636 1787 823 1843 famuli
858 1787 1066 1842 obitum
1117 1786 1264 1842 Deus
1307 1785 1638 1857 designaret,
1692 1785 1809 1841 visa
1837 1794 1921 1840 est
1962 1791 2124 1841 nocte
2155 1803 2202 1864 Β

523 1885 758 1956 quadam
782 1881 1100 1938 clarissimae
1124 1879 1374 1936 columna
1397 1879 1555 1943 lucis,
1598 1893 1631 1932 a
1667 1877 1905 1933 culmine
1932 1877 2126 1933 domus

525 1976 582 2033 in
603 1992 708 2048 qua
736 1983 958 2031 sanctus
995 1972 1216 2042 iacebat
1251 1971 1527 2037 sacerdos,
1554 1987 1726 2042 usque
1754 1971 1820 2026 ad
1850 1985 2126 2026 summum

525 2070 672 2135 caeli,
704 2069 962 2125 horarum
985 2065 1156 2122 ferme
1181 2066 1356 2136 spatio
1373 2065 1625 2130 duarum,
1650 2074 1798 2120 stare
1822 2063 2124 2134 fastigium.

523 2162 679 2232 Quod
708 2177 830 2217 cum
857 2161 977 2216 viro
1009 2158 1106 2214 Dei
1135 2158 1427 2220 diceretur,
1487 2155 1752 2212 intellexit
1784 2155 1969 2212 statim
2022 2155 2128 2212 hoc

522 2260 738 2333 signum
768 2271 926 2313 suum
959 2255 1337 2309 demonstrare
1386 2251 1619 2307 obitum.
1680 2249 1914 2306 Vocavit
1958 2249 2130 2321 igitur

522 2366 653 2408 suos
675 2349 741 2404 ad
769 2363 827 2404 se
857 2346 1018 2412 ﬁlios,
1048 2353 1107 2400 ut
1136 2359 1322 2399 eorum
1352 2343 1606 2414 precibus
1635 2357 1790 2398 suam
1813 2340 1961 2398 ﬁdeli
1985 2339 2128 2397 Con-

523 2440 685 2498 ditori
713 2438 1120 2496 commendaret
1151 2436 1410 2491 animam.
1447 2435 1516 2490 Et
1533 2441 1658 2505 post
1679 2434 1865 2489 dulces
1883 2441 2126 2504 paterna:

522 2533 745 2606 pietatis
764 2530 1184 2594 admonitiones,
1227 2535 1284 2582 et
1318 2533 1563 2582 extrema
1613 2524 1900 2580 charitatis
1957 2521 2126 2578 verba

523 2633 874 2684 sacrosancto
899 2621 1146 2692 corporis
1174 2627 1229 2676 et
1280 2618 1564 2689 sanguinis
1588 2616 1794 2672 Christi
1832 2615 2127 2671 conﬁrma-

524 2729 619 2777 tus
643 2719 847 2776 viatico
884 2717 1028 2772 inter
1051 2729 1247 2768 manus
1265 2711 1686 2785 lacrymantium
1714 2709 1967 2780 spiritum
1991 2707 2128 2762 emi-

522 2816 616 2873 sit.
670 2812 716 2870 0
745 2811 863 2867 dies
889 2817 1078 2866 sancto
1103 2806 1380 2862 latissima
1427 2803 1724 2869 sacerdoti,
1785 2804 1879 2858 sed
1925 2811 2124 2858 cuncto

525 2906 879 2966 mmstissima
922 2901 1141 2976 populo,
1188 2916 1354 2971 quem
1407 2907 1594 2954 tantus
1637 2897 1820 2954 subito
1856 2897 2126 2970 corporali

523 3002 638 3056 vita
692 2996 932 3056 deseruit
972 3002 1181 3067 pastor.
1224 3007 1386 3064 quem
1431 3000 1614 3047 tamen
1662 2989 1930 3062 spirituali
1989 3007 2126 3045 nun-

525 3108 694 3166 quam
733 3090 948 3146 deseret
988 3085 1398 3149 intereessione,
1450 3084 1494 3138 si
1545 3098 1714 3139 sacra:
1754 3082 1900 3137 illius
1937 3083 2126 3139 admo-

522 3184 750 3243 nitionis
797 3184 961 3239 verba
1004 3189 1062 3236 et
1110 3178 1509 3253 probatissima:
1536 3177 1663 3232 vita:
1701 3177 1932 3247 vestigia
1967 3175 2123 3248 sequi
2148 3174 2196 3238 Ο

525 3296 638 3336 non
662 3278 922 3336 desistat!

598 3413 720 3470 XX.
761 3413 1142 3469 Convenerunt
1167 3409 1352 3479 itaque
1376 3408 1444 3462 ad
1465 3407 1686 3462 ultimas
1697 3406 1996 3461 venerandi
2022 3405 2126 3461 viri

528 3506 823 3577 exsequias
852 3503 1031 3559 clerus
1069 3508 1126 3556 et
1168 3500 1400 3572 populus
1430 3500 1683 3571 copiosus
1707 3540 1724 3565 ,
1786 3499 2128 3569 aliarumque

527 3597 884 3655 ecclesiarum
919 3592 1256 3656 sacerdotes,
1307 3591 1638 3664 presbyteri,
1668 3600 1724 3645 et
1749 3590 1985 3647 diaconi.
2018 3589 2126 3646 Sed

527 3691 753 3755 mirum,
780 3689 921 3743 inter
948 3685 1366 3757 lacrymantium
1397 3699 1560 3738 voces
1589 3685 1644 3737 in
1685 3693 1851 3749 terra,
1885 3683 2129 3754 psallen-

532 3784 695 3850 tium,
725 3788 788 3837 ut
809 3779 1004 3844 fertur,
1034 3792 1066 3833 a
1092 3778 1416 3848 quihusdam
1469 3775 1742 3847 religiosis
1779 3775 1914 3832 viris
1953 3783 2128 3833 cmtus

530 3873 891 3932 audiebantur
920 3872 974 3926 in
1023 3869 1162 3926 ccelo
1194 3887 1209 3923 :
1263 3876 1320 3923 et
1345 3867 1473 3922 dum
1503 3868 1667 3939 digno
1691 3867 1917 3924 honoris
1943 3868 2128 3928 ofﬁcio

528 3965 809 4029 feretrum,
841 3964 895 4019 in
923 3977 1031 4034 quo
1065 3960 1287 4032 iacebat
1321 3974 1540 4029 corpus,
1595 3968 1845 4031 paratum
1875 3970 2045 4017 staret
2071 3962 2127 4016 in

529 4057 728 4120 medio,
758 4055 1079 4112 accedentes
1124 4066 1345 4108 movere
1371 4051 1499 4107 illud
1530 4068 1637 4108 non
1676 4053 1948 4110 valebant.
1987 4055 2130 4123 Quid

531 4165 664 4206 vero
684 4155 927 4220 agerent,
946 4146 1297 4217 ambigebant
1321 4161 1336 4210 ;
1365 4158 1475 4214 quo
1500 4158 1560 4200 se
1584 4154 1883 4212 verterent,
1914 4148 2129 4203 nescie-

534 4245 685 4300 bant.
742 4240 1178 4298 Sciscitabantur
1220 4254 1250 4292 a
1278 4236 1588 4308 Scopilione
1620 4237 1754 4311 [Αι.,
1790 4256 1820 4294 a
1868 4238 1926 4295 S.
1977 4240 2128 4313 Phy—

529 4333 711 4408 leone]
739 4331 1239 4404 archipresbytero,
1272 4329 1393 4385 viro
1436 4329 1690 4400 equidem
1729 4331 2003 4404 religioso,
2032 4333 2126 4402 qui

600 4526 627 4556 ι
660 4512 721 4568 In
748 4526 879 4566 mss.
913 4507 1307 4564 Marchianensi
1337 4514 1392 4564 et
1419 4506 1477 4562 S.
1518 4508 1793 4562 Maximini
1832 4509 1974 4578 apud
2003 4510 2126 4566 Bol-

526 4585 790 4641 landistas
810 4583 898 4637 hic
923 4583 994 4635 ita
1019 4581 1263 4650 pergitur
1291 4588 1346 4634 et
1373 4579 1481 4633 vita
1504 4581 1725 4650 reliquis
1753 4580 1970 4636 omissis
1993 4599 2122 4637 con-

527 4657 797 4713 cluditur:
851 4672 870 4703 c
907 4651 1252 4720 Consilioque
1301 4651 1468 4704 abeo
1517 4660 1740 4721 accepto
1789 4650 1936 4707 foras
1989 4655 2123 4710 civi-

527 4737 694 4787 tatem
719 4728 772 4782 in
792 4724 1057 4795 oratorio,
1103 4722 1248 4792 quod
1272 4721 1551 4795 _sibi_iipse
1570 4732 1885 4795 paraverat,
1929 4727 2125 4795 sepeli-

526 4811 650 4856 rent
677 4798 912 4855 Patrem.
961 4793 1063 4861 Qui
1093 4810 1214 4848 mox
1265 4792 1520 4848 facillime
1567 4793 1806 4847 levantes
1860 4792 2120 4852 feret—rum

525 4870 820 4943 portabant
863 4876 1108 4943 sanctum
1135 4880 1331 4943 corpus
1355 4879 1477 4943 cum
1506 4863 1822 4943 luminibus,
1873 4867 2121 4926 laudibus

522 4935 584 4998 et
625 4942 863 5012 hymnis,
895 4939 970 5012 ad
999 4937 1173 5012 locum
1201 4936 1304 4988 sibi
1332 4935 1627 5012 placitum,
1649 4936 1972 5012 sepelientes
1995 4957 2119 4994 eum

524 5029 648 5070 cum
663 5005 868 5082 'tnagno
891 5011 1094 5064 honore
1114 5006 1272 5082 juxta
1299 5005 1718 5082 altarecjusdem
1743 5010 1995 5082 oratorii,
2025 5028 2119 5064 no-

523 5084 688 5139 bilem
727 5077 883 5136 te'rrze
918 5082 1213 5137 condentes
1237 5079 1574 5131 thesaurum.
1629 5077 1684 5131 ln
1711 5095 1820 5148 quo
1849 5080 1987 5148 loco,
2036 5084 2121 5138 di-

525 5156 650 5209 vina
673 5162 967 5223 prtestante
994 5151 1194 5223 pietate
1235 5163 1408 5223 usque
1435 5148 1594 5203 hodie
1637 5150 1814 5206 solent
1857 5153 2117 5208 miracula

524 5219 687 5290 ﬁeri,'
731 5239 852 5293 qua:
889 5219 1458 5295 _magis__certictititini
1483 5233 1579 5274 ore
1604 5229 1921 5295 narrantur,
1953 5241 2118 5295 quam

523 5289 779 5354 dictantis
799 5293 939 5365 stylo
977 5289 1317 5365 s'cribnntum
1327 5289 1758 5365 Superveniente
1781 5289 2119 5363 itaque-tem-

521 5383 654 5438 pore
673 5361 889 5428 domus,
911 5364 966 5418 in
995 5379 1102 5432 qua
1115 5362 1241 5438 Deo
1267 5361 1498 5438 dilectus
1524 5363 1672 5438 diem
1681 5364 1852 5438 obiit,
1877 5361 2120 5438 flammis

521 5432 738 5505 arrepta
769 5438 961 5490 ardere
990 5433 1174 5502 coepit.
1208 5432 1315 5506 Sed
1357 5432 1574 5506 vidente
1596 5433 1849 5505 religiosa
1888 5436 2110 5506 femina,

519 5504 681 5566 Ahita
704 5507 938 5568 nomine,
969 5512 1189 5559 sanctus
1222 5504 1516 5559 adveniens
1541 5504 1829 5572 Vedastus,
1863 5504 2112 5567 flammas

520 5599 550 5636 a
575 5581 734 5635 domo
770 5577 1044 5639 discussit,
1080 5583 1136 5629 et
1160 5575 1233 5629 ita
1258 5575 1543 5630 incolumis
1593 5580 1854 5634 remansit
1882 5596 2004 5634 cum
2035 5582 2113 5636 le-

519 5652 685 5715 ctulo,
722 5650 776 5706 in
818 5663 926 5720 quo
981 5647 1072 5720 vir;
1107 5646 1435 5720 venerabilis
1488 5657 1730 5703 sanctam
1761 5651 1829 5704 ad
1867 5652 2110 5708 cwlestia

520 5739 682 5793 regna
709 5718 946 5794 animam
970 5718 1170 5794 emisit,
1215 5727 1275 5772 ut
1306 5733 1492 5794 omnes
1519 5732 1873 5794 agnoscerent
1908 5735 2110 5794 quanta

520 5790 663 5850 illius
683 5800 826 5849 esset
851 5790 1125 5847 beatitudo
1149 5790 1201 5845 in
1234 5791 1401 5858 caelis,
1445 5792 1598 5864 cujus
1624 5792 1805 5846 lectuli
1834 5790 2025 5851 donius
2055 5798 2110 5852 in

2231 531 2299 586 de
2319 546 2415 587 sua
2440 546 2564 587 eum
2591 532 2782 586 testari
2833 532 3111 602 sepultura
3162 542 3532 589 memoraret:
3565 533 3836 590 timentes

2228 638 2299 679 ne
2326 623 2470 680 forte
2494 624 2602 680 illis
2625 625 2732 680 hoc
2759 625 2882 681 ideo
2911 625 3219 690 accidisset,
3269 627 3398 696 quia
3432 627 3579 682 intra
3604 643 3836 684 murum

2227 712 2474 784 eiusdem
2504 716 2744 772 civitatis
2770 716 2920 771 illum
2944 717 3175 788 sepelire
3200 718 3580 790 disponebant.
3615 719 3837 788 Quibus

2228 805 2320 859 ille
2352 807 2650 877 respondit,
2718 807 2913 877 sapius
2973 824 3100 864 eum
3151 823 3212 864 se
3257 809 3475 865 audisse
3525 811 3834 880 dicentem,

2227 897 2374 966 quod
2396 897 2578 952 nullus
2607 897 2750 953 intra
2787 897 2925 971 [Αι.,
2964 899 3105 954 infra
3132 898 3340 973 muros]
3372 917 3561 958 muros
3587 903 3838 960 civitatis

2228 985 2446 1056 sepeliri
2467 985 2772 1043 debuisset:
2801 989 2929 1060 quia
2950 992 3130 1046 omnis
3148 991 3341 1046 civitas
3363 991 3514 1047 locus
3525 994 3693 1051 debet
3709 1009 3840 1053 esse

2227 1083 2498 1150 vivorum,
2521 1102 2628 1143 non
2650 1095 2989 1144 mortuomm
3006 1102 3056 1143 α.
3088 1089 3356 1146 Volebant
3382 1091 3653 1162 siquidem
3676 1091 3837 1147 illum

2229 1177 2284 1232 in
2320 1179 2550 1235 ecclesia
2596 1181 2767 1236 beatae
2809 1198 3028 1254 semper
3066 1185 3298 1256 virginis
3334 1185 3536 1253 Mariae,
3579 1187 3677 1242 ubi
3717 1187 3838 1243 sedi

2226 1273 2523 1342 pontiﬁcali
2571 1275 2924 1345 pragsederat,
2971 1277 3251 1334 tumulari.
3303 1278 3424 1349 lpse
3467 1294 3599 1334 vero
3649 1278 3839 1350 sepul-

2229 1373 2368 1421 tura:
2397 1382 2509 1422 sure
2536 1367 2715 1422 locum
2754 1368 2808 1421 in
2841 1369 3108 1434 oratorio,
3149 1370 3292 1438 quod
3323 1386 3561 1441 paupere
3580 1379 3836 1440 sumptu,

2231 1460 2387 1530 171
2429 1461 2482 1514 id
2511 1468 2614 1525 est,
2643 1461 2837 1532 ligneis
2882 1462 3098 1528 tabulis,
3151 1478 3322 1534 prope
3373 1464 3523 1519 littus
3556 1463 3838 1519 Crientio-

2227 1552 2315 1608 nis
2343 1552 2370 1592 δ
2403 1551 2606 1608 ﬁuvioli
2636 1554 3018 1621 :cdiﬁcavcrat,
3084 1556 3200 1611 ﬁeri
3249 1557 3585 1628 disposuisse
3629 1574 3840 1630 cogno-

2228 1645 2418 1699 scitur.
2449 1646 2638 1713 ‘Quod
2663 1646 2789 1701 licet
2809 1648 2924 1718 ipse
2950 1663 3049 1718 pro
3077 1650 3400 1715 humilitate,
3453 1668 3561 1723 qua
3609 1667 3838 1724 semper

2227 1751 2359 1791 usus
2385 1746 2491 1804 est,
2533 1737 2653 1793 ﬁeri
2682 1739 2972 1805 voluisset;
3028 1755 3219 1796 omnes
3259 1750 3438 1798 tamen
3461 1745 3554 1814 qui
3573 1746 3834 1813 aderant,

2229 1829 2572 1886 attendentes
2602 1831 2922 1886 meritorum
2951 1831 3068 1901 ejus
3094 1834 3342 1906 insignia,
3375 1835 3652 1906 indignum
3666 1839 3838 1894 duce-

2228 1921 2361 1977 bant
2387 1923 2522 1977 tanti
2555 1923 2660 1979 viri
2705 1939 2907 1995 corpus
2937 1925 2993 1980 in
3042 1925 3163 1982 loco
3217 1927 3409 1984 humili
3449 1930 3648 1986 debere
3680 1947 3836 2004 sepe-

2229 2014 2314 2069 liri
2351 2033 2364 2068 :
2417 2016 2724 2085 prazsertim
2755 2032 2880 2073 cum
2935 2033 3038 2074 nec
3073 2019 3225 2076 locus
3271 2021 3388 2091 ipse
3434 2022 3634 2079 habilis
3685 2032 3840 2082 esset

2227 2113 2380 2162 tanto
2405 2115 2780 2175 monumento,
2808 2123 2932 2176 nec,
2964 2109 3164 2180 palude
3191 2113 3427 2180 obsitus,
3463 2111 3605 2170 foret
3640 2131 3836 2176 acces—

2227 2198 2404 2253 sibilis
2430 2199 2646 2270 populo.

2300 2290 2442 2347 XXI.
2475 2292 2614 2348 Dum
2657 2294 2784 2350 talia
2813 2295 2957 2352 inter
2985 2313 3045 2354 se
3083 2311 3470 2371 quererentur,
3499 2307 3836 2364 venerabilis

2227 2387 2315 2443 vir
2345 2387 2603 2460 Scopilio,
2637 2391 2833 2448 doctus
2869 2394 3073 2450 virtute
3125 2411 3374 2466 precum,
3421 2398 3490 2454 ad
3532 2398 3692 2454 solita
3726 2401 3832 2456 sibi

2229 2481 2466 2538 credidit
2509 2499 2665 2540 arma
2707 2486 3038 2543 currendum
3071 2507 3085 2543 :
3119 2499 3178 2545 ut
3207 2491 3466 2548 videlicet
3491 2494 3670 2549 oratio
3701 2494 3832 2551 ﬁdei

2227 2575 2521 2642 obtineret,
2565 2577 2709 2648 quod
2738 2580 2908 2636 multa
2950 2583 3230 2639 hominum
3279 2602 3474 2643 manus
3495 2589 3705 2646 viribus
3735 2607 3834 2646 ne-

2233 2668 2517 2743 quivisset.
2567 2671 2720 2728 Unde
2765 2682 2992 2730 cunctos
3042 2676 3270 2734 hortans
3317 2679 3386 2733 ad
3437 2695 3680 2751 precem,
3714 2681 3835 2755 ipse

2227 2759 2381 2831 prior
2425 2761 2796 2833 illacrymans,
2825 2781 2990 2836 super
3035 2783 3232 2838 corpus
3260 2771 3689 2830 sacratissimum
3742 2776 3832 2831 in-

2228 2851 2491 2909 cumbens
2537 2855 2796 2922 orationi,
2830 2857 2884 2911 in
2930 2859 3071 2914 hanc
3116 2876 3329 2927 vocem,
3359 2878 3597 2922 maerore
3646 2868 3832 2925 cordis

2228 2940 2488 3010 affectus,
2532 2946 2758 3016 erupit:
2792 2946 2908 3002 Heu
2957 2951 3112 3016 mihi,
3173 2953 3387 3022 inquit,
3432 2970 3467 3008 0
3514 2956 3834 3015 beatissime

2227 3033 2420 3091 Pater!
2452 3038 2582 3108 quid
2607 3039 2712 3107 vis,
2738 3049 2798 3095 ut
2819 3040 3040 3110 faciam,
3065 3046 3322 3115 quoniam
3345 3057 3400 3102 et
3425 3049 3543 3105 dies
3569 3051 3622 3106 in
3647 3069 3833 3126 vespe—

2229 3143 2352 3183 rum
2376 3129 2641 3198 declinat,
2683 3140 2742 3188 et
2763 3149 2955 3190 omnes
2987 3137 3082 3207 qui
3109 3139 3178 3192 ad
3208 3147 3334 3196 tuas
3373 3143 3667 3212 exsequias
3690 3161 3831 3200 con-—

2225 3231 2513 3288 venerunt,
2543 3225 2611 3280 ad
2667 3227 2887 3297 pmpria
2914 3225 3025 3296 jam
3069 3245 3318 3288 remeare
3366 3233 3662 3290 festinant?
3694 3235 3834 3294 Per.

2227 3313 2404 3380 mitte,
2435 3315 2684 3383 obsecro,
2729 3326 2782 3373 te
2809 3319 3040 3388 perferri
3072 3323 3141 3376 ad
3189 3322 3390 3390 locum,
3428 3327 3521 3396 qui
3553 3327 3652 3384 tibi
3683 3327 3830 3384 ﬁlio-

2230 3421 2351 3462 rum
2374 3424 2502 3463 cura
2532 3420 2871 3481 praeparatus
2900 3413 3106 3468 existit.
3139 3415 3208 3470 Et
3231 3417 3318 3472 his
3339 3417 3518 3484 dictis,
3559 3421 3829 3492 accipien-

2230 3508 2312 3556 tes
2336 3502 2609 3573 capulum,
2641 3505 2694 3559 in
2729 3521 2837 3575 quo
2862 3508 3038 3563 sancti
3065 3509 3170 3564 viri
3201 3527 3400 3582 corpus
3433 3513 3656 3584 jacebat
3691 3532 3826 3571 exa-

2230 3595 2408 3660 nime,
2452 3597 2657 3651 nullum
2703 3614 2843 3654 onus
2895 3601 3232 3670 sentientes,
3292 3614 3650 3675 portaverunt
3695 3626 3824 3666 eum

2229 3687 2488 3758 subjectis
2511 3691 2755 3748 humeris
2779 3709 2904 3748 cum
2932 3693 3217 3752 alacritate
3255 3698 3421 3754 animi
3445 3699 3514 3755 ad
3537 3701 3830 3773 sepulturae

2227 3781 2427 3837 locum.
2481 3781 2935 3857 Sepelieruntque
2981 3785 3106 3843 eum
3159 3790 3212 3844 in
3261 3790 3493 3848 ecclesia
3522 3793 3640 3865 jam
3681 3795 3830 3852 dicta

2228 3875 2402 3930 beatae
2454 3875 2550 3931 Dei
2615 3879 2899 3949 genitricis
2957 3895 3177 3954 semper
3232 3885 3462 3958 virginis
3519 3887 3722 3956 Marim,
3774 3891 3830 3946 in

2230 3967 2457 4023 dextera
2519 3978 2677 4040 parte
2739 3971 2969 4039 altaris,
3031 3976 3123 4030 ubi
3175 3978 3449 4048 quondam
3503 3979 3831 4052 pontiﬁcalis

2229 4060 2506 4117 cathedra:
2537 4061 2863 4134 fungebatur
2899 4065 3098 4133 oflieio,
3129 4069 3364 4126 nobilem
3399 4081 3559 4128 terrae
3604 4075 3829 4132 abscon-

2231 4153 2420 4208 dentes
2465 4154 2807 4210 thesaurum.
2856 4157 2913 4212 ln
2956 4175 3065 4230 quo
3108 4159 3226 4216 loco
3272 4179 3372 4233 per
3406 4164 3622 4236 aliquod
3656 4167 3827 4238 jacuil

2232 4253 2472 4316 tempus,
2501 4263 2784 4317 quousque
2814 4249 3043 4306 Domino
3081 4254 3359 4311 revelante
3403 4257 3472 4313 ad
3501 4257 3703 4326 locum,
3735 4261 3829 4318 ubi

2231 4355 2376 4394 nunc
2407 4337 2576 4411 fulget
2601 4339 2720 4411 ejus
2762 4343 3021 4399 memoria
3043 4386 3060 4409 ,
3097 4356 3183 4402 est
3223 4363 3252 4401 a
3293 4349 3427 4405 viris
3464 4353 3668 4408 sanctis
3691 4352 3829 4410 Aut-

2148 4541 2201 4602 ι)
2231 4525 2395 4580 terris
2420 4525 2622 4609 ardere
2640 4542 2761 4609 non.
2777 4528 2953 4609 potuit
2978 4540 2991 4584 :
3039 4545 3138 4599 pro
3167 4531 3322 4609 cujus
3350 4533 3668 4609 meritorum
3690 4552 3828 4609 quo-

2227 4610 2335 4667 que
2371 4597 2681 4662 sanctitate,
2710 4599 2890 4677 divina
2922 4597 3184 4677 operante
3211 4597 3436 4677 pietate,
3466 4597 3724 4677 quotidie.
3739 4609 3827 4667 vel

2227 4677 2412 4722 vetera
2427 4677 2724 4750 narrantur
2743 4670 3026 4750 miracula,
3045 4670 3305 4750 vetuova
3328 4670 3599 4750 videntur.
3621 4679 3827 4750 (Hanc,

2225 4755 2343 4863 quae
2375 4739 2633 4809 sequitur,
2672 4741 2968 4797 clausulam
3004 4745 3113 4799 vid.
3137 4745 3281 4815 infra
3311 4765 3456 4802 num.
3488 4749 3560 4804 24
3591 4739 3647 4805 ἑνὶ
3670 4739 3826 4825 lina)-

2270 4809 2377 4863 elix
2408 4811 2626 4863 cuidem
2646 4812 2904 4863 Atrebata
2934 4815 3147 4863 civitas-
3179 4820 3587 4863 tanien-puum:
3617 4826 3822 4863 ηιηηςιι.

2270 4809 2377 4864 elix
2408 4811 2626 4881 quidem
2646 4812 2904 4868 Atrebata
2934 4815 3148 4880 civitas,
3179 4809 3289 4872 tam
3303 4820 3589 4877 excellenti
3617 4809 3825 4883 munita

2224 4889 2456 4952 patrono
2482 4899 2497 4948 ;
2550 4883 2650 4937 etsi
2674 4885 2846 4941 minis
2873 4902 3154 4943 murorum
3185 4889 3439 4952 vilescat,
3476 4893 3618 4949 illius
3641 4901 3824 4953 tamen

2227 4953 2548 5038 meritorum
2589 4954 2869 5038 nobilitate
2902 4957 3204 5038 c_larescit._
3229 4958 3398 5018 Totus
3448 4965 3628 5038 itaque
3653 4981 3826 5038 popu-

2228 5024 2312 5106 lus
2337 5041 2436 5106 pro
2457 5023 2574 5106 eius
2595 5028 2902 5083 sanctitatis
2922 5030 3314 5106 intercessione
3342 5023 3593 5106 gaudea't,
3623 5023 3680 5092 et
3699 5023 3820 5094 om-

2227 5096 2494 5178 nipotenﬁ
2525 5097 2635 5178 Deo
2672 5106 2905 5178 aeternas
2948 5101 3157 5156 deferat
3180 5096 3387 5178 laudes,
3449 5109 3543 5178 qui
3569 5096 3677 5164 tam
3713 5110 3818 5166 cla-

2228 5184 2349 5248 rum
2378 5167 3168 5248 illis_perdonavit_doctorem:
3227 5167 3384 5248 cujus
3437 5167 3823 5248 praedicatione

2225 5240 2370 5315 viam
2389 5239 2633 5315 veritatis
2655 5239 2904 5315 agnovit:
2933 5243 3090 5315 cujus
3113 5239 3385 5314 precibus,
3410 5239 3454 5304 si
3481 5251 3532 5304 in
3561 5250 3821 5308 ﬁrmitate

2227 5310 2351 5364 ﬁdei
2383 5321 2435 5365 et
2463 5311 2588 5366 vita:
2637 5310 2928 5368 sanctitate
2959 5310 3229 5379 consistit,
3276 5319 3345 5373 ab
3374 5310 3530 5377 ionmi
3579 5323 3822 5378 adversi-

2230 5390 2564 5461 tate__se_cura
2591 5387 2955 5461 permanebit,
2992 5394 3048 5442 et
3076 5404 3248 5458 usque
3276 5391 3346 5445 ad
3373 5391 3671 5461 perfectam
3697 5393 3822 5449 bea-

2227 5453 2473 5529 titudinis
2496 5453 2723 5529 gloriam
2739 5459 3036 5529 perveniet,
3065 5453 3360 5529 prtestante
3376 5453 3607 5520 Domino
3633 5475 3823 5521 nostro

2225 5523 2350 5579 Jesu
2382 5524 2625 5590 Christo,
2681 5523 2772 5594 qui
2791 5543 2926 5602 cum
2956 5523 3118 5602 Patre
3151 5540 3208 5586 et
3243 5531 3448 5602 Spiritu
3479 5544 3667 5592 sancto
3688 5537 3824 5593 vivit

2224 5605 2281 5650 et
2307 5604 2499 5720 regnat
2534 5611 2633 5667 per
2657 5598 2839 5651 omnia
2871 5601 3066 5656 saecula
3092 5598 3435 5661 saaculo'rum.
3489 5607 3682 5662 Amen.
3723 5628 3742 5660 ι

2297 5667 2325 5707 h
2402 5667 2674 5720 rientionis
2699 5669 2917 5720 ﬂuviali.
2945 5671 3081 5720 Aliis
3114 5673 3449 5720 Trii’nﬁnnis,
3487 5693 3629 5720 nunc
3655 5679 3742 5720 νιιΙ

2225 5737 2245 5790 Ι
2297 5669 2674 5792 hcque/mimus
2695 5669 2917 5740 ﬂuvidi.
2945 5671 3081 5727 Aliis
3114 5673 3457 5745 Trientionis,
3486 5693 3632 5736 nunc
3655 5679 3820 5754 vulgo

2246 5754 2273 5792 e
2349 5754 2462 5791 τηις
2481 5754 2591 5793 ton.
