4112 6644
188 507 291 561 677

1150 504 1744 565 HAGIOGRAPIIICA.
1788 538 1857 547 —-
1900 506 2059 563 VlTA
2105 506 2163 563 S.
2209 504 2532 562 VEDASTI.

3388 507 3449 561 ti?
3459 508 3493 561 3

186 622 345 678 berto
370 631 428 677 et
463 621 774 678 Audomaro
803 623 1075 696 episcopis
1104 623 1245 679 felici
1286 624 1590 681 mutatione
1617 630 1795 677 trans-
1822 625 1872 682 A
1976 623 2136 693 172
2177 622 2369 677 XXIV.
2398 621 2570 676 l’orro
2604 629 2785 675 autem
2818 620 3105 685 miracula,
3134 636 3253 691 qua:
3281 630 3338 677 ct
3366 634 3499 679 tunc

187 714 354 772 latus.

261 808 425 865 XXII.
462 808 619 867 Nunc
648 819 853 876 autem,
884 811 1014 881 quid
1059 812 1114 867 in
1152 812 1345 869 eodem
1385 812 1639 884 episcopo
1668 818 1792 882 post

186 902 305 972 ejus
326 919 611 961 excessum
626 905 804 961 visum
820 913 905 962 est
924 905 1146 976 dignum
1167 907 1471 972 memoriae,
1496 904 1786 961 referatur.

186 994 618 1065 Superveniente
669 997 835 1069 igitur
880 1007 1158 1068 tempore,
1187 997 1532 1063 domuncula,
1579 997 1634 1051 in
1683 1010 1789 1066 qua

185 1089 299 1143 Deo
321 1090 554 1146 dilectus
573 1091 719 1145 diem
745 1091 902 1156 obiit,
933 1088 1166 1146 ﬂammis
1204 1098 1420 1160 arrepta
1451 1089 1647 1144 ardere
1680 1104 1793 1143 cre-

183 1183 284 1251 pit.
314 1182 422 1237 Sed
456 1183 680 1239 vidente
720 1184 955 1254 quadam
986 1184 1239 1253 religiosa
1272 1182 1472 1239 femina
1504 1182 1665 1237 Abita
1694 1197 1792 1236 no-

186 1275 354 1341 mine,
386 1283 609 1332 sanctus
654 1277 953 1332 adveniens
984 1276 1275 1342 Vedastus,
1297 1275 1546 1329 ﬂammas
1574 1290 1604 1328 a
1630 1273 1791 1328 domo

185 1369 463 1435 discussit,
492 1378 551 1425 et
578 1370 652 1424 ita
695 1369 986 1425 incolumis
1012 1368 1282 1424 remansit
1312 1383 1438 1423 cum
1486 1365 1706 1431 lectulo,
1735 1366 1789 1420 in

184 1479 297 1534 quo
323 1464 408 1519 vir
438 1463 654 1519 Domini
683 1470 934 1520 sanctam
961 1464 1032 1519 ad
1061 1463 1309 1519 cmlestia
1340 1477 1507 1535 regna
1551 1461 1788 1516 animam

181 1558 370 1613 emisit
412 1575 424 1612 :
462 1566 521 1613 ut
556 1572 749 1613 omnes
790 1564 1151 1629 agnoscerent
1187 1564 1393 1627 quanta
1446 1555 1591 1611 illius
1646 1561 1791 1609 esset

181 1649 468 1705 beatitudo
497 1650 552 1705 in
583 1648 758 1715 caelis,
784 1649 940 1719 cuius
955 1648 1143 1706 lectuli
1174 1647 1514 1705 domicilium
1544 1648 1598 1702 in
1631 1644 1791 1701 terris

184 1747 380 1805 ardere
419 1764 527 1802 non
555 1746 753 1818 potuit.

796 1840 1027 1898 CAPUT
1077 1843 1145 1897 ν.

454 1932 757 1988 Translatio
796 1935 1032 2001 corporis
1066 1933 1237 1987 sancti
1275 1930 1510 1988 Vedasti.

1893 724 2046 786 gesta
2065 714 2445 785 perhibentur,
2470 721 2525 767 et
2547 729 2666 783 qum
2682 713 2796 784 jam
2825 728 2922 782 per
2960 728 3133 767 annos
3172 711 3343 769 ferme
3368 729 3499 771 cen-

1894 817 2010 862 tum
2065 807 2350 878 sexaginta
2409 821 2509 877 per
2562 805 2758 860 merita
2811 805 2956 861 l'eati
3006 806 3228 860 Vedasti
3276 816 3497 877 patrata

1891 906 2039 964 sunt,
2088 896 2236 952 nullo
2292 906 2421 951 sunt
2466 895 2610 966 styln
2658 896 2935 950 memori-.e
2992 896 3217 961 tradita,
3269 906 3499 967 excepto

1892 991 2037 1060 quod
2076 990 2302 1044 vocibus
2330 996 2616 1043 cantorum
2640 987 2947 1058 huiusmodi
2989 988 3204 1041 canitur
3230 988 3499 1058 Antipho-

1893 1098 1961 1136 na
1991 1100 2002 1135 :
2036 1081 2139 1134 llic
2190 1090 2264 1135 est
2308 1080 2489 1134 beatus
2550 1077 2831 1144 Vedastus,
2862 1079 2947 1131 cui
2981 1077 3230 1149 templum
3272 1078 3391 1147 ﬁeri
3429 1078 3496 1132 ab

1891 1175 2091 1246 angelis
2116 1175 2328 1247 jussum
2358 1183 2433 1228 est
2481 1174 2799 1227 hominibus.
2834 1172 2931 1226 Est
2971 1181 3155 1226 autem
3198 1172 3350 1227 locus
3381 1172 3498 1242 ipse

1890 1285 2000 1323 non
2049 1268 2206 1339 longe
2245 1269 2313 1322 ab
2360 1267 2551 1323 eadem
2601 1267 2756 1331 urbe,
2787 1266 2879 1337 qui
2927 1281 3026 1334 pro
3076 1265 3360 1321 nobilitate
3402 1267 3491 1324 sui

1890 1358 2202 1415 Nobiliacus
2231 1360 2258 1399 ι)
2289 1360 2466 1430 prium
2505 1368 2588 1414 est
2638 1360 2941 1430 appellatus
2976 1378 2987 1413 :
3025 1360 3121 1415 sed
3164 1361 3495 1431 procedente

1891 1460 2136 1523 tempore
2162 1461 2271 1506 tam
2299 1452 2528 1525 insignis
2548 1450 2799 1517 eﬂ'ectus,
2833 1462 2893 1506 ut
2919 1453 3071 1507 urbis
3094 1454 3333 1520 nomine,
3374 1469 3497 1524 qua:

1886 1546 2001 1616 jam
2026 1546 2200 1601 ruinis
2239 1545 2616 1600 crebrioribus
2649 1559 2787 1615 pene
2817 1545 3182 1612 obsoleverat,
3204 1547 3492 1602 voeitetur.

1891 1639 1987 1695 Est
2032 1654 2266 1709 namque
2304 1648 2360 1694 et
2400 1638 2691 1709 largitione
2741 1638 2981 1693 fidelium
3033 1639 3389 1703 sublimatus,
3440 1647 3498 1695 et

1892 1735 2107 1806 agmine
2165 1734 2584 1797 monachorum,
2616 1741 2674 1787 et
2723 1732 2957 1787 aliorum
3015 1732 3129 1789 Deo
3172 1734 3496 1789 devotorum

1891 1841 2053 1897 grege
2091 1836 2113 1863 ο
2144 1823 2377 1879 refertus
2427 1843 2439 1877 :
2486 1823 2577 1878 ubi
2630 1824 2968 1881 incessanter
3008 1824 3257 1894 quotidie
3311 1824 3496 1881 divina

1890 1917 2240 1973 celebrantur
2284 1915 2573 1984 praeconia,
2610 1923 2667 1969 et
2704 1913 3021 1985 frequenter
3060 1916 3303 1971 cmlestia
3354 1914 3494 1971 facta

252 2028 442 2083 XXIII.
468 2026 649 2082 Jacuit
675 2034 858 2081 autem
888 1992 951 2082 in
986 2026 1107 2082 loco
1134 2026 1325 2081 eodem
1351 2040 1526 2096 usque
1546 2025 1613 2080 ad
1642 2032 1783 2080 tem-

1888 2018 2017 2065 sunt
2043 2017 2098 2064 ct
2121 2010 2256 2063 fiunt
2283 2007 2670 2062 miraculorum
2696 2009 2877 2079 signa,
2904 2023 3024 2077 qum
3037 2008 3151 2077 jam
3184 2007 3356 2079 magis
3376 2024 3499 2064 cer-

177 2132 286 2188 pus
327 2116 475 2171 beati
505 2116 779 2182 Antberti,
811 2117 903 2186 qui
943 2117 1207 2188 septimus
1260 2116 1311 2169 ei
1358 2115 1411 2169 in
1443 2115 1573 2170 sede
1607 2116 1787 2186 ponti-

180 2210 328 2267 ficali
352 2210 621 2267 successit
644 2210 952 2281 episcopus.
981 2209 1034 2266 ls
1060 2218 1267 2275 autem,
1298 2218 1363 2264 ut
1398 2207 1670 2278 majorum
1700 2225 1786 2265 rc—

176 2307 387 2363 latione
406 2308 780 2378 cognovimus,
809 2312 866 2358 et
887 2311 947 2358 ut
977 2303 1457 2359 innumerabilium
1503 2303 1784 2358 hominum

178 2414 278 2456 ore
306 2407 589 2462 versatur,
622 2406 677 2453 et
707 2398 851 2467 quod
897 2396 1071 2453 oculis
1121 2399 1289 2451 etiam
1339 2395 1545 2452 factum
1588 2400 1789 2466 proba-

179 2507 325 2557 mus,
352 2492 480 2545 dum
523 2490 761 2561 quadam
808 2488 897 2543 die
945 2497 1071 2560 post
1116 2490 1350 2560 hymnos
1397 2490 1699 2544 matutinos
1728 2489 1785 2544 in

179 2584 437 2640 humanis
487 2581 691 2655 [Boll.,
740 2583 795 2637 in
847 2582 1167 2647 mcenianis;
1218 2579 1507 2636 Fulbertus
1556 2581 1613 2636 in
1662 2580 1786 2635 Vita

182 2673 244 2731 S.
277 2675 541 2740 Ambarri,
570 2682 722 2729 stans
754 2675 807 2728 in
845 2672 1141 2744 mrenibus]
1174 2672 1502 2737 consistens,
1554 2670 1786 2725 rubente

179 2784 413 2827 aurora.
466 2765 747 2822 Orientem
776 2780 967 2820 versus
1005 2766 1342 2830 intenderet;
1387 2765 1526 2819 vidit
1571 2763 1785 2818 eminus

183 2870 340 2917 trans
358 2859 658 2925 lluviolum,
690 2858 783 2929 qui
809 2857 1053 2912 Crientio
1073 2866 1320 2922 vocatur,
1358 2858 1533 2911 virum
1561 2854 1785 2926 praeful-

183 2950 367 3023 gidum
396 2952 608 3022 virgam
648 2965 811 3005 manu
860 2956 1169 3012 tenentem,
1200 2948 1438 3002 basilicze
1464 2947 1644 3002 locum
1674 2961 1785 3002 me-

184 3045 300 3101 tiri.
345 3043 500 3111 Quod
528 3042 617 3098 ille
648 3058 897 3105 cernens,
928 3041 1205 3097 revelantc
1235 3042 1365 3107 Deo,
1401 3042 1666 3096 visionem
1691 3056 1786 3096 co-

183 3139 374 3210 gnovit
401 3134 703 3209 angelicam
735 3152 750 3190 :
794 3145 1184 3204 ostensumque
1217 3143 1303 3187 est
1345 3133 1421 3187 illi
1451 3133 1670 3188 beatum
1721 3132 1785 3188 il-

183 3232 274 3288 lue
302 3232 622 3295 Vedastum,
657 3238 931 3285 annuente
976 3227 1218 3294 Christo,
1250 3230 1369 3284 sine
1394 3228 1559 3284 dubio
1604 3236 1785 3285 trans-

1887 2102 2133 2158 nentium
2169 2117 2267 2157 ore
2315 2110 2636 2167 narrantur,
2685 2116 2849 2169 quam
2897 2099 3157 2155 dictantis
3186 2100 3325 2172 style
3353 2102 3494 2156 scri-

1886 2196 2106 2252 bantur.
2134 2195 2291 2251 Felix
2320 2195 2573 2266 equidem
2605 2194 2931 2249 Atrebatum
2965 2194 3159 2249 civitas
3186 2234 3205 2262 ,
3257 2203 3365 2250 tam
3394 2210 3496 2251 ex-

1887 2289 2103 2346 cellenti
2134 2289 2342 2344 munita
2393 2296 2652 2360 patrono,
2708 2289 2810 2342 etsi
2866 2302 3147 2342 murorum
3192 2288 3369 2343 ruinis
3420 2289 3500 2345 vi-

1888 2382 2081 2447 lescat,
2111 2381 2257 2436 illius
2308 2389 2491 2435 tamen
2522 2380 2841 2434 meritorum
2886 2378 3173 2434 nobilitate
3217 2379 3493 2436 clarescit.

1888 2476 2164 2546 Totusque
2190 2490 2291 2545 pro
2320 2473 2437 2542 ejus
2466 2473 2783 2529 sanctitatis
2825 2472 3217 2527 intercessione
3255 2474 3495 2544 gaudeat

1888 2568 2142 2638 populus,
2165 2564 2635 2634 omnipotentique
2665 2564 2776 2619 Deo
2796 2571 3028 2619 :eternas
3055 2561 3260 2619 referat
3284 2565 3493 2631 laudes,

1887 2663 1980 2732 qui
2006 2670 2113 2715 tam
2153 2660 2362 2716 clarum
2385 2659 2462 2713 illi
2486 2659 2805 2729 perdonavit
2833 2661 3134 2724 doctorem,
3165 2657 3321 2728 cujus
3346 2674 3488 2730 prae-

1888 2754 2162 2810 dicatione
2186 2753 2329 2806 viam
2371 2751 2595 2823 agnovit
2632 2750 2903 2806 veritatis.
2935 2749 3102 2821 Cujus
3131 2751 3409 2822 precibus,
3444 2751 3494 2805 si

1888 2848 1942 2901 in
1996 2846 2117 2901 fidei
2159 2846 2418 2901 firmitate
2463 2850 2520 2899 et
2569 2844 2696 2899 vitm
2736 2836 3027 2899 sanctitate
3077 2842 3367 2910 consistit,
3424 2844 3495 2898 ab

1887 2939 2034 2995 omni
2088 2936 2422 2994 adversitate
2471 2950 2665 2991 secura
2710 2936 3073 3005 permanebit,
3099 2944 3157 2989 et
3204 2950 3376 3005 usque
3424 2935 3496 2991 ad

1886 3031 2183 3104 perfectam
2203 3029 2559 3087 beatitudinis
2598 3027 2825 3098 gloriam
2866 3028 3168 3098 perveniet,
3200 3035 3496 3098 praestante

1888 3123 2120 3178 Domino
2164 3128 2355 3177 nostro
2381 3119 2511 3175 Jesu
2528 3120 2771 3185 Christo,
2807 3120 2901 3191 qui
2931 3136 3053 3175 cum
3084 3120 3247 3175 Patre
3278 3129 3336 3174 et
3365 3119 3490 3192 Spi-

1888 3218 1994 3272 ritu
2025 3224 2217 3273 sancto
2260 3215 2396 3270 vivit
2428 3224 2483 3270 et
2534 3223 2723 3285 regnat
2762 3214 2926 3281 Deus,
2951 3230 3048 3285 per
3075 3213 3257 3270 omnia
3289 3210 3488 3269 smcula

180 3324 488 3382 ferendum.
530 3318 647 3391 Qua
688 3321 1018 3378 revelatione
1055 3324 1258 3379 certior
1303 3321 1500 3387 factus,
1533 3321 1783 3376 invitavit
1812 3357 1859 3420 C
1890 3310 2235 3367 εωουὶοηιω-
2277 3308 2453 3362 Amen
2480 3306 2532 3362 δυ

182 3419 253 3474 ad
283 3426 496 3474 tantum
540 3432 680 3487 opus
729 3418 949 3472 beatum
993 3416 1387 3483 Audomarum,
1419 3418 1511 3488 qui
1540 3433 1602 3471 ea
1648 3426 1787 3473 tem-

179 3520 396 3584 pestate
418 3510 723 3566 Tarvennae
744 3510 1076 3566 Morinorum
1106 3511 1256 3567 urbis
1278 3512 1585 3581 episc0pns,
1611 3513 1665 3565 in
1688 3511 1786 3566 Dei

183 3601 350 3660 rebus
396 3602 718 3674 magnificus
774 3603 1096 3677 habebatur.
1147 3602 1248 3670 Qui
1295 3602 1425 3657 licet
1464 3600 1580 3671 jam
1627 3602 1790 3657 senio

181 3709 442 3769 pressus,
489 3702 545 3749 et
583 3694 876 3751 amissione
923 3694 1190 3748 luminum
1238 3694 1519 3749 videretur
1557 3693 1788 3748 debilior

182 3790 383 3854 factus,
430 3788 671 3842 animum
714 3796 901 3842 tamen
953 3795 1011 3840 ut
1059 3802 1248 3841 arcum
1300 3785 1513 3841 habens
1551 3785 1784 3856 spiritali

182 3880 366 3937 studio
408 3880 699 3945 intentum,
749 3878 895 3935 illico
942 3889 1247 3951 promptus,
1297 3878 1517 3933 Christo
1564 3894 1787 3950 gressus

181 3981 443 4044 tegente,
500 3971 728 4026 festinus
783 3972 849 4026 ad
898 3972 1268 4027 venerabilem
1342 3971 1595 4040 pervenit
1649 3970 1787 4024 Aut.

183 4068 424 4123 bertum.
449 4065 522 4120 At
554 4065 643 4120 ille
668 4066 801 4136 quid
842 4066 1027 4120 animo
1055 4071 1289 4135 gereret,
1320 4073 1376 4120 et
1408 4064 1538 4134 quid
1566 4065 1670 4119 sibi
1701 4065 1785 4119 di-

181 4158 390 4213 vinitus
425 4166 573 4214 esset
608 4164 919 4221 ostensum,
967 4156 1229 4221 referens,
1290 4158 1407 4228 pari
1456 4163 1583 4211 voto
1635 4170 1785 4210 com-

184 4252 449 4324 munique
506 4252 737 4308 consilio
785 4267 909 4307 cum
967 4267 1164 4323 magno
1194 4252 1515 4321 populorum
1548 4251 1781 4323 gaudio,

184 4344 280 4414 qui
332 4344 572 4415 undique
616 4343 1031 4409 conﬂuxerant,
1092 4344 1159 4398 ad
1206 4344 1381 4399 locum
1441 4343 1782 4415 designatum

183 4436 565 4493 beatissimum
591 4436 992 4491 transtulerunt
1011 4435 1328 4490 Vedastum.
1360 4435 1419 4489 ln
1450 4451 1557 4504 qua
1604 4446 1784 4491 trans-

185 4527 391 4585 latione
418 4528 736 4598 perhibetur
785 4529 979 4583 beatus
1030 4526 1377 4583 Audomarus
1424 4527 1605 4583 lumen
1636 4544 1785 4583 rece-

183 4622 333 4694 pisse
362 4621 668 4688 oculorum,
702 4622 797 4677 sed
841 4621 986 4677 illico
1015 4622 1270 4692 precibus
1314 4622 1587 4688 eamdem,
1619 4638 1783 4691 quam

2307 3437 2330 3464 °
2362 3432 3043 3515 ADHORTATIO

1977 3591 2058 3631 AD
2118 3589 2464 3633 IMITANDAS
2522 3588 2833 3632 VIRTUTES
2878 3587 3099 3629 SANCTI
3156 3585 3420 3629 VEDASTI

2382 3689 2433 3726 IN
2473 3687 2630 3726 ACTIS
2669 3685 3010 3735 DESCRIPTAS,

2136 3784 2511 3847 AUCTORE
2554 3784 2834 3844 EODEM
2886 3781 3238 3843 ALCUINO

2048 3910 2155 3971 Ea:
2188 3929 2333 3971 mss.
2372 3908 2701 3972 Vedastt'no
2735 3916 2791 3969 et
2819 3908 3299 3989 Antwerpicnsi.

1959 4036 1999 4091 Ι.
2029 4035 2296 4101 Gaudete,
2322 4034 2659 4090 dilectissimi
2689 4031 2889 4088 fratres
2920 4033 2973 4087 in
3016 4032 3269 4099 Domino,
3295 4033 3387 4103 qui
3413 4033 3484 4111 ad

1889 4128 2223 4185 sanctissimi
2255 4127 2434 4183 Patris
2460 4136 2515 4182 et
2560 4128 2890 4199 protectoris
2934 4128 3134 4193 nostri,
3164 4128 3337 4182 sancti
3379 4128 3489 4184 sei-

1887 4222 2013 4277 licet
2043 4221 2283 4289 Vedasti,
2337 4222 2601 4277 solemnia
2644 4222 3001 4288 convenistis,
3050 4228 3107 4276 et
3151 4221 3381 4291 spiritali
3401 4221 3494 4291 ju-

1887 4315 2166 4369 cunditate
2202 4314 2481 4379 ltetamini,
2512 4322 2571 4369 et
2591 4330 2659 4369 ex
2699 4314 2892 4370 intimo
2917 4314 3102 4369 contis
3144 4312 3339 4369 affectu
3379 4314 3491 4369 cle-

1888 4411 2148 4466 mentiam
2201 4412 2413 4467 Domini
2468 4412 2641 4468 nostri
2696 4410 2827 4467 Jesu
2881 4412 3086 4469 Christi
3135 4412 3487 4480 collaudate,

1888 4503 1981 4574 qui
2019 4519 2118 4558 nos
2158 4504 2226 4559 ab
2258 4503 2583 4560 idololatria:
2612 4505 2894 4560 erroribus
2924 4505 2993 4561 ad
3040 4505 3373 4577 agnitionem
3403 4506 3489 4562 sui

1888 4594 2061 4649 sancti
2091 4593 2330 4650 nominis
2356 4608 2456 4663 per
2482 4594 2648 4666 hujus
2691 4594 2863 4651 sancti
2896 4595 3198 4651 sacerdotis
3223 4594 3489 4665 prmdica-

184 4687 469 4769 ultroneus
514 4687 749 4779 ferebat,
802 4687 1183 4781 rcimpetrasse
1231 4711 1554 4767 czecitatem.
1589 4687 1782 4766 Parvi-
1815 4730 1863 4790 ο
1890 4689 2091 4790 gon?“
2119 4688 2416 4790 Pera“???
2456 4687 2709 4790 (ligatus
2742 4694 2846 4790 θξῆ
2878 4688 3187 4790 sequam“?
3215 4687 3489 4790 “"a'limi‘:

184 4804 457 4879 pendebat
491 4804 691 4875 quippe
740 4802 923 4857 lumen
978 4801 1281 4857 carnalium
1325 4803 1639 4869 oculorum,
1686 4805 1781 4875 qui

186 4898 370 4953 lumen
396 4896 597 4951 meruit
625 4895 824 4950 civium
868 4908 1231 4965 supernorum
1268 4907 1315 4948 α.

258 5025 286 5053 ιι
312 5010 604 5067 Bollandus
624 5008 928 5065 Comment.
960 5009 1163 5078 praevio
1190 5024 1341 5063 ιιιιιη.
1368 5008 1438 5063 56
1472 5009 1783 5079 suspicatur

188 5097 253 5137 ea
282 5098 405 5153 qum.
427 5086 675 5153 sequenti
697 5096 923 5153 numero
942 5080 1012 5153 24
1039 5080 1368 5153 referuntur,
1404 5079 1782 5153 additafuisse

186 5150 316 5224 post
337 5150 547 5224 obitum
570 5152 806 5216 Aleuini,
850 5151 1067 5224 ob_ha!c
1094 5152 1282 5211 verba.
1313 5152 1556 5224 ([umhibi
1597 5150 1783 5224 legun-

190 5219 319 5280 iur:
360 5242 379 5275 ι
418 5223 589 5280 Porro
619 5232 674 5279 et
714 5220 996 5287 miracula,
1024 5238 1155 5293 Aquze
1182 5231 1237 5278 et
1267 5219 1395 5276 tunc
1437 5219 1515 5287 (in
1552 5219 1783 5277 transla-

188 5296 354 5369 tione)
387 5304 545 5420 gesta
575 5302 721 5359 sunt,
762 5302 817 5349 et
852 5309 974 5363 qua:
1012 5291 1127 5362 jam
1156 5293 1243 5365 (ab
1286 5310 1347 5347 eo
1393 5292 1653 5362 tempore)
1679 5309 1783 5421 per

188 5383 362 5421 annos
409 5382 559 5421 erme
588 5374 806 5421 centum
836 5365 1118 5421 sexaginta
1154 5380 1253 5421 per
1282 5364 1474 5419 merita
1514 5363 1655 5418 beati
1724 5381 1783 5420 e—

188 5363 362 5422 annos
387 5363 559 5423 ferme
588 5374 806 5421 centum
836 5365 1118 5435 sexaginta
1154 5363 1253 5435 per
1282 5364 1474 5419 merita
1514 5363 1655 5418 beati
1679 5363 1783 5421 Ve-

192 5439 329 5494 dasti
359 5446 576 5509 patrata
619 5445 768 5509 sunt,
793 5444 898 5491 etc.
942 5435 1113 5509 )“Qlli
1143 5436 1293 5501 anni,
1344 5436 1421 5509 ait
1466 5435 1779 5509 Bollandus,

192 5510 261 5564 ab
282 5506 759 5573 ea'translatione,
793 5522 935 5561 anno
958 5506 1056 5562 667
1091 5507 1253 5569 facta,
1308 5508 1375 5562 ad
1403 5523 1603 5561 annum
1652 5508 1779 5573 804,

192 5597 301 5652 quo
328 5582 465 5637 obiit
488 5580 784 5652 Alcuinus,
818 5593 940 5652 _non_
970 5579 1331 5652 intercedunt.
1383 5577 1568 5649 Neque
1614 5581 1780 5652 etiam

194 5649 264 5707 ab
292 5652 447 5709 obitu
491 5651 677 5734 sancti
720 5649 1163 5734 Vega‘s‘tijidem.
1189 5650 1316 5734 anni
1348 5650 1625 5734 numerari
1663 5667 1783 5734 pos-

192 5733 343 5789 sunt,
364 5722 507 5795 quod
534 5725 603 5777 ab
632 5736 773 5777 anno
798 5720 904 5795 540
931 5721 1099 5795 elapsi
1122 5721 1232 5776 sint
1258 5720 1477 5795 ducenti
1500 5720 1780 5795 sexaginta

194 5792 466 5874 annifut
516 5792 1578 5874 annus.octingentesimus-habeatur,
1633 5794 1781 5850 circa

192 5882 355 5936 quem
383 5868 492 5921 vita
526 5867 643 5922 ιω
668 5863 883 5919 videtur
906 5862 1204 5918 emendata
1235 5862 1422 5919 fuisse.

266 5938 295 5977 ι»
327 5934 659 5992 Nobiliacus.
692 5933 807 5991 Hoc
852 5933 1227 6006 Nobiliacense
1274 5935 1660 6006 monasterium
1692 5950 1782 6006 po—

201 6015 317 6064 stea
368 6008 587 6065 nomine
647 6007 822 6064 sancti
873 6006 1095 6063 Vedasti
1161 6004 1261 6062 fuit
1312 6005 1664 6080 insignitum,
1696 6004 1783 6063 'ac

1890 4786 1973 4831 ter
2001 4785 2111 4832 tam
2158 4778 2333 4833 sancti
2381 4778 2623 4833 doctoris
2650 4778 2880 4851 vestigia
2916 4796 2930 4833 :
2963 4794 3072 4835 non
3130 4778 3301 4835 simus
3347 4780 3486 4836 tanti

1883 4871 2063 4927 Patris
2118 4871 2417 4943 degeneres
2450 4871 2578 4937 ﬁlii;
2631 4871 2728 4928 sed
2778 4873 3123 4929 sanctitatem
3164 4874 3291 4929 vitae
3336 4873 3486 4929 illius

1884 5011 2184 5065 etiamnum
2214 5009 2666 5066 celeberrimum:
2713 5009 2866 5080 cujus
2898 5011 3280 5082 inscriptiones
3322 5012 3479 5069 dabi-

1886 5099 2008 5137 mus
2037 5082 2181 5139 inter
2217 5082 2323 5136 alia
2353 5083 2497 5137 beati
2524 5082 2738 5136 Alcuini
2771 5092 3045 5151 poemata.

1958 5166 1981 5193 ε
2022 5153 2093 5206 Et
2119 5152 2351 5207 aliorum
2400 5154 2704 5208 deuotarum
2733 5170 2904 5223 grege.
2960 5153 3228 5207 Nimirum
3277 5163 3482 5223 praeter

1883 5226 2202 5280 monachos.
2230 5223 2484 5294 Notanda
2508 5232 2635 5296 sunt
2680 5225 2798 5296 hazc
2824 5224 3039 5279 Alcuini
3078 5225 3244 5279 verba
3267 5237 3476 5296 ,prout

1884 5302 2070 5352 monet
2093 5296 2293 5351 Mabill.
2349 5304 2481 5368 tom.
2502 5295 2533 5368 l_
2554 5294 2912 5368 Annalslibr.
2939 5311 3028 5361 xv,
3069 5310 3222 5368 num.
3249 5294 3348 5368 49’,
3371 5312 3483 5368 quo

1884 5368 2105 5440 nomine
2146 5367 2370 5440 secundi
2418 5366 2627 5440 ordinis
2683 5366 2965 5440 religiosos
3018 5366 3479 5440 virosintelligit,

1884 5439 2071 5507 quales
2090 5447 2279 5508 postea
2303 5438 2453 5493 fuere
2484 5436 2683 5492 fratres
2709 5430 2872 5491 obfati
2896 5451 2993 5491 seu
3012 5437 3221 5510 donati,
3245 5439 3337 5510 qui
3362 5430 3484 5497 ιῖιοὲ

1884 5510 2439 5592 ηοςιιρνυιῃρρεηίηρ
2462 5508 3230 5592 nequaquamﬂeensebantur.

1961 5580 1986 5620 ἀ
2014 5579 2170 5653 Apud
2199 5580 2519 5653 Bollandum
2550 5579 2624 5635 ita
2656 5581 2775 5653 haec
2804 5579 2927 5653 Vita
2956 5579 3231 5653 clauditur
3260 5596 3275 5635 :
3304 5599 3486 5653 perve-

1886 5652 2011 5705 niet.
2030 5647 2173 5705 Obiit
2203 5662 2377 5705 autem
2400 5651 2539 5705 idem
2562 5650 2809 5705 sacerdos
2838 5648 3036 5705 Christi
3071 5647 3330 5707 Vedastus
3378 5670 3479 5710 vm

1885 5722 2017 5777 Idus
2051 5720 2354 5785 Februarii,
2396 5732 2644 5793 regnante
2679 5722 2907 5777 Domino
2954 5731 3136 5777 nostro
3165 5721 3296 5778 Jesa
3324 5722 3484 5783 Chri-

1884 5804 1987 5856 sto,
2019 5801 2154 5858 ctc.,
2182 5802 2242 5847 nt
2269 5808 2459 5862 supra.

1961 5877 1984 5903 ε
2014 5864 2089 5935 1η
2121 5865 2240 5919 eod.
2286 5865 2520 5935 VVindob.
2564 5864 2705 5935 apud
2754 5862 3104 5920 Lambecinm
3152 5880 3279 5920 nov.
3320 5865 3481 5933 edit.,

1886 5945 2033 6007 tom.
2072 5934 2092 5989 Ι
2126 5934 2346 6007 Annal_.,
2388 5952 2518 6007 pag.
2573 5934 2710 5999 634,
2760 5935 2949 6007 ti:ulus
2978 5951 2993 5989 :
3025 5935 3262 5991 Mamilia
3294 5937 3346 5991 in
3397 5937 3483 5994 die

1887 6006 2054 6064 natali
2081 6008 2249 6063 sancti
2289 6005 2499 6064 Vadasli
2532 6008 2794 6079 pontiﬁcis
2835 6006 2905 6063 ad
2950 6007 3199 6080 populum
3234 6008 3478 6064 dicenda.
