4112 6590
559 342 672 403 me

1395 341 1461 399 B.
1503 341 1566 400 F.
1605 341 1829 401 ALBlNl
1866 339 2003 400 εει]
2045 337 2322 400 Αωυικι
2362 339 2646 400 OPERUM
2683 339 2862 400 PARS
2899 341 2966 398 Υ.

3725 344 3831 402 680

562 479 780 524 morum
834 462 1120 521 nobilitate
1183 460 1475 518 imitemur.
1527 460 1859 532 Abjiciamus
1905 475 1936 514 a
1986 459 2142 515 nobis
2171 461 2217 520 Α
2244 457 2510 513 aberrare
2538 457 2638 512 vite
2681 472 2828 523 suae,
2873 459 3138 527 cooperuit
3166 459 3554 516 multitudinem
3593 477 3835 534 peccato-

563 573 730 631 opera
759 559 1125 625 tenebrarum,
1157 563 1212 612 et
1249 555 1535 612 induamus
1563 569 1660 610 nos
1688 567 1839 609 arma
1885 553 2042 619 lucis,
2072 553 2147 609 si-

565 661 659 710 cut
688 653 742 709 in
765 651 855 708 die
875 651 1101 708 honeste
1126 649 1463 706 ambulemus
1500 667 1514 703 :
1538 647 1665 719 quia
1699 662 1805 703 nox
1830 644 2147 718 ignorantize

566 745 817 810 recessit,
850 752 907 802 et
947 759 1091 799 verae
1138 742 1380 798 scientia:
1435 741 1593 797 nobis
1631 740 1812 795 lumen
1860 739 2054 803 illuxit,
2087 745 2148 792 ut

567 837 667 893 ﬁlii
713 835 850 892 lucis
878 835 932 890 in
959 835 1106 890 omni
1153 834 1411 890 castitate
1454 840 1510 888 et
1554 833 1757 904 pietate
1787 830 2144 886 ambulemus.

565 929 685 986 Non
717 931 826 984 sint
865 927 1094 998 alicujus
1145 926 1400 996 nequitiae
1444 924 1529 979 vel
1571 923 1789 980 malitiae
1838 921 2053 979 occulta
2094 922 2150 975 in

568 1021 824 1078 cordibus
851 1019 1052 1074 nostris
1073 1017 1277 1073 semina
1311 1034 1322 1068 :
1350 1016 1477 1085 quia
1501 1015 1663 1072 homo
1683 1013 1830 1071 videt
1857 1014 1912 1067 in
1933 1011 2149 1076 faciem,

568 1113 713 1170 Deus
764 1121 945 1168 autem
997 1109 1160 1166 corda
1211 1108 1557 1172 considerat,
1613 1121 1718 1162 nec
1766 1105 1970 1176 aliquid
2011 1104 2152 1160 illius

565 1204 974 1274 omnipotentiae
1021 1201 1195 1256 oculis
1245 1199 1506 1255 occultari
1535 1205 1731 1270 potest.
1777 1196 2153 1268 Praepatemns

565 1315 666 1356 nos
694 1300 748 1353 in
776 1299 924 1354 omni
947 1297 1218 1358 bonitate,
1269 1303 1328 1349 ut
1357 1292 1652 1364 przeclarus
1679 1290 1922 1362 pontifex
1949 1300 2005 1346 et
2032 1291 2154 1360 pius

563 1389 893 1461 praedicator
914 1396 1097 1443 noster
1120 1385 1385 1441 Vedastus
1425 1383 1664 1452 gaudens
1689 1397 1789 1438 nos
1830 1389 1954 1438 ante
1983 1382 2155 1437 tribu-

567 1479 655 1536 nal
687 1477 884 1534 summi
907 1475 1107 1545 iudicis
1137 1475 1191 1530 in
1219 1475 1308 1529 die
1335 1473 1526 1529 ultimo
1555 1473 1805 1537 deducat,
1836 1469 1994 1541 173
2022 1484 2158 1541 qua-

567 1581 732 1626 tenus
762 1585 830 1624 e:
853 1568 1246 1624 numerositate
1264 1565 1496 1620 ﬁliorum
1514 1564 1659 1620 illius
1679 1563 2016 1618 cumulentur
2042 1562 2156 1633 glo-

567 1663 670 1729 ria,
703 1669 759 1716 et
790 1675 889 1714 nos
911 1673 1035 1713 cum
1055 1657 1149 1712 illo
1178 1654 1590 1712 desiderabilem
1633 1654 1821 1710 audire
1848 1667 2158 1708 mereamur

2246 563 2356 604 rem
2380 565 2594 604 suorum
2624 549 2767 621 (Jac.
2788 566 2846 616 v,
2872 548 2983 621 20).
3011 549 3168 607 Scire
3216 551 3496 620 debemus,
3525 555 3834 611 charissimi

2247 639 2468 708 fratres,
2492 643 2634 712 quod
2661 653 2894 714 quantas
2915 644 3127 699 animas
3147 645 3374 714 quisque
3399 647 3639 703 lucratus
3667 648 3836 704 fuerit

2248 732 2379 799 Deo,
2411 741 2593 790 tantas
2619 745 2942 805 accepturus
2989 740 3094 792 erit
3123 739 3398 795 mercedes
3423 756 3453 796 a
3477 741 3607 798 Deo.
3657 743 3837 812 Quan-

2250 830 2361 880 tam
2391 825 2618 898 gloriam
2665 826 2865 883 habere
2891 830 3096 897 putatis
3141 840 3386 888 sanctum
3436 833 3728 891 Vcdastnm
3774 836 3834 891 in

2250 917 2462 973 cmlesti
2489 933 2655 989 regno
2676 933 2798 973 cum
2834 917 3076 986 Christo,
3113 922 3204 992 qui
3245 931 3354 979 tam
3385 920 3836 982 innumerabilem

2251 1010 2507 1080 populum
2530 1011 2711 1066 sedula
2733 1014 3116 1082 praedicatione
3140 1015 3362 1074 Christo
3391 1019 3444 1072 in
3468 1019 3632 1074 terris
3653 1022 3840 1090 acqui-

2253 1101 2418 1156 sivit?
2433 1101 2528 1156 Vel
2549 1112 2751 1173 quanta
2777 1105 2849 1159 sit
2874 1105 3041 1176 gloria
3066 1107 3261 1163 animae
3279 1107 3421 1164 illius
3441 1111 3671 1180 speratis
3691 1111 3839 1166 inter

2252 1193 2497 1262 angelos,
2529 1195 2653 1249 dum
2684 1202 2893 1251 tantum
2923 1196 3184 1255 honorem
3227 1199 3394 1258 habet
3439 1217 3636 1272 corpus
3689 1203 3838 1258 illius

2255 1285 2402 1341 inter
2422 1285 2704 1344 homines?
2732 1289 2825 1344 Vel
2853 1289 2984 1360 quid
3006 1307 3109 1346 non
3135 1302 3318 1364 potest
3339 1296 3563 1367 pietatis
3582 1299 3840 1367 precibus

2256 1377 2552 1446 impetrare
2581 1379 2633 1434 in
2657 1380 2834 1447 cmlis,
2862 1384 2954 1452 mli
2991 1386 3159 1439 tantis
3203 1388 3257 1441 in
3287 1390 3490 1445 mundo
3524 1389 3718 1447 claruit
3741 1393 3842 1446 mi-

2256 1467 2489 1525 raculis?
2515 1469 2620 1527 Sed
2640 1473 2893 1545 omnibus
2914 1476 3186 1532 miraculis
3213 1480 3385 1551 major
3412 1491 3494 1536 est
3515 1482 3841 1554 erangelica

2255 1561 2654 1630 praedicationis
2683 1566 3038 1633 instantia,et
3064 1579 3266 1626 sanctae
3291 1573 3577 1630 cbaritatis
3598 1575 3652 1630 in
3675 1577 3844 1631 corde

2259 1653 2580 1727 fragrantia.
2614 1654 2780 1716 Valde
2819 1662 2962 1716 enim
3007 1663 3240 1720 viriliter
3287 1677 3509 1736 accepta
3547 1667 3843 1729 Dominica:

567 1759 895 1818 sententiam
933 1775 948 1810 :
993 1753 1190 1818 Venite,
1221 1753 1479 1810 benedicti
1517 1749 1702 1806 Patris
1744 1751 1879 1813 mei,
1910 1749 2157 1821 percipite
2191 1820 2217 1824 _
2253 1748 2500 1815 pecunize
2529 1749 2732 1805 talenta
2774 1754 3139 1822 multiplicare
3167 1758 3402 1824 studuit;
3441 1762 3564 1816 ideo
3609 1762 3844 1820 feliciter

568 1865 785 1920 regnum
812 1889 828 1915 ,
877 1847 1018 1919 quod
1051 1845 1193 1900 vobis
1225 1854 1473 1917 paratum
1513 1855 1590 1899 est
1617 1844 1682 1899 ab
1737 1845 1936 1910 origine
1971 1841 2154 1895 mundi
2191 1820 2232 1880 Β
2262 1839 2364 1894 sibi
2389 1839 2675 1897 Dominum
2705 1844 2888 1900 audiet
2917 1820 3182 1903 dicentem
3213 1868 3225 1903 :
3261 1820 3408 1922 Euge
3437 1869 3584 1908 serue
3615 1856 3744 1910 bone
3788 1868 3843 1912 et

570 1939 787 2010 (Matth.
811 1957 940 2007 xxv,
964 1939 1077 2013 Si).
1100 1938 1193 1996 ille
1220 1939 1288 1996 de
1311 1938 1516 1996 coalesti
1558 1935 1734 2005 patria
1761 1936 1864 2006 piis
1896 1933 2158 1992 orationi-

567 2034 670 2090 bus
696 2041 942 2101 nostrum
962 2031 1206 2102 quotidie
1232 2044 1457 2099 agonem
1480 2027 1735 2097 adjuvare
1783 2041 1890 2084 non
1920 2025 2154 2090 desistit,

571 2128 885 2183 desiderans
897 2140 994 2182 nos
1010 2121 1167 2196 μη,
1190 2119 1429 2185 Vedast.,
1444 2120 1754 2175 desiderans
1783 2115 1933 2188 suos]
1953 2115 2158 2171 charis-

570 2219 741 2274 simos
766 2217 928 2281 filios,
943 2229 1078 2284 quos
1092 2220 1318 2285 paterna
1341 2212 1544 2283 pietate
1563 2210 1750 2281 genuit
1766 2208 1818 2262 in
1837 2206 2073 2270 Christo,
2089 2205 2160 2260 ad

571 2309 799 2379 gloriam
846 2315 1120 2378 perpetuae
1163 2304 1350 2362 venire
1395 2301 1767 2362 beatitudinis.
1799 2299 2154 2369 Quapropter,

571 2400 884 2458 charissim
904 2399 1125 2463 fratres,
1151 2395 1524 2466 unusquisque
1546 2394 1603 2450 in
1627 2407 1729 2451 suo
1755 2391 1944 2447 ordine
1965 2403 2160 2447 secun-

570 2494 701 2549 dum
735 2472 931 2548 virium
984 2487 1318 2552 facultatem,
1371 2484 1586 2542 fortiter
1620 2481 1902 2539 diabolicis
1944 2481 2164 2535 resistat

570 2582 1031 2654 suggestionibus,
1062 2588 1122 2635 ut
1162 2587 1418 2641 emam
1446 2574 1704 2646 triumphi
1753 2587 2009 2630 coronam
2034 2586 2160 2627 cum

569 2676 667 2747 pio
693 2681 918 2746 parente
945 2680 1134 2730 nostro
1177 2669 1424 2740 accipere
1467 2667 1664 2740 dignus
1709 2665 1994 2720 eﬂiciatur.
2039 2663 2161 2718 Non

571 2778 696 2824 sunt
712 2769 849 2822 enim
877 2765 1172 2840 condignae,
1195 2772 1256 2824 ut
1280 2763 1359 2818 ait
1376 2761 1686 2834 Apostolus,
1708 2760 1976 2831 passiones
2002 2757 2161 2827 hujus

573 2859 823 2928 temporis
851 2855 921 2910 ad
963 2863 1392 2926 superventuram
1422 2850 1666 2922 gloriam,
1692 2865 1807 2920 quis
1851 2847 2186 2906 revelabitur

572 2954 630 3008 in
674 2952 823 3007 nobis
871 2948 1050 3022 (Rom.
1079 2963 1202 3007 vni.
1253 2945 1362 3017 l8}.
1396 2945 1564 3017 igitur
1590 2943 1755 2999 breve
1783 2941 1983 2997 laboris
2025 2949 2161 2996 tem-

571 3061 675 3120 pus
697 3044 875 3099 divina
898 3041 1054 3098 nobis
1099 3039 1265 3093 voluit
1292 3054 1412 3094 esse
1447 3038 1643 3109 pictas,
1669 3042 1725 3090 et
1752 3034 1942 3107 agonis
1986 3034 2161 3090 nostri

577 3137 995 3194 retributionem
1017 3148 1138 3189 esse
1163 3141 1502 3203 perpetuam,
1529 3137 1584 3186 et
1610 3143 1710 3202 pro
1748 3128 2030 3199 temporali
2063 3129 2163 3184 tri-
2185 3175 2236 3240 Ε

575 3231 888 3294 bulatioue,
929 3225 1298 3300 permanentis
1339 3222 1523 3295 gloriae
1544 3220 1800 3277 mercede
1830 3221 2086 3293 gaudere.

645 3323 710 3377 ll.
749 3319 1069 3377 Attdivinus
1093 3316 1296 3386 itaque,
1333 3329 1454 3370 cum
1497 3313 1609 3368 Deo
1638 3311 1821 3368 dilecti
1864 3310 2166 3368 sacerdotis

576 3411 702 3470 Vita
729 3411 1023 3482 legeretur,
1047 3413 1305 3479 quantam
1338 3405 1392 3460 in
1415 3405 1562 3461 omni
1597 3403 1842 3460 bonitate
1868 3404 2056 3460 habuit
2080 3405 2170 3462 de-

574 3505 849 3560 votionem
877 3540 892 3566 ,
954 3497 1223 3569 quomodo
1251 3509 1351 3567 per
1382 3493 1724 3550 abstinentiae
1748 3494 1980 3565 rigorem
2009 3508 2168 3550 suum

573 3591 864 3663 castigavit
886 3605 1107 3660 corpus,
1136 3587 1367 3659 qualiter
1417 3601 1515 3654 per
1541 3585 1828 3641 charitatis
1855 3583 2030 3640 ofﬁcia
2055 3599 2170 3640 om-

577 3688 738 3743 nibus
763 3684 1020 3756 prodesse
1051 3680 1351 3738 eontcndit.
1383 3679 1701 3735 lncedamns
1725 3694 1849 3734 cum
1875 3679 2023 3735 omni
2065 3679 2171 3732 ala-

575 3780 775 3836 critate
813 3777 1033 3837 mentis,
1075 3781 1131 3829 et
1176 3780 1294 3830 tota
1334 3772 1534 3828 virium
1568 3769 1828 3828 facultate
1865 3769 2010 3826 illius
2045 3771 2170 3826 vitae

577 3871 828 3943 vestigia,
857 3876 917 3925 ut
940 3864 1318 3930 beatitudinis,
1341 3863 1396 3918 in
1426 3878 1531 3935 qua
1561 3869 1755 3935 regnat
1779 3877 1902 3919 cum
1923 3863 2168 3925 Christo,

575 3969 860 4023 consortes
885 3957 1028 4014 eﬂici
1058 3971 1384 4014 mereamur.
1425 3954 1580 4010 Nulla
1631 3953 1870 4010 carnalis
1922 3953 2172 4023 concupi-

578 4056 810 4121 scentia,
841 4051 985 4110 nulla
1049 4049 1328 4106 smcularis
1363 4049 1614 4111 ambitio,
1650 4047 1909 4118 impediat
1939 4048 2047 4104 iter
2081 4062 2173 4103 no—

578 4157 774 4205 strum.
803 4143 1099 4201 Curramus
1124 4157 1222 4211 per
1253 4154 1418 4212 opera
1449 4138 1669 4210 pietatis
1699 4139 1767 4193 ad
1796 4137 2038 4194 ctelestis
2084 4154 2174 4208 pa-

582 4240 702 4299 tria;
729 4244 937 4310 portas.
963 4235 1297 4304 Exspectant
1338 4247 1439 4288 nos
1468 4232 1616 4286 cives
1643 4238 1864 4284 aeterna:
1890 4230 2169 4295 civitatis,

580 4341 637 4387 et
693 4345 792 4384 rex
827 4328 967 4397 ipse,
997 4325 1093 4396 qui
1123 4323 1238 4378 vnit
1280 4331 1474 4378 omnes
1501 4320 1750 4377 homines
1799 4319 1976 4375 salvos
2007 4319 2127 4375 ﬁeri
2153 4361 2168 4386 ,

582 4429 824 4477 nostram
849 4432 974 4474 cum
995 4415 1201 4470 sanctis
1227 4414 1344 4468 suis
1371 4412 1721 4467 vehementer
1768 4409 2044 4465 desiderat
2091 4425 2175 4464 sa-

580 4512 768 4567 lutem.
793 4508 957 4564 Decet
973 4507 1122 4563 enim
1151 4516 1254 4561 nos
1277 4503 1421 4558 illius
1441 4515 1563 4558 esse
1590 4511 1973 4570 cooperatores
2004 4501 2059 4556 in
2087 4516 2172 4556 sa-

581 4607 695 4666 lute
723 4613 932 4670 nostra,
958 4603 1055 4674 qui
1093 4614 1190 4658 nos
1217 4601 1273 4655 in
1319 4607 1531 4654 tantum
1559 4597 1787 4661 dilexit,
1840 4604 1902 4650 ut
1947 4597 2168 4666 proprio

581 4699 721 4756 Filio
745 4712 845 4754 suo
872 4711 980 4752 non
997 4699 1280 4764 parceret,
1311 4691 1404 4746 sed
1440 4706 1538 4761 pro
1579 4689 1733 4744 nobis
1781 4689 2033 4743 omnibus
2061 4695 2169 4742 tra-

582 4791 722 4848 didit
745 4789 913 4844 illum.
943 4786 1240 4857 Diligamus
1259 4798 1382 4838 eum
1411 4823 1428 4846 ,
1471 4783 1597 4854 quia
1647 4781 1737 4836 ille
1770 4781 1921 4850 prior
1979 4778 2170 4835 dilexit

581 4898 680 4938 nos
707 4896 721 4935 :
753 4881 1013 4935 faciamus
1039 4877 1182 4932 illius
1206 4873 1560 4940 voluntatem,
1589 4873 1716 4944 quia
1751 4873 1997 4927 voluntas
2027 4872 2169 4927 illius

582 4971 814 5028 felicitas
838 4979 922 5026 est
939 4975 1142 5026 nostra.
1164 4967 1470 5024 Habeamus
1497 4980 1708 5034 semper
1734 4966 1787 5020 in
1811 4973 1990 5018 mente
2029 4965 2170 5034 quod

586 5067 700 5137 ipsa
729 5064 945 5120 Veritas
993 5060 1208 5117 cuidam
1237 5057 1390 5114 diviti
1441 5056 1722 5126 respondit
1763 5057 1816 5110 in
1848 5054 2167 5126 Evangelio:

587 5156 648 5212 Si
676 5157 751 5210 vis
775 5156 930 5209 vitam
958 5150 1182 5223 ingredi,
1213 5164 1361 5204 serva
1396 5147 1647 5201 mandata
1671 5144 1884 5218 (Matth.
1913 5162 2029 5207 χιχ,
2059 5144 2166 5210 i7).

588 5248 720 5315 Quae
782 5256 909 5301 sunt
967 5244 1243 5308 mandata,
1296 5244 1401 5298 nisi
1463 5241 1704 5298 Charitas
1733 5239 1827 5294 Dei
1857 5249 1911 5297 et
1954 5240 2175 5307 dilectio

585 5338 856 5413 proximi?
888 5337 944 5393 in
964 5337 1052 5392 bis
1096 5337 1303 5391 duobus
1362 5333 1646 5405 praeceptis
1694 5339 1804 5387 tota
1847 5331 1934 5388 lex
1972 5333 2173 5404 pendet

587 5440 644 5485 et
694 5429 987 5498 prophetat.
1047 5424 1271 5480 Dilectio
1343 5425 1524 5495 itaque
1592 5422 1825 5493 proximi
1876 5421 1929 5477 in
1990 5423 2170 5492 operi-

588 5523 691 5579 bus
745 5516 1135 5574 miscricorditc
1180 5515 1597 5585 comprobatur:
1630 5513 1722 5583 qui
1774 5512 1956 5568 stnculi
2004 5514 2170 5568 habet

589 5614 952 5671 substantiam
993 5651 1008 5675 ,
1074 5609 1368 5665 auxiliatur
1441 5623 1548 5663 non
1609 5606 1849 5662 habenti.
1919 5605 2020 5673 Qui
2074 5605 2169 5662 do—

588 5705 779 5760 clrlnte
833 5702 996 5758 habet
1055 5697 1337 5756 scientiam
1367 5740 1383 5762 ,
1434 5697 1672 5768 corrigat
1712 5704 1986 5751 errantem
2023 5736 2040 5760 ,
2090 5695 2171 5750 di—

591 5805 743 5853 cente
773 5793 1016 5865 apostolo
1070 5791 1268 5849 Jacobo
1302 5811 1312 5845 :
1348 5789 1452 5857 Qui
1511 5789 1814 5845 convenerit
1844 5798 2171 5858 peccatore».

2259 1932 2452 2003 ﬁdelis,
2475 1937 2600 2006 quia
2627 1951 2784 2008 super
2803 1955 2972 2009 pauca
3011 1942 3158 2021 [nisti
3185 1941 3376 2011 ﬁdelis,
3399 1963 3554 2016 super
3597 1948 3763 2004 multa
3791 1963 3845 2004 te

2259 2029 2594 2095 constituam,
2621 2028 2762 2084 intra
2785 2029 2840 2086 in
2866 2033 3117 2102 gaudium
3143 2035 3356 2091 Domini
3377 2041 3454 2091 tui
3469 2037 3683 2108 (Matth.
3711 2057 3844 2107 xxv,

2259 2115 2372 2191 23).
2404 2116 2576 2175 Parva
2614 2129 2742 2176 sunt
2776 2125 3060 2192 praesentis
3109 2126 3240 2181 vita:
3283 2128 3424 2183 bona
3473 2131 3525 2185 in
3566 2147 3850 2202 compara-

2261 2210 2411 2267 tione
2435 2209 2739 2268 futurorum
2765 2214 3049 2271 bonomm.
3074 2215 3184 2274 Sed
3206 2221 3296 2288 qui
3325 2219 3381 2275 in
3400 2220 3489 2276 his
3513 2223 3742 2282 ﬁdeliter
3772 2227 3852 2281 la-

2259 2301 2441 2367 borat,
2473 2302 2530 2356 in
2558 2298 2665 2358 illis
2690 2297 2922 2361 fideliter
2950 2309 3275 2378 requiescet.

2330 2392 2418 2447 lli.
2451 2389 2564 2448 iste
2604 2405 2848 2464 sanctus,
2883 2397 2948 2452 ad
2967 2398 3124 2469 cujus
3144 2417 3470 2461 concurrere
3495 2405 3630 2463 festa
3675 2411 3856 2467 volui-

2262 2483 2386 2549 stis,
2413 2482 2833 2554 promultorum
2857 2487 3130 2544 laboravit
3175 2493 3383 2559 salute,
3420 2494 3542 2550 ideo
3585 2496 3852 2566 plurimo—

2261 2589 2385 2632 rum
2412 2577 2634 2646 praemia
2659 2578 2714 2634 in
2745 2579 2830 2635 die
2847 2580 3039 2650 judicii
3070 2593 3421 2655 suscepturus
3449 2589 3573 2642 erit.
3599 2588 3855 2660 Seipsum

2261 2682 2362 2738 per
2379 2669 2723 2728 abstinentia:
2741 2672 3036 2729 maceravit
3065 2674 3318 2746 rigorem,
3357 2677 3482 2735 aliis
3505 2683 3855 2749 praedicatio-

2261 2759 2350 2816 nis
2401 2759 2606 2831 profuit
2641 2762 2952 2829 sedulitate,
2983 2765 3102 2820 ideo
3159 2767 3442 2826 laudabilis
3467 2774 3718 2828 omnibus
3760 2789 3861 2831 ει·-

2261 2858 2398 2916 stat,
2423 2850 2579 2922 juxta
2615 2869 2803 2912 vocem
2850 2856 3241 2926 sapientissimi
3285 2858 3628 2918 Salomonis:
3656 2863 3862 2920 Hemo-

2259 2944 2348 3000 fia
2383 2945 2522 3016 justi
2559 2962 2678 3001 cum
2733 2948 2979 3003 laudibus
3009 2989 3022 3013 ,
3082 2961 3130 3004 et
3179 2967 3370 3008 nomen
3423 2955 3702 3025 impiorum
3752 2976 3859 3028 ρι-

2262 3046 2449 3094 trescet
2476 3033 2658 3110 (Prov.
2691 3055 2749 3106 ι,
2778 3038 2854 3109 7).
2900 3038 3039 3096 Dum
3076 3041 3191 3096 vita
3229 3043 3502 3112 iustorum
3555 3046 3809 3104 laudatur
3839 3091 3858 3115 ,

2266 3129 2528 3200 iniquitas
2557 3129 2847 3199 impiorum
2871 3131 3031 3200 quasi
3069 3141 3278 3188 stercus
3306 3133 3607 3190 detestatur
3647 3138 3716 3194 ab
3734 3153 3862 3195 om-

2267 3222 2450 3279 nibus.
2497 3220 2640 3290 Quid
2679 3227 2769 3277 est
2806 3221 3016 3278 felicius
3067 3238 3230 3293 quam
3276 3225 3335 3281 in
3377 3228 3517 3284 bona
3557 3244 3861 3286 conversa-

2269 3315 2418 3371 tione
2446 3329 2477 3369 a
2518 3314 2627 3368 Deo
2672 3323 2946 3383 perpetuat
2999 3318 3299 3386 promereri
3356 3319 3711 3376 beatitudinis
3749 3322 3876 3394 glo-_

2269 3405 2431 3470 riam,
2460 3412 2516 3461 et
2538 3406 2782 3461 omnium
2802 3420 2898 3460 ore
2923 3405 3167 3463 laudari?
3214 3404 3526 3481 Cogitemus
3569 3413 3818 3483 quotidie
3844 3455 3862 3482 ,

2268 3513 2375 3569 qua
2405 3498 2601 3553 ﬁducia
2629 3497 2911 3554 veniamus
2957 3508 3084 3554 ante
3115 3500 3350 3556 tribunal
3377 3503 3575 3558 summi
3617 3503 3824 3574 iudicis
3847 3548 3866 3574 ,

2267 3589 2398 3659 quid
2420 3587 2549 3643 boni
2576 3588 2757 3658 operis
2777 3587 3059 3644 nobiscum
3087 3589 3414 3648 deferamus.
3443 3591 3698 3664 Equitas
3711 3596 3868 3655 illius

2269 3682 2469 3739 nullius
2508 3681 2738 3752 accipiet
2762 3693 3083 3750 personam;
3116 3684 3210 3739 sed
3247 3685 3541 3758 unicuique
3565 3688 3752 3745 reddet
3777 3705 3871 3746 se-

2267 3773 2505 3830 cundum
2523 3786 2688 3844 opera
2716 3786 2813 3828 sua
2839 3791 2852 3826 :
2884 3780 2940 3827 et
2969 3773 3062 3843 qui
3089 3773 3211 3843 plus
3237 3773 3450 3831 laborat
3470 3777 3525 3833 in
3547 3790 3711 3849 opere
3734 3778 3865 3849 Dei,

2269 3865 2390 3937 plus
2421 3864 2690 3924 mercedis
2738 3865 2969 3935 accipiet
3003 3865 3060 3920 in
3091 3881 3256 3938 regno
3301 3865 3419 3923 Dei.
3475 3868 3870 3943 Unusquisque

2271 3959 2326 4014 in
2351 3972 2460 4029 qua
2486 3957 2775 4014 vocatione
2803 3968 3027 4014 vocatus
3060 3967 3168 4024 est,
3198 3960 3254 4016 in
3308 3974 3373 4017 ea
3426 3961 3659 4018 viriliter
3703 3979 3868 4023 suam

2268 4057 2527 4121 operetur
2564 4049 2813 4105 salutem.
2839 4050 3104 4107 Omnibus
3131 4053 3372 4110 caelestis
3401 4057 3552 4128 regni
3574 4056 3742 4127 janua
3763 4073 3873 4128 pa-

2270 4142 2453 4209 tescit,
2489 4142 2650 4216 174
2676 4142 2772 4199 sed
2821 4143 3142 4199 meritorum
3173 4145 3403 4216 qualitas
3429 4147 3593 4202 alium
3618 4149 3872 4206 introdu-

2269 4236 2368 4303 cit,
2393 4236 2560 4291 alinm
2612 4233 2851 4306 expellit.
2899 4234 3073 4301 Quam
3102 4235 3361 4292 miserum
3389 4244 3476 4293 est
3519 4237 3793 4295 hominem
3836 4258 3871 4297 a

2271 4331 2442 4404 gloria
2471 4330 2685 4386 excludi
2721 4339 3036 4386 sanctorum
3064 4371 3077 4395 ,
3130 4339 3185 4386 et
3217 4331 3438 4386 aeternis
3479 4347 3602 4390 cum
3647 4333 3874 4390 diabolo

2273 4423 2522 4494 deputari
2551 4415 2814 4478 flammis!
2846 4421 3200 4477 Peccatorum
3229 4425 3450 4479 sarcina
3478 4425 3712 4480 animam
3737 4427 3877 4480 sub-

2200 4546 2248 4608 D
2273 4517 2472 4589 mergit
2496 4518 2550 4572 in
2577 4524 2780 4570 tartara
2808 4535 2820 4570 :
2847 4513 3078 4582 justitim
3129 4516 3458 4571 abundantia
3488 4516 3874 4574 ad-ctnlestem

2271 4611 2453 4666 evehit
2511 4605 2760 4680 gloriare.
2819 4607 3254 4675 Frcquentemus
3308 4609 3506 4677 saepius
3573 4607 3872 4664 ecclesiam

2272 4700 2514 4766 Christi;
2557 4699 2840 4753 audiamus
2875 4699 2930 4752 in
2975 4713 3040 4752 ea
3086 4697 3399 4769 diligentius
3441 4699 3602 4753 verba
3640 4699 3766 4767 Dei;
3808 4711 3874 4755 et

2271 4791 2416 4863 quod
2438 4807 2568 4847 aure.
2589 4791 2922 4860 percipimus
2949 4831 2961 4853 ,
3007 4789 3110 4841 hoc
3161 4789 3322 4846 corde
3366 4790 3698 4846 retineamus
3727 4831 3742 4854 ,
3807 4801 3875 4846 ut

2275 4883 2505 4938 fructum
2537 4882 2662 4938 boni
2687 4881 2868 4950 operis
2896 4879 3130 4933 feramus
3153 4879 3510 4950 inpatientia,
3535 4889 3592 4933 et
3621 4877 3876 4936 fraterno

2275 4987 2459 5028 amore
2488 4971 2859 5041 unusquisque
2885 4968 3050 5022 alium
3097 4966 3353 5039 adjuvare
3394 4969 3633 5025 studeat.
3686 4967 3874 5027 Habe—

2276 5081 2396 5121 mus
2418 5065 2675 5135 przeclara
2702 5061 3031 5117 sanctissimi
3079 5059 3257 5118 Patris
3307 5061 3482 5119 nostri
3526 5059 3877 5117 abundanter

2275 5155 2520 5226 exempla
2553 5155 2608 5208 in
2631 5154 2778 5209 omni
2821 5153 3109 5207 charitatis
3134 5149 3334 5216 cilicio,
3362 5152 3420 5206 in
3454 5151 3577 5206 tidei
3609 5150 3826 5208 fervore
3855 5197 3871 5216 .

2276 5252 2330 5306 in
2352 5250 2468 5320 spei
2499 5247 2932 5318 longanimitate,
2954 5246 3007 5299 in
3025 5243 3436 5315 perseverantia
3461 5245 3627 5300 totius
3656 5245 3875 5303 bonita-

2275 5344 2346 5399 tis
2373 5343 2535 5398 illius.
2567 5341 2737 5408 Quem
2767 5347 2917 5395 tanta
2947 5338 3287 5394 celebramus
3320 5337 3499 5398 laude.
3525 5347 3582 5391 et
3602 5345 3757 5396 tanto
3790 5341 3878 5396 di-

2276 5435 2490 5508 ligimus
2513 5446 2718 5496 amore,
2764 5439 2876 5487 tota
2910 5430 3108 5486 mentis
3137 5429 3444 5488 intentione
3473 5429 3527 5483 in
3561 5430 3712 5486 omni
3739 5445 3875 5484 con-

2275 5526 2584 5582 versatione
2632 5531 2820 5579 sancta
2859 5537 3150 5593 sequamur
3174 5520 3399 5592 vestigia
3427 5519 3565 5589 eius,
3596 5528 3875 5592 quatenus

2275 5623 2420 5678 viam
2445 5624 2570 5676 vita:
2592 5619 2733 5674 illius
2755 5627 3042 5673 currentes
3080 5624 3298 5672 aeterna:
3348 5614 3704 5671 beatitudinis
3738 5630 3874 5670 cum

2278 5712 2367 5768 illo
2386 5712 2612 5785 gloriam
2643 5709 2888 5779 accipere
2928 5722 3255 5770 mereamur,
3286 5705 3582 5761 auxiliante
3607 5721 3707 5759 nos
3739 5720 3875 5776 rege

2277 5813 2482 5861 aeterno
2508 5799 2739 5859 Domino
2769 5808 2954 5856 nostro
2977 5798 3100 5855 Jcsu
3131 5797 3384 5864 Christo,
3423 5798 3513 5867 qui
3547 5812 3668 5853 cum
3700 5795 3874 5852 Patre
