4112 6598
537 314 644 368 £35

1395 312 1454 365 B.
1494 311 1557 366 F.
1598 311 1823 367 ALBINI
1861 308 1994 366 SEU
2035 310 2310 368 ALCCINI
2348 310 2633 369 OPERUM
2669 309 2851 366 PARS
2889 311 2950 366 V.

3715 311 3830 365 ὕει

539 434 684 482 tione
706 423 928 497 pretiosi
953 423 1200 493 corporis
1227 424 1282 479 in
1313 423 1492 480 locum
1523 426 1782 495 priorem,
1799 425 2008 479 dictatu
2032 424 2125 478 ad-
2153 427 2200 484 Α
2229 425 2558 493 salvaretur,
2580 427 2831 482 obtinuit.
2865 426 2974 482 Nec
3000 426 3219 481 lucerna
3244 427 3433 498 gratia:
3458 425 3553 482 Dei
3585 442 3826 484 accensa

537 521 758 576 modum
803 519 1207 588 compendioso,
1237 517 1392 574 titulo
1430 519 1567 573 Vita:
1601 519 1904 574 beatissimi
1930 518 2126 573 Richa-

539 612 608 666 rii
636 611 762 665 almi
787 609 966 664 Patris
995 607 1131 680 [Al.,
1159 609 1459 666 beatissimi
1482 610 1660 666 Patris
1680 609 1948 682 Richarii]
1979 618 2128 680 apta-

537 705 756 759 vimus:
793 711 848 756 et
892 701 996 756 nisi
1053 702 1269 772 propria
1330 701 1571 772 decipior
1600 701 1869 770 imperitia
1898 741 1913 765 ,
1961 701 2126 755 veluti

538 798 837 867 pretiosum
860 809 1053 848 aurum
1084 792 1220 867 [Al.,
1245 792 1528 866 obryzum]
1582 801 1777 848 vestra:
1820 793 2129 864 prudentis-

541 895 693 948 sima:
726 895 1030 965 sapientiae,
1059 893 1125 948 ad
1168 891 1472 948 ornandum
1523 891 1773 946 diadema
1801 890 2127 945 Christianae

542 984 912 1056 philosophim,
936 983 1042 1038 lide
1065 983 1251 1038 humili
1290 981 1638 1038 devotissime
1662 981 2124 1036 commendamus.

541 1075 609 1129 Et
641 1074 764 1145 quia
789 1073 842 1129 in
865 1073 1034 1129 vestri
1063 1072 1302 1143 pectoris
1338 1071 1499 1128 cubili
1537 1071 1762 1142 gloriam
1784 1069 2015 1132 Christi,
2073 1077 2130 1123 et

541 1176 856 1224 sanctorum
891 1164 1008 1234 ejus
1027 1166 1288 1221 honorem
1315 1179 1543 1236 regnare
1577 1157 2130 1236 coguoscimus,hanc

540 1261 712 1318 nostri
744 1269 854 1316 tam
874 1259 1020 1316 beati
1065 1259 1309 1331 cpusculi
1338 1258 1710 1332 praefationem
1733 1265 1927 1314 vestra:
1953 1258 2006 1312 in
2033 1257 2131 1312 Do-

541 1356 692 1410 mino
716 1356 886 1411 beata:
909 1353 1338 1411 honoriﬁcentia:
1361 1353 1693 1408 dedicamus.

905 1478 1176 1558 VIT/E
1234 1479 1757 1558 HISTORIA.

545 1622 568 1650 ⁸
583 1626 782 1673 σεετΑ
807 1628 1193 1675 δΑοιειιηοτιε
1215 1629 1416 1674 MAG!"
1438 1629 1647 1672 TENET
1669 1630 1806 1672 ISTE
1830 1630 2130 1674 LIBELLUS

626 1706 937 1768 RICHARII,
979 1709 1170 1754 CUJUS
1211 1710 1502 1756 CENTULA
1549 1707 1791 1753 CORPL‘S
1835 1711 2066 1754 HABET.

971 1830 1134 1904 ιτα
1167 1830 1394 1889 CAPUT
1431 1830 1723 1889 PRIMUM.

548 1924 732 1990 Ortus,
753 1923 1024 1980 conversio
1052 1922 1124 1976 ad
1173 1923 1332 1977 vitam
1379 1924 1544 1992 piam,
1574 1922 1960 1988 sacerdotium,
2009 1937 2136 1993 pro-

909 1993 1038 2048 ximi
1058 1993 1256 2064 adjuti,
1285 1993 1444 2048 etiam
1470 1993 1735 2047 Britanni.

617 2107 660 2163 I.
700 2107 1057 2180 Temporibus
1085 2105 1198 2181 [ΑΙ.
1231 2147 1247 2173 ,
1291 2105 1554 2179 tempore]
1579 2107 1955 2178 gloriosissimi
1993 2106 2138 2180 regis

552 2200 889 2258 Francorum
915 2199 1336 2272 Dagoberti,qui
1357 2209 1414 2257 et
1435 2200 1680 2255 saeculari
1717 2207 1988 2271 potestate
2007 2215 2140 2270 pra:-

547 2292 750 2358 clarus,
770 2299 828 2348 et
848 2290 1161 2347 Christiana
1221 2290 1480 2363 religione
1514 2289 1711 2346 nobilis
1762 2287 1962 2345 effulsit
1987 2289 2137 2362 (nam

545 2391 604 2438 et
638 2384 926 2455 optimates
954 2397 1082 2439 suos
1108 2382 1461 2455 dignitatibus
1487 2381 1747 2438 exaltavit
1774 2423 1790 2447 ,
1836 2388 1892 2435 et
1949 2395 2138 2436 servos

549 2473 645 2530 Dei
682 2472 978 2529 honoribus
1007 2471 1244 2529 excoluit
1271 2470 1791 2545 [Al.,sublimavit]),
1827 2473 1880 2526 in
1910 2470 2038 2537 illis,
2061 2472 2140 2526 in-

549 2581 737 2636 quam,
771 2563 962 2620 diebus
985 2561 1216 2634 plurima
1249 2562 1451 2634 ubique
1495 2563 1828 2618 monasteria
1855 2577 1885 2616 a
1932 2563 2138 2618 sanctis

551 2656 805 2713 Patribus
825 2661 1110 2726 ceperunt
1153 2654 1440 2720 construi,
1486 2669 1585 2708 nec
1642 2669 1749 2709 non
1781 2661 1838 2708 et
1867 2653 2020 2709 rnulti
2071 2668 2139 2710 ex

549 2748 691 2804 laico
713 2745 903 2803 habitu
950 2745 1055 2802 viri
1106 2743 1343 2818 religiosi
1390 2745 1592 2800 inventi
1635 2751 1781 2800 sunt.
1820 2744 1899 2800 Ex
1943 2745 2141 2814 quibus

551 2841 837 2899 Ricbarius
869 2840 1288 2911 quidam,natus
1315 2839 1373 2896 in
1392 2838 1518 2894 villa
1535 2837 1758 2895 Ccntula
1792 2839 1818 2878 ι’
1847 2836 2141 2910 ριόνὶηείπ

548 2933 793 2990 Pontiva:
848 2929 920 3006 [le
946 2927 1233 3004 Ponthieu]
1259 2971 1276 2996 ,
1335 2931 1481 2987 velut
1503 2929 1695 2987 lucifer
1740 2932 1884 2986 inter
1917 2932 2141 2985 umbras

547 3027 735 3083 oriens
756 3023 1000 3090 emicuit,
1025 3035 1050 3064 α
1085 3039 1192 3078 non
1221 3033 1333 3079 tam
1365 3023 1636 3079 nobilibus
1680 3022 1835 3093 juxta"
1881 3023 2139 3077 annulum

2227 516 2432 573 diutius
2453 518 2710 574 abscondi
2742 520 2920 590 potuit
2945 559 2960 585 ,
3006 519 3102 575 sed
3125 517 3454 590 patelactum
3477 521 3657 577 lumen
3687 537 3827 576 san-

2227 609 2434 665 ctitatis
2459 618 2513 665 et
2536 611 2944 686 praedicationis
2971 651 2988 678 ,
3035 609 3195 682 longe
3237 609 3449 682 lateque
3475 611 3542 667 ad
3588 611 3826 669 salutem

2229 699 2523 756 multorum
2549 701 2699 756 fulsit
2723 701 2981 774 [Al.,sed
3031 711 3091 759 ut
3139 701 3408 774 patefacta
3454 711 3581 769 est,
3633 704 3826 759 lumen

2227 794 2537 850 sanctitatis
2552 834 2565 847 .
2587 835 2602 848 .
2633 795 2880 869 sparsit].
2901 795 3039 852 Nam
3066 796 3406 852 introductos
3427 796 3669 868 hospites
3690 812 3829 851 suos

2229 900 2352 938 cum
2383 900 2590 956 magnae
2613 888 2901 943 charitatis
2945 888 3151 944 honore
3181 889 3392 943 curavit
3420 930 3434 952 ,
3485 902 3685 958 eosque
3711 888 3828 942 sibi

2228 976 2454 1030 verbum
2481 976 2574 1032 Dei
2623 979 3006 1051 prmdicantes,
3029 993 3153 1034 cum
3180 987 3292 1034 tota
3322 979 3626 1034 humilitate
3650 992 3707 1034 et
3733 980 3828 1034 in-

2230 1068 2472 1122 tentione
2496 1069 2724 1124 audivit.
2751 1067 2862 1124 Nec
2885 1067 3100 1124 frustra
3116 1069 3170 1124 in
3195 1077 3397 1125 terram
3411 1072 3604 1126 bonam
3631 1085 3828 1126 semen

2229 1161 2380 1217 verbi
2416 1161 2510 1216 Dei
2556 1176 2803 1233 sparsum
2838 1169 2964 1216 est:
3007 1162 3102 1218 sed
3147 1163 3290 1231 quod
3351 1177 3481 1218 aure
3536 1163 3833 1228 audiebat,

2231 1253 2336 1309 hoc
2363 1254 2628 1310 radicitus
2660 1256 2822 1312 corde
2847 1253 3141 1321 retinebat,
3163 1263 3219 1310 et
3238 1262 3496 1310 centenos
3524 1255 3578 1308 in
3621 1255 3830 1308 horrea

2231 1343 2459 1411 Christi,
2490 1354 2552 1400 ut
2576 1345 2913 1416 postea-luce
2931 1344 3152 1411 clarius,
3179 1353 3234 1401 et
3257 1347 3546 1400 sanctitate
3577 1354 3633 1400 et
3663 1346 3835 1399 mira-

2231 1439 2475 1495 culorum
2507 1440 2842 1508 ostensione,
2878 1439 3098 1507 claruit,
3131 1439 3340 1496 fructus
3366 1439 3710 1509 germinavit.

2303 1549 2364 1605 11.
2407 1551 2575 1622 Igitur
2603 1569 2672 1608 ex
2706 1553 3093 1623 prardicatione
3138 1551 3461 1608 famulorum
3488 1549 3584 1606 Dei
3607 1557 3662 1605 et
3687 1552 3836 1621 aspi-

2234 1645 2444 1702 ratione
2465 1646 2653 1718 gratia:
2675 1647 2874 1702 divina:
2896 1653 3277 1718 compunctus,
3303 1646 3372 1699 ad
3395 1643 3664 1715 Iacrymas
3690 1659 3832 1699 con-

2148 1775 2210 1837 .B
2235 1753 2448 1806 versus,
2473 1739 2869 1795 confessionem
2918 1755 3140 1796 suorum
3175 1740 3304 1796 fecit
3325 1748 3673 1810 peccatorum
3695 1780 3710 1804 ,
3772 1747 3835 1794 et

2239 1828 2295 1883 in
2333 1837 2626 1899 conspectu
2653 1829 3044 1900 omnipotentis
3074 1828 3169 1883 Dei
3206 1831 3463 1884 ardenter
3485 1829 3700 1884 veniam
3729 1843 3834 1898 pc-

2237 1928 2382 1987 tcns,
2409 1921 2661 1993 lacrymis
2709 1921 2962 1987 absolvit,
2993 1921 3138 1992 quod
3173 1921 3488 1990 ignoranter
3535 1922 3604 1977 ab
3641 1920 3832 1976 adole-

2237 2013 2460 2069 scentia:
2487 2011 2755 2069 illecebris
2775 2012 3051 2084 peccavit;
3107 2018 3163 2067 et
3196 2013 3289 2083 qui
3330 2011 3618 2067 Dominum
3648 2025 3839 2066 susce-

2237 2103 2319 2172 pit
2343 2102 2399 2157 in
2429 2101 2647 2161 famulis
2671 2105 2786 2161 suis
2805 2103 3189 2176 hospitalitatis
3209 2105 3409 2175 gratia,
3436 2111 3722 2174 susceptus
3745 2111 3838 2156 est

2238 2212 2270 2250 a
2294 2195 2523 2251 Domino
2560 2197 2614 2251 in
2648 2196 3022 2253 misericordia
3069 2203 3126 2252 et
3171 2195 3330 2268 177
3363 2197 3568 2267 pietate
3593 2195 3731 2269 [Al.,
3773 2196 3836 2251 in

2239 2287 2614 2344 misericordia
2638 2288 2970 2357 poenitentia:
3018 2296 3111 2342 aut
3141 2287 3534 2344 misericordia:
3579 2286 3834 2362 pietate].

2239 2377 2376 2434 Nam
2403 2393 2472 2434 ex
2499 2392 2564 2435 eo
2589 2386 2836 2449 tempore
2861 2389 2885 2418 ε
2908 2379 3122 2434 initium
3145 2393 3316 2436 sacra:
3360 2379 3640 2452 religionis
3676 2395 3836 2435 sum-

2238 2473 2366 2543 psit,
2396 2479 2452 2527 et
2476 2471 2544 2528 ad
2566 2470 2758 2527 altiora
2786 2471 3006 2542 pietatis
3034 2469 3250 2542 fastigia
3278 2471 3538 2542 gradibus
3584 2471 3834 2543 quotidie

2240 2564 2567 2620 humilitatis
2590 2563 2854 2620 scandere
2887 2564 3200 2619 nitebatur:
3229 2570 3287 2618 et
3337 2571 3613 2634 arreptum
3663 2565 3836 2619 semel

2241 2656 2375 2714 vitae
2390 2655 2492 2712 iter
2523 2655 2649 2712 lidei
2677 2655 2932 2727 passibus
2954 2671 3215 2728 peragere
3251 2667 3479 2714 conatus
3502 2666 3621 2724 est,
3669 2665 3840 2728 atque

2241 2749 2544 2820 posteriora
2574 2748 2923 2813 obliviscens,
2961 2761 3020 2804 se
3053 2749 3107 2803 in
3135 2751 3408 2806 anteriora
3436 2765 3559 2806 cum
3590 2750 3841 2821 apostolo

2243 2841 2489 2900 extendit
2518 2840 2772 2913 (Philipp.
2801 2857 2887 2906 nt,
2913 2839 3186 2913 l3),-.illius
3209 2842 3575 2912 versiculiper
3596 2840 3843 2912 singulos
3879 2829 3885 2834 ’

2245 2935 2446 3005 gradus
2471 2948 2682 2990 memor
2709 2950 2720 2986 :
2751 2931 2913 2987 Ibunt
2941 2933 3112 2988 sancti
3160 2933 3225 2986 de
3257 2933 3447 2987 virtute
3490 2933 3544 2987 in
3566 2934 3840 2996 virtutem,

2245 3031 2516 3094 quaternis
2550 3019 2873 3093 poi-“veniant
2918 3021 3058 3094 [Al.,
3110 3021 3440 3096 perveniret]
3481 3022 3548 3077 ad
3588 3023 3643 3076 id
3693 3026 3843 3092 quol

549 3117 866 3188 parentibus
894 3123 1071 3180 ortus,
1103 3131 1266 3184 quam
1311 3116 1556 3170 moribus
1593 3116 1878 3179 honestus,
1914 3125 1968 3168 et
1991 3115 2136 3168 omni
2167 3135 2215 3199 ρ
2245 3117 2533 3188 sequitur:
2571 3114 2842 3172 Videbitur
2898 3117 3040 3172 Deus
3089 3117 3308 3171 deorum
3359 3117 3417 3172 in
3479 3115 3612 3172 Sion
3659 3115 3841 3187 (Ρωι,

550 3210 823 3282 probitate
845 3209 1268 3265 devotissimus:
1299 3209 1372 3264 Ita
1407 3212 1466 3262 ut
1507 3207 1804 3281 [Quercet.,
1839 3207 1937 3264 llic
1968 3209 2050 3281 ut]
2087 3209 2141 3263 in

556 3303 759 3364 rustica
781 3301 896 3361 vita
919 3302 1166 3376 qumdatn
1194 3301 1456 3376 prmsagiu
1486 3299 1680 3359 futura:
1703 3302 2014 3363 sanctitatis
2045 3317 2140 3373 ge-

558 3399 728 3454 rebat.
754 3396 996 3470 Contigit
1025 3404 1206 3452 autem
1231 3396 1322 3451 illo
1367 3406 1608 3466 tempore
1651 3396 1786 3450 duos
1831 3397 2142 3451 sacerdotes

553 3491 845 3547 sanctitate
877 3486 1156 3552 urentes,
1184 3496 1238 3544 et
1288 3489 1550 3543 virtutum
1596 3490 1806 3544 meritis
1833 3489 2100 3560 fulgentes
2127 3530 2141 3553 ,

554 3597 785 3654 quorum
808 3583 962 3654 prior
999 3580 1267 3638 Caidocns
1303 3582 1600 3638 vocabatur
1629 3582 1674 3655 [ἀ
1709 3583 1846 3637 alter
1870 3599 1998 3637 vero
2029 3581 2145 3636 Fri-

555 3673 821 3747 chorius],
853 3673 919 3730 de
953 3671 1226 3730 Hibernia:
1271 3675 1520 3745 partibus
1567 3675 1622 3729 in
1651 3675 1909 3729 Pontivas
1952 3689 2146 3744 perve-

558 3767 704 3823 nisse
733 3766 1011 3839 regiones;
1054 3765 1149 3820 sed
1177 3780 1209 3819 a
1254 3767 1474 3822 rusticis
1499 3774 1555 3822 et
1600 3766 1948 3836 popularibus
1999 3765 2146 3820 illius

560 3858 685 3924 loci,
707 3865 931 3928 propter
965 3850 1315 3913 insolentiam
1329 3873 1563 3926 morum,
1589 3874 1696 3913 non
1730 3866 1854 3912 sunt
1883 3858 2144 3927 suscepti,

560 3964 660 4006 nec
687 3950 850 4022 digno
875 3964 1063 4005 eorum
1097 3949 1387 4005 sanctitate
1413 3950 1620 4005 honore
1639 3951 1856 4004 tractati
1885 3967 1896 4002 :
1922 3949 2015 4004 sed
2038 3964 2148 4002 ma-

560 4043 642 4114 gis
667 4039 880 4110 injuriis
905 4039 1132 4096 afﬂictos
1174 4047 1232 4095 et
1273 4036 1582 4111 opprobriis
1601 4039 1921 4110 castigatos,
1953 4053 1988 4092 a
2031 4038 2149 4093 lini-

563 4131 664 4185 bus
689 4131 804 4186 suis
824 4139 1108 4201 ccepernnt
1127 4144 1223 4186 eos
1267 4131 1556 4200 expellere.
1589 4129 1828 4197 Quorum
1877 4130 2148 4186 violentia:

563 4229 621 4277 et
647 4221 926 4277 sceleratis
967 4221 1476 4292 praesumptionibus
1513 4219 1730 4275 futurus
1759 4219 1853 4274 Dei
1915 4219 2150 4275 famulus

567 4313 855 4369 Richarius
877 4313 1158 4379 obviavit,
1213 4313 1522 4384 Christique
1551 4327 1738 4369 servos
1787 4315 1854 4370 de
1901 4313 2152 4368 manibus

566 4408 855 4478 impiorum
883 4407 1105 4476 eripuit,
1131 4415 1187 4461 et
1221 4423 1344 4463 cum
1367 4408 1516 4462 omni
1560 4408 1897 4478 benignitate
1917 4421 2011 4463 eos
2059 4407 2153 4462 de-

2248 3225 2478 3275 LXXXIII,
2502 3208 2578 3283 8).
2625 3209 2810 3278 Itaque
2860 3223 2984 3264 mox
3025 3209 3095 3263 ab
3117 3208 3270 3264 initio
3309 3209 3683 3264 conversionis
3718 3220 3846 3264 suae

2245 3310 2355 3355 tam
2383 3301 2516 3356 dura
2544 3315 2603 3357 se
2628 3301 2986 3371 castigatione
3015 3300 3366 3364 constrinxit,
3396 3309 3454 3355 ut
3510 3309 3628 3370 post
3679 3300 3844 3372 longa

2244 3402 2300 3450 et
2326 3389 2585 3448 diuturna
2610 3390 2851 3465 jejunia.
2907 3406 3048 3463 pane
3097 3391 3401 3448 hordeaceo
3456 3393 3637 3446 cinere
3687 3402 3845 3449 coni-

2247 3490 2437 3554 mixto,
2464 3496 2522 3544 et
2568 3505 2707 3560 aqua
2745 3487 3003 3560 lacrymis
3049 3494 3372 3559 temperata,
3397 3478 3848 3559 fessuin'jejnnlis

2245 3580 2626 3650 corpusculum
2659 3580 2989 3637 refocillarct
3017 3623 3029 3636 .
3067 3581 3239 3654 [omni
3295 3581 3551 3653 deinceps
3575 3583 3702 3638 vita:
3728 3599 3848 3639 sua:

2248 3681 2493 3741 tempore
2548 3671 2682 3726 nihil
2735 3672 3030 3728 admittens
3075 3673 3323 3728 lautioris
3368 3673 3556 3748 edulii]
3582 3683 3640 3730 et
3684 3673 3850 3745 hujus

2247 3763 2352 3819 cibi
2376 3763 2745 3821 sustentaculo
2768 3762 2876 3836 [his
2901 3773 3110 3820 tantum
3140 3765 3193 3820 in
3241 3765 3578 3822 hebdomada
3604 3777 3848 3838 sumpto,

2247 3856 2335 3910 die
2356 3855 2563 3910 scilicet
2593 3855 2871 3909 Dominica
2901 3864 2957 3910 et
2975 3856 3168 3927 quinta
3199 3856 3358 3930 feria]
3391 3858 3616 3914 devotus
3640 3858 3848 3914 Christi

2248 3947 2449 4004 athleta
2471 3948 2672 4022 vigiliis
2695 3957 2750 4004 et
2776 3950 3117 4006 orationibus
3153 3951 3242 4007 die
3283 3961 3557 4023 noctuque
3615 3955 3849 4010 Domino

2249 4043 2548 4111 militabat;
2591 4059 2698 4098 non
2729 4059 2911 4099 aerem
2945 4046 3263 4111 verberans,
3296 4047 3391 4102 sed
3437 4063 3634 4117 corpus
3684 4064 3846 4104 suum

2248 4139 2544 4207 castigans,
2576 4153 2644 4192 ne
2689 4137 2902 4192 futurus
2931 4137 3136 4194 Christi
3188 4140 3514 4211 praedicator
3559 4143 3610 4196 in
3665 4141 3848 4212 aliqua

2250 4229 2514 4298 reprobus
2538 4227 2894 4284 inveniretur.

2320 4320 2406 4375 ill.
2450 4319 2556 4375 Sed
2600 4320 2684 4374 his
2724 4329 2889 4391 atque
2918 4320 3225 4390 huiusmodi
3257 4323 3518 4378 virtutum
3549 4325 3807 4396 gradibus
3829 4369 3846 4392 ,

2251 4421 2308 4466 et
2331 4413 2684 4468 sanctissimae
2709 4413 2832 4466 vita:
2860 4414 3102 4470 moribus
3120 4413 3237 4471 Deo
3260 4417 3610 4486 acceptabilis
3627 4462 3640 4485 ,
3671 4420 3853 4492 dignis

567 4503 769 4557 ducens
799 4498 934 4573 [Αἶαν
983 4501 1235 4566 delitui“;
1279 4499 1448 4565 Malm
1497 4499 1785 4571 deducere]
1831 4501 1886 4555 in
1929 4500 2148 4555 domum
2175 4503 2226 4562 D
2253 4505 2598 4561 successibus
2639 4505 2707 4559 ad
2744 4505 3135 4560 sacerdotalem
3171 4509 3421 4576 pervenit
3459 4509 3756 4576 honorem;
3785 4522 3852 4568 ut

567 4612 743 4663 suam,
774 4595 886 4652 Deo
908 4596 1224 4666 providente
1244 4636 1259 4661 ,
1300 4604 1358 4649 ut
1390 4594 1464 4649 illi
1499 4601 1934 4665 protegerentur,
1961 4603 2014 4648 et
2036 4595 2152 4664 ipse

639 4723 666 4750 ι
705 4705 862 4764 Gesta
890 4709 1198 4762 sacerdotis.
1242 4707 1355 4764 Hoc
1370 4707 1639 4763 distichon
1664 4722 1771 4761 non
1796 4722 1917 4762 esse
1940 4707 2151 4762 Alcuini

569 4779 764 4835 asserit
796 4779 1162 4843 Mahillooius;
1196 4779 1540 4833 Bollandistis
1565 4786 1747 4832 tamen
1794 4778 2017 4832 duhinm
2044 4788 2148 4834 est.

641 4852 668 4890 δ
713 4848 776 4904 In
806 4849 928 4904 villa
955 4846 1196 4903 Centula.
1229 4848 1634 4904 Pontivensium
1685 4847 1832 4919 regio
1857 4889 1872 4919 ,
1918 4850 2075 4919 vulgo
2106 4849 2153 4904 le

573 4920 853 4984 Pontliieu,
885 4928 1090 4976 tractus
1127 4929 1212 4974 est
1240 4920 1496 4974 Picardia:
1540 4922 1679 4973 intra
1696 4917 2166 4976 liiiesAmhianen-

571 4994 740 5054 sitim,
785 4991 1110 5045 Morinorum
1147 5001 1203 5043 et
1243 4989 1721 5053 Neustrianoruin;
1767 4989 1919 5056 cujus
1952 5001 2156 5045 tractus

571 5071 731 5133 caput
749 5061 1024 5116 Abbavilla
1049 5060 1375 5133 (Ablgerillc),
1391 5078 1420 5114 a
1443 5077 1552 5133 qua
1568 5061 1776 5133 duabus
1796 5060 2158 5133 leucisorien-

572 5130 683 5188 tein
703 5147 894 5187 versus
928 5133 1094 5186 distat
1144 5130 1366 5185 Centula
1398 5147 1491 5186 seu
1521 5131 1806 5186 Centulum
1860 5132 2112 5199 oppidum
2142 5174 2156 5197 ,

574 5203 662 5257 ubi
687 5202 1012 5258 Centuleuse
1041 5203 1449 5265 monasterium,
1481 5211 1770 5268 utrumque
1797 5217 1940 5255 nunc
1971 5202 2024 5255 S.
2067 5205 2157 5258 lii-

574 5273 748 5329 charii
779 5272 1213 5345 (Sarirnt-Riquier)
1251 5273 1468 5345 nomine
1493 5272 1855 5345 insigni_tu|_n_,_
1892 5273 1961 5345 ad
2007 5275 2159 5329 Scar-

575 5341 807 5398 duonem
859 5344 933 5415 (la
985 5341 1165 5415 rieiére
1197 5341 1316 5402 ua:
1357 5341 1636 5414 Cardonsj.
1682 5342 1904 5408 Mabill.,
1931 5341 2153 5402 Obscrv.

575 5429 766 5484 ραι,
795 5414 943 5467 num.
975 5414 1027 5468 6.

650 5481 842 5566 fﬁcia
877 5495 988 5566 tum
1013 5485 1287 5566 nobilibus.
1331 5485 1446 5539 Non
1481 5487 1660 5566 itaque
1687 5488 1947 5566 probaudi
1987 5498 2120 5566 sunt
2143 5531 2157 5551 ,

579 5555 672 5639 qui
695 5554 843 5639 beati
871 5555 1113 5639 ‘lticharii
1139 5566 1365 5639 stemma
1387 5554 1728 5639 gentilitinin
1757 5576 1821 5615 ex
1857 5559 2160 5639 “ag-anario

579 5623 830 5701 (Πρός)νεί
867 5625 1041 5696 Magni
1062 5696 1073 5701 _
1084 5626 1254 5701 fratre
1299 5623 1586 5701 deducunt.
1616 5630 1765 5685 Ilanc
1788 5623 2157 5701 genealogiam

583 5694 880 5749 fabulosam
925 5694 1156 5766 appellat
1205 5707 1260 5752 et
1306 5697 1479 5766 rejicit
1525 5694 1880 5756 Mahillonius.
1923 5694 2058 5756 Hinc
2105 5713 2159 5756 et

584 5766 911 5838 epitaphium
935 5770 1105 5824 sancti
1131 5769 1386 5833 Richarii,
1409 5770 1460 5825 in
1487 5786 1594 5840 quo
1615 5772 1862 5841 prwcelso
1892 5783 2160 5827 stemmate

2253 4597 2340 4652 cui
2381 4595 2782 4668 praedicationis
2824 4594 3042 4651 devotio
3087 4598 3294 4664 inerat,
3345 4601 3568 4656 honoris
3612 4603 3852 4671 dignitas

2250 4722 2404 4769 ortus
2431 4713 2633 4769 dicitur
2655 4712 2741 4767 vir
2764 4721 3015 4780 sanctus,
3079 4712 3368 4768 Aleuinum
3418 4724 3695 4771 auctorem
3739 4733 3850 4774 non

2252 4786 2454 4840 habere
2483 4785 2724 4850 credam,
2750 4785 2996 4854 quamvis
3018 4792 3208 4840 auctor
3245 4784 3448 4840 Chron.
3474 4787 3684 4842 Centul.
3719 4788 3850 4846 illud

2250 4858 2302 4912 ei
2343 4857 2580 4911 tribuere
2607 4855 2876 4910 videatur.

2324 4927 2351 4966 ά
2392 4927 2540 4981 Alter
2575 4943 2693 4980 vero
2740 4925 3068 4981 Frichorius.
3111 4925 3238 4982 Ihee
3285 4927 3485 4983 omissa
3536 4944 3566 4983 a
3615 4929 3852 4996 Querce-

2257 5007 2403 5062 tano,
2431 5007 2487 5053 et
2509 5013 2702 5052 nomen
2725 4997 3018 5062 Frichorii,
3051 5007 3187 5054 teste
3217 4997 3548 5063 Mahillonio,
3573 5001 3851 5056 desidera-

2258 5070 2421 5142 tnrin
2450 5068 2723 5142 plerisque
2759 5067 3054 5142 codicibus.
3094 5069 3324 5142 Caidoci
3363 5078 3419 5125 et
3451 5070 3715 5126 Frichorii
3741 5073 3855 5142 cpi-

2259 5140 2438 5204 taphia
2477 5140 2696 5211 scripsit
2719 5146 2940 5211 sanctus
2973 5138 3346 5209 Angilbertus,
3376 5157 3496 5211 qua:
3537 5138 3851 5196 exstant-in

2257 5211 2458 5264 Chron.
2483 5210 2818 5275 Centulensi,
2851 5210 2942 5262 lib.
2994 5227 3032 5273 ι,
3063 5225 3180 5280 cap.
3217 5211 3302 5273 ll,
3335 5210 3563 5280 et’apud
3615 5213 3856 5268 Mabillo—

2258 5283 2407 5334 nium
2437 5283 2490 5334 in
2516 5282 2621 5334 line
2661 5280 2820 5348 hujus
2851 5280 2986 5334 Vita:
3042 5281 3213 5336 sancti
3262 5281 3522 5337 Richarii.
3580 5282 3854 5339 Cervinus

2259 5353 2425 5406 abbas
2454 5352 2628 5406 sancti
2657 5350 2986 5406 confessoris
3012 5350 3228 5406 Caidoci
3277 5353 3518 5422 sociique
3545 5353 3688 5410 illius
3733 5371 3856 5410 cor-

2260 5440 2388 5493 pora
2418 5439 2448 5477 c
2477 5432 2622 5495 terra
2666 5423 2896 5486 levavit,
2951 5431 3214 5495 eteorum
3260 5424 3517 5495 reliquias
3568 5425 3854 5482 decentius

2260 5495 2550 5558 collocans,
2586 5493 2832 5550 fidelibus
2873 5494 3085 5563 populis
3129 5493 3476 5550 honorandus
3509 5497 3739 5562 censuit,
3770 5499 3857 5551 in-

2261 5565 2377 5633 quit
2397 5563 2677 5637 llariulfns
2703 5565 2756 5618 in
2786 5563 2985 5637 Chron.
3012 5565 3133 5637 cit.,
3163 5563 3254 5619 lib.
3293 5582 3366 5637 iv,
3389 5582 3509 5637 cap.
3538 5567 3626 5622 35.
3646 5567 3857 5624 Utrius-

2261 5652 2365 5704 que
2383 5635 2513 5689 Acta
2542 5634 2664 5690 vide
2685 5635 2825 5705 apud
2859 5633 3226 5691 Bollandistas
3250 5635 3317 5689 ad
3339 5633 3482 5692 diem
3507 5638 3576 5694 30
3598 5638 3740 5694 Maii.

2339 5719 2360 5746 ε
2403 5705 2624 5760 Initium
2646 5722 2812 5778 sacra:
2838 5705 3125 5778 religionis.
3149 5706 3354 5761 Auctor
3376 5707 3578 5763 Chron.
3609 5709 3850 5778 Centul,

2264 5777 2401 5834 libro
2431 5793 2475 5842 l,
2509 5792 2626 5847 cap.
2658 5777 2710 5842 6,
2744 5775 2974 5832 scribit:
3011 5776 3247 5832 habitum
3277 5779 3562 5849 religionis.
