4112 6650
187 568 294 624 685

1148 568 1735 626 HAGIOGRAPlilCA.
1778 600 1847 611 -
1886 571 2047 628 \‘l'l'A
2087 573 2144 628 S.
2190 572 2516 639 RlCliAIlll.

3362 577 3472 634 σεῦ

185 705 292 746 non
321 689 551 746 deesset.
598 688 770 757 Quem
811 691 1071 745 honorem
1092 731 1106 754 ,
1145 697 1206 743 ut
1234 688 1470 744 famulus
1496 689 1588 745 Dei
1608 731 1624 756 ,
1657 707 1770 745 ma—
1801 699 1844 754 Δ
1876 693 1970 750 Dei
1997 705 2054 752 et
2074 699 2446 769 proximorum
2475 698 2761 755 dilectione
2790 698 3013 771 plenus,
3041 698 3222 752 omnia
3251 697 3305 752 in
3334 713 3468 768 pan-

183 797 289 854 gis
328 780 633 838 humilitate
671 783 916 846 ornavit,
944 791 1002 836 et
1040 797 1168 837 vera
1200 781 1466 838 charitate
1503 784 1774 848 excoluit,

184 880 243 930 et
270 872 422 930 verbi
450 872 546 930 Dei
574 873 955 944 praedicatione
979 874 1287 944 ampliavit,
1321 882 1484 945 atque
1511 875 1658 930 velut
1683 877 1779 931 bo-

184 981 292 1021 nus
335 965 600 1036 agricola,
650 965 835 1037 spinas
877 976 1228 1036 peccatorum
1273 969 1340 1022 de
1384 982 1515 1038 agro
1562 967 1776 1024 Domini

182 1059 501 1131 evangelica
522 1074 742 1114 vomere
759 1059 1080 1126 cradicavit,
1102 1067 1158 1115 et
1182 1060 1333 1115 arida
1353 1062 1518 1115 corde
1542 1076 1777 1132 superno

182 1161 458 1223 perpetem
496 1152 688 1206 salutis
728 1167 853 1206 rore
893 1152 1159 1224 irrigavit.
1201 1151 1307 1209 Sed
1347 1161 1404 1207 et
1446 1154 1628 1211 divina
1669 1154 1778 1210 cle-

181 1243 385 1299 mentia
405 1285 424 1310 ,
449 1252 575 1314 post
600 1244 718 1315 eius
747 1243 1118 1314 irrigationem
1138 1285 1154 1310 ,
1190 1244 1244 1302 in
1274 1245 1380 1300 isto
1418 1245 1617 1315 populo
1653 1244 1776 1315 plu-

182 1335 322 1390 rima
358 1334 481 1391 tidei
519 1334 669 1389 dedit
709 1334 1066 1392 incrementa.
1100 1333 1255 1393 Unde
1280 1342 1338 1388 et
1364 1334 1616 1404 omnibus
1642 1350 1778 1403 pra:-

180 1427 359 1483 dictns
403 1427 490 1481 vir
532 1426 628 1481 Dei
673 1425 964 1481 Richarius
1004 1425 1340 1481 honorabilis
1384 1425 1563 1480 iactus
1602 1435 1687 1480 est
1721 1433 1779 1480 et

178 1522 384 1577 charus
408 1534 427 1573 τ
452 1520 578 1590 quia
604 1519 750 1589 quod
778 1532 872 1572 ore
914 1517 1262 1590 praedicavit,
1307 1519 1557 1589 exemplo
1593 1528 1775 1573 esten-

177 1613 261 1668 dit
285 1624 343 1668 et
381 1612 525 1667 viam
569 1612 722 1676 vita),
764 1627 926 1680 quam
967 1610 1088 1666 aliis
1127 1626 1378 1669 sermone
1417 1611 1772 1677 monstravit,

179 1703 295 1774 ipse
323 1705 475 1774 prior
500 1712 622 1758 actu
653 1702 1031 1774 praecucurrit.

248 1796 338 1851 IV.
373 1796 649 1867 Quidquid
675 1811 810 1852 vero
835 1796 887 1852 ei
916 1797 1145 1868 populus
1173 1797 1228 1852 in
1270 1797 1539 1868 stipendia
1579 1797 1776 1867 priedi-

176 1887 412 1943 cationis
438 1895 631 1958 sponte
669 1887 894 1953 obtulit,
939 1889 1121 1943 omnia
1163 1889 1495 1960 pauperibus
1533 1889 1775 1944 dividere

177 1977 493 2036 festinavit:
527 1981 915 2057 indignumque
953 1981 1008 2035 ei
1050 1981 1226 2036 visum
1275 1979 1377 2035 fuit
1420 1981 1489 2036 de
1529 1983 1773 2037 crastino

1878 801 2070 856 perum
2116 788 2378 861 clargitus
2419 799 2506 846 est
2551 791 2775 856 solatia,
2817 785 2980 862 173
3024 789 3366 860 maximeque
3415 789 3471 845 in

1878 880 2218 949 captivorum
2247 881 2503 954 expendit
2536 882 2984 952 redemptionem.
3029 879 3166 935 Nam
3211 881 3348 935 alios
3377 897 3470 937 oc-

1878 970 2036 1027 cultis
2061 972 2326 1028 diabolica
2351 973 2541 1030 fraude
2559 980 2905 1044 peecatorum
2927 972 3158 1028 vinculis
3181 973 3466 1041 obligatos.

1876 1076 1976 1132 per
1997 1064 2198 1119 sedula:
2224 1066 2628 1135 praedicationis
2653 1066 2993 1120 hortamenta
3022 1064 3266 1120 solvebat
3290 1081 3306 1127 ;
3333 1064 3470 1119 alios

1878 1155 2124 1209 szeculari
2161 1156 2475 1227 captivitate
2509 1166 2838 1228 oppressos,
2885 1158 3130 1228 pecuniae
3182 1156 3470 1228 largitione

1878 1249 2151 1302 redemit:
2181 1259 2240 1303 ut
2267 1250 2341 1304 illi
2367 1251 2685 1320 spiritaliter
2709 1250 2939 1305 absoluti
2956 1249 3389 1320 jucundarentur
3415 1250 3468 1303 in

1877 1337 2148 1406 Domino;
2188 1349 2244 1396 et
2278 1341 2362 1396 isti
2401 1335 2605 1397 carnali
2643 1341 2903 1396 servitute
2936 1341 3151 1396 liberati
3184 1348 3471 1397 converte-

1878 1437 2068 1486 rentur
2099 1431 2168 1486 ad
2203 1431 2394 1489 Deum.

1949 1521 2037 1576 Vl.
2075 1523 2145 1577 Et
2179 1539 2286 1578 non
2321 1524 2496 1579 solum
2531 1525 2586 1578 in
2621 1525 2710 1580 his
2747 1524 3064 1594 regionibus
3105 1537 3206 1593 per
3253 1525 3470 1594 pietatis

1875 1626 2040 1684 opera
2063 1656 2079 1681 ,
2115 1615 2199 1670 vel
2235 1632 2334 1686 per
2375 1610 2776 1687 praedicationis
2815 1617 3017 1672 lumina
3059 1617 3355 1688 praedictus
3384 1619 3470 1675 vir

1878 1705 2091 1760 Domini
2149 1705 2331 1760 clarus
2381 1707 2622 1762 effulsit:
2678 1707 2775 1762 sed
2826 1717 2886 1762 ut
2926 1707 3142 1764 Lucifer
3187 1724 3468 1780 mquereos

1875 1795 2076 1851 Oceani
2108 1811 2331 1866 campos
2361 1797 2692 1862 transiliens,
2717 1813 2894 1870 prince
2919 1799 3101 1854 diurni
3129 1800 3348 1856 luminis
3370 1817 3467 1857 no—

1877 1897 2098 1942 cturnas
2109 1901 2207 1942 suo
2218 1897 2414 1944 exortu
2431 1889 2652 1946 discutit
2668 1892 2893 1948 umbras
2910 1909 2923 1944 :
2942 1893 3022 1948 sic
3034 1893 3124 1948 ille
3140 1894 3191 1946 in
3208 1893 3468 1950 ultrama-

1879 1979 2029 2034 vinas
2049 1979 2343 2034 Britanniae
2368 1981 2618 2052 regiones
2634 2023 2649 2046 ,
2675 1981 2744 2036 ad
2769 1982 3119 2052 expellendss
3144 1985 3467 2055 ignorantia:

174 2073 463 2143 praesentis
505 2073 629 2130 vitae
670 2073 944 2144 cogitare,
989 2074 1083 2144 qui
1127 2073 1344 2130 divitias
1381 2083 1601 2130 aeternae
1646 2075 1773 2130 vita:
1804 2057 1848 2117 Β
1879 2073 2152 2137 tenebras,
2178 2071 2358 2127 lumen
2391 2073 2637 2128 veritatis
2663 2089 2762 2130 suo
2788 2075 2989 2144 sparsit
3017 2075 3250 2130 adventu
3277 2092 3292 2129 :
3321 2078 3468 2132 scili-

173 2165 426 2236 accipere
454 2165 765 2223 anhelabat.
810 2166 935 2221 ideo
959 2167 1139 2225 oblata
1182 2166 1251 2222 ab
1291 2169 1544 2224 omnibus
1584 2169 1774 2224 distri-

172 2256 322 2323 buit,
355 2266 416 2313 ut
441 2258 709 2330 promissa
749 2274 781 2313 a
821 2258 935 2314 Deo
973 2259 1266 2328 acciperet.
1312 2258 1465 2316 Felix
1505 2275 1775 2316 commer—

169 2349 349 2414 cium,
394 2361 457 2405 ut
501 2351 593 2420 qui
634 2365 803 2422 parva
849 2364 915 2404 ac
955 2350 1269 2406 transitoria
1312 2350 1565 2404 hilariter
1591 2351 1775 2406 distri-

170 2441 396 2508 buerat,
426 2457 622 2514 magna
652 2449 707 2497 et
733 2449 940 2498 aeterna
969 2441 1201 2496 feliciter
1239 2449 1386 2497 esset
1425 2451 1768 2512 accepturus.

169 2531 306 2588 Nam
335 2533 770 2590 studiosissimus
795 2531 898 2588 fuit
921 2548 1224 2605 pauperum
1255 2531 1588 2597 consolator,
1615 2549 1773 2605 pcre-

167 2627 453 2698 grinorum
482 2633 786 2697 susceptor,
817 2624 1108 2681 viduarum
1137 2621 1411 2690 dehmsor,
1436 2625 1768 2695 pupillorum

166 2728 224 2774 et
251 2719 621 2790 orphanorum
650 2728 831 2789 pater,
859 2719 935 2772 ita
963 2726 1026 2772 ut
1049 2717 1334 2772 verissime
1359 2717 1428 2771 de
1451 2731 1517 2772 eo
1542 2717 1772 2772 sanctis—

167 2811 294 2867 simi
317 2810 421 2868 Job
449 2811 822 2868 testimonium
850 2809 956 2866 dici
985 2809 1223 2881 potuerit
1252 2805 1473 2862 :Oculus
1501 2807 1579 2877 fui
1607 2825 1768 2875 ca’CO,

164 2919 258 2974 pet
284 2901 502 2968 claudo,
527 2911 576 2957 et
599 2912 752 2974 pater
779 2901 1013 2972 orplmna
1034 2918 1053 2956 :
1078 2909 1126 2955 et
1151 2916 1367 2954 causam
1389 2915 1548 2970 quam
1575 2901 1772 2953 nescie-

165 2993 290 3049 bam
315 2993 713 3065 diligentissime
735 2993 1111 3064 perscrutabor
1135 2991 1260 3063 (Job
1283 3009 1411 3046 nix
1436 2991 1596 3064 ,15).
1627 2992 1769 3060 Qua-

164 3093 392 3158 propter
427 3085 668 3156 undique
707 3085 776 3138 ad
815 3099 940 3138 eum
982 3083 1184 3139 inﬁrmi
1213 3082 1560 3138 conﬂuebant
1587 3101 1601 3139 :
1633 3093 1770 3153 quos

165 3178 294 3235 lzeto
337 3180 640 3250 suscipiens
681 3179 898 3245 animo,
943 3179 1210 3234 medelam
1253 3179 1334 3233 eis
1374 3178 1768 3234 censolationis

163 3286 266 3342 per
303 3279 521 3327 sanctas
569 3272 848 3328 orationes
888 3271 1186 3342 praebebat.
1235 3271 1348 3327 Nec
1391 3271 1640 3343 leprosos
1681 3270 1768 3325 vel

163 3366 537 3436 elephanticos
575 3365 895 3431 exhorruit,
936 3365 1034 3419 sed
1077 3364 1234 3434 quasi
1264 3362 1462 3419 fratres
1491 3365 1768 3434 amplexa-

1873 2171 1963 2218 ret
1981 2202 1997 2228 ,
2026 2171 2088 2217 ut
2113 2163 2257 2218 sicut
2285 2163 2338 2218 in
2368 2163 2490 2218 istis
2518 2165 2848 2234 regionibus.
2871 2165 2950 2220 sic
2976 2173 3031 2220 et
3061 2165 3115 2220 in
3143 2166 3250 2222 illis
3274 2167 3409 2224 alios
3435 2185 3467 2222 a

1875 2256 2138 2310 servitute
2164 2255 2453 2322 diabolica,
2473 2257 2609 2313 alios
2637 2273 2667 2312 a
2699 2257 3014 2328 captivitate
3042 2260 3246 2315 carnali
3270 2260 3468 2316 libera-

1871 2355 1976 2401 ret.
2006 2346 2114 2402 Illis
2140 2347 2366 2402 verbum
2393 2348 2489 2403 Dei
2519 2347 2742 2416 infudit,
2776 2351 2897 2406 istis
2920 2352 3209 2408 charitatis
3231 2356 3470 2424 pretium

1873 2437 2168 2508 impendit,
2191 2447 2251 2493 ut
2273 2454 2374 2509 pro
2397 2439 2680 2509 temporai
2706 2442 3073 2512 redemptione
3095 2451 3351 2500 aeternam
3382 2461 3466 2500 re-

1871 2530 2117 2597 ciperent
2143 2528 2467 2584 libertatem.
2509 2528 2604 2585 Sic
2628 2543 2759 2602 ergo
2785 2533 2957 2588 bonus
2985 2532 3276 2589 Dominicae
3302 2551 3468 2606 pecu-

1872 2621 1976 2676 niae
2000 2623 2321 2693 negotiator,
2348 2623 2457 2678 duo
2471 2623 2735 2692 simplicis
2753 2623 2887 2696 ML,
2902 2625 3154 2700 duplicis]
3179 2628 3472 2687 charitatis

1871 2712 1965 2768 Dei
1997 2721 2052 2767 et
2085 2715 2318 2784 proximi
2357 2714 2557 2768 talenta
2591 2716 2950 2786 multiplicare
2980 2719 3192 2774 studuit
3220 2735 3235 2773 :
3271 2734 3466 2792 quatc~

1871 2822 1975 2860 nus
1993 2821 2118 2860 cum
2144 2805 2425 2876 multiplici
2453 2806 2657 2863 laboris
2682 2810 2764 2864 sui
2792 2808 2971 2866 fructu
2997 2811 3226 2868 Domino
3247 2829 3347 2870 suo
3369 2816 3466 2870 ob-

1870 2897 2022 2952 viare
2045 2905 2261 2967 posset,
2288 2907 2346 2952 et
2375 2898 2514 2955 hanc
2545 2908 2736 2956 vocem
2763 2901 2951 2959 audire
2971 2903 3422 2972 iucundissimam
3447 2927 3462 2963 :

1869 2987 2053 3060 Euge,
2087 3005 2232 3043 terre
2267 2993 2398 3048 bene
2433 3000 2484 3044 et
2515 2990 2690 3061 ﬁdelis
2710 3033 2726 3058 ,
2764 2994 2889 3064 quia
2926 3010 3282 3066 superposita
3313 2998 3470 3068 [uiui

1867 3079 2042 3149 ﬁdelis
2060 3122 2075 3145 ,
2105 3095 2268 3151 supra
2297 3081 2466 3136 multa
2493 3091 2544 3136 te
2573 3086 2889 3138 constituant
2912 3100 2932 3139 :
2961 3085 3102 3139 intra
3130 3087 3184 3140 in
3210 3089 3468 3158 gaudium

1868 3171 2070 3225 domini
2105 3174 2182 3225 tui
2214 3172 2232 3241 (
2259 3171 2449 3226 Matth.
2481 3183 2608 3238 xxv,
2635 3174 2698 3228 2|
2725 3173 2770 3246 ).

1941 3259 2049 3315 Vll.
2089 3261 2288 3318 Fertur
2312 3277 2467 3328 vero,
2496 3265 2622 3319 dum
2650 3280 2815 3320 causa
2841 3266 3245 3337 pnedicationis
3270 3270 3323 3324 in
3349 3268 3468 3326 Bri-

1871 3352 2054 3408 tannia
2079 3352 2285 3407 diutius
2316 3365 2646 3420 moraretur,
2679 3356 2860 3412 subito
2885 3357 2960 3413 illi
2985 3359 3200 3416 venisse
3224 3361 3280 3416 in
3309 3377 3462 3417 men-

166 3432 345 3522 bat—ur,
380 3455 699 3526 balneisque
733 3469 924 3510 eorum
964 3432 1222 3510 ’melribra
1269 3454 1454 3510 saucia
1504 3432 1760 3510 fouebat:
1794 3432 1840 3495 Ο
1873 3454 1978 3501 tem
1998 3487 2013 3512 ,
2044 3447 2254 3516 aliquos
2280 3448 2362 3502 sui
2390 3447 2532 3518 juris
2557 3449 2658 3504 sub
2694 3449 2956 3505 servitute
2988 3465 3049 3505 se
3085 3452 3370 3524 reliquisse
3411 3454 3465 3510 in

163 3552 465 3619 eademque
493 3559 615 3620 post
645 3550 792 3620 ipsos
819 3549 1099 3619 ingressus
1125 3556 1246 3615 est,
1276 3551 1450 3621 magis
1474 3566 1538 3605 ea
1566 3551 1770 3620 pietate

165 3642 288 3698 illos
329 3643 667 3707 emundans,
720 3657 885 3712 quam
931 3655 991 3695 se
1037 3641 1483 3708 commaculans;
1529 3645 1766 3712 prophe-

166 3735 262 3790 tici
311 3735 582 3789 sermonis
629 3747 738 3789 non
785 3733 984 3788 surdus
1035 3734 1269 3799 auditor,
1323 3734 1592 3790 dicentis:
1626 3735 1765 3806 Ege-

165 3842 259 3882 nos
287 3842 546 3897 regesque
569 3825 728 3880 induc
757 3826 813 3879 in
841 3824 1057 3878 domum
1087 3833 1235 3878 tuam
1255 3866 1270 3891 ,
1301 3835 1351 3880 et
1381 3828 1583 3880 nudum
1613 3828 1768 3881 vesti-

163 3917 351 3973 mentis
395 3917 502 3972 tuis
549 3917 785 3988 conperi,
831 3925 881 3970 et
931 3921 1142 3970 carnem
1174 3925 1323 3970 tuam
1354 3932 1418 3971 ne
1462 3917 1763 3988 despexeris

163 4008 320 4082 (Ias.
350 4024 480 4066 tvm
503 4050 519 4074 ,
546 4009 578 4062 7
603 4008 646 4080 ).

237 4103 302 4159 γ.
340 4104 450 4159 Nec
495 4101 669 4159 solum
705 4102 910 4157 carnali
943 4098 1239 4158 refectione
1277 4101 1346 4156 ad
1385 4112 1445 4157 se
1475 4102 1762 4156 venientes

163 4197 381 4254 fovebat
399 4238 416 4263 ,
442 4197 536 4252 sed
567 4196 730 4252 etiam
761 4193 990 4265 spiritali
1017 4201 1221 4250 sanctae
1243 4191 1649 4265 prmdicat‘ionis
1675 4204 1763 4248 so-

162 4290 294 4346 latio
321 4289 548 4345 reticere
575 4297 671 4344 eos
698 4297 806 4342 non
846 4288 1104 4342 cessavit.
1149 4285 1218 4341 Et
1254 4287 1396 4342 siem
1437 4287 1762 4342 miserorum

161 4383 394 4439 idoneus
418 4381 620 4451 ubique
649 4376 751 4433 fuit
778 4378 1112 4444 consolator,
1146 4377 1221 4432 ita
1263 4379 1624 4448 superborum
1665 4378 1764 4433 du-

162 4490 261 4531 rus
303 4474 602 4545 castigator
649 4485 772 4526 eSse
814 4487 924 4525 non
968 4471 1166 4525 timuit.
1214 4468 1340 4525 illos
1381 4471 1607 4540 pietatis
1651 4469 1763 4527 cle-

160 4567 369 4624 mentia
415 4565 663 4622 elevebat
685 4605 700 4630 ,
755 4564 856 4620 hos
902 4577 1107 4619 severa:
1152 4564 1478 4619 inveniatis
1529 4575 1761 4620 censura

159 4661 520 4734 deprimebat.
573 4659 684 4715 Nec
739 4665 973 4712 terrente
1027 4656 1315 4728 potestatis
1363 4654 1504 4710 iram
1558 4649 1762 4712 furoris

160 4753 295 4828 [Δί.
318 4795 333 4819 ,
367 4752 540 4827 foris]
572 4751 846 4808 metuebat
866 4791 882 4815 ,
914 4763 1076 4820 quem
1109 4751 1274 4803 timor
1300 4746 1530 4804 interius
1560 4745 1761 4803 divinae

161 4848 420 4920 potentias
447 4854 615 4901 totum
642 4841 1036 4900 corroborabat
1060 4859 1074 4894 :
1106 4839 1507 4912 parvipendcns
1531 4837 1759 4894 divitum

161 4945 340 4999 minas
357 4983 372 5009 ,
401 4953 464 4996 ut
487 4953 667 5012 pneco
695 4935 948 4991 veritatis
969 4935 1252 4990 existeret.
1285 4931 1397 4987 Nec
1423 4928 1528 4987 iuit
1554 4931 1762 4986 arundo

157 5046 324 5093 vento
365 5035 599 5106 agitata,
642 5039 704 5085 ut
743 5043 866 5084 cum
905 5038 1040 5081 aura
1081 5026 1334 5080 humanae
1360 5023 1445 5078 vel
1476 5023 1650 5077 laudis
1677 5022 1762 5075 vel

160 5127 516 5185 detractionis
556 5128 925 5179 commoveret
957 5138 969 5174 :
1013 5118 1110 5173 sed
1149 5118 1204 5172 in
1244 5132 1373 5172 arce
1400 5115 1585 5171 solida:
1613 5115 1760 5169 veri-

160 5223 292 5277 tatis
319 5219 652 5280 consistens,
685 5214 753 5269 ab
782 5215 1019 5268 humane
1048 5225 1144 5265 ore
1175 5205 1302 5282 [ΑΙ.
1325 5249 1341 5272 ,
1368 5207 1457 5263 die
1478 5206 1498 5279 ]
1518 5248 1533 5271 ,
1566 5220 1761 5261 secun-

159 5315 291 5369 dum
319 5309 632 5380 Apostolum
660 5303 726 5378 (1
751 5301 875 5359 Cor.
906 5318 984 5368 iv,
1010 5301 1079 5375 3)
1099 5342 1115 5366 ,
1137 5300 1370 5370 iudicari
1398 5297 1755 5367 contempsit,

161 5409 415 5475 viamque
464 5403 668 5473 regiam
722 5397 1012 5462 incedens,
1059 5407 1162 5450 nec
1207 5409 1239 5448 ι
1285 5391 1494 5447 deuti-is
1537 5398 1760 5460 propter

163 5511 404 5555 terrores
421 5493 722 5565 potentium
740 5531 758 5555 ,
782 5503 883 5542 nec
911 5503 940 5541 a
968 5485 1206 5541 sinistris
1225 5492 1449 5556 prepter
1465 5481 1758 5536 blanditias

162 5588 500 5647 adulantium
532 5581 862 5640 declinabat.
893 5580 1238 5650 Quapropter
1263 5591 1515 5646 magnam
1542 5574 1754 5646 plebem

165 5682 394 5738 Domino
422 5677 536 5734 Deo
567 5692 667 5733 suo
696 5677 749 5731 in
781 5675 886 5729 hac
917 5671 1174 5745 praesenti
1200 5669 1479 5742 provincia
1520 5667 1757 5738 acquisi-

161 5777 243 5830 vit
268 5813 284 5838 ,
321 5779 377 5828 et
410 5771 512 5826 sibi
546 5769 811 5824 honorem
855 5773 1179 5836 perpetuum
1227 5761 1548 5832 promeruit.
1606 5759 1760 5816 Unde

161 5866 394 5939 populus
421 5865 538 5934 ejus
567 5876 797 5919 cernens
826 5862 880 5915 in
911 5860 1131 5915 Christo
1161 5857 1502 5913 devotionem
1527 5854 1758 5929 religio-

163 5974 283 6016 sam
303 5998 322 6024 ,
351 5956 517 6028 erepit
540 5971 663 6011 eum
696 5953 956 6009 attentius
980 5953 1275 6013 honorare,
1305 5955 1361 6002 ct
1393 5947 1554 6001 multa
1583 5945 1630 6000 ei
1663 5959 1763 6016 pro

163 6053 632 6120 eleemosynarum
664 6046 950 6116 largitiohe
981 6041 1212 6097 afferre:
1247 6056 1371 6111 qua:
1405 6039 1520 6103 ille,
1554 6045 1613 6092 ut
1645 6043 1764 6090 erat

1869 3537 2061 3592 Gallia.
2087 3537 2276 3609 Itaque
2303 3539 2489 3594 dolore
2515 3555 2835 3609 percussus,
2862 3541 2998 3597 dixit
3022 3541 3090 3597 ad
3114 3559 3241 3601 suos
3265 3562 3282 3600 :
3307 3544 3456 3602 lien!

1870 3639 2086 3685 nostros
2146 3631 2248 3686 sub
2303 3633 2566 3686 servitute
2617 3633 2923 3688 dimisimus
2969 3634 3024 3688 in
3068 3635 3281 3703 patria,
3333 3637 3463 3692 dum

1869 3723 1974 3775 huc
2001 3721 2212 3791 aliquos
2236 3722 2519 3777 liberatori
2543 3723 2824 3788 venimus,
2851 3724 3196 3796 maximeque
3231 3727 3346 3782 scio
3369 3743 3471 3784 eos

1867 3817 1980 3871 cito
2013 3832 2136 3872 esse
2173 3819 2489 3874 morituros.
2529 3818 2637 3874 Sed
2673 3820 2749 3876 ile
2782 3819 3123 3888 festinanter,
3161 3839 3470 3898 navemque

1866 3913 2246 3978 conscendit‘c,
2274 3918 2330 3966 ιι
2363 3928 2462 3968 eos
2495 3912 2658 3970 facite
2682 3914 2944 3987 ingenuus
2964 3957 2979 3981 ,
3004 3917 3322 3989 priusquam
3351 3934 3464 3973 mo-

1869 4005 2098 4059 riantur.
2140 4005 2219 4059 ΙΠιί
2253 4006 2396 4061 haud
2435 4008 2672 4078 segniter
2704 4016 3033 4079 iii-receptum
3075 4009 3246 4064 secuti
3283 4019 3465 4081 pater—

1865 4111 1994 4150 num
2013 4137 2027 4160 ,
2057 4096 2110 4149 in
2136 4097 2367 4166 patriam
2388 4105 2691 4164 venerunt;
2719 4098 3115 4168 praedictosque
3140 4113 3326 4156 serves
3358 4103 3468 4158 viri

1867 4187 1961 4242 Dei
2005 4187 2188 4242 salvos
2225 4195 2281 4242 et
2323 4187 2618 4242 incolumes
2657 4188 3016 4254 invenerunt,
3059 4205 3259 4262 eosque
3295 4191 3463 4248 veluti

1858 4278 1996 4348 iussi
2034 4284 2196 4332 erant
2226 4279 2701 4344 manumittentes,
2739 4274 2990 4335 fecerunt
3024 4280 3324 4353 ingenuos:
3366 4285 3460 4356 qui

1864 4381 1972 4422 non
2009 4376 2133 4437 post
2173 4369 2402 4423 multum
2441 4370 2733 4440 temperis,
2778 4372 2937 4426 sicuti
2981 4382 3202 4428 sanctus
3241 4374 3326 4428 vir
3365 4374 3458 4429 Dei

1862 4463 2228 4532 praedixerat,
2271 4461 2511 4516 defuncti
2553 4472 2700 4518 sunt.
2742 4463 2788 4519 Ο
2819 4473 3022 4534 quanta
3055 4467 3339 4522 clementia
3374 4480 3460 4529 est

1862 4555 1961 4610 Dei
1993 4553 2198 4611 Christi
2219 4596 2232 4619 ,
2277 4555 2369 4624 qui
2409 4553 2610 4609 famis
2645 4570 2745 4610 suo
2776 4555 2993 4624 pictatis
3030 4556 3284 4611 aii‘ectum
3319 4559 3461 4612 insc-

1863 4647 2009 4712 ruit,
2051 4654 2107 4701 et
2144 4659 2428 4702 scrvomm
2470 4644 2588 4714 ejus
2630 4652 2860 4701 mortem
2906 4645 3140 4703 futuram
3182 4649 3416 4704 ostendit
3442 4667 3459 4702 ;

1863 4748 2134 4810 quatenus
2169 4737 2242 4792 illi
2280 4737 2670 4794 misericordia:
2705 4754 2916 4794 merces
2951 4739 3018 4795 de
3045 4741 3157 4795 suis
3182 4756 3289 4795 non
3318 4741 3464 4812 peri-

1790 4803 1840 4865 D
1867 4839 1982 4898 ret,
2025 4839 2079 4885 et
2126 4830 2245 4884 illos
2288 4831 2584 4886 morientes
2630 4831 2910 4886 servitutis
2943 4832 3132 4903 jugnm
3180 4848 3287 4888 non
3336 4850 3459 4904 gra-

1863 4931 2058 4987 varet;
2105 4923 2198 4992 qui
2244 4931 2298 4974 et
2345 4921 2414 4975 ob
2458 4921 2663 4974 alienos
2708 4920 3020 4976 liberandos
3068 4923 3201 4976 tanti
3244 4924 3462 4980 itineris

1861 5016 2161 5086 periculum
2193 5014 2370 5068 subire
2403 5029 2507 5068 non
2538 5013 2749 5078 timuit,
2780 5023 2835 5067 et
2873 5031 2936 5066 ev
2979 5030 3046 5069 eo
3085 5023 3327 5096 tempore
3365 5032 3458 5073 nc-

1863 5108 2066 5161 minem
2098 5107 2181 5159 sui
2213 5105 2353 5173 juris
2379 5103 2478 5158 sub
2507 5104 2784 5158 servitutis
2825 5103 2958 5174 jugo
2986 5106 3220 5160 retinere
3245 5107 3410 5163 vol-nit.
3439 5125 3453 5173 ;

1863 5199 1959 5254 sed
1983 5197 2182 5266 ubique
2209 5212 2399 5250 omnes
2426 5195 2493 5248 ad
2521 5211 2579 5249 se
2604 5195 2937 5265 pertinentes
2964 5195 3214 5251 libertate
3238 5200 3456 5268 propria

1865 5293 2222 5364 perdonavit;
2269 5305 2336 5345 ne
2379 5292 2432 5344 in
2479 5291 2724 5360 proprios
2767 5289 2956 5344 durior
2994 5305 3115 5347 esse
3158 5292 3456 5356 videretur,

1865 5389 1956 5458 qui
2009 5388 2062 5442 in
2113 5386 2318 5440 alienus
2359 5384 2684 5438 mitissimus
2730 5397 2992 5453 apparere
3040 5384 3347 5452 gestiebat:
3400 5397 3454 5439 et

1865 5478 2203 5539 mercedem,
2247 5490 2408 5545 quam
2448 5487 2514 5529 ex
2560 5473 2680 5528 aliis
2720 5473 3099 5543 congregavit,
3124 5473 3190 5527 de
3215 5473 3329 5528 suis
3365 5489 3454 5527 ac-

1864 5567 2186 5627 comularet.

2492 5655 2719 5715 CAPUT
2748 5655 2813 5712 ll.

1935 5752 2094 5808 Gesta
2132 5768 2251 5808 cum
2285 5760 2468 5806 sancta
2498 5747 2783 5804 Richtrude
2817 5754 2862 5798 et
2899 5761 3016 5816 rege
3042 5743 3338 5815 Dagoberio
3362 5759 3383 5798 :

2155 5839 2384 5878 secessui
2421 5821 2478 5875 iii
2516 5820 2702 5874 siluam
2732 5816 3162 5871 Crisciaccneem.

1933 5936 2066 5991 \"lll.
2106 5936 2270 6007 igitur
2297 5923 2696 6004 praedicationis
2719 5926 2896 5982 olllcio
2927 5927 2979 5980 in
3011 5925 3287 5979 Britannia
3328 5937 3454 5993 pcr-

1863 6039 2017 6098 acto,
2051 6044 2174 6084 cum
2205 6025 2486 6097 multiplici
2513 6023 2662 6079 verbi
2695 6019 2786 6076 Dei
2819 6020 2989 6075 fructu
3015 6033 3264 6074 reversus
3289 6024 3374 6070 est
3399 6013 3452 6068 in
