4112 6582
621 331 726 402 68'?

1481 340 1543 394 Β.
1583 335 1645 395 F.
1685 331 1914 394 ALBlN'l
1955 331 2089 391 εει]
2128 331 2404 388 ALCUINI
2445 327 2730 387 OPERUM
2771 322 2954 382 PARS
2991 324 3056 380 ιτ.

3807 317 3922 375 683

619 455 897 530 patriam:
933 458 1033 517 n'e,
1083 452 1211 507 dum
1249 452 1308 508 in
1345 453 1521 507 aliena
1561 465 1738 506 messe
1777 457 2047 520 quaereret
2073 461 2218 502 mer-
2246 453 2288 506 Α
2320 444 2605 499 cadentem
2634 439 2971 505 sublevabat,
3015 451 3085 493 ne
3114 435 3428 491 allideretur
3466 432 3522 487 in
3551 431 3734 487 terris.
3777 430 3924 486 Nam

619 546 844 612 cedem,
875 545 929 600 in
960 543 1176 616 propria
1219 543 1488 614 perderet.
1518 541 1608 596 Et
1645 548 1798 595 tanto
1841 555 1903 596 se
1940 538 2220 595 ardentius

622 638 872 694 servituti
916 636 1010 691 Dei
1053 635 1303 705 subegit,
1350 642 1554 706 quanto
1595 631 1914 686 vicit-iorem
1950 628 2054 684 sibi
2077 629 2220 681 diem

624 728 1086 784 remunerationis
1131 741 1252 782 esse
1275 726 1575 797 praesensit.
1607 722 1742 777 Nam
1771 723 2010 793 seipsum
2039 720 2222 790 quoti-

623 821 801 876 dianis
832 817 1062 892 jejuniis
1085 816 1415 881 maceravit,
1441 813 1863 870 mortiﬁcatione
1889 812 2070 868 carnis
2094 826 2224 866 con-

626 912 880 979 strinxit,
907 910 1108 982 vigiliis
1135 907 1325 963 aﬂlixit
1344 949 1358 972 ,
1386 907 1725 964 orationibus
1756 905 2015 966 munivit,
2043 902 2225 958 chari-

626 1011 741 1060 tate
764 1001 1140 1068 conﬁrmavit,
1177 1017 1273 1072 spe
1308 1001 1622 1066 roboravit,
1651 999 1756 1054 ﬁde
1790 998 2060 1063 armavit;
2091 994 2225 1050 nulli

629 1095 829 1152 malum
855 1108 954 1165 pro
977 1091 1124 1148 malo
1147 1092 1400 1156 reddens,
1426 1090 1629 1145 nullius
1653 1089 1922 1151 adulator,
1953 1087 2226 1142 neminem

625 1195 984 1242 contemnens
1008 1199 1024 1250 ;
1051 1190 1114 1238 ut
1148 1182 1296 1237 viam
1320 1180 1570 1236 veritatis
1594 1178 1744 1250 prior
1770 1181 1887 1249 ipse
1915 1177 2224 1240 incederet,

626 1292 794 1348 quam
820 1275 1034 1332 cmteris
1058 1273 1404 1344 praedicando
1431 1279 1848 1328 monstraverat.
1885 1268 1979 1325 Sic
2013 1269 2098 1323 vir
2130 1268 2226 1322 Dei

629 1367 783 1440 galea
807 1366 999 1424 salutis
1023 1365 1267 1421 induitur
1293 1361 1440 1436 [Αι.,
1473 1362 1761 1435 indutus],
1789 1367 1846 1417 et
1870 1360 2048 1431 gladio
2076 1358 2228 1415 verbi

630 1458 727 1514 Dei
749 1458 1046 1522 accinctus,
1069 1464 1124 1512 et
1145 1455 1312 1512 lorica
1333 1453 1559 1525 justitia:
1581 1454 1820 1525 undique
1842 1451 2225 1517 circumdatus,

633 1558 799 1621 atque
827 1557 984 1606 scuto
1013 1548 1137 1604 ﬁdei
1163 1556 1437 1613 armatus,
1469 1547 1850 1615 calceatusque
1877 1545 1931 1599 in
1959 1558 2230 1613 prmpara-

632 1641 834 1697 tionem
883 1638 1166 1711 Evangelii
1214 1636 1368 1707 pacis
1417 1635 1650 1708 (Ephes.
1688 1634 1814 1708 vr),
1863 1632 2132 1704 processit
2175 1631 2230 1686 in

630 1731 876 1803 praelium
904 1729 1178 1802 publicum
1209 1737 1400 1784 contra
1434 1727 1720 1797 antiquum
1757 1728 2000 1789 hostem,
2049 1723 2229 1777 omnia

2321 543 2625 597 nratiouea
2668 539 2876 594 famulo
2921 536 3018 593 Dei
3045 534 3209 601 facta,
3254 550 3392 606 puer
3439 532 3728 588 incolumis
3757 533 3923 600 quasi

2322 635 2537 690 avicula
2577 632 2829 704 pervenit
2856 631 2926 686 ad
2967 637 3196 695 terram,
3243 635 3300 682 et
3345 641 3520 698 equus
3547 624 3791 680 redditus
3836 633 3926 677 est

2324 725 2726 784 mansuetudini
2773 740 2906 780 sum.
2957 723 3030 778 Et
3072 729 3249 777 mater
3290 719 3510 790 quidem
3552 717 3720 772 ﬁlium
3756 729 3925 770 suum

2324 836 2488 891 super
2533 827 2740 876 terram
2780 832 2974 874 sanum
3023 823 3078 871 et
3105 813 3373 870 ridentem
3409 811 3649 880 suscepit
3672 809 3728 864 in
3760 809 3926 864 ulnas

2323 926 2471 967 suas.
2502 911 2622 982 ipse
2644 917 2828 965 tamen
2857 907 3115 963 sacerdos
3137 905 3236 960 Dei
3275 919 3384 960 non
3417 917 3562 973 equo
3596 901 3700 956 iter
3727 915 3925 970 agerc,

2319 1005 2421 1062 sed
2447 1005 2616 1060 asello
2653 1000 3098 1058 mansuetissimo
3133 1013 3202 1054 ex
3241 1012 3308 1055 eo
3338 1005 3582 1067 tempore
3601 993 3789 1050 voluit.
3825 992 3927 1047 Sic

2324 1112 2457 1167 ergo
2481 1095 2778 1150 miserante
2797 1092 2932 1158 Deo,
2956 1089 3186 1146 tentatio
3211 1086 3432 1161 maligni
3459 1086 3633 1142 hostis
3658 1084 3736 1140 illi
3759 1099 3928 1140 vers:

2323 1199 2410 1246 'est
2444 1190 2498 1244 in
2538 1188 2715 1246 laudis
2743 1189 3044 1244 honorem:
3095 1193 3153 1241 et
3190 1183 3444 1254 superbia
3490 1181 3614 1252 equi
3657 1179 3804 1236 facta
3835 1187 3929 1236 est

2328 1281 2653 1338 humilitatis
2681 1282 2858 1352 gratia
2883 1287 2939 1336 et
2961 1276 3244 1350 magistra.
3279 1273 3415 1330 Nam
3455 1288 3561 1328 non
3586 1280 3706 1327 erat
3726 1270 3932 1326 imme—

2328 1379 2452 1429 m‘or
2489 1372 2784 1429 Dominum
2829 1370 3144 1434 Christum,
3189 1365 3318 1423 dum
3373 1364 3444 1420 ad
3492 1361 3929 1432 redemptionem

2327 1473 2647 1537 properaret
2664 1463 2887 1520 humani
2909 1461 3144 1535 generis,
3173 1459 3340 1516 asello
3361 1459 3466 1513 iter
3493 1457 3667 1529 egisse
3695 1453 3926 1528 (ﬂaui.

2327 1561 2614 1631 xxi),'non
2655 1571 2844 1628 equo:
2896 1557 2978 1612 sic
3023 1562 3081 1611 et
3130 1555 3268 1625 ipse,
3316 1559 3538 1624 propter
3585 1547 3930 1607 salutiferam

2330 1651 2792 1721 pmlicationem,
2826 1647 2954 1704 dum
2998 1663 3099 1719 per
3141 1646 3312 1702 multa
3351 1645 3596 1717 quotidie
3641 1641 3936 1700 festinaret

2327 1744 2474 1811 loca,
2506 1743 2732 1800 asellum
2781 1741 2901 1798 'sibi
2957 1739 3282 1812 portitorem
3336 1736 3585 1795 sufﬁcere
3635 1733 3929 1808 judicavit.

633 1823 741 1878 tela
787 1819 907 1892 ejus
945 1822 1104 1894 ignea
1148 1819 1448 1877 fortissimo
1487 1817 1610 1874 ﬁdei
1653 1818 1886 1873 umbone
1917 1814 2220 1885 repellens:
2256 1804 2301 1863 Β
2328 1804 2662 1906 ρυοέηηφω
2687 1841 2870 1890 autem
2896 1804 3003 1889 ile".
3024 1833 3240 1903 agebat,
3264 1838 3361 1884 aut
3393 1828 3584 1900 psalmi
3614 1804 3666 1882 εί,
3688 1841 3786 1881 ore
3805 1823 3934 1894 eius

631 1912 1073 1985 quotidianisque
1120 1910 1414 1980 triumphis
1447 1907 1617 1979 spolia
1661 1906 1832 1962 multa
1880 1908 2025 1961 victo
2072 1906 2227 1961 hoste

634 2005 937 2078 reportavit
956 2045 973 2072 ,
1005 2005 1059 2060 in
1089 2003 1334 2060 Ecclesia
1364 2001 1498 2076 [Al.,
1529 1997 1854 2072 Ecclesiam]
1882 1997 2089 2054 Christi
2115 2005 2228 2052 tam

634 2098 962 2156 metuendus
999 2099 1224 2155 humani
1258 2098 1479 2170 generis
1508 2096 1764 2161 inimico,
1795 2110 1958 2166 quam
1989 2095 2228 2150 humano

632 2192 820 2264 generi
863 2190 1346 2263 pernecessarius;
1387 2197 1450 2247 ut
1492 2197 1616 2262 pote
1651 2187 1748 2260 qui
1789 2203 1896 2243 non
1923 2194 2228 2242 suamtan-

635 2292 788 2349 tum,
815 2282 911 2338 sed
936 2281 1228 2338 multorum
1274 2281 1526 2353 quaesivit
1566 2281 1819 2337 salutem.
1861 2278 1987 2334 Ideo
2021 2276 2229 2347 justum

633 2381 720 2430 est
755 2381 817 2428 ut
852 2373 1148 2429 multorum
1181 2388 1278 2430 ore
1308 2373 1362 2428 in
1386 2373 1608 2430 Christo
1636 2371 1908 2438 laudetur,
1937 2371 2230 2426 multorum

635 2477 737 2535 pro
774 2462 994 2520 Christo
1029 2461 1176 2536 [Al..
1207 2479 1305 2534 per
1329 2462 1649 2537 Christum]
1689 2465 2037 2534 redemptor:
2078 2461 2232 2532 cujus

635 2569 745 2610 non
768 2555 905 2610 tanti
931 2563 1018 2611 est
1045 2553 1309 2610 miracula
1336 2569 1565 2610 narrare
1583 2568 1705 2624 quae
1733 2555 1799 2609 ab
1822 2569 1888 2609 eo
1911 2561 2057 2626 gesta
2082 2563 2228 2614 sunt.

635 2649 826 2721 quanti
865 2647 1255 2704 miraculorum
1293 2660 1624 2718 cognoscere
1654 2647 1910 2703 virtutem
1931 2689 1945 2710 ,
1977 2663 2083 2718 qua
2121 2663 2231 2703 cm-

635 2737 757 2794 lesti
794 2738 926 2810 Regi
967 2739 1023 2812 in
1062 2739 1254 2795 diebus
1294 2738 1409 2795 suis
1453 2739 1684 2796 multum
1739 2739 1900 2812 179
1940 2739 2232 2810 acquisivit

636 2829 914 2901 populum.
941 2828 1078 2884 Nam
1101 2827 1349 2887 officium
1361 2830 1763 2900 prredicationis
1785 2830 2025 2885 omnium
2055 2829 2235 2901 signo-

637 2937 760 2976 rum
792 2921 1107 2977 ostensione
1135 2921 1316 2992 majus
1357 2938 1479 2978 esse
1518 2940 1625 2978 non
1667 2925 1891 2979 dubium
1938 2932 2060 2990 est;
2109 2924 2234 2979 licet

639 3029 750 3069 non
790 3011 1044 3077 defuerit,
1084 3029 1184 3082 pro
1231 3021 1536 3081 temporum
1573 3012 1653 3067 vel
1694 3029 1874 3069 rerum
1910 3015 2236 3070 convenien-

636 3105 746 3170 tia,
779 3105 1058 3177 signorum
1087 3103 1439 3174 perpetratio,
1475 3119 1594 3173 quas
1624 3119 1720 3173 per
1747 3119 1872 3159 eum
1903 3105 2082 3159 divina
2107 3117 2231 3174 per-

637 3195 752 3266 egit
787 3194 1095 3250 clementia.

709 3286 798 3343 IX.
866 3287 1109 3354 Quodam
1159 3303 1393 3360 namque
1442 3298 1684 3359 tempore
1730 3286 1951 3358 maligni
2006 3285 2231 3356 spiritus

643 3383 867 3437 Ientatio
902 3382 970 3437 ad
988 3383 1369 3438 verecundiam
1416 3383 1614 3438 accidit
1652 3381 1756 3435 viri
1789 3381 1907 3442 Dei,
1938 3393 2112 3450 quam‘
2135 3378 2229 3434 Dei

645 3475 1016 3530 misericordia
1042 3476 1110 3529 ad
1136 3475 1347 3530 laudem
1383 3477 1434 3530 ei
1460 3475 1736 3532 concessit
1759 3475 1999 3529 evenire.
2035 3473 2232 3527 Visita-

641 3567 720 3620 vit
743 3566 888 3622 enim
938 3567 1234 3636 equitando
1279 3569 1575 3637 quamdam
1619 3567 1729 3621 Deo
1778 3567 2028 3621 devotam
2080 3563 2234 3618 femi-

643 3670 788 3720 nam,
814 3669 840 3697 ι
873 3655 1186 3712 Bictrudem
1215 3658 1434 3714 nomine
1463 3676 1477 3711 :
1509 3666 1565 3711 et
1594 3670 1716 3711 cum
1735 3653 1859 3723 jam
1889 3662 2012 3723 post
2049 3653 2234 3709 dulces

643 3749 768 3802 vitae
787 3749 993 3818 epulas,
1042 3757 1097 3803 et
1123 3757 1245 3819 post
1270 3749 1542 3820 colloquia
1571 3748 1831 3812 salubria,
1863 3748 1978 3817 ipse
2005 3746 2089 3800 vir
2115 3745 2231 3808 Dei,

649 3854 878 3895 ascenso
927 3854 1098 3909 equo,
1148 3841 1216 3895 ad
1263 3841 1482 3910 propria
1539 3855 1786 3894 remeare
1832 3838 2232 3908 disposuisset:

645 3929 846 3985 femina
889 3931 1172 4001 praedicta,
1210 3929 1367 4000 juxta
1417 3943 1646 3996 morem,
1693 3928 1990 4000 equitantis
2013 3925 2236 3996 vestigia

646 4022 825 4076 Patris
853 4033 1042 4078 secula
1072 4031 1176 4088 est,
1221 4023 1250 4063 δ
1277 4023 1486 4079 habens
1510 4023 1566 4077 in
1613 4021 1757 4076 ulnis
1799 4019 1967 4074 ﬁlium
2007 4017 2142 4091 [Αι.,
2174 4017 2238 4071 ti-

646 4112 856 4185 liolum]
885 4129 1067 4180 suum,
1109 4123 1168 4168 ut
1195 4115 1454 4184 parvulus
1483 4128 1700 4185 quoque
1727 4111 2105 4168 benedictione
2142 4111 2239 4165 ho~

647 4204 812 4259 minis
840 4203 934 4258 Dei
959 4205 1327 4270 roboraretur,
1373 4220 1533 4274 quem
1560 4205 1675 4274 ipse
1701 4211 1828 4258 ante
1853 4217 2010 4257 sacro
2037 4202 2241 4272 baptis-

654 4305 799 4352 mate
853 4306 1288 4365 regeneraverat.
1345 4298 1660 4367 Accipientc
1731 4296 1912 4365 itaque
1979 4294 2239 4350 infantem

649 4390 834 4460 equite
866 4389 1197 4454 venerando,
1225 4405 1320 4445 seu
1352 4391 1419 4445 ad
1450 4387 1903 4452 benedicendum,
1929 4402 2023 4441 seu
2055 4387 2124 4440 ad
2151 4401 2242 4440 os—

651 4483 961 4544 culandum,
993 4483 1250 4551 antiquus
1277 4482 1470 4543 hostis,
1497 4480 1750 4537 omnibus
1785 4478 1942 4533 bonis
1964 4477 2240 4542 inimicus,

654 4575 882 4631 immisit
906 4589 1048 4645 equo
1077 4573 1415 4630 ferocitatem
1449 4593 1461 4628 :
1494 4574 1585 4644 qui
1611 4574 1715 4629 huc
1742 4573 1974 4641 illucque
1995 4571 2246 4626 dentibus

655 4668 934 4734 frendens,
965 4668 1299 4738 pedibusque
1328 4667 1640 4730 calcitrans,
1678 4675 1733 4719 et
1761 4674 1874 4721 toto
1906 4679 2133 4734 corpore
2165 4664 2247 4718 in-

656 4763 895 4825 saniens,
924 4762 1244 4815 inconsueto
1281 4760 1485 4831 impetu
1518 4775 1616 4830 per
1648 4773 1900 4828 campum
1939 4757 2248 4810 discurrere

656 4851 1020 4924 coepit..Quod
1060 4851 1254 4922 pavida
1295 4867 1524 4905 cernens
1571 4858 1766 4913 mater,
1809 4848 1995 4904 oculos
2025 4849 2247 4913 avertit,

659 4961 726 5000 ne
752 4945 1072 5000 morientem
1103 4944 1314 4997 videret
1343 4942 1534 5005 ﬁlimn,
1561 4957 1724 5010 quem
1756 4956 1950 4994 servus
1992 4940 2110 5004 Dei,
2143 4956 2246 4995 su:-

658 5038 839 5093 viente
867 5053 1030 5108 equo,
1063 5053 1224 5091 manu
1260 5036 1499 5090 tenebat.
1528 5035 1753 5088 Familia
1783 5051 1912 5089 vero
1939 5051 2036 5104 pro
2075 5043 2251 5089 morte

660 5130 832 5199 pueri,
860 5129 944 5184 vel
979 5144 1108 5183 casu
1142 5129 1243 5182 viri
1276 5128 1391 5192 Dei,
1425 5137 1688 5195 strepere,
1736 5125 2012 5197 plangere,
2045 5125 2251 5195 ejulare

663 5235 769 5275 non
797 5220 1023 5276 destitit.
1053 5218 1160 5274 Sed
1187 5219 1411 5274 dextera
1434 5219 1660 5283 Christi,
1689 5233 1807 5286 qua:
1834 5216 2053 5270 Petrum
2086 5217 2253 5286 trepi-

664 5314 884 5369 dantem
932 5313 1154 5376 levavit,
1201 5325 1269 5365 ne
1318 5319 1656 5380 mergeretur
1703 5311 1756 5364 in
1796 5310 1978 5374 undis,
2024 5323 2252 5378 puerum

736 5462 763 5490 ι
801 5447 1106 5502 Rictrudem
1155 5448 1381 5500 nomine.
1422 5446 1632 5500 Colitur
1677 5445 1744 5498 l2
1777 5442 1921 5497 Maii.
1976 5442 2250 5496 Bormann.

667 5551 738 5562 ——
759 5517 889 5588 Qua:
913 5534 984 5573 an
1021 5518 1212 5573 eadem
1237 5517 1306 5570 sit
1329 5533 1452 5570 cum
1480 5515 1952 5588 sanctaRictrude
1981 5513 2256 5588 abbatissa

671 5582 1026 5646 Marcianensi
1054 5589 1107 5643 in
1142 5588 1309 5656 ipsius
1338 5588 1614 5642 Rictrudis
1647 5587 1768 5641 Vita
1797 5585 2020 5639 discutit
2053 5582 2252 5636 Mabill.

673 5667 790 5717 Act.
813 5677 938 5716 saec.
971 5677 1008 5714 ιι
1033 5701 1046 5724 ,
1076 5668 1214 5730 part.
1238 5676 1256 5730 ι
1277 5701 1292 5720 ,
1327 5675 1448 5730 pag.
1489 5658 1594 5713 946
1637 5666 1750 5710 not.

743 5676 790 5716 t.
813 5677 938 5716 saec.
971 5677 1008 5714 ιι
1033 5701 1046 5724 ,
1076 5676 1214 5730 part.
1242 5676 1292 5720 ι,
1327 5676 1390 5728 pa
1437 5699 1448 5711 .
1489 5676 1594 5713 uso
1637 5676 1750 5710 ηοι.

743 5735 769 5770 b
832 5731 1042 5784 "abem
1090 5732 1145 5784 in
1191 5729 1330 5784 ulnis
1360 5676 1529 5798 βῇιιιη
1578 5743 1753 5782 suum.
1798 5725 1895 5781 Hic
1922 5735 2004 5780 est
2035 5733 2258 5798 sanctus

675 5803 1008 5867 Mauroatus,
1043 5802 1131 5870 qui
1174 5795 1371 5856 colitur
1399 5799 1432 5853 5
1465 5799 1624 5854 Maii:
1676 5813 1835 5869 quem
1878 5814 1907 5852 a
1945 5805 2134 5852 sancto
2160 5795 2256 5849 Ri-

2328 1930 2672 1994 resonabant,
2706 1935 2803 1982 aut
2841 1925 3032 1982 salutis
3070 1939 3138 1978 ex
3168 1938 3264 1979 ore
3309 1919 3428 1992 ejus
3467 1917 3783 1991 praedicatio
3824 1932 3933 1971 au-

2325 2025 2593 2080 diebatur.
2616 2021 2731 2078 Nec
2755 2021 2955 2076 mirum
2983 2019 3028 2074 si
3055 2017 3333 2074 Christum
3354 2028 3567 2086 semper
3597 2010 3933 2082 praedicaret

2327 2119 2534 2191 lingua,
2578 2131 2742 2188 quem
2789 2128 3006 2184 semper
3041 2111 3269 2184 gerebat
3296 2109 3351 2164 in
3379 2107 3563 2171 corde,
3618 2120 3718 2175 per
3763 2117 3934 2173 quem

2327 2211 2451 2282 pius
2474 2207 2788 2265 consolator
2811 2203 3028 2260 miseris
3050 2200 3154 2257 fuit
3171 2210 3227 2256 et
3255 2200 3426 2255 durus
3453 2198 3698 2252 invector
3731 2203 3936 2266 poten-

2331 2308 2516 2362 tibus:
2567 2303 2783 2358 illorum
2824 2299 3059 2370 inopiam
3100 2294 3355 2352 clementi
3403 2290 3754 2348 miseratione
3792 2288 3941 2343 rete.

2330 2413 2480 2463 vans,
2514 2396 2742 2452 istorum
2782 2390 3095 2463 superbiam
3124 2400 3315 2443 severa
3358 2381 3719 2451 castigatione
3752 2380 3934 2448 repri-

2331 2511 2508 2552 mens.

2405 2635 2472 2692 Χ.
2514 2634 2648 2690 Nam
2678 2631 2912 2703 quodam
2952 2636 3194 2700 tempore
3236 2633 3332 2680 "rex
3368 2618 3796 2692 potentissimus
3812 2602 3943 2668 ’Βία

2335 2727 2624 2797 gobertus,
2663 2729 2892 2792 rogante
2929 2719 3049 2772 viro
3093 2715 3287 2772 illustri
3335 2711 3661 2772 Gislemaro,
3707 2705 3939 2762 easdem

2333 2818 2520 2875 venire
2548 2814 2684 2890 [Al.,
2712 2813 2882 2884 venit]
2913 2812 2967 2866 in
2997 2818 3200 2880 partes,
3231 2816 3289 2862 et
3310 2807 3490 2861 virum
3521 2803 3634 2864 Dei,
3663 2809 3724 2853 ut
3745 2814 3805 2854 se
3834 2811 3930 2852 se-

2334 2909 2637 2966 crosanctis
2681 2905 2799 2976 ejus
2843 2903 3187 2959 orationibus
3213 2897 3644 2957 commendaret,
3691 2892 3941 2948 invisere

2336 3003 2583 3075 contigit.
2613 3000 2784 3068 Quem
2815 2999 2930 3068 ipse
2970 2994 3206 3050 famulus
3235 2992 3328 3048 DCi
3373 2998 3428 3044 et
3467 2987 3774 3046 sanctitatis
3823 2997 3945 3038 sua

2337 3093 2715 3154 benedictione
2744 3088 3047 3153 roboravit,
3076 3095 3131 3142 et
3159 3081 3484 3140 sacerdotali
3516 3079 3845 3134 auctoritate
3866 3076 3944 3130 li-

2251 3161 2307 3226 c
2336 3189 2464 3244 hera
2503 3198 2636 3239 voce
2681 3178 2988 3251 castigavit,
3035 3175 3362 3231 denuntians
3388 3171 3437 3227 ei
3479 3185 3548 3226 ne
3579 3169 3633 3224 in
3678 3166 3940 3222 saeculari

2335 3276 2644 3350 superbiret
2667 3274 2932 3346 potentia,
2965 3283 3034 3324 ne
3062 3267 3116 3323 in
3146 3264 3390 3337 fugitivis
3431 3267 3680 3333 speraret
3710 3258 3947 3325 divitiis,

2337 3385 2403 3423 ne
2431 3367 2586 3421 vanis
2613 3363 2950 3420 adulantium
2983 3357 3338 3414 extolleretur
3375 3351 3706 3415 rumoribus,
3747 3364 3819 3404 ne
3847 3365 3949 3404 ca-

2335 3461 2491 3516 ducis
2539 3457 2802 3530 gauderet
2853 3450 3183 3515 honoribus;
3239 3447 3332 3503 sed
3380 3445 3558 3515 magis
3585 3443 3678 3497 Dei
3724 3443 3951 3495 timeret

2335 3555 2662 3627 potentiam,
2713 3551 2965 3621 illiusque
3002 3548 3328 3602 immensam
3376 3543 3624 3597 laudaret
3668 3538 3949 3610 gloriam;

2336 3648 2629 3702 humanam
2659 3657 2788 3698 vero
2816 3640 3118 3711 potentiam
3142 3637 3224 3692 vel
3269 3635 3498 3707 gloriam
3535 3631 3739 3686 nullam
3783 3639 3950 3700 puta—

2339 3749 2445 3802 ret,
2491 3753 2611 3808 qnze
2650 3737 2835 3793 subito
2871 3734 3020 3789 velut
3060 3730 3298 3788 volatilis
3343 3727 3534 3783 umbra
3592 3723 3834 3786 recedat,
3892 3731 3954 3778 et

2336 3845 2597 3904 tanquam
2625 3845 2815 3901 spuma
2839 3842 3002 3898 super
3023 3840 3240 3896 aquam,
3264 3819 3582 3878 tentationis
3604 3815 3767 3871 flante
3789 3832 3945 3871 ven-

2338 3935 2412 3990 to,
2440 3930 2768 3979 evanescat:
2811 3933 2976 3989 atque
3007 3919 3112 3972 hoc
3135 3915 3317 3988 potius
3363 3910 3603 3966 timendo
3645 3908 3942 3978 cogitaret,

2338 4013 2468 4087 quia
2480 4021 2712 4085 potentes
2733 4018 2974 4082 potenter
2993 3996 3707 4074 tormentapatientur(8ap.
3733 4014 3814 4062 vi,
3845 3999 3878 4050 7
3905 3998 3952 4066 ),

2339 4117 2413 4173 et,
2447 4107 2533 4160 cui
2558 4103 2677 4176 plus
2703 4103 2884 4166 datur,
2915 4099 3034 4170 plus
3057 4095 3373 4169 exigiturab
3401 4110 3461 4149 eo
3493 4091 3646 4165 (Luc.
3672 4106 3748 4145 xu
3768 4131 3784 4150 .
3830 4088 3952 4160 48).

2341 4199 2444 4268 Qui
2479 4205 2661 4252 autem
2689 4195 2779 4248 vix
2810 4190 3010 4248 sufﬁcit
3032 4205 3132 4261 pro
3161 4204 3221 4244 se
3263 4186 3381 4243 solo
3407 4185 3676 4240 rationem
3707 4182 3948 4237 reddere

2345 4292 2457 4347 Deo
2487 4289 2541 4344 in
2575 4288 2665 4343 die
2689 4285 2903 4357 judicii,
2933 4283 3064 4354 quid
3092 4279 3384 4350 facietpro
3412 4285 3493 4332 tot
3516 4274 3797 4331 hominum
3829 4272 3957 4328 mil-

2343 4382 2484 4437 libus
2513 4381 2616 4451 ipsi
2645 4377 2955 4435 commissis
2981 4373 3117 4446 [Al.,
3155 4368 3430 4442 quomodo
3459 4365 3668 4438 poterit
3717 4378 3959 4434 suppor-

2348 4489 2468 4532 tare
2497 4474 2764 4529 rationem
2791 4469 3023 4526 reddere
3053 4481 3153 4537 pro
3183 4465 3352 4520 tantis
3377 4459 3614 4516 millibus
3629 4457 3817 4529 populi
3847 4457 3958 4513 sibi

2350 4564 2688 4638 commissi]?
2740 4564 2970 4626 idcirco,
3024 4561 3255 4632 quisque
3308 4556 3485 4627 magis
3529 4554 3722 4609 timere
3768 4561 3959 4622 potest

2349 4674 2610 4730 praeesse,
2632 4672 2797 4729 quam
2833 4654 3090 4731 subesse:
3118 4652 3245 4723 quia
3271 4651 3364 4721 qui
3389 4649 3599 4712 subest,
3625 4659 3726 4716 pro
3751 4660 3813 4700 se
3837 4643 3960 4700 solo

2353 4754 2622 4808 rationem
2661 4751 2848 4807 reddet
2875 4749 2985 4804 Deo
3013 4768 3026 4800 -.
3078 4747 3171 4819 qui
3204 4755 3388 4800 autem
3417 4748 3678 4814 pratsunt,
3712 4755 3813 4809 pro
3835 4755 3961 4793 om-

2351 4845 2513 4900 nibus
2548 4842 2812 4899 reddituri
2851 4851 3000 4907 sunt,
3023 4857 3116 4912 qui
3156 4839 3256 4894 sub
3281 4853 3470 4892 eorum
3516 4842 3641 4890 sunt
3681 4839 3960 4902 potestate

2351 4938 2654 4995 constituti.
2686 4935 2803 5003 Qua
2832 4934 3193 5007 castigatione
3222 4947 3338 4995 rex,
3378 4939 3439 4984 ut
3466 4927 3569 4983 fuit
3597 4926 3948 4996 sapientissi-

2355 5048 2500 5095 mus,
2525 5032 2759 5103 henigne
2787 5036 3061 5099 suscepta,
3090 5027 3334 5099 gaudens
3358 5023 3476 5093 ejus
3501 5023 3673 5078 libera
3700 5022 3959 5077 veritatis

2355 5126 2572 5189 ﬁducia,
2607 5125 2769 5194 130
2815 5122 3153 5178 sacerdotem
3194 5118 3398 5175 Christi
3439 5133 3622 5173 secum
3652 5113 3958 5193 adeonvi-

2355 5220 2502 5273 vium
2534 5219 2724 5272 venire
2761 5215 2989 5286 rogavit.
3024 5211 3127 5280 Qui
3159 5213 3359 5267 Christi
3392 5209 3732 5265 confortatus
3767 5222 3959 5262 exem-

2358 5310 2467 5378 plo,
2495 5307 2837 5364 saecularium
2881 5319 2988 5360 non
3016 5303 3320 5374 respuentis
3345 5300 3614 5363 convivia,
3661 5308 3722 5353 ut
3748 5298 3955 5366 praedi-

2359 5441 2547 5496 chario
2596 5453 2696 5507 per
2740 5453 2958 5493 sacrum
3017 5438 3287 5507 baptisma
3356 5433 3526 5507 fuisse
3575 5442 3958 5507 regeneratum

2361 5511 2550 5567 scribit
2577 5504 2886 5565 llucbaldus
2911 5504 3211 5565 monachus
3243 5506 3563 5561 Eluonensis
3590 5505 3643 5557 in
3673 5504 3793 5557 Vita
3826 5519 3956 5558 san-

2361 5591 2463 5637 ctzn
2492 5582 2786 5636 Rictrudis.
2830 5581 2924 5636 Est
2950 5587 3132 5636 autem
3171 5579 3309 5632 alius
3337 5593 3366 5631 a
3408 5577 3651 5631 Maronto
3691 5574 3958 5628 silvarum

2365 5653 2510 5734 regis
2557 5661 2689 5734 tunc
2729 5661 3038 5734 servatori},
3066 5651 3151 5734 Ide
3192 5665 3299 5730 quo
3331 5644 3653 5734 ‘moxujti'fra
3698 5660 3867 5728 num._
3891 5644 3953 5724 Il

2363 5715 2556 5792 agitur.
2587 5723 2855 5778 Βοιιηωι).
2885 5753 2953 5762 --
2979 5721 3113 5776 Vide
3136 5715 3300 5776 etiam
3331 5717 3528 5774 Mabill.
3558 5716 3678 5772 loco
3701 5715 3756 5770 in
3784 5715 3967 5786 priori

2365 5803 2494 5850 nota
2529 5795 2717 5849 citato.
