4112 6648
1139 554 1724 613 HAGIOGRAPHICA.
1769 587 1840 597 —-
1875 554 2038 612 VITA
2080 557 2138 612 S.
2181 556 2509 612 lilCIlARll.

3337 561 3450 620 890.

177 674 405 729 sationis
455 679 697 727 sumeret
741 670 1106 736 occasionem,
1161 671 1312 725 venit
1338 685 1463 725 cum
1517 683 1645 741 rege
1691 668 1762 725 ad
1792 675 1838 734 Α
1867 669 2081 725 niorum
2129 679 2184 725 et
2222 670 2528 739 vigiliarum
2557 670 2876 727 assiduitate
2904 672 3217 736 maceravit,
3269 685 3328 728 ut
3357 676 3444 728 νίι

177 780 414 820 mensam
440 763 580 832 ejus,
620 770 842 833 totaque
870 762 958 817 die
983 761 1072 816 illa
1115 769 1174 817 et
1198 767 1377 826 nocte,
1406 761 1548 815 inter
1573 758 1764 830 epulas

175 852 393 920 laetitiae,
425 855 651 910 verbum
683 855 778 909 Dei
817 854 984 924 dapes
1032 841 1342 909 salutiferas
1364 852 1609 908 convivis
1650 852 1765 906 suis

174 946 522 1002 ministravit.
575 945 743 1016 Cujus
789 946 1092 1002 constantia
1143 962 1356 1002 morum
1399 953 1456 1000 et
1505 946 1763 1000 instantia

174 1037 570 1109 pradicationis
591 1035 848 1106 przefatus
875 1051 974 1092 rex
1005 1036 1330 1102 delectatus,
1357 1037 1523 1106 cmpit
1541 1052 1664 1093 eum
1694 1051 1764 1091 ex

173 1127 353 1182 animo
377 1143 582 1194 amare,
613 1135 671 1182 et
713 1128 921 1183 honore
957 1127 1212 1197 prosequi
1235 1126 1290 1180 in
1317 1135 1551 1192 tantum,
1594 1135 1658 1181 ut
1697 1140 1762 1182 ea

175 1219 288 1289 ipsa
315 1219 404 1274 die
431 1219 637 1291 aliquid
664 1219 733 1274 de
768 1234 943 1278 censu.
959 1233 1062 1276 suo
1098 1230 1125 1262 ι
1149 1218 1220 1274 ad
1245 1217 1537 1274 luminaria
1570 1218 1765 1274 domus

174 1310 267 1376 nsi
305 1311 1289 1378 eopdonaret,_rat.um_a3stimans,_ut
1313 1309 1454 1366 sicut
1483 1310 1601 1381 ipse
1627 1310 1766 1365 invi-

171 1401 316 1472 sibili
357 1401 761 1471 praedicationis
804 1400 1009 1469 lumine
1036 1401 1106 1456 ab
1133 1415 1199 1457 eo
1242 1399 1575 1456 illuminatus
1597 1407 1760 1466 esset,

171 1495 252 1554 sic
265 1492 466 1560 visibili
495 1493 615 1548 luce
641 1508 740 1564 per
760 1507 886 1555 eum
910 1492 1106 1549 domus
1128 1491 1346 1555 Domini
1364 1489 1760 1550 illustraretur:

169 1599 228 1647 et
251 1587 396 1657 quod
421 1587 570 1644 intus
595 1587 648 1643 ei
677 1585 920 1660 fulgebat
951 1585 1007 1642 in
1041 1585 1167 1652 ﬁde,
1205 1585 1314 1649 hoc
1339 1583 1476 1643 foris
1500 1583 1765 1659 fulgesce-

172 1687 260 1743 ret
283 1679 338 1734 in
361 1679 636 1746 Ecclesia;
664 1692 878 1754 memor
896 1677 1153 1750 ιιι-ποθι)ιί
1179 1676 1605 1748 Βοωὶιιίοἰ,,ειιιο
1628 1677 1766 1734 dici-

171 1779 306 1827 tur:
339 1767 429 1825 Sic
473 1769 646 1825 luceat
671 1768 768 1826 lux
813 1779 984 1826 uestra
1026 1786 1208 1829 coram
1233 1769 1553 1836 hominibus,
1597 1778 1656 1824 ut
1685 1770 1764 1824 ei-

171 1862 332 1916 deant
347 1877 506 1932 opera
527 1870 697 1916 vestra
711 1861 868 1928 bona,
895 1869 944 1916 et
963 1859 1256 1932 gloriﬁcent
1280 1859 1497 1916 Patrem
1511 1871 1761 1929 vestrum,

168 1954 341 2022 quiin
365 1952 507 2008 cretis
549 1961 629 2008 est
667 1950 887 2026 (Matth.
918 1968 976 2020 v,
1009 1951 1121 2025 16).
1146 1951 1391 2024 Itemque
1417 1953 1474 2008 in
1510 1953 1762 2024 psalmo:

1863 774 1988 814 ossa
2024 762 2232 817 arentia
2277 760 2554 831 dissipatis
2573 761 2845 832 juncturis
2874 764 2975 818 sibi
3007 762 3364 830 adhaererent,
3394 780 3451 818 et

1866 851 2160 908 trementia
2183 853 2375 907 baculo
2407 861 2626 919 regente
2663 855 2887 924 vestigia
2931 853 3147 912 diﬁieile
3180 864 3442 912 moveret.

1863 941 1985 996 Jam
2027 951 2210 997 mente
2239 941 2436 997 seculo
2477 943 2669 1013 major.
2702 944 2815 999 sola
2839 944 3084 1002 caelestia
3114 961 3330 1016 semper
3355 960 3450 1001 co-

1864 1033 2090 1106 gitabat,
2131 1043 2506 1104 quantumque
2557 1035 2758 1090 mundo
2800 1035 3029 1102 alienus,
3081 1045 3292 1092 tantum
3336 1037 3449 1092 Deo

1863 1124 2144 1194 proximus
2171 1132 2308 1189 erat,
2358 1123 2508 1180 illum
2550 1125 2794 1195 quotidie
2827 1125 3053 1182 vincens
3083 1127 3136 1181 in
3181 1142 3387 1192 eremo,
3417 1143 3449 1182 a

1863 1229 1974 1286 quo
1999 1214 2170 1272 Adam
2196 1215 2326 1270 olim
2353 1215 2531 1271 victus
2568 1222 2653 1271 est
2679 1217 2732 1271 in
2765 1217 3058 1287 paradiso:
3102 1234 3266 1288 super
3300 1219 3448 1289 aspi-

1863 1309 1988 1364 dem
2015 1315 2070 1363 et
2097 1307 2410 1363 basiliscum
2437 1307 2742 1372 ambulans,
2775 1319 2938 1379 caput
2967 1310 3210 1380 quotidie
3237 1311 3448 1381 antiqui

1864 1407 2153 1463 conterens
2175 1401 2465 1470 serpentis,
2501 1399 2819 1468 temporalia
2842 1408 3217 1468 contemnens,
3246 1408 3446 1456 aeterna

1865 1492 1980 1550 sola
2005 1492 2306 1564 suspirans,
2345 1491 2548 1548 scalam
2594 1491 2914 1547 somniantis
2949 1489 3116 1547 Jacob
3139 1491 3286 1546 omni
3315 1491 3449 1547 hora

1863 1585 2185 1648 ascendens,
2215 1591 2380 1652 atque
2407 1596 2505 1653 per
2536 1589 2822 1652 angustam
2863 1583 3030 1646 viam,
3057 1597 3177 1652 quae
3206 1582 3359 1637 ducit
3380 1583 3451 1639 ad

1865 1672 2058 1737 vitam,
2090 1670 2363 1737 incedens,
2391 1671 2498 1726 iter
2541 1686 2700 1725 suum
2729 1669 2964 1726 assiduis
2992 1672 3223 1726 munivit
3247 1678 3452 1731 oratio-

1867 1765 2046 1828 nibus.
2081 1763 2194 1822 Nec
2221 1764 2407 1821 clausa
2441 1773 2625 1820 tamen
2668 1767 2838 1820 eremi
2884 1769 3156 1838 angustia,
3194 1768 3331 1826 lucis
3359 1785 3456 1827 co-

1867 1858 2051 1913 lumna
2081 1857 2250 1913 latere
2284 1858 2494 1930 potuit;
2540 1859 2672 1928 quin
2701 1859 2882 1930 potius
2919 1861 3004 1916 sui
3037 1863 3193 1934 181
3227 1861 3454 1934 fulgoris

1868 1948 2036 2006 radiis
2058 1949 2217 2020 longe
2240 1947 2454 2020 lateque
2481 1950 2655 2021 magis
2679 1950 2937 2007 innotuit.
2978 1950 3319 2026 Quapropter
3347 1971 3455 2012 uu-

169 2048 241 2104 ln
264 2048 573 2104 taminetua
611 2048 903 2104 uidebimus
929 2047 1107 2102 tamen
1142 2046 1318 2119 (Paul.
1347 2063 1516 2113 xxxv,
1547 2047 1672 2119 l0);
1711 2047 1765 2103 id
1801 2032 1842 2090 Β
1867 2043 2033 2113 dique
2070 2045 2140 2099 ad
2184 2043 2461 2106 hominem
2491 2043 2588 2099 Dei
2620 2043 2852 2102 diversis
2886 2043 3097 2118 fatigati
3124 2047 3457 2106 inﬁrmitati-

167 2152 277 2208 esl,
302 2143 357 2196 in
388 2141 593 2197 lumine
617 2138 763 2206 ﬁdei,
781 2140 934 2212 quod
959 2139 1128 2210 fulget
1164 2140 1218 2195 in
1245 2147 1451 2204 mente,
1483 2139 1664 2195 lumen
1687 2139 1767 2195 fo-

179 2231 256 2294 ris
297 2231 578 2298 scintillat,
605 2230 750 2301 quod
780 2229 1110 2301 splendescit
1147 2229 1202 2283 in
1227 2243 1411 2299 opere.

243 2321 337 2380 XI.
377 2322 589 2378 Exinde
623 2329 809 2377 autem
844 2319 1083 2376 famulus
1126 2319 1245 2386 Dei,
1284 2319 1410 2389 quia
1439 2319 1507 2373 ab
1535 2318 1768 2380 homini-

167 2416 281 2471 bus.
313 2415 705 2481 honorabatur,
749 2413 1000 2473 homines
1039 2411 1231 2484 fugere
1280 2410 1662 2474 meditabatur,
1707 2417 1768 2464 ut

169 2509 410 2563 honores
455 2503 785 2576 temporales
827 2501 1178 2568 declinando,
1214 2501 1454 2562 honores
1496 2501 1770 2570 acciperet

167 2606 502 2670 perpetuos:
547 2609 908 2668 eremumque
951 2593 1284 2664 concupivit,
1331 2599 1603 2663 quatenus
1632 2592 1770 2652 libe-

167 2675 287 2746 rius
333 2689 435 2745 soli
481 2688 596 2744 Deo
642 2694 887 2752 vacaret,
941 2692 999 2742 et
1037 2683 1488 2756 contemplativos
1515 2693 1770 2756 carperet

166 2780 401 2846 fructus,
431 2781 525 2852 qui
554 2778 622 2834 ad
664 2779 722 2835 id
756 2792 930 2849 usque
951 2777 1217 2849 temporis
1255 2777 1312 2832 in
1339 2776 1578 2834 actuosis
1623 2777 1768 2832 haud

163 2875 412 2946 segniter
435 2873 732 2930 desudaret
762 2890 776 2927 :
813 2873 995 2929 sciens
1014 2887 1048 2927 a
1074 2870 1305 2927 Domino
1325 2869 1530 2927 dictum
1557 2870 1626 2927 de
1657 2868 1767 2924 Ma-

169 2967 256 3029 ria
280 2968 507 3024 sedente
533 2981 693 3024 secus
716 2967 884 3036 pedes
920 2963 1060 3034 ejus,
1084 2972 1143 3020 et
1174 2965 1402 3020 verbum
1426 2963 1556 3019 vitae
1585 2970 1768 3018 atteri.-

169 3063 282 3117 tius
317 3061 612 3117 audiente:
665 3058 933 3132 Optimam
961 3067 1166 3131 partem
1212 3056 1367 3128 elegit
1413 3057 1515 3112 sibi
1565 3055 1766 3122 Har-ia,

164 3168 289 3226 qua:
336 3168 442 3208 non
482 3149 758 3222 auferetur
801 3150 868 3205 ab
917 3167 982 3205 ea
1021 3148 1177 3222 (Luc.
1208 3164 1269 3215 ι,
1313 3147 1429 3221 ‘2).
1488 3146 1770 3220 Hujusque

167 3258 381 3300 memor
405 3243 712 3310 sententiae,
735 3241 1098 3298 monasticam
1144 3239 1237 3314 [Id
1278 3251 1376 3308 est,
1401 3239 1766 3314 eremiticam]

167 3336 340 3392 vitam
366 3334 522 3406 petit,
553 3350 662 3406 quo
687 3335 951 3391 secretius
977 3333 1092 3391 sola
1114 3332 1365 3390 ctelestia
1388 3331 1767 3400 menterima-

1864 2135 1968 2190 bus
1993 2134 2396 2202 confluxerunt,
2429 2149 2568 2204 quos
2593 2143 2906 2194 sanctarum
2946 2139 3230 2195 medicinis
3251 2141 3456 2195 oratio-

1867 2246 1997 2286 num
2023 2231 2238 2286 sanavit
2257 2248 2272 2297 ;
2288 2244 2585 2301 omnesque
2611 2231 2679 2286 ad
2703 2246 2763 2287 se
2789 2247 3130 2304 quocumque
3152 2234 3342 2290 morbo
3367 2234 3454 2289 af-

1866 2318 2055 2386 flictos,
2076 2319 2484 2390 venientestvel
2505 2319 2742 2376 tristitia:
2769 2320 3060 2391 cujuslibet
3092 2338 3317 2381 rancore
3354 2339 3454 2379 an-

1868 2412 2163 2482 gustiatos,
2185 2428 2349 2468 sanos
2360 2413 2536 2475 ethila
2545 2428 2631 2468 res
2653 2416 2872 2469 domum
2896 2428 3141 2470 remeare
3165 2413 3322 2472 fecit:
3355 2432 3458 2472 nec

1871 2507 1925 2562 in
1940 2507 2102 2562 domo
2123 2505 2315 2561 salutis
2326 2505 2418 2560 diu
2434 2506 2660 2561 morbus
2680 2522 2904 2562 manere
2928 2506 3116 2573 valuit,
3140 2507 3235 2562 sed
3253 2517 3460 2578 quanto
3512 2528 3518 2534 ·

1867 2599 2093 2671 propius
2107 2595 2326 2665 accessit.
2351 2609 2502 2655 tanto
2512 2599 2754 2657 velocius
2779 2603 3026 2658 recessit.
3056 2603 3185 2658 Mihi
3203 2620 3331 2660 vero
3347 2621 3454 2660 non

1869 2690 2112 2764 singulas
2136 2689 2396 2744 virtutum
2427 2692 2549 2762 ejus
2583 2693 2795 2762 species
2829 2694 3151 2749 nominatim
3183 2710 3453 2752 enarrare

1868 2783 2202 2854 propositum
2223 2792 2328 2847 est,
2347 2783 2442 2838 sed
2465 2783 2593 2838 vitae
2621 2784 2966 2839 sanctitatem
2989 2785 3178 2854 paucis
3195 2786 3460 2855 perstrin-

1869 2887 1997 2944 gere
2025 2872 2230 2937 verbis,
2273 2885 2342 2926 ue
2388 2870 2588 2942 eloquii
2621 2873 2728 2927 mei
2767 2874 3026 2930 tarditate
3064 2873 3343 2944 multiplex
3385 2877 3460 2933 si-

1866 2980 2099 3036 gnorum
2123 2980 2222 3036 per
2248 2979 2374 3019 eum
2404 2973 2682 3037 gestorum
2719 2964 2861 3020 fama
2903 2966 3078 3042 magis
3113 2968 3460 3038 obscuretur,

1866 3075 2032 3132 quam
2075 3059 2343 3115 laudetur.

2480 3151 2714 3218 CAPUT
2758 3152 2862 3217 ηιε,

1867 3239 2004 3298 Pius
2029 3241 2219 3311 obitus.
2242 3238 3125 3314 Corporis.translalio.Cenlalam.
3148 3242 3456 3308 .Hiracula.

1941 3342 2077 3398 XIII.
2105 3343 2428 3399 Doctoribus
2469 3359 2599 3415 ergo
2642 3343 2732 3398 illa
2768 3344 3094 3415 relinquenti
3127 3342 3263 3417 [Αι.,
3289 3345 3463 3402 relin-

171 3438 346 3494 retur,
376 3427 633 3485 Ecclesiae
654 3427 898 3500 regimen
925 3428 955 3468 δ
984 3425 1148 3485 alteri,
1177 3425 1417 3510 tradens,
1457 3440 1621 3497 quam
1650 3425 1768 3496 ipse
1792 3425 1840 3453 ν
1870 3437 2101 3512 quem];
2125 3453 2236 3510 quo
2265 3437 2372 3493 nne
2409 3453 2653 3511 praesens
2694 3439 2801 3495 hoc
2847 3438 3103 3497 mum
3139 3451 3328 3500 sam
3369 3441 3462 3499 illa

169 3523 227 3578 in
251 3520 481 3578 Centula
507 3521 629 3578 vico
656 3519 879 3577 Christo
917 3519 1259 3578 fundaverat.
1302 3517 1768 3584 PorroGislemav
1868 3535 2051 3592 anima
2073 3535 2397 3602 deseruerit,
2425 3535 2763 3592 εοιυωωίιιί
2787 3536 2976 3594 dicere
2999 3535 3247 3593 sumam,
3275 3537 3464 3608 Itaque

171 3634 286 3681 rus,
327 3619 415 3674 vir
463 3617 699 3675 illustris
740 3625 799 3674 et
839 3616 1168 3676 Christianae
1214 3615 1494 3689 religionis
1537 3615 1770 3672 devotus
1870 3623 2118 3698 [auctore
2141 3622 2346 3695 Spiritu
2385 3631 2601 3691 sancto,
2629 3639 2739 3697 quo
2772 3641 2989 3698 semper
3012 3634 3314 3700 ,νεεθωωε
3353 3625 3463 3701 εει]

168 3717 409 3774 amator,
435 3707 598 3764 simul
620 3714 678 3764 et
698 3707 1039 3774 Maurontus,
1081 3705 1288 3763 nobilis
1320 3706 1542 3777 quidam
1567 3705 1675 3772 vir,
1712 3713 1770 3760 et
1867 3714 2130 3785 praescius
2172 3714 2282 3771 diei
2325 3715 2660 3772 evocationis
2707 3731 2843 3783 sua,
2870 3732 2980 3788 qua
3022 3716 3338 3774 felicitatem
3370 3719 3463 3775 diu

168 3810 446 3858 terrarum
465 3800 550 3858 vel
577 3800 838 3858 silvarum
865 3798 936 3855 ad
961 3814 1145 3871 regem
1169 3797 1561 3870 pertinentium
1583 3812 1769 3854 serva-
1868 3805 2232 3861 desideratam
2261 3814 2586 3878 accepturus
2609 3814 2753 3872 erat,
2797 3815 2861 3863 ιιι
2890 3816 3042 3866 esset
3085 3822 3302 3880 semper
3327 3823 3465 3866 con--

172 3903 283 3960 tor,
310 3891 736 3964 prtebueruntei
764 3891 944 3955 locum
971 3891 1268 3947 retinendic
1294 3890 1350 3959 in
1378 3889 1514 3946 silva
1534 3886 1770 3944 Criscia-
1858 3894 2086 3966 junctus
2124 3894 2259 3971 [Al.,
2302 3894 2702 3969 adiungemus]
2749 3897 2990 3965 Christo,
3036 3911 3200 3968 quem
3248 3913 3469 3971 semper

168 3987 322 4042 censi
353 3983 552 4059 [Edit.,
597 3981 999 4054 Tristiacensil.
1047 3980 1153 4050 Qui
1197 3989 1257 4046 et
1301 3980 1418 4053 ipse
1451 3980 1766 4037 laumutus

1868 3995 2151 4058 amaverat
2179 4007 2193 4042 :
2224 3988 2439 4043 vocavit
2463 3987 2532 4042 ad
2560 4001 2620 4043 se
2643 3986 3004 4060 Sigobardum
3038 3989 3462 4045 commilitonem

169 4089 393 4150 postea,-
434 4079 684 4144 saeculari
713 4078 904 4135 habitu
947 4076 1214 4148 deposito,
1246 4074 1549 4131 monachus
1590 4072 1772 4129 factus
1868 4093 2048 4145 suum,
2092 4078 2338 4148 dixitque
2389 4079 2440 4133 ei
2474 4096 2488 4131 :
2533 4078 2682 4146 Scio,
2738 4079 2814 4150 fili
2863 4078 2958 4144 mi,
2988 4079 3104 4135 scio
3142 4080 3287 4150 quod
3337 4079 3467 4136 ﬁnis

170 4181 257 4230 est
286 4172 341 4228 in
374 4172 565 4235 eodem
593 4171 716 4228 loco
743 4189 755 4225 :
785 4185 1018 4242 cumque
1038 4169 1158 4224 viro
1185 4167 1280 4224 Dei
1315 4167 1654 4223 mansionem
1681 4182 1773 4222 so-
1870 4186 2025 4226 meus
2053 4186 2162 4227 non
2192 4171 2391 4237 tardat,
2429 4178 2488 4228 et
2513 4185 2696 4242 regem
2742 4186 2944 4237 meum,
2987 4184 3152 4242 quem
3196 4173 3290 4228 diu
3334 4187 3464 4228 con-

173 4265 430 4326 iitariam,
455 4270 841 4334 praeparasset,
877 4260 1096 4326 Christo
1136 4259 1165 4300 ἀ
1199 4258 1592 4321 monasterium
1636 4272 1772 4314 con-
1868 4261 2071 4332 cupivi,
2101 4261 2266 4319 citius
2291 4259 2530 4316 videbo:
2558 4270 2619 4318 et
2641 4261 2852 4316 utinam
2873 4267 2986 4316 tam
3006 4261 3302 4333 propitium
3329 4263 3461 4319 mihi

169 4365 390 4413 struere
418 4355 712 4422 inchoavit,
1869 4369 2031 4411 servo
2054 4370 2154 4414 suo
2180 4353 2421 4420 videam,
2441 4367 2609 4424 quam
2634 4352 3063 4421 desiderabilem
3093 4353 3300 4410 sanctis
3327 4353 3464 4411 suis.

245 4448 361 4506 XII.
401 4448 496 4504 Vir
533 4448 701 4520 igitur
732 4446 830 4503 Dei
862 4446 1251 4510 habitationem
1281 4445 1428 4504 illam
1461 4457 1487 4484 ο
1511 4459 1638 4502 cum
1661 4461 1771 4502 uno
1872 4446 1980 4504 Sel
2011 4454 2093 4513 tu,
2115 4447 2189 4503 ﬁli
2216 4447 2311 4514 mi,
2339 4460 2589 4518 praepara
2632 4445 2915 4507 vasculum
2929 4445 3153 4518 corpori
3181 4443 3318 4518 [Al.,
3345 4458 3467 4501 cor-

173 4539 293 4596 solo
316 4539 684 4608 commilitone
709 4538 991 4610 ingressus
1010 4546 1098 4594 est
1117 4579 1134 4605 ,
1174 4553 1345 4608 parvo
1374 4545 1584 4601 tantum
1603 4545 1774 4610 ,tugu-
1869 4539 2119 4613 pusculo]
2145 4553 2287 4602 meo.
2326 4552 2458 4609 quo.-
2478 4538 2781 4604 condatur,-
2815 4553 2926 4603 non
2960 4535 3236 4608 superﬂuo
3262 4537 3466 4607 studio,

177 4631 447 4700 riunculo,
473 4633 738 4700 vilissinm
769 4646 935 4703 opere
979 4630 1146 4698 facto,
1177 4639 1470 4694 contentus
1517 4637 1581 4686 ut
1607 4629 1769 4686 habi-
1869 4631 1967 4686 sed
1993 4629 2308 4687 necessario
2324 4637 2530 4695 usu,ut
2549 4627 2661 4688 illic
2678 4637 2930 4685 servetur
2947 4628 3003 4686 in
3023 4627 3175 4684 illum
3196 4628 3340 4686 diem
3359 4644 3469 4701 quo

175 4724 314 4782 ιειιίο
335 4725 458 4782 vitae
486 4723 838 4789 conveniret;
885 4721 1218 4793 superﬂuum
1255 4722 1539 4779 :estimans
1584 4721 1768 4778 seculi
1802 4767 1850 4793 η
1871 4721 2179 4790 corruptela
2206 4719 2325 4775 btec
2348 4725 2598 4774 vertatur
2625 4719 2680 4774 in
2711 4719 3196 4790 incorruptionem,
3232 4728 3288 4776 et
3325 4736 3472 4778 mor-

173 4827 621 4892 .tontemptorem-
649 4817 854 4890 aliquid
893 4816 1087 4884 sutili.
1105 4815 1426 4884 deliciarum
1470 4815 1674 4874 habere
1714 4823 1773 4870 et
1801 4808 1848 4828 ⁵¹
1875 4812 1979 4868 tale
2019 4812 2125 4867 hoc
2152 4811 2408 4867 induatur
2434 4808 2844 4872 immortalitate
2883 4808 2940 4881 (I
2975 4808 3100 4865 Cor.
3143 4826 3236 4877 xv,
3259 4809 3372 4884 53).
3400 4811 3469 4868 Et

176 4911 364 4969 "idere
391 4909 528 4986 (AL,
555 4911 761 4969 habere
797 4909 971 4978 velle;
991 4909 1158 4980 forte,
1189 4909 1276 4965 vel
1320 4907 1506 4981 velle].
1537 4907 1610 4964 At
1637 4907 1769 4965 inibi
1868 4920 2000 4977 para
2025 4912 2078 4959 te
2102 4918 2228 4960 cum
2252 4903 2402 4959 omni
2450 4902 2755 4974 diligentia,
2795 4901 3109 4958 dulcissime
3155 4900 3253 4970 fili,
3283 4911 3346 4959 ut
3373 4905 3467 4964 ubi

175 5010 331 5064 tanta
357 5018 417 5060 se
457 5002 878 5070 mortiﬁcatione
903 5001 1433 5073 carniscastigavit,
1459 5007 1607 5058 mnta
1628 4997 1772 5072 jeju-
1867 4997 1986 5056 dies
2009 4998 2124 5066 illa,
2153 5012 2275 5070 qua:
2301 4995 2438 5054 mihi
2464 4995 2631 5051 modo
2648 4995 3067 5080 appropinquat,
3098 4994 3194 5052 tibi
3224 4995 3465 5054 advene-

1869 5155 1974 5211 sibi
2003 5154 2329 5227 imaginatus
2353 5159 2441 5227 est
2464 5151 2658 5208 silvam
2679 5148 3018 5227 ﬁepiensem
3044 5153 3112 5208 ad
3138 5151 3340 5227 Lisiam
3361 5150 3466 5212 ﬁu-

1873 5228 2038 5288 vium,
2073 5219 2163 5281 ubi
2193 5224 2485 5282 Rieharius
2517 5219 2828 5279 coenobium
2872 5219 3174 5289 Broilense,
3213 5223 3468 5282 hortante

1874 5297 1994 5352 viro
2020 5297 2219 5352 illustri
2267 5296 2580 5365 Mauronto,
2621 5290 2994 5360 aediﬁcaverit,
3029 5294 3357 5365 tandemque
3384 5297 3468 5351 vi-

1875 5377 1984 5432 tam
2017 5365 2090 5423 ibi
2126 5367 2347 5422 ﬁnierit.
2389 5364 2620 5435 Μηιμ..

1943 5436 1970 5476 ει
2013 5436 2400 5504 Monasteritmt
2418 5434 2725 5505 construere
2752 5434 3037 5505 inmigravit.
3060 5434 3215 5492 Nunc
3235 5435 3462 5492 Foreste

1873 5509 2291 5573 monasterium,
2321 5502 2616 5563 vernacule
2648 5502 3124 5572 Forest-Mantier,
3157 5507 3260 5562 etsi
3299 5522 3465 5565 censu

1870 5579 2069 5651 exiguo
2089 5578 2402 5649 praeditum,
2417 5575 2762 5645 multumque
2781 5575 3060 5643 detritum,
3073 5579 3352 5648 proprium
3379 5580 3472 5634 ba-

1870 5648 1964 5704 bet
1984 5649 2260 5706 abbatem.
2289 5648 2586 5705 monachos
2609 5645 2746 5706 0rd.
2776 5644 2836 5701 S.
2882 5644 3015 5701 Ben.
3039 5662 3360 5706 perpaucos.
3385 5648 3462 5704 In.

1947 5664 2260 5715 Laenatem,
2289 5664 2586 5705 monacnos
2609 5664 2746 5706 uru.
2776 5664 2836 5701 δ.
2882 5664 3015 5701 neu.
3039 5664 3360 5774 ger-paucos.
3385 5664 3462 5704 In.

1947 5731 1971 5802 ξ
2009 5717 2143 5802 Cum
2181 5736 2293 5802 suo
2339 5717 2464 5802 σοις).
2499 5717 2880 5802 “militante.
2918 5715 3049 5802 Sigo
3089 5717 3253 5802 artius
3281 5719 3350 5802 .is
3382 5729 3470 5802 est

1872 5789 1958 5845 cui
1997 5797 2120 5874 post
2147 5790 2734 5874 ohitumovir'sanctt‘ts
2781 5789 3054 5874 apparuit,
3093 5789 3296 5874 Διιιχιιρξ
3349 5789 3470 5874 ejus

1871 5859 2162 5931 exsequias
2190 5861 2421 5916 curavit.
2451 5859 2588 5916 Vide
2611 5859 2759 5916 infra
2784 5874 2936 5941 num.
2969 5859 3037 5918 l3
3056 5869 3114 5916 et
3134 5859 3233 5914 HJ
3251 5859 3468 5916 Hariul-

1875 5928 1960 6012 fus
2011 5931 2486 6013 chronographum
2510 5928 2864 6013 _Centulen_sts
2908 5929 3051 5987 hunc
3100 5929 3468 6002 Sygobardum

1876 6003 2022 6078 apice
2038 5999 2333 6067 nobilitatis
2350 5999 2615 6072 fulgidum
2638 6009 2824 6057 vocat.

247 5171 278 5201 ι
296 5156 398 5237 ,Αά
427 5154 718 5237 Luminaria
736 5157 926 5237 doptus
1100 5153 1306 5237 ﬁempe
1333 5151 1578 5209 ecclesiae
1605 5168 1769 5237 quam

219 5250 232 5284 I
259 5227 381 5284 vico
423 5226 650 5282 Centula
690 5225 1029 5288 fundaverat,
1057 5234 1120 5279 ut
1144 5224 1346 5280 dicitur
1381 5238 1532 5294 num.
1563 5238 1680 5294 seq.
1712 5224 1770 5279 ιιι

223 5303 385 5356 bren.
413 5296 655 5363 Centul.,
685 5297 779 5353 lib.
813 5313 884 5358 Iv,
915 5311 1038 5366 cap.
1061 5295 1156 5361 2i,
1180 5295 1381 5366 dicitur
1404 5293 1771 5364 Dagobertum

216 5382 418 5428 omsse
439 5376 637 5422 terram
661 5366 912 5423 vocabulo
936 5365 1306 5436 Campaniam.

249 5442 280 5483 δ
321 5438 509 5494 Alteri.
550 5433 1160 5500 Ocialdovidelicet,'de
1185 5452 1293 5506 quo
1323 5434 1464 5501 infra
1493 5451 1645 5490 num.
1677 5433 1766 5500 Η,

219 5526 343 5567 nem
368 5508 663 5572 Hariulfus,
691 5507 831 5564 libro
860 5525 910 5573 r,
941 5522 1062 5578 cap.
1091 5507 1184 5572 l9,
1225 5507 1405 5561 virum
1431 5506 1687 5576 perfecta:
1713 5513 1770 5560 et

221 5584 424 5638 mirata:
458 5579 767 5635 sanctitatis
787 5587 964 5636 vocat.

253 5665 279 5693 α
324 5650 392 5706 In
419 5649 552 5704 silva
579 5649 944 5706 Crisciacemi.
979 5649 1176 5704 Decem
1205 5647 1443 5702 millibus
1483 5662 1765 5718 passuum,

232 5722 518 5780 :cidentem
544 5737 758 5789 versus,
802 5739 835 5775 a
867 5718 1094 5776 Centula
1134 5720 1302 5774 distat
1352 5719 1468 5774 haec
1519 5720 1676 5774 silva.
1709 5718 1768 5772 ln

235 5795 344 5856 litis
391 5800 648 5863 corrupte
677 5792 962 5863 legebatur
1005 5789 1138 5863 silua
1171 5789 1572 5863 Tristiacensis;
1618 5789 1771 5861 prior

236 5807 344 5856 litis
391 5807 648 5863 corrupte
678 5807 962 5916 ιεῇιυειιιι·
1005 5807 1138 5851 sura
1175 5807 1572 5871 irtsuacensu;
1618 5807 1771 5861 pl'lOl'

236 5867 329 5920 iim
354 5862 539 5924 lectio,
564 5871 702 5918 teste
797 5861 973 5928 abill.,
1004 5861 1234 5931 habetur
1269 5877 1322 5916 ιιι
1348 5860 1603 5931 omnibus
1642 5875 1771 5931 apo-

239 5935 438 6004 ;aphis.‘
471 5932 604 5988 Hinc
635 5930 1378 6004 corrigendushlalhrancus,
1407 5930 1770 6004 _qui_libro'_l_t|

239 6001 252 6063 ἑ
288 6001 544 6068 Morinis,
576 6019 696 6078 cap.
724 6001 818 6069 39‘,
862 6019 930 6058 ex
979 6001 1068 6057 illa
1109 6011 1364 6074 corrupta
1407 6001 1639 6059 lectione
1683 6001 1773 6057 hic
