4112 6590
564 343 667 422 om

1415 347 1475 400 Β.
1516 343 1578 398 F.
1617 335 1841 394 ALBINI
1881 328 2022 388 εει]
2064 326 2344 385 ALCUINI
2385 321 2675 382 OPERUM
2715 316 2901 376 PARS
2938 315 3006 371 Υ.

3761 309 3878 366 1592

566 488 660 551 rit,
700 494 751 538 te
779 487 1026 552 paratum
1074 469 1336 529 inveniat.
1377 465 1491 535 Ego
1519 475 1650 516 vero
1699 452 1976 526 ingredior
2011 436 2166 504 'viam
2196 459 2240 515 Α
2271 456 2514 517 tempore
2551 439 2784 499 vinculis
2825 448 2881 492 et
2916 435 3126 490 catenis
3175 429 3458 487 constricti
3509 426 3729 498 quidam
3771 440 3872 495 per

1755 551 1762 552 ,
1964 545 1973 552 .
2049 544 2080 552 ..
2123 541 2136 552 .
2341 538 2408 552 ...
2515 551 2524 552 ,
2574 532 2903 552 ‘_-__t___._-_
2941 526 3172 552 ..ιιηηηω
3235 537 3355 552 ...ιω
3403 528 3486 552 με.
3527 517 3673 552 ἰηι-οα
3721 517 3872 552 lus-1r

568 541 836 634 universae
870 568 1053 626 carnis
1086 585 1099 621 :
1133 572 1344 620 tantum
1397 555 1529 611 mihi
1583 551 1896 607 misericors
1931 545 2006 600 sit
2048 541 2166 597 Sal-

566 633 725 726 vator
773 662 988 726 inundi;
1033 669 1090 715 et
1134 671 1222 712 me
1263 651 1425 708 modo
1468 644 1724 703 defendat
1749 640 1818 695 ab
1849 641 2041 700 hoste,
2070 633 2163 705 qui

569 777 659 817 me
701 756 831 814 olim
860 725 1092 808 redemit
1125 747 1194 803 ab
1233 746 1420 806 hoste;
1448 746 1504 794 et
1531 749 1692 807 quem
1731 727 2018 802 prmsentis
2045 725 2168 779 vitae

569 852 733 910 habui
761 845 1181 904 consolatorem,
1204 845 1422 892 :eternm
1449 829 1573 882 vitae
1596 824 1726 878 mihi
1751 819 2027 877 inveniam
2057 816 2168 868 lar-

569 907 819 1019 gitorem.
859 939 985 1002 Ila-c
1029 929 1324 1002 discipulus
1358 941 1388 979 a
1431 929 1587 994 patre
1633 916 1881 978 audiens,
1914 907 2171 979 lacrymis

569 1001 842 1112 perfusus,
873 1044 1052 1088 tamen
1081 1031 1345 1099 pramepta
1385 1022 1629 1077 secutus,
1656 1011 1859 1080 lignum
1887 1001 2172 1058 inveniens

573 1094 710 1195 Iidit,
757 1094 1001 1188 cavavit,
1043 1094 1101 1175 et
1142 1114 1358 1186 corpori
1407 1107 1578 1181 patris
1618 1098 1914 1174 cooptavit,
1961 1094 2174 1166 piisque

571 1187 786 1281 ﬂetibus
811 1217 1007 1292 rigavit
1042 1209 1186 1285 quod
1215 1207 1367 1271 fecit,
1399 1206 1538 1274 pen'e
1587 1198 1738 1271 prius
1790 1189 2045 1261 lacrymis
2073 1187 2174 1240 im-

570 1319 727 1390 plcns
755 1287 978 1375 amaris,
1005 1318 1169 1376 quam
1200 1295 1443 1372 paternis
1471 1287 1729 1347 membris
1755 1303 1766 1338 :
1797 1289 2171 1353 aptatamque,

572 1376 635 1467 Iit
675 1407 872 1480 potuit,
927 1395 1322 1468 sarcOphagum
1374 1389 1430 1442 in
1480 1385 1598 1439 loco
1649 1376 1916 1451 praeﬁnito
1952 1389 1982 1425 a
2020 1377 2177 1439 patre

573 1464 900 1572 composuit.
930 1464 1152 1552 Interim
1186 1464 1314 1542 dum
1342 1495 1468 1536 cum
1500 1473 1720 1531 tristitia
1742 1468 1884 1541 patri
1911 1464 2058 1518 ﬁlius
2081 1476 2177 1533 pa-

750 1585 1067 1662 obsequium
1096 1577 1233 1652 ML,
1261 1575 1387 1630 dum
1435 1568 1681 1625 tristia...
1721 1556 2030 1662 obsequia],
2077 1567 2176 1609 va-

575 1648 735 1742 lidior
763 1648 971 1751 patroni
997 1648 1268 1742 coquebat
1301 1660 1615 1722 inﬁrmitas,
1644 1665 1702 1711 et
1733 1654 1788 1708 in
1819 1648 2016 1720 frigido
2053 1659 2180 1701 cor-

575 1774 801 1851 pusculo
839 1771 928 1825 vix
950 1755 1167 1822 halitus
1199 1755 1466 1817 remansit
1501 1760 1812 1810 extremus;
1845 1757 1950 1798 nec
1991 1750 2175 1796 tamen

1322 1846 1362 1851 Α
1404 1847 1415 1851 -
1570 1843 1585 1851 -
1647 1839 1680 1851 ..
1724 1839 1736 1851 .
1858 1834 1873 1851 .
2088 1831 2145 1851 ,ι

576 1817 649 1926 ξιξ
682 1862 946 1923 orationis
995 1853 1234 1912 cessavit
1278 1846 1457 1906 cilicio
1502 1843 1589 1898 vel
1631 1839 1826 1896 divina:
1858 1833 2034 1889 laudis
2079 1831 2176 1886 ob-
2209 1817 2252 1876 Β

576 1961 788 2031 sequia.
857 1955 922 2010 Et
973 1953 1100 2006 dum
1167 1940 1451 2002 salutifero
1496 1934 1739 2006 corporis
1789 1936 1845 1984 et
1894 1923 2177 1997 sanguinis

575 2018 781 2111 Christi
810 2046 1008 2104 viatico
1057 2055 1215 2097 suum
1261 2037 1365 2091 iter
1390 2029 1643 2093 munivit,
1691 2027 1836 2082 inter
1878 2018 2178 2092 gratiarum

576 2151 820 2206 actiones
850 2151 905 2197 et
929 2139 1092 2195 verba
1137 2129 1404 2190 orationis
1450 2143 1503 2181 vt
1535 2119 1764 2178 Kalend.
1795 2115 1920 2171 Maii
1951 2126 1978 2155 ιι
2014 2111 2176 2182 spiri-

580 2255 693 2298 tum
719 2236 931 2299 emisit;
964 2230 1279 2302 positusque
1307 2221 1472 2279 estin
1493 2213 1745 2286 sepulcro
1767 2224 1801 2266 a
1822 2203 2085 2277 discipulo
2122 2202 2178 2256 in

581 2335 703 2387 loco
742 2327 834 2382 ubi
869 2327 983 2398 ipse
1011 2321 1362 2393 perceperat.

654 2419 788 2476 XIV.
831 2393 940 2470 séa
969 2413 1164 2468 mirum
1187 2407 1366 2469 dictu,
1390 2402 1538 2456 inter
1585 2393 1879 2464 exsequias
1920 2395 2181 2460 paternas

579 2512 760 2568 subito
798 2503 1097 2575 discipulus
1143 2510 1343 2568 sopore
1396 2503 1713 2562 oppressus,
1759 2481 1893 2538 vidit
1934 2481 1989 2534 in
2036 2478 2178 2542 visu,

579 2599 736 2674 quasi
766 2567 955 2667 raptus
984 2599 1131 2647 esset
1172 2567 1226 2642 in
1263 2584 1444 2640 aulam
1474 2574 1971 2652 splendidissimam
1999 2567 2180 2624 omni-

579 2663 689 2766 que
713 2691 910 2746 decore
947 2679 1387 2755 pulcherrimam,
1413 2674 1523 2728 imo
1547 2669 1676 2724 solis
1699 2667 1819 2721 luce
1846 2663 2135 2718 clariorem
2165 2678 2178 2713 :

582 2751 640 2843 II)
674 2800 781 2854 qua
810 2751 1030 2837 beatum
1077 2769 1394 2828 lticbarium
1448 2762 1712 2836 praeclaro
1753 2766 1810 2813 et
1833 2753 1994 2811 hilari
2031 2751 2183 2806 vultu

582 2843 720 2932 vidit
765 2872 1099 2928 habitantem
1144 2863 1358 2930 sibique
1406 2857 1720 2925 loquentem
1761 2868 1775 2904 :
1819 2847 1982 2911 Ecce,
2013 2843 2185 2899 frater

585 2962 905 3038 Sigebarde,
920 2957 1134 3027 qualem
1155 2949 1495 3008 mansionem
1509 2940 1834 3015 praeparavit
1851 2936 1984 2990 mihi
2005 2934 2180 2998 Deus;

583 3021 683 3130 pro
702 3052 820 3117 vili,
845 3021 1006 3120 quam
1035 3043 1196 3100 habui
1222 3042 1279 3097 in
1302 3050 1470 3100 terra,
1493 3029 1917 3105 pulcherrimam
1941 3025 1994 3080 in
2017 3021 2179 3089 caelo,

583 3117 684 3221 pro
724 3117 1116 3211 contemptibili
1166 3132 1480 3205 gloriosam,
1511 3142 1609 3197 pro
1637 3125 1869 3178 obscura
1914 3117 2183 3173 lucidissi-

585 3211 752 3303 inam,
803 3242 861 3289 et
908 3247 1007 3302 pro
1057 3228 1269 3282 fumosa
1306 3220 1457 3277 omni
1503 3217 1772 3274 suavitate
1821 3211 2181 3267 renidentem.

587 3331 862 3404 Evigilans
897 3333 1079 3380 autem
1125 3315 1478 3390 Sigobardus,
1521 3310 1695 3367 laetior
1733 3322 1869 3379 opus
1894 3303 2186 3374 exsequia-

587 3397 716 3486 rum
735 3421 986 3496 perfecit,
1011 3419 1121 3472 Deo
1159 3411 1499 3486 providente,
1531 3413 1594 3460 ut
1620 3403 1762 3458 ﬁlius
1791 3397 2186 3464 consolaretur,

587 3528 646 3574 et
661 3495 836 3589 patris
860 3513 910 3566 ei
933 3509 1101 3582 gloria
1132 3503 1531 3561 ostenderetur.
1555 3495 1820 3553 Conditus
1841 3501 1929 3547 est
1953 3505 2102 3562 ergo,
2131 3495 2193 3543 ut

587 3581 838 3684 praedixi,
865 3581 1023 3661 miles
1049 3599 1272 3663 Christi,
1315 3594 1406 3649 ubi
1447 3607 1546 3648 suo
1577 3589 1688 3661 regi
1721 3587 1956 3642 maxime
1984 3581 2190 3637 milita-

592 3676 763 3759 verat.
811 3699 919 3755 Sed
940 3698 970 3738 ιδ
997 3711 1104 3750 non
1134 3692 1305 3747 multo
1340 3695 1466 3759 post
1515 3683 1714 3740 fratres
1742 3697 1773 3736 a
1804 3676 2033 3735 Centula
2068 3689 2188 3729 mo-

590 3797 854 3861 nasterio,
876 3808 1002 3848 cum
1041 3805 1143 3843 suo
1171 3786 1366 3841 abbate
1394 3779 1639 3841 Oeialdc,
1682 3776 1801 3831 viro
1846 3771 2101 3842 religioso
2136 3774 2194 3823 et

591 3890 770 3947 sancti
796 3898 1134 3946 successore,
1151 3882 1438 3940 venerunt,
1455 3880 1546 3928 etc
1564 3883 1763 3939 corpus
1793 3863 1968 3921 sancti
1992 3861 2192 3915 Richa-

592 3983 663 4039 rii
687 3980 946 4041 tulerunt,
987 3979 1395 4047 posueruntque
1424 3966 1479 4020 in
1509 3964 1628 4019 loco
1660 3963 1714 4016 in
1743 3975 1851 4029 quo
1890 3955 2192 4011 etiamnum

594 4089 722 4130 cum
760 4085 955 4141 magna
1001 4065 1320 4122 meritorum
1362 4057 1531 4130 gloria
1560 4051 1876 4123 requiescit.
1912 4047 1989 4102 lbi
2021 4044 2188 4108 enim,

596 4171 890 4238 przestante
922 4161 1053 4223 Deo,
1098 4172 1196 4228 per
1235 4153 1377 4210 servi
1409 4149 1570 4220 182
1617 4146 1703 4202 sui
1746 4141 2004 4212 reliquias
2052 4151 2192 4193 nova

599 4231 798 4328 smpius
825 4254 1120 4310 audiuntur
1154 4247 1418 4304 miracula
1449 4244 1534 4298 edi
1577 4239 1713 4313 ML,
1744 4235 1903 4310 geri],
1950 4241 2013 4288 ut
2057 4231 2193 4287 ﬁdes

601 4327 939 4420 precantium
972 4343 1214 4414 pateﬁat,
1243 4339 1436 4394 merita
1477 4333 1652 4388 sancti
1683 4331 1783 4384 viri
1813 4327 2189 4390 ostendantur,

486 4499 500 4510 ο
601 4449 660 4494 et
687 4440 741 4493 in
763 4453 924 4493 servo
943 4451 1043 4490 suo
1063 4431 1266 4487 Christi
1291 4429 1409 4483 laus
1435 4425 1760 4488 celebretur,
1797 4419 1960 4476 sicuti
1989 4418 2194 4471 dictum

2266 538 2535 609 publicam
2562 532 2903 588 ducebantur
2940 526 3195 598 plateam,
3234 537 3356 594 quat
3401 528 3492 576 est
3520 517 3675 588 juxta
3721 517 3881 572 bear:

2269 628 2507 686 lticharii
2529 625 2817 682 ecclesiam
2844 641 2856 676 :
2884 623 2976 691 qui
3009 633 3134 673 cum
3155 616 3371 671 eminus
3397 615 3465 669 ad
3491 613 3591 668 viri
3615 611 3709 666 Dei
3738 626 3873 682 pre-

2268 732 2526 797 perarent
2548 721 2681 795 [Αι.,
2709 712 3165 792 propinquarent]
3194 711 3477 783 templum,
3508 725 3641 764 voce
3673 723 3879 778 magna

2270 819 2509 874 clamare
2547 819 2869 882 coeperunt:
2905 809 3108 864 Sancte
3156 803 3398 868 lticbari,
3438 799 3586 856 salva
3634 800 3764 854 nos!
3812 799 3887 853 Et

2272 909 2476 974 statim,
2503 905 2678 977 ruptis
2703 900 2960 966 vinculis,
2991 896 3225 953 absoluti
3253 902 3399 949 sunt.

2341 1020 2482 1077 XVI.
2544 1020 2679 1074 Item
2720 1015 2904 1072 clades
2951 1026 3170 1083 magna,
3219 1023 3385 1080 quam
3431 1022 3762 1062 venenosam
3805 1006 3890 1058 la-

2273 1123 2480 1170 certam
2510 1117 2730 1172 vocant,
2774 1107 2932 1178 longe
2968 1104 3185 1173 lateque
3226 1109 3404 1155 morte
3431 1113 3618 1153 amara
3662 1097 3888 1152 habita-

2276 1213 2423 1258 tores
2446 1209 2605 1255 terrze
2643 1194 2938 1261 interﬁcit,
2970 1202 3027 1248 et
3058 1193 3148 1246 vix
3179 1190 3250 1246 ab
3273 1205 3336 1246 ea
3369 1199 3548 1244 tactus
3571 1187 3728 1242 vivus
3755 1202 3891 1241 cva-

2275 1297 2366 1352 sit.
2417 1296 2831 1360 Pcrcussusque
2873 1296 2961 1344 est
2993 1303 3058 1342 ea
3093 1293 3248 1356 peste
3289 1283 3510 1353 quidam
3549 1298 3581 1336 e
3623 1281 3894 1336 fratribus

2277 1388 2452 1445 sancti
2495 1383 2769 1449 Richarii,
2818 1381 2910 1452 qui
2957 1380 3086 1434 licet
3126 1385 3360 1432 mortem
3397 1375 3612 1428 timeret
3659 1381 3895 1443 propter

2277 1481 2509 1545 cladem,
2540 1478 2710 1532 vitam
2735 1485 2921 1531 tamen
2948 1483 3057 1527 neu
3085 1469 3399 1540 desperavit
3435 1477 3658 1538 propter
3700 1476 3896 1536 patro-

2279 1590 2429 1631 num.
2476 1573 2619 1642 Ergo
2667 1569 2822 1642 quasi
2872 1568 2942 1622 ad
2996 1573 3148 1621 certa
3192 1561 3449 1632 sull‘ragia
3498 1557 3894 1615 comitantibus

2279 1664 2559 1729 fratribus,
2607 1660 2849 1717 cucurrit
2893 1657 2961 1714 ad
2995 1656 3306 1728 sepulcrum
3348 1654 3452 1709 viri
3503 1653 3598 1708 Dei
3641 1671 3654 1706 :
3702 1651 3896 1722 ibique

2282 1759 2645 1816 communiter
2685 1757 2933 1811 oratione
2973 1752 3140 1817 facta,
3192 1759 3249 1807 et
3295 1751 3411 1819 ipse
3455 1746 3716 1802 liberatus
3741 1754 3834 1800 est
3860 1761 3895 1798 a

2279 1859 2477 1914 morte,
2517 1856 2573 1902 et
2597 1860 2790 1900 omnes
2815 1841 3024 1898 defensi
3050 1849 3180 1896 sunt
3205 1855 3236 1893 a
3263 1838 3445 1909 plaga,
3473 1852 3576 1891 nec
3595 1835 3793 1905 aliquis
3816 1850 3891 1890 ex

2280 1943 2386 2000 illis
2419 1938 2678 1996 fratribus
2722 1933 3002 1990 mortifera
3043 1931 3212 1987 cladis
3251 1928 3368 1998 ejus
3412 1929 3721 1984 vastatione
3763 1943 3895 1997 per-

2278 2050 2474 2091 cussus
2497 2039 2601 2087 est.
2630 2030 2742 2084 Nec
2769 2026 2946 2084 solum
2971 2025 3046 2080 illi
3069 2023 3283 2078 liberati
3307 2029 3458 2087 sunt,
3482 2020 3576 2076 sed
3603 2028 3662 2074 et
3687 2019 3736 2075 si
3765 2021 3897 2090 quis

2278 2142 2311 2182 a
2351 2125 2512 2196 longe
2549 2121 2798 2185 veniens,
2845 2117 3003 2190 plaga
3045 2123 3227 2170 tactus
3267 2111 3552 2184 pestifera,
3605 2111 3675 2166 ad
3713 2109 3901 2165 sancti

2280 2217 2523 2275 Richarii
2560 2231 2687 2271 cum
2732 2213 2839 2269 ﬁde
2874 2211 3045 2283 fugiat
3071 2209 3344 2274 solatium,
3376 2207 3545 2261 etiam
3575 2219 3701 2260 cum
3735 2201 3899 2257 clade

2281 2310 2473 2366 mortis
2504 2306 2686 2361 evadit
2704 2303 3024 2375 periculum.

2353 2399 2516 2457 XVII.
2549 2397 2704 2456 Unde
2748 2395 2972 2465 intelligi
3015 2392 3178 2449 datm
3224 2399 3486 2460 quantam
3517 2388 3721 2444 habeat
3748 2385 3900 2456 apud

2282 2493 2455 2550 Deum
2480 2496 2808 2563 potestatem
2837 2502 2937 2558 pro
2973 2487 3179 2540 nostris
3224 2482 3596 2538 intercedendi
3627 2480 3901 2557 peccatis,

2281 2589 2328 2643 si
2357 2602 2482 2642 cum
2509 2584 2613 2640 fide
2637 2581 2936 2638 clamemus
2962 2579 3031 2634 ad
3073 2576 3244 2644 illum,
3274 2577 3366 2648 qui
3401 2585 3551 2631 tanta
3579 2584 3664 2630 est
3686 2574 3900 2628 virtute

2281 2679 2541 2753 praeditus
2565 2671 2868 2757 depellendi
2892 2673 3109 2729 morbos
3137 2671 3207 2726 ab
3251 2671 3358 2727 illis
3397 2670 3488 2741 qui
3518 2683 3640 2723 cum
3665 2666 3772 2722 ﬁde
3801 2680 3900 2721 ve-

2278 2777 2444 2855 niunt
2467 2774 2534 2830 ad
2555 2787 2701 2828 eum.
2724 2769 2861 2824 Nam
2889 2776 3040 2841 patet
3069 2781 3138 2822 ex
3165 2763 3468 2829 miraculis,
3510 2761 3688 2832 qualis
3718 2759 3794 2815 sit
3826 2774 3899 2815 ex

2283 2865 2516 2930 meritis,
2559 2869 2618 2917 et
2661 2865 2912 2914 anteacta
2957 2857 3069 2910 vita
3116 2853 3371 2927 fulgescit
3410 2853 3465 2908 in
3503 2865 3668 2924 opere
3704 2849 3894 2905 subse~

2284 2956 2504 3029 quenti,
2536 2956 2608 3009 ita
2636 2960 2696 3006 ut
2735 2966 2846 3006 non
2891 2949 2964 3004 sit
3007 2961 3147 3019 epus
3193 2945 3450 3003 dubitare
3485 2942 3555 2998 de
3582 2941 3901 3007 sanctitate,

2286 3050 2418 3106 dum
2469 3055 2654 3104 tantus
2697 3044 2866 3100 estin
2913 3043 3134 3098 virtute.
3178 3039 3468 3112 Intelligite
3509 3037 3660 3104 hinc,
3695 3034 3904 3092 fratres

2209 3177 2258 3241 ο
2286 3139 2620 3241 charissimi,
2649 3137 2745 3209 qui
2768 3151 2978 3241 pauper
3009 3133 3184 3189 voluit
3201 3147 3332 3241 esse
3367 3145 3467 3202 pro
3489 3129 3729 3194 Christo,
3762 3141 3900 3196 qua-

2291 3236 2370 3292 les
2398 3233 2559 3289 modo
2580 3231 2779 3287 habeat
2810 3228 3026 3284 divitias
3053 3241 3181 3282 cum
3199 3221 3421 3280 Christo
3445 3240 3460 3276 :
3489 3227 3546 3275 et
3572 3219 3666 3290 qui
3691 3216 3904 3290 appetit

2289 3344 2414 3386 esse
2461 3320 2891 3396 contemptibilis
2916 3321 3066 3377 inter
3099 3318 3377 3384 homines,
3425 3329 3590 3386 quam
3627 3311 3903 3385 gloriosus

2289 3431 2483 3498 regnet
2509 3423 2654 3478 inter
2674 3418 2918 3492 angelos,
2943 3417 3232 3482 honorem,
3261 3429 3425 3485 quem
3455 3411 3595 3485 fugit
3622 3410 3677 3466 in
3710 3409 3902 3476 terris,

2290 3533 2440 3574 nunc
2469 3515 2758 3588 possidens
2784 3511 3101 3570 felicissime
3143 3509 3200 3566 in
3245 3507 3420 3564 ctelis.
3444 3504 3790 3577 Quapropter
3820 3503 3905 3559 di-

2291 3626 2458 3684 gnum
2483 3618 2570 3666 est
2601 3607 2759 3664 ut-ab
2785 3606 3041 3663 omnibus
3077 3600 3492 3667 honoriﬁcetur,
3525 3601 3619 3672 qui
3654 3598 3905 3655 omnium

2291 3703 2582 3760 Dominum
2605 3715 2822 3771 semper
2843 3698 3050 3753 amavit
3071 3715 3084 3751 :
3110 3693 3438 3769 prepensius
3458 3701 3642 3746 tamen
3659 3704 3691 3743 a
3715 3687 3902 3754 nobis,

2290 3793 2386 3864 qui
2413 3791 2530 3861 ejus
2557 3789 2772 3862 corpori
2799 3787 3108 3844 assistimus
3148 3783 3176 3826 ἀ
3207 3803 3220 3839 :
3260 3791 3534 3855 quatenus
3573 3795 3716 3851 quos
3758 3775 3905 3834 ﬁlios

2291 3884 2480 3957 genuit
2506 3883 2563 3937 in
2585 3880 2871 3947 doctrinis,
2900 3878 3094 3951 dignos
3129 3876 3408 3948 possideat
3435 3873 3678 3930 hatredes
3700 3872 3756 3927 in
3782 3886 3898 3927 me~

2292 3976 2432 4032 ritis.
2460 3974 2574 4030 Nec
2596 3972 2672 4028 illi
2705 3978 2916 4027 tantum
2943 3969 3170 4042 prodest
3206 3975 3397 4022 nostra
3431 3963 3689 4030 laudatio,
3727 3977 3902 4032 quan-

2293 4080 2408 4126 tum
2437 4068 2596 4125 nobis
2637 4065 2756 4136 ejus
2791 4064 3042 4120 imitatio.
3095 4061 3264 4133 Magis
3311 4059 3386 4115 illi
3430 4058 3612 4130 placet
3653 4058 3906 4112 imitator

2293 4163 2541 4236 devotus,
2583 4173 2747 4228 quam
2795 4156 3046 4211 laudator
3076 4154 3303 4210 otiosus.
3340 4151 3517 4216 Unde,
3545 4149 3744 4206 fratres
3768 4150 3904 4205 cha-

2291 4253 2516 4317 rissimi,
2559 4260 2616 4306 ct
2642 4247 2975 4305 sanctissimi
3011 4245 3225 4312 Patres,
3268 4251 3325 4298 et
3367 4242 3464 4298 ﬁlii
3489 4239 3903 4314 iucundissimi,

2295 4345 2568 4414 totiusque
2619 4348 2822 4396 sancta!
2876 4335 3316 4410 congregationis
3361 4333 3628 4406 populus,
3675 4330 3767 4401 qui
3833 4332 3904 4386 ad

2295 4436 2432 4490 tanti
2456 4433 2670 4504 patroni
2715 4429 2853 4486 festa
2882 4427 3239 4492 convenistis,
3268 4424 3461 4496 dignos
3503 4439 3600 4477 vos
3630 4420 3815 4484 facite,
3844 4429 3906 4475 ut

603 4538 728 4584 est:
761 4526 997 4581 Laudato
1029 4523 1309 4577 Dominum
1334 4520 1391 4572 in
1428 4515 1623 4571 sanctis
1653 4513 1766 4582 ejus
1799 4508 1971 4582 (Psal.
2002 4524 2090 4571 CL,
2119 4504 2191 4577 I).
2225 4539 2274 4597 υ
2301 4529 2444 4583 Dens
2488 4525 2833 4596 omnipotens
2883 4537 2983 4597 per
3024 4518 3143 4589 eius
3188 4516 3633 4580 intercessiones,
3682 4522 3904 4568 vestras

675 4641 793 4699 XV.
817 4638 1047 4707 Quidam
1072 4642 1410 4697 contractus,
1443 4644 1672 4699 corpore
1711 4623 1925 4687 debilis,
1954 4620 2051 4676 sed
2092 4618 2198 4672 fide

607 4734 882 4798 robustus,
908 4727 1290 4799 frequentabat
1313 4722 1518 4778 orando
1544 4717 1718 4774 sancti
1744 4717 1838 4772 Dei
1860 4711 2193 4783 sepulcrum:

606 4827 699 4898 qui
727 4832 911 4896 optata
932 4822 1164 4876 Sanitatc
1185 4816 1362 4872 subito
1383 4820 1624 4882 recepta,
1651 4809 1800 4863 dedit
1818 4804 2042 4878 gloriam
2065 4803 2198 4867 Deo,

605 4918 752 4989 quod
781 4915 1028 4971 infirmus
1057 4912 1316 4972 venisset,
1346 4915 1402 4961 et
1428 4920 1595 4960 sanus
1633 4900 1928 4957 recederet.
1963 4896 2018 4951 In
2046 4893 2199 4962 cujus

608 5005 857 5066 miraculi
882 5003 1198 5058 memoriam
1233 5014 1405 5068 usque
1435 4995 1594 5051 hodie
1633 4988 2004 5047 sustentacula
2045 4987 2200 5041 infir-

610 5097 814 5154 mitatis
855 5095 996 5149 illius
1044 5092 1283 5164 pendent
1331 5089 1383 5142 in
1435 5084 1664 5141 ecclesia
1714 5081 1889 5138 sancti
1936 5077 2197 5133 Ricbarii.

611 5190 722 5245 Sed
767 5196 824 5243 et
867 5184 1143 5240 multoties
1189 5178 1505 5235 dmmoniaci
1553 5175 1624 5229 ad
1662 5188 1860 5243 corpus
1889 5168 2062 5225 sancti
2107 5167 2202 5222 Dei

611 5295 834 5336 suorum
854 5276 1114 5346 obsequio
1139 5270 1378 5335 deducti,
1400 5268 1581 5325 divina
1605 5264 1942 5321 concedente
1961 5260 2200 5316 clemen-

610 5373 711 5438 tia,
735 5385 768 5426 a
797 5368 1084 5424 vexatione
1109 5363 1330 5434 maligni
1356 5360 1578 5429 spiritus
1617 5356 1933 5412 liberantur.
1959 5350 2201 5416 Quodam

688 5560 717 5590 ι
749 5545 1003 5618 Spirith
1028 5541 1401 5618 emitit.__z_inno
1435 5536 1688 5618 videlicet
1723 5529 2204 5618 terteuChristiame

616 5617 742 5683 6I5,
765 5604 844 5672 uti
866 5615 1061 5686 probat
1086 5611 1426 5686 HabilIOnius
1448 5609 1484 5686 l_.
1510 5608 1769 5686 cit.,_pag.
1795 5604 1915 5658 I96.

690 5671 884 5742 δ’Νωὶ
925 5685 1089 5740 inulto
1129 5693 1266 5754 post.
1327 5671 1805 5754 Spatio_qu_iittﬁie
1840 5671 2105 5754 mensium
2151 5677 2206 5723 et

617 5741 902 5815 duodecim
926 5741 1157 5818 dicrum',
1188 5755 1240 5806 id
1267 5741 1425 5813 estIn
1453 5765 1504 5803 vt
1533 5741 1649 5801 Kal.
1686 5741 1806 5818 Maii
1840 5757 2010 5818 usque
2035 5741 2100 5818 ad
2127 5757 2203 5818 vn

619 5811 746 5889 iiiis}
763 5811 1026 5886 Octobris.
1065 5811 1377 5880 Botuuocs
1423 5837 1487 5876 ea:
1515 5819 1634 5874 aliis
1671 5817 1813 5872 Actis
1853 5811 2198 5884 interpolatis.

2301 4620 2553 4676 exaudiat
2575 4617 2871 4673 orationes.
2893 4611 3100 4670 Omate
3133 4609 3494 4680 vosmetipsos
3522 4605 3750 4678 spiritali
3782 4607 3906 4675 pul-

2299 4710 2628 4772 chritudine,
2659 4705 3118 4777 supereminentis
3155 4700 3442 4757 charitatis
3465 4698 3656 4771 gloria,
3686 4697 3903 4752 victrici

2300 4802 2424 4858 ﬁdei
2453 4799 2790 4864 fortitudine,
2819 4807 2876 4854 et
2907 4813 3004 4867 spe
3043 4793 3368 4850 suavissima
3401 4791 3469 4846 de
3493 4789 3696 4845 Christi
3734 4787 3902 4843 boni-

2301 4904 2438 4959 tate;
2469 4901 2759 4962 scquentes
2789 4905 3008 4960 semper
3048 4895 3360 4943 sanctorum
3396 4884 3616 4939 Patrum
3648 4883 3898 4953 vestigia,

2299 4996 2360 5041 ut
2393 5002 2493 5056 per
2516 4999 2703 5040 eorum
2743 4981 3050 5053 gradientes
3086 4977 3356 5048 exempla,
3395 4974 3607 5029 illorum
3637 4971 3900 5026 societate

2301 5075 2446 5147 digni
2470 5072 2777 5130 efﬁciamini
2808 5089 2820 5123 :
2848 5079 2904 5124 et
2925 5067 3226 5125 secundum
3248 5063 3564 5137 Apostolum
3583 5062 3901 5131 abnegantes

2300 5169 2617 5240 impietatem
2645 5174 2694 5220 et
2729 5162 3012 5218 saecularia
3051 5159 3338 5225 desideria,
3368 5156 3561 5220 sobrie,
3591 5165 3638 5210 et
3659 5155 3824 5225 juste,
3851 5165 3900 5209 et

2300 5260 2384 5330 pie
2405 5259 2639 5312 vivamus
2663 5256 2718 5309 in
2746 5255 2844 5308 hoc
2873 5253 3086 5316 sa'culo,
3119 5259 3475 5322 exspectantes
3506 5249 3712 5303 beatam
3754 5263 3898 5317 spem

2301 5359 2351 5402 et
2392 5347 2670 5402 adventum
2712 5344 2894 5418 gloriae
2937 5343 3114 5413 magni
3155 5341 3255 5396 Dei
3296 5350 3345 5395 et
3395 5338 3683 5394 Saluatoris
3731 5338 3901 5391 nostri

2376 5536 2396 5567 '-
2431 5526 2632 5595 Corpus
2655 5523 2716 5595 S.
2741 5521 2996 5595 Richarii.
3020 5518 3104 5573 Ab
3125 5517 3274 5595 omni
3299 5514 3644 5595 corruptione
3663 5511 3899 5595 Ιῲιξῃιηι

2304 5601 2442 5653 sicut
2471 5580 2715 5721 ῗ1›’(ξῖξ3ἰ
2739 5593 3026 5648 dilectione
3051 5589 3232 5645 sahculi
3273 5603 3371 5643 cor
3413 5580 3736 5657 possederat
3762 5580 3902 5637 libe-

2303 5685 2444 5724 ιἰιιιι.
2502 5684 2598 5721 IL!
2636 5684 2652 5719 1
2699 5704 2711 5718 .

2372 5739 2399 5778 d
2441 5737 2699 5792 Alcuinus
2750 5735 2866 5790 haec
2912 5732 3048 5788 dicit
3087 5745 3155 5787 ex
3208 5743 3440 5801 persona
3508 5725 3901 5782 monachorum

2305 5808 2732 5866 Centulensium.
