  <div class='ocr_page' id='page_1' title='image "/cluster/home/n/w/nwhite01/storage/ocr_20150623/101/umn.31951002477394h/360.png"; bbox 0 0 4112 6648; ppageno 0'>
   <div class='ocr_carea' id='block_1_1' title="bbox 267 500 368 561">
    <p class='ocr_par' dir='ltr' id='par_1_1' title="bbox 267 500 368 561">
     <span class='ocr_line' id='line_1_1' title="bbox 267 500 368 561; baseline 0.04 -4"><span class='ocrx_word' id='word_1_1' title='bbox 267 500 368 561; x_wconf 73' lang='grc'><strong>693</strong></span> 
     </span>
    </p>
   </div>
   <div class='ocr_carea' id='block_1_2' title="bbox 259 610 1851 703">
    <p class='ocr_par' dir='ltr' id='par_1_2' title="bbox 259 610 1851 703">
     <span class='ocr_line' id='line_1_2' title="bbox 259 610 1851 703; baseline 0.017 -35"><span class='ocrx_word' id='word_1_2' title='bbox 259 610 389 669; x_wconf 70' lang='lat' dir='ltr'><strong>Jcsu</strong></span> <span class='ocrx_word' id='word_1_3' title='bbox 421 615 636 685; x_wconf 78' lang='lat' dir='ltr'><strong>Christi,</strong></span> <span class='ocrx_word' id='word_1_4' title='bbox 661 624 751 692; x_wconf 82' lang='lat' dir='ltr'><strong>qui</strong></span> <span class='ocrx_word' id='word_1_5' title='bbox 790 624 930 679; x_wconf 73' lang='lat' dir='ltr'><strong>dedit</strong></span> <span class='ocrx_word' id='word_1_6' title='bbox 963 631 1296 699; x_wconf 80' lang='lat' dir='ltr'><strong>semetipsum</strong></span> <span class='ocrx_word' id='word_1_7' title='bbox 1335 651 1429 703; x_wconf 84' lang='lat' dir='ltr'><strong>pro</strong></span> <span class='ocrx_word' id='word_1_8' title='bbox 1471 635 1638 701; x_wconf 78' lang='lat' dir='ltr'><strong>nobis,</strong></span> <span class='ocrx_word' id='word_1_9' title='bbox 1671 650 1727 691; x_wconf 77' lang='lat' dir='ltr'><strong>ut</strong></span> <span class='ocrx_word' id='word_1_10' title='bbox 1757 657 1851 695; x_wconf 84' lang='lat' dir='ltr'><strong>nos</strong></span> 
     </span>
    </p>
   </div>
   <div class='ocr_carea' id='block_1_3' title="bbox 258 707 1850 805">
    <p class='ocr_par' dir='ltr' id='par_1_3' title="bbox 258 707 1850 805">
     <span class='ocr_line' id='line_1_3' title="bbox 258 707 1850 805; baseline 0.016 -42"><span class='ocrx_word' id='word_1_11' title='bbox 258 707 532 765; x_wconf 61' lang='lat' dir='ltr'><strong>redimeret</strong></span> <span class='ocrx_word' id='word_1_12' title='bbox 569 714 634 767; x_wconf 88' lang='lat' dir='ltr'><strong>ab</strong></span> <span class='ocrx_word' id='word_1_13' title='bbox 669 717 811 771; x_wconf 81' lang='lat' dir='ltr'><strong>omni</strong></span> <span class='ocrx_word' id='word_1_14' title='bbox 838 718 1129 791; x_wconf 73' lang='lat' dir='ltr'><strong>iniquitate,</strong></span> <span class='ocrx_word' id='word_1_15' title='bbox 1171 735 1219 778; x_wconf 86' lang='lat' dir='ltr'><strong>et</strong></span> <span class='ocrx_word' id='word_1_16' title='bbox 1248 727 1527 784; x_wconf 70' lang='lat' dir='ltr'><strong>mandaret</strong></span> <span class='ocrx_word' id='word_1_17' title='bbox 1562 731 1662 787; x_wconf 80' lang='lat' dir='ltr'><strong>sibi</strong></span> <span class='ocrx_word' id='word_1_18' title='bbox 1685 751 1850 805; x_wconf 83' lang='lat' dir='ltr'><strong>papu-</strong></span> 
     </span>
    </p>
   </div>
   <div class='ocr_carea' id='block_1_4' title="bbox 260 855 1807 893">
    <p class='ocr_par' dir='ltr' id='par_1_4' title="bbox 260 855 1807 893">
     <span class='ocr_line' id='line_1_4' title="bbox 260 855 1807 893; baseline -0.001 -22"><span class='ocrx_word' id='word_1_19' title='bbox 260 855 1807 893; x_wconf 48' lang='lat' dir='ltr'><strong>MM</strong></span> 
     </span>
    </p>
   </div>
   <div class='ocr_carea' id='block_1_5' title="bbox 969 513 2846 594">
    <p class='ocr_par' dir='ltr' id='par_1_5' title="bbox 969 513 2846 594">
     <span class='ocr_line' id='line_1_5' title="bbox 969 513 2846 594; baseline 0.013 -25"><span class='ocrx_word' id='word_1_20' title='bbox 969 513 1550 576; x_wconf 70' lang='lat' dir='ltr'><strong>HAGIOGRAPHICA.</strong></span> <span class='ocrx_word' id='word_1_21' title='bbox 1594 554 1664 562; x_wconf 85' lang='lat'><strong>—-</strong></span> <span class='ocrx_word' id='word_1_22' title='bbox 1706 525 1866 580; x_wconf 75' lang='lat' dir='ltr'><strong>VITA</strong></span> <span class='ocrx_word' id='word_1_23' title='bbox 1908 527 1964 583; x_wconf 90' lang='lat' dir='ltr'><strong>S.</strong></span> <span class='ocrx_word' id='word_1_24' title='bbox 2007 528 2485 591; x_wconf 71' lang='lat' dir='ltr'><strong>WILLIBRORDI.</strong></span> <span class='ocrx_word' id='word_1_25' title='bbox 2527 568 2598 577; x_wconf 90' lang='lat'><strong>——</strong></span> <span class='ocrx_word' id='word_1_26' title='bbox 2636 538 2762 593; x_wconf 85' lang='lat' dir='ltr'><strong>LIB.</strong></span> <span class='ocrx_word' id='word_1_27' title='bbox 2805 539 2846 594; x_wconf 86' lang='lat' dir='ltr'><strong>l.</strong></span> 
     </span>
    </p>
   </div>
   <div class='ocr_carea' id='block_1_6' title="bbox 3452 548 3556 603">
    <p class='ocr_par' dir='ltr' id='par_1_6' title="bbox 3452 548 3556 603">
     <span class='ocr_line' id='line_1_6' title="bbox 3452 548 3556 603; baseline -0.019 0"><span class='ocrx_word' id='word_1_28' title='bbox 3452 548 3556 603; x_wconf 71' lang='grc'><strong>691»</strong></span> 
     </span>
    </p>
   </div>
   <div class='ocr_carea' id='block_1_7' title="bbox 1880 634 3547 735">
    <p class='ocr_par' dir='ltr' id='par_1_7' title="bbox 1880 634 3547 735">
     <span class='ocr_line' id='line_1_7' title="bbox 1880 634 3547 735; baseline 0.015 -39"><span class='ocrx_word' id='word_1_29' title='bbox 1880 656 1927 712; x_wconf 71' lang='grc' dir='ltr'><em>Α</em></span> <span class='ocrx_word' id='word_1_30' title='bbox 1957 644 2065 698; x_wconf 87' lang='lat' dir='ltr'><strong>(um</strong></span> <span class='ocrx_word' id='word_1_31' title='bbox 2095 649 2484 718; x_wconf 80' lang='lat' dir='ltr'><strong>acceptabilem,</strong></span> <span class='ocrx_word' id='word_1_32' title='bbox 2535 664 2842 709; x_wconf 79' lang='lat' dir='ltr'><strong>sectatorem</strong></span> <span class='ocrx_word' id='word_1_33' title='bbox 2890 656 3143 712; x_wconf 65' lang='lat' dir='ltr'><strong>bonorum</strong></span> <span class='ocrx_word' id='word_1_34' title='bbox 3174 634 3385 731; x_wconf 77' lang='lat' dir='ltr'><strong>operum</strong></span> <span class='ocrx_word' id='word_1_35' title='bbox 3417 663 3547 735; x_wconf 82' lang='lat' dir='ltr'><strong>(Tit.</strong></span> 
     </span>
    </p>
   </div>
   <div class='ocr_carea' id='block_1_8' title="bbox 1957 738 3547 814">
    <p class='ocr_par' dir='ltr' id='par_1_8' title="bbox 1957 738 3547 814">
     <span class='ocr_line' id='line_1_8' title="bbox 1957 738 3547 814; baseline 0.013 -24"><span class='ocrx_word' id='word_1_36' title='bbox 1957 753 2019 802; x_wconf 85' lang='grc' dir='ltr'><strong>ιι,</strong></span> <span class='ocrx_word' id='word_1_37' title='bbox 2048 738 2163 810; x_wconf 75' lang='lat' dir='ltr'><strong>i2),</strong></span> <span class='ocrx_word' id='word_1_38' title='bbox 2195 741 2283 795; x_wconf 90' lang='lat' dir='ltr'><strong>cui</strong></span> <span class='ocrx_word' id='word_1_39' title='bbox 2328 749 2410 797; x_wconf 88' lang='lat' dir='ltr'><strong>est</strong></span> <span class='ocrx_word' id='word_1_40' title='bbox 2444 742 2611 814; x_wconf 83' lang='lat' dir='ltr'><strong>gloria</strong></span> <span class='ocrx_word' id='word_1_41' title='bbox 2646 747 2697 799; x_wconf 91' lang='lat' dir='ltr'><strong>in</strong></span> <span class='ocrx_word' id='word_1_42' title='bbox 2745 748 2941 801; x_wconf 69' lang='lat' dir='ltr'><strong>Steeula</strong></span> <span class='ocrx_word' id='word_1_43' title='bbox 2987 750 3325 807; x_wconf 74' lang='lat' dir='ltr'><strong>szrculorum.</strong></span> <span class='ocrx_word' id='word_1_44' title='bbox 3354 754 3547 811; x_wconf 84' lang='lat' dir='ltr'><strong>Amen.</strong></span> 
     </span>
    </p>
   </div>
   <div class='ocr_carea' id='block_1_9' title="bbox 1050 928 2735 1152">
    <p class='ocr_par' dir='ltr' id='par_1_9' title="bbox 1050 928 2735 1152">
     <span class='ocr_line' id='line_1_9' title="bbox 1050 928 2735 1152; baseline 0.008 -31"><span class='ocrx_word' id='word_1_45' title='bbox 1050 1009 1493 1125; x_wconf 84' lang='lat' dir='ltr'>OPUSC</span> <span class='ocrx_word' id='word_1_46' title='bbox 1515 1014 1903 1128; x_wconf 87' lang='lat' dir='ltr'><strong>ULUM</strong></span> <span class='ocrx_word' id='word_1_47' title='bbox 1990 928 2735 1152; x_wconf 72' lang='lat' dir='ltr'><strong>QUARTUM.</strong></span> 
     </span>
    </p>
   </div>
   <div class='ocr_carea' id='block_1_10' title="bbox 491 1243 3305 1397">
    <p class='ocr_par' dir='ltr' id='par_1_10' title="bbox 491 1243 3305 1397">
     <span class='ocr_line' id='line_1_10' title="bbox 491 1243 3305 1397; baseline 0.01 -28"><span class='ocrx_word' id='word_1_48' title='bbox 491 1243 620 1373; x_wconf 83' lang='lat' dir='ltr'><strong>DE</strong></span> <span class='ocrx_word' id='word_1_49' title='bbox 698 1243 1101 1375; x_wconf 71' lang='lat' dir='ltr'><strong>lllTAS.</strong></span> <span class='ocrx_word' id='word_1_50' title='bbox 1194 1248 1905 1381; x_wconf 77' lang='lat' dir='ltr'><strong>WlLLlBRORDI</strong></span> <span class='ocrx_word' id='word_1_51' title='bbox 1993 1254 2741 1387; x_wconf 73' lang='lat' dir='ltr'><strong>TRAJECTENSIS</strong></span> <span class='ocrx_word' id='word_1_52' title='bbox 2826 1266 3305 1397; x_wconf 76' lang='lat' dir='ltr'><strong>EPISCOPI</strong></span> 
     </span>
    </p>
   </div>
   <div class='ocr_carea' id='block_1_11' title="bbox 1555 1506 2174 1581">
    <p class='ocr_par' dir='ltr' id='par_1_11' title="bbox 1555 1506 2174 1581">
     <span class='ocr_line' id='line_1_11' title="bbox 1555 1506 2174 1581; baseline 0.005 -3"><span class='ocrx_word' id='word_1_53' title='bbox 1555 1506 1861 1581; x_wconf 81' lang='lat' dir='ltr'><strong>LIBRI</strong></span> <span class='ocrx_word' id='word_1_54' title='bbox 1916 1506 2174 1581; x_wconf 83' lang='lat' dir='ltr'><strong>DUO.</strong></span> 
     </span>
    </p>
   </div>
   <div class='ocr_carea' id='block_1_12' title="bbox 1798 1685 1990 1699">
    <p class='ocr_par' dir='ltr' id='par_1_12' title="bbox 1798 1685 1990 1699">
     <span class='ocr_line' id='line_1_12' title="bbox 1798 1685 1990 1699; baseline 0.005 -3"><span class='ocrx_word' id='word_1_55' title='bbox 1798 1685 1990 1699; x_wconf 40' lang='lat' dir='ltr'><strong>ﬂ</strong></span> 
     </span>
    </p>
   </div>
   <div class='ocr_carea' id='block_1_13' title="bbox 744 1776 1332 1848">
    <p class='ocr_par' dir='ltr' id='par_1_13' title="bbox 744 1776 1332 1848">
     <span class='ocr_line' id='line_1_13' title="bbox 744 1776 1332 1848; baseline -0.009 -13"><span class='ocrx_word' id='word_1_56' title='bbox 744 1778 902 1848; x_wconf 72' lang='lat'><strong>133</strong></span> <span class='ocrx_word' id='word_1_57' title='bbox 944 1776 1332 1835; x_wconf 79' lang='lat' dir='ltr'><strong>PROLOGUS.</strong></span> 
     </span>
    </p>
   </div>
   <div class='ocr_carea' id='block_1_14' title="bbox 309 1868 1829 1941">
    <p class='ocr_par' dir='ltr' id='par_1_14' title="bbox 309 1868 1829 1941">
     <span class='ocr_line' id='line_1_14' title="bbox 309 1868 1829 1941; baseline 0.002 -18"><span class='ocrx_word' id='word_1_58' title='bbox 309 1868 538 1924; x_wconf 87' lang='lat' dir='ltr'><strong>Domino</strong></span> <span class='ocrx_word' id='word_1_59' title='bbox 565 1868 786 1936; x_wconf 75' lang='lat' dir='ltr'><strong>eximio,</strong></span> <span class='ocrx_word' id='word_1_60' title='bbox 823 1870 1117 1926; x_wconf 78' lang='lat' dir='ltr'><strong>venerabili</strong></span> <span class='ocrx_word' id='word_1_61' title='bbox 1148 1880 1311 1941; x_wconf 88' lang='lat' dir='ltr'><strong>atque</strong></span> <span class='ocrx_word' id='word_1_62' title='bbox 1340 1870 1593 1926; x_wconf 82' lang='lat' dir='ltr'><strong>laudabili</strong></span> <span class='ocrx_word' id='word_1_63' title='bbox 1624 1871 1829 1926; x_wconf 82' lang='lat' dir='ltr'><strong>Beorn-</strong></span> 
     </span>
    </p>
   </div>
   <div class='ocr_carea' id='block_1_15' title="bbox 235 1958 1833 2033">
    <p class='ocr_par' dir='ltr' id='par_1_15' title="bbox 235 1958 1833 2033">
     <span class='ocr_line' id='line_1_15' title="bbox 235 1958 1833 2033; baseline 0.002 -18"><span class='ocrx_word' id='word_1_64' title='bbox 235 1958 367 2016; x_wconf 88' lang='lat' dir='ltr'><strong>rado</strong></span> <span class='ocrx_word' id='word_1_65' title='bbox 392 1959 866 2033; x_wconf 70' lang='lat' dir='ltr'><strong>Iarcbiepiscopo,</strong></span> <span class='ocrx_word' id='word_1_66' title='bbox 914 1962 1132 2018; x_wconf 79' lang='lat' dir='ltr'><strong>humilis</strong></span> <span class='ocrx_word' id='word_1_67' title='bbox 1166 1961 1328 2017; x_wconf 81' lang='lat' dir='ltr'><strong>levita</strong></span> <span class='ocrx_word' id='word_1_68' title='bbox 1374 1960 1636 2017; x_wconf 86' lang='lat' dir='ltr'><strong>Alcuinus</strong></span> <span class='ocrx_word' id='word_1_69' title='bbox 1686 1962 1833 2019; x_wconf 85' lang='lat' dir='ltr'><strong>salu-</strong></span> 
     </span>
    </p>
   </div>
   <div class='ocr_carea' id='block_1_16' title="bbox 234 2062 1055 2119">
    <p class='ocr_par' dir='ltr' id='par_1_16' title="bbox 234 2062 1055 2119">
     <span class='ocr_line' id='line_1_16' title="bbox 234 2062 1055 2119; baseline 0.013 -11"><span class='ocrx_word' id='word_1_70' title='bbox 234 2062 366 2110; x_wconf 89' lang='lat' dir='ltr'><strong>tem.</strong></span> <span class='ocrx_word' id='word_1_71' title='bbox 1052 2116 1055 2119; x_wconf 93' lang='lat'><strong>.</strong></span> 
     </span>
    </p>
   </div>
   <div class='ocr_carea' id='block_1_17' title="bbox 302 2147 1834 2217">
    <p class='ocr_par' dir='ltr' id='par_1_17' title="bbox 302 2147 1834 2217">
     <span class='ocr_line' id='line_1_17' title="bbox 302 2147 1834 2217; baseline 0.001 -16"><span class='ocrx_word' id='word_1_72' title='bbox 302 2147 505 2204; x_wconf 89' lang='lat' dir='ltr'><strong>Delatis</strong></span> <span class='ocrx_word' id='word_1_73' title='bbox 532 2148 603 2206; x_wconf 86' lang='lat' dir='ltr'><strong>ad</strong></span> <span class='ocrx_word' id='word_1_74' title='bbox 632 2163 735 2206; x_wconf 82' lang='lat' dir='ltr'><strong>nos</strong></span> <span class='ocrx_word' id='word_1_75' title='bbox 778 2157 974 2207; x_wconf 67' lang='lat' dir='ltr'><strong>vestrae</strong></span> <span class='ocrx_word' id='word_1_76' title='bbox 1005 2148 1345 2206; x_wconf 71' lang='lat' dir='ltr'><strong>excellentia:</strong></span> <span class='ocrx_word' id='word_1_77' title='bbox 1376 2149 1573 2205; x_wconf 84' lang='lat' dir='ltr'><strong>litteris</strong></span> <span class='ocrx_word' id='word_1_78' title='bbox 1619 2148 1672 2201; x_wconf 89' lang='lat' dir='ltr'><strong>in</strong></span> <span class='ocrx_word' id='word_1_79' title='bbox 1711 2150 1834 2217; x_wconf 89' lang='lat' dir='ltr'><strong>qui-</strong></span> 
     </span>
    </p>
   </div>
   <div class='ocr_carea' id='block_1_18' title="bbox 228 2241 1829 2315">
    <p class='ocr_par' dir='ltr' id='par_1_18' title="bbox 228 2241 1829 2315">
     <span class='ocr_line' id='line_1_18' title="bbox 228 2241 1829 2315; baseline -0.001 -19"><span class='ocrx_word' id='word_1_80' title='bbox 228 2241 332 2298; x_wconf 85' lang='lat' dir='ltr'><strong>bus</strong></span> <span class='ocrx_word' id='word_1_81' title='bbox 364 2251 607 2299; x_wconf 86' lang='lat' dir='ltr'><strong>vestrum</strong></span> <span class='ocrx_word' id='word_1_82' title='bbox 642 2257 948 2315; x_wconf 75' lang='lat' dir='ltr'><strong>agnoscens</strong></span> <span class='ocrx_word' id='word_1_83' title='bbox 983 2242 1038 2297; x_wconf 91' lang='lat' dir='ltr'><strong>in</strong></span> <span class='ocrx_word' id='word_1_84' title='bbox 1069 2242 1300 2298; x_wconf 85' lang='lat' dir='ltr'><strong>Domino</strong></span> <span class='ocrx_word' id='word_1_85' title='bbox 1330 2242 1591 2306; x_wconf 90' lang='lat' dir='ltr'><strong>studium,</strong></span> <span class='ocrx_word' id='word_1_86' title='bbox 1624 2248 1680 2296; x_wconf 92' lang='lat' dir='ltr'><strong>et</strong></span> <span class='ocrx_word' id='word_1_87' title='bbox 1710 2241 1829 2297; x_wconf 85' lang='lat' dir='ltr'><strong>diu-</strong></span> 
     </span>
    </p>
   </div>
   <div class='ocr_carea' id='block_1_19' title="bbox 228 2334 1827 2409">
    <p class='ocr_par' dir='ltr' id='par_1_19' title="bbox 228 2334 1827 2409">
     <span class='ocr_line' id='line_1_19' title="bbox 228 2334 1827 2409; baseline 0 -19"><span class='ocrx_word' id='word_1_88' title='bbox 228 2345 446 2390; x_wconf 90' lang='lat' dir='ltr'><strong>turnam</strong></span> <span class='ocrx_word' id='word_1_89' title='bbox 482 2336 537 2389; x_wconf 92' lang='lat' dir='ltr'><strong>in</strong></span> <span class='ocrx_word' id='word_1_90' title='bbox 561 2334 679 2409; x_wconf 85' lang='lat' dir='ltr'><strong>lege</strong></span> <span class='ocrx_word' id='word_1_91' title='bbox 713 2334 830 2405; x_wconf 88' lang='lat' dir='ltr'><strong>ejus</strong></span> <span class='ocrx_word' id='word_1_92' title='bbox 872 2335 1302 2401; x_wconf 86' lang='lat' dir='ltr'><strong>meditationem,</strong></span> <span class='ocrx_word' id='word_1_93' title='bbox 1349 2351 1547 2406; x_wconf 86' lang='lat' dir='ltr'><strong>magno</strong></span> <span class='ocrx_word' id='word_1_94' title='bbox 1582 2350 1669 2389; x_wconf 90' lang='lat' dir='ltr'><strong>me</strong></span> <span class='ocrx_word' id='word_1_95' title='bbox 1698 2351 1827 2406; x_wconf 88' lang='lat' dir='ltr'><strong>gau-</strong></span> 
     </span>
    </p>
   </div>
   <div class='ocr_carea' id='block_1_20' title="bbox 226 2425 1827 2498">
    <p class='ocr_par' dir='ltr' id='par_1_20' title="bbox 226 2425 1827 2498">
     <span class='ocr_line' id='line_1_20' title="bbox 226 2425 1827 2498; baseline 0.001 -18"><span class='ocrx_word' id='word_1_96' title='bbox 226 2427 318 2482; x_wconf 88' lang='lat' dir='ltr'><strong>dio</strong></span> <span class='ocrx_word' id='word_1_97' title='bbox 343 2425 595 2482; x_wconf 65' lang='lat' dir='ltr'><strong>edoctum</strong></span> <span class='ocrx_word' id='word_1_98' title='bbox 621 2442 746 2483; x_wconf 87' lang='lat' dir='ltr'><strong>esse</strong></span> <span class='ocrx_word' id='word_1_99' title='bbox 778 2425 953 2484; x_wconf 88' lang='lat' dir='ltr'><strong>fateor</strong></span> <span class='ocrx_word' id='word_1_100' title='bbox 980 2447 993 2481; x_wconf 87' lang='lat'><strong>:</strong></span> <span class='ocrx_word' id='word_1_101' title='bbox 1026 2427 1121 2483; x_wconf 90' lang='lat' dir='ltr'><strong>sed</strong></span> <span class='ocrx_word' id='word_1_102' title='bbox 1149 2436 1334 2482; x_wconf 85' lang='lat' dir='ltr'><strong>tamen</strong></span> <span class='ocrx_word' id='word_1_103' title='bbox 1370 2426 1527 2498; x_wconf 88' lang='lat' dir='ltr'><strong>longe</strong></span> <span class='ocrx_word' id='word_1_104' title='bbox 1562 2428 1827 2496; x_wconf 88' lang='lat' dir='ltr'><strong>imparem</strong></span> 
     </span>
    </p>
   </div>
   <div class='ocr_carea' id='block_1_21' title="bbox 221 2518 1825 2590">
    <p class='ocr_par' dir='ltr' id='par_1_21' title="bbox 221 2518 1825 2590">
     <span class='ocr_line' id='line_1_21' title="bbox 221 2518 1825 2590; baseline -0.001 -15"><span class='ocrx_word' id='word_1_105' title='bbox 221 2534 312 2575; x_wconf 89' lang='lat' dir='ltr'><strong>me</strong></span> <span class='ocrx_word' id='word_1_106' title='bbox 345 2519 597 2589; x_wconf 86' lang='lat' dir='ltr'><strong>petitioni</strong></span> <span class='ocrx_word' id='word_1_107' title='bbox 626 2530 823 2575; x_wconf 74' lang='lat' dir='ltr'><strong>vestra:</strong></span> <span class='ocrx_word' id='word_1_108' title='bbox 868 2520 1234 2585; x_wconf 85' lang='lat' dir='ltr'><strong>consideravi,</strong></span> <span class='ocrx_word' id='word_1_109' title='bbox 1273 2528 1333 2573; x_wconf 90' lang='lat' dir='ltr'><strong>ut</strong></span> <span class='ocrx_word' id='word_1_110' title='bbox 1361 2528 1487 2590; x_wconf 89' lang='lat' dir='ltr'><strong>pote</strong></span> <span class='ocrx_word' id='word_1_111' title='bbox 1516 2518 1665 2573; x_wconf 91' lang='lat' dir='ltr'><strong>nullo</strong></span> <span class='ocrx_word' id='word_1_112' title='bbox 1689 2534 1825 2589; x_wconf 66' lang='lat' dir='ltr'><strong>prte-</strong></span> 
     </span>
    </p>
   </div>
   <div class='ocr_carea' id='block_1_22' title="bbox 221 2611 1824 2685">
    <p class='ocr_par' dir='ltr' id='par_1_22' title="bbox 221 2611 1824 2685">
     <span class='ocr_line' id='line_1_22' title="bbox 221 2611 1824 2685; baseline -0.003 -16"><span class='ocrx_word' id='word_1_113' title='bbox 221 2614 481 2685; x_wconf 73' lang='lat' dir='ltr'><strong>rogativa:</strong></span> <span class='ocrx_word' id='word_1_114' title='bbox 503 2629 727 2669; x_wconf 87' lang='lat' dir='ltr'><strong>munere</strong></span> <span class='ocrx_word' id='word_1_115' title='bbox 754 2613 1078 2684; x_wconf 68' lang='lat' dir='ltr'><strong>eloquentire</strong></span> <span class='ocrx_word' id='word_1_116' title='bbox 1104 2611 1355 2669; x_wconf 78' lang='lat' dir='ltr'><strong>suffultus</strong></span> <span class='ocrx_word' id='word_1_117' title='bbox 1395 2613 1462 2667; x_wconf 91' lang='lat' dir='ltr'><strong>ad</strong></span> <span class='ocrx_word' id='word_1_118' title='bbox 1492 2611 1824 2682; x_wconf 90' lang='lat' dir='ltr'><strong>implendum</strong></span> 
     </span>
    </p>
   </div>
   <div class='ocr_carea' id='block_1_23' title="bbox 220 2702 1824 2778">
    <p class='ocr_par' dir='ltr' id='par_1_23' title="bbox 220 2702 1824 2778">
     <span class='ocr_line' id='line_1_23' title="bbox 220 2702 1824 2778; baseline -0.002 -17"><span class='ocrx_word' id='word_1_119' title='bbox 220 2707 366 2777; x_wconf 84' lang='lat' dir='ltr'><strong>quod</strong></span> <span class='ocrx_word' id='word_1_120' title='bbox 409 2705 657 2775; x_wconf 76' lang='lat' dir='ltr'><strong>iussistis</strong></span> <span class='ocrx_word' id='word_1_121' title='bbox 700 2704 892 2778; x_wconf 79' lang='lat' dir='ltr'><strong>[Mab.,</strong></span> <span class='ocrx_word' id='word_1_122' title='bbox 942 2704 1086 2775; x_wconf 87' lang='lat' dir='ltr'><strong>quod</strong></span> <span class='ocrx_word' id='word_1_123' title='bbox 1134 2702 1372 2776; x_wconf 76' lang='lat' dir='ltr'><strong>iussisti]</strong></span> <span class='ocrx_word' id='word_1_124' title='bbox 1412 2721 1425 2756; x_wconf 91' lang='lat'>:</span> <span class='ocrx_word' id='word_1_125' title='bbox 1466 2719 1531 2758; x_wconf 90' lang='lat' dir='ltr'><strong>ac</strong></span> <span class='ocrx_word' id='word_1_126' title='bbox 1579 2702 1681 2757; x_wconf 89' lang='lat' dir='ltr'><strong>nisi</strong></span> <span class='ocrx_word' id='word_1_127' title='bbox 1736 2716 1824 2757; x_wconf 88' lang='lat' dir='ltr'><strong>me</strong></span> 
     </span>
    </p>
   </div>
   <div class='ocr_carea' id='block_1_24' title="bbox 217 2794 1831 2871">
    <p class='ocr_par' dir='ltr' id='par_1_24' title="bbox 217 2794 1831 2871">
     <span class='ocr_line' id='line_1_24' title="bbox 217 2794 1831 2871; baseline -0.004 -17"><span class='ocrx_word' id='word_1_128' title='bbox 217 2800 461 2856; x_wconf 86' lang='lat' dir='ltr'><strong>charitas</strong></span> <span class='ocrx_word' id='word_1_129' title='bbox 496 2807 734 2871; x_wconf 88' lang='lat' dir='ltr'><strong>urgeret,</strong></span> <span class='ocrx_word' id='word_1_130' title='bbox 768 2813 888 2868; x_wconf 72' lang='lat' dir='ltr'><strong>qua:</strong></span> <span class='ocrx_word' id='word_1_131' title='bbox 936 2796 1082 2850; x_wconf 90' lang='lat' dir='ltr'><strong>nulla</strong></span> <span class='ocrx_word' id='word_1_132' title='bbox 1120 2795 1258 2869; x_wconf 88' lang='lat' dir='ltr'><strong>[ld.,</strong></span> <span class='ocrx_word' id='word_1_133' title='bbox 1302 2794 1458 2866; x_wconf 89' lang='lat' dir='ltr'><strong>nulli]</strong></span> <span class='ocrx_word' id='word_1_134' title='bbox 1500 2808 1699 2864; x_wconf 88' lang='lat' dir='ltr'><strong>negare</strong></span> <span class='ocrx_word' id='word_1_135' title='bbox 1736 2807 1831 2848; x_wconf 84' lang='lat' dir='ltr'><strong>so-</strong></span> 
     </span>
    </p>
   </div>
   <div class='ocr_carea' id='block_1_25' title="bbox 216 2882 1820 2957">
    <p class='ocr_par' dir='ltr' id='par_1_25' title="bbox 216 2882 1820 2957">
     <span class='ocr_line' id='line_1_25' title="bbox 216 2882 1820 2957; baseline -0.004 -15"><span class='ocrx_word' id='word_1_136' title='bbox 216 2889 315 2956; x_wconf 87' lang='lat' dir='ltr'><strong>let,</strong></span> <span class='ocrx_word' id='word_1_137' title='bbox 348 2904 458 2945; x_wconf 91' lang='lat' dir='ltr'><strong>non</strong></span> <span class='ocrx_word' id='word_1_138' title='bbox 496 2889 750 2943; x_wconf 87' lang='lat' dir='ltr'><strong>auderem</strong></span> <span class='ocrx_word' id='word_1_139' title='bbox 795 2887 937 2941; x_wconf 89' lang='lat' dir='ltr'><strong>ultra</strong></span> <span class='ocrx_word' id='word_1_140' title='bbox 982 2901 1118 2942; x_wconf 68' lang='lat' dir='ltr'><strong>meae</strong></span> <span class='ocrx_word' id='word_1_141' title='bbox 1152 2885 1487 2957; x_wconf 79' lang='lat' dir='ltr'><strong>paupertatis</strong></span> <span class='ocrx_word' id='word_1_142' title='bbox 1521 2882 1658 2956; x_wconf 84' lang='lat' dir='ltr'><strong>[Id.,</strong></span> <span class='ocrx_word' id='word_1_143' title='bbox 1690 2898 1820 2953; x_wconf 84' lang='lat' dir='ltr'><strong>par-</strong></span> 
     </span>
    </p>
   </div>
   <div class='ocr_carea' id='block_1_26' title="bbox 217 2973 1821 3051">
    <p class='ocr_par' dir='ltr' id='par_1_26' title="bbox 217 2973 1821 3051">
     <span class='ocr_line' id='line_1_26' title="bbox 217 2973 1821 3051; baseline -0.002 -18"><span class='ocrx_word' id='word_1_144' title='bbox 217 2978 437 3051; x_wconf 81' lang='lat' dir='ltr'><strong>vitatis]</strong></span> <span class='ocrx_word' id='word_1_145' title='bbox 489 2980 636 3035; x_wconf 89' lang='lat' dir='ltr'><strong>vires</strong></span> <span class='ocrx_word' id='word_1_146' title='bbox 687 2979 963 3051; x_wconf 74' lang='lat' dir='ltr'><strong>negotium</strong></span> <span class='ocrx_word' id='word_1_147' title='bbox 1011 2978 1298 3048; x_wconf 80' lang='lat' dir='ltr'><strong>attingere.</strong></span> <span class='ocrx_word' id='word_1_148' title='bbox 1358 2976 1565 3030; x_wconf 88' lang='lat' dir='ltr'><strong>Tamen</strong></span> <span class='ocrx_word' id='word_1_149' title='bbox 1620 2973 1821 3029; x_wconf 80' lang='lat' dir='ltr'><strong>vestris</strong></span> 
     </span>
    </p>
   </div>
   <div class='ocr_carea' id='block_1_27' title="bbox 214 3068 1819 3142">
    <p class='ocr_par' dir='ltr' id='par_1_27' title="bbox 214 3068 1819 3142">
     <span class='ocr_line' id='line_1_27' title="bbox 214 3068 1819 3142; baseline -0.003 -14"><span class='ocrx_word' id='word_1_150' title='bbox 214 3072 556 3128; x_wconf 68' lang='lat' dir='ltr'><strong>mulionibus</strong></span> <span class='ocrx_word' id='word_1_151' title='bbox 599 3072 781 3128; x_wconf 84' lang='lat' dir='ltr'><strong>divina</strong></span> <span class='ocrx_word' id='word_1_152' title='bbox 829 3070 1068 3127; x_wconf 80' lang='lat' dir='ltr'><strong>donante</strong></span> <span class='ocrx_word' id='word_1_153' title='bbox 1112 3070 1318 3142; x_wconf 87' lang='lat' dir='ltr'><strong>gratia,</strong></span> <span class='ocrx_word' id='word_1_154' title='bbox 1363 3077 1421 3123; x_wconf 89' lang='lat' dir='ltr'><strong>et</strong></span> <span class='ocrx_word' id='word_1_155' title='bbox 1468 3068 1819 3123; x_wconf 87' lang='lat' dir='ltr'><strong>sanctissimo</strong></span> 
     </span>
    </p>
   </div>
   <div class='ocr_carea' id='block_1_28' title="bbox 1864 1777 3540 1851">
    <p class='ocr_par' dir='ltr' id='par_1_28' title="bbox 1864 1777 3540 1851">
     <span class='ocr_line' id='line_1_28' title="bbox 1864 1777 3540 1851; baseline 0.01 -20"><span class='ocrx_word' id='word_1_156' title='bbox 1864 1783 1912 1842; x_wconf 75' lang='grc' dir='ltr'><strong><em>Β</em></strong></span> <span class='ocrx_word' id='word_1_157' title='bbox 1936 1779 2165 1833; x_wconf 80' lang='lat' dir='ltr'><strong>alterum</strong></span> <span class='ocrx_word' id='word_1_158' title='bbox 2188 1777 2369 1834; x_wconf 85' lang='lat' dir='ltr'><strong>Pierio</strong></span> <span class='ocrx_word' id='word_1_159' title='bbox 2398 1778 2534 1849; x_wconf 83' lang='lat' dir='ltr'><strong>pede</strong></span> <span class='ocrx_word' id='word_1_160' title='bbox 2565 1789 2898 1845; x_wconf 76' lang='lat' dir='ltr'><strong>canentem,</strong></span> <span class='ocrx_word' id='word_1_161' title='bbox 2924 1783 3016 1851; x_wconf 90' lang='lat' dir='ltr'><strong>qui</strong></span> <span class='ocrx_word' id='word_1_162' title='bbox 3046 1782 3098 1837; x_wconf 91' lang='lat' dir='ltr'><strong>in</strong></span> <span class='ocrx_word' id='word_1_163' title='bbox 3131 1794 3343 1841; x_wconf 89' lang='lat' dir='ltr'><strong>secreto</strong></span> <span class='ocrx_word' id='word_1_164' title='bbox 3377 1787 3540 1847; x_wconf 89' lang='lat' dir='ltr'><strong>cubili</strong></span> 
     </span>
    </p>
   </div>
   <div class='ocr_carea' id='block_1_29' title="bbox 1938 1870 3541 1936">
    <p class='ocr_par' dir='ltr' id='par_1_29' title="bbox 1938 1870 3541 1936">
     <span class='ocr_line' id='line_1_29' title="bbox 1938 1870 3541 1936; baseline 0.005 -9"><span class='ocrx_word' id='word_1_165' title='bbox 1938 1872 2080 1927; x_wconf 88' lang='lat' dir='ltr'><strong>inter</strong></span> <span class='ocrx_word' id='word_1_166' title='bbox 2126 1870 2485 1926; x_wconf 88' lang='lat' dir='ltr'><strong>scholasticos</strong></span> <span class='ocrx_word' id='word_1_167' title='bbox 2533 1883 2654 1928; x_wconf 88' lang='lat' dir='ltr'><strong>tuos</strong></span> <span class='ocrx_word' id='word_1_168' title='bbox 2708 1876 3085 1929; x_wconf 82' lang='lat' dir='ltr'><strong>tantummodo</strong></span> <span class='ocrx_word' id='word_1_169' title='bbox 3130 1878 3394 1933; x_wconf 88' lang='lat' dir='ltr'><strong>ruminari</strong></span> <span class='ocrx_word' id='word_1_170' title='bbox 3448 1880 3541 1936; x_wconf 82' lang='lat' dir='ltr'><strong>de-</strong></span> 
     </span>
    </p>
   </div>
   <div class='ocr_carea' id='block_1_30' title="bbox 1932 1963 3539 2041">
    <p class='ocr_par' dir='ltr' id='par_1_30' title="bbox 1932 1963 3539 2041">
     <span class='ocr_line' id='line_1_30' title="bbox 1932 1963 3539 2041; baseline 0.007 -23"><span class='ocrx_word' id='word_1_171' title='bbox 1932 1963 2159 2019; x_wconf 87' lang='lat' dir='ltr'><strong>buisset.</strong></span> <span class='ocrx_word' id='word_1_172' title='bbox 2201 1964 2441 2034; x_wconf 85' lang='lat' dir='ltr'><strong>Uterque</strong></span> <span class='ocrx_word' id='word_1_173' title='bbox 2470 1974 2676 2033; x_wconf 89' lang='lat' dir='ltr'><strong>tamen,</strong></span> <span class='ocrx_word' id='word_1_174' title='bbox 2710 1976 2936 2038; x_wconf 88' lang='lat' dir='ltr'><strong>propter</strong></span> <span class='ocrx_word' id='word_1_175' title='bbox 2975 1971 3364 2041; x_wconf 80' lang='lat' dir='ltr'><strong>occupationes</strong></span> <span class='ocrx_word' id='word_1_176' title='bbox 3388 1973 3539 2029; x_wconf 86' lang='lat' dir='ltr'><strong>diur—</strong></span> 
     </span>
    </p>
   </div>
   <div class='ocr_carea' id='block_1_31' title="bbox 1934 2054 3535 2129">
    <p class='ocr_par' dir='ltr' id='par_1_31' title="bbox 1934 2054 3535 2129">
     <span class='ocr_line' id='line_1_31' title="bbox 1934 2054 3535 2129; baseline 0.006 -21"><span class='ocrx_word' id='word_1_177' title='bbox 1934 2071 2053 2121; x_wconf 87' lang='lat' dir='ltr'><strong>nas,</strong></span> <span class='ocrx_word' id='word_1_178' title='bbox 2103 2054 2316 2110; x_wconf 82' lang='lat' dir='ltr'><strong>furtivis</strong></span> <span class='ocrx_word' id='word_1_179' title='bbox 2342 2056 2586 2111; x_wconf 79' lang='lat' dir='ltr'><strong>noctium</strong></span> <span class='ocrx_word' id='word_1_180' title='bbox 2630 2055 3116 2114; x_wconf 86' lang='lat' dir='ltr'><strong>lucubratiunculis</strong></span> <span class='ocrx_word' id='word_1_181' title='bbox 3146 2060 3382 2117; x_wconf 86' lang='lat' dir='ltr'><strong>dictatus</strong></span> <span class='ocrx_word' id='word_1_182' title='bbox 3431 2071 3535 2129; x_wconf 90' lang='lat' dir='ltr'><strong>est,</strong></span> 
     </span>
    </p>
   </div>
   <div class='ocr_carea' id='block_1_32' title="bbox 1933 2147 3537 2222">
    <p class='ocr_par' dir='ltr' id='par_1_32' title="bbox 1933 2147 3537 2222">
     <span class='ocr_line' id='line_1_32' title="bbox 1933 2147 3537 2222; baseline 0.004 -19"><span class='ocrx_word' id='word_1_183' title='bbox 1933 2155 1990 2203; x_wconf 89' lang='lat' dir='ltr'><strong>et</strong></span> <span class='ocrx_word' id='word_1_184' title='bbox 2013 2161 2079 2201; x_wconf 91' lang='lat' dir='ltr'><strong>eo</strong></span> <span class='ocrx_word' id='word_1_185' title='bbox 2108 2147 2281 2219; x_wconf 88' lang='lat' dir='ltr'><strong>magis</strong></span> <span class='ocrx_word' id='word_1_186' title='bbox 2316 2156 2513 2203; x_wconf 72' lang='lat' dir='ltr'><strong>vestra:</strong></span> <span class='ocrx_word' id='word_1_187' title='bbox 2550 2148 2793 2220; x_wconf 74' lang='lat' dir='ltr'><strong>indigent</strong></span> <span class='ocrx_word' id='word_1_188' title='bbox 2833 2149 3191 2217; x_wconf 79' lang='lat' dir='ltr'><strong>defensionis,</strong></span> <span class='ocrx_word' id='word_1_189' title='bbox 3220 2168 3328 2222; x_wconf 91' lang='lat' dir='ltr'><strong>quo</strong></span> <span class='ocrx_word' id='word_1_190' title='bbox 3355 2155 3537 2210; x_wconf 91' lang='lat' dir='ltr'><strong>minus</strong></span> 
     </span>
    </p>
   </div>
   <div class='ocr_carea' id='block_1_33' title="bbox 1930 2238 3535 2316">
    <p class='ocr_par' dir='ltr' id='par_1_33' title="bbox 1930 2238 3535 2316">
     <span class='ocr_line' id='line_1_33' title="bbox 1930 2238 3535 2316; baseline 0.004 -22"><span class='ocrx_word' id='word_1_191' title='bbox 1930 2238 2258 2295; x_wconf 70' lang='lat' dir='ltr'><strong>ab‘auctore</strong></span> <span class='ocrx_word' id='word_1_192' title='bbox 2293 2239 2514 2310; x_wconf 88' lang='lat' dir='ltr'><strong>proprio</strong></span> <span class='ocrx_word' id='word_1_193' title='bbox 2543 2239 2767 2310; x_wconf 83' lang='lat' dir='ltr'><strong>expoliti</strong></span> <span class='ocrx_word' id='word_1_194' title='bbox 2795 2251 2940 2296; x_wconf 91' lang='lat' dir='ltr'><strong>sunt.</strong></span> <span class='ocrx_word' id='word_1_195' title='bbox 2977 2242 3154 2298; x_wconf 83' lang='lat' dir='ltr'><strong>Meum</strong></span> <span class='ocrx_word' id='word_1_196' title='bbox 3187 2242 3323 2316; x_wconf 85' lang='lat' dir='ltr'><strong>[Id.,</strong></span> <span class='ocrx_word' id='word_1_197' title='bbox 3354 2261 3535 2300; x_wconf 90' lang='lat' dir='ltr'><strong>meum</strong></span> 
     </span>
    </p>
   </div>
   <div class='ocr_carea' id='block_1_34' title="bbox 1931 2328 3531 2403">
    <p class='ocr_par' dir='ltr' id='par_1_34' title="bbox 1931 2328 3531 2403">
     <span class='ocr_line' id='line_1_34' title="bbox 1931 2328 3531 2403; baseline 0.004 -17"><span class='ocrx_word' id='word_1_198' title='bbox 1931 2328 2083 2402; x_wconf 89' lang='lat' dir='ltr'><strong>vero]</strong></span> <span class='ocrx_word' id='word_1_199' title='bbox 2111 2329 2228 2396; x_wconf 87' lang='lat' dir='ltr'><strong>fuit,</strong></span> <span class='ocrx_word' id='word_1_200' title='bbox 2275 2329 2641 2402; x_wconf 65' lang='lat' dir='ltr'><strong>praecipientis</strong></span> <span class='ocrx_word' id='word_1_201' title='bbox 2677 2348 2785 2388; x_wconf 91' lang='lat' dir='ltr'><strong>non</strong></span> <span class='ocrx_word' id='word_1_202' title='bbox 2819 2349 3080 2403; x_wconf 86' lang='lat' dir='ltr'><strong>spernere</strong></span> <span class='ocrx_word' id='word_1_203' title='bbox 3113 2338 3490 2393; x_wconf 80' lang='lat' dir='ltr'><strong>auctoritatem</strong></span> <span class='ocrx_word' id='word_1_204' title='bbox 3519 2358 3531 2392; x_wconf 87' lang='lat'>:</span> 
     </span>
    </p>
   </div>
   <div class='ocr_carea' id='block_1_35' title="bbox 1934 2420 3533 2496">
    <p class='ocr_par' dir='ltr' id='par_1_35' title="bbox 1934 2420 3533 2496">
     <span class='ocr_line' id='line_1_35' title="bbox 1934 2420 3533 2496; baseline 0.006 -21"><span class='ocrx_word' id='word_1_205' title='bbox 1934 2428 2082 2475; x_wconf 89' lang='lat' dir='ltr'><strong>tuum</strong></span> <span class='ocrx_word' id='word_1_206' title='bbox 2143 2429 2229 2476; x_wconf 89' lang='lat' dir='ltr'><strong>est</strong></span> <span class='ocrx_word' id='word_1_207' title='bbox 2268 2420 2569 2477; x_wconf 90' lang='lat' dir='ltr'><strong>obedientis</strong></span> <span class='ocrx_word' id='word_1_208' title='bbox 2620 2422 2914 2479; x_wconf 89' lang='lat' dir='ltr'><strong>defendere</strong></span> <span class='ocrx_word' id='word_1_209' title='bbox 2962 2426 3306 2496; x_wconf 84' lang='lat' dir='ltr'><strong>imperitiam.</strong></span> <span class='ocrx_word' id='word_1_210' title='bbox 3358 2428 3533 2485; x_wconf 88' lang='lat' dir='ltr'><strong>Unam</strong></span> 
     </span>
    </p>
   </div>
   <div class='ocr_carea' id='block_1_36' title="bbox 1928 2511 3535 2589">
    <p class='ocr_par' dir='ltr' id='par_1_36' title="bbox 1928 2511 3535 2589">
     <span class='ocr_line' id='line_1_36' title="bbox 1928 2511 3535 2589; baseline 0.006 -24"><span class='ocrx_word' id='word_1_211' title='bbox 1928 2526 2146 2581; x_wconf 89' lang='lat' dir='ltr'><strong>quoque</strong></span> <span class='ocrx_word' id='word_1_212' title='bbox 2173 2512 2342 2581; x_wconf 86' lang='lat' dir='ltr'><strong>priori</strong></span> <span class='ocrx_word' id='word_1_213' title='bbox 2368 2511 2548 2567; x_wconf 89' lang='lat' dir='ltr'><strong>libello</strong></span> <span class='ocrx_word' id='word_1_214' title='bbox 2578 2515 2924 2583; x_wconf 89' lang='lat' dir='ltr'><strong>superaddidi</strong></span> <span class='ocrx_word' id='word_1_215' title='bbox 2950 2517 3249 2583; x_wconf 90' lang='lat' dir='ltr'><strong>homiliam,</strong></span> <span class='ocrx_word' id='word_1_216' title='bbox 3280 2534 3401 2589; x_wconf 76' lang='lat' dir='ltr'><strong>qua:</strong></span> <span class='ocrx_word' id='word_1_217' title='bbox 3429 2522 3535 2575; x_wconf 89' lang='lat' dir='ltr'><strong>uti—</strong></span> 
     </span>
    </p>
   </div>
   <div class='ocr_carea' id='block_1_37' title="bbox 1929 2605 3534 2683">
    <p class='ocr_par' dir='ltr' id='par_1_37' title="bbox 1929 2605 3534 2683">
     <span class='ocr_line' id='line_1_37' title="bbox 1929 2605 3534 2683; baseline 0.006 -25"><span class='ocrx_word' id='word_1_218' title='bbox 1929 2620 2056 2663; x_wconf 88' lang='lat' dir='ltr'><strong>nam</strong></span> <span class='ocrx_word' id='word_1_219' title='bbox 2114 2605 2275 2677; x_wconf 85' lang='lat' dir='ltr'><strong>digna</strong></span> <span class='ocrx_word' id='word_1_220' title='bbox 2321 2612 2468 2660; x_wconf 90' lang='lat' dir='ltr'><strong>esset</strong></span> <span class='ocrx_word' id='word_1_221' title='bbox 2498 2614 2592 2660; x_wconf 90' lang='lat' dir='ltr'><strong>tuo</strong></span> <span class='ocrx_word' id='word_1_222' title='bbox 2636 2608 2948 2662; x_wconf 89' lang='lat' dir='ltr'><strong>venerando</strong></span> <span class='ocrx_word' id='word_1_223' title='bbox 2993 2624 3088 2664; x_wconf 91' lang='lat' dir='ltr'><strong>ore</strong></span> <span class='ocrx_word' id='word_1_224' title='bbox 3116 2611 3314 2682; x_wconf 89' lang='lat' dir='ltr'><strong>populo</strong></span> <span class='ocrx_word' id='word_1_225' title='bbox 3338 2614 3534 2683; x_wconf 63' lang='lat' dir='ltr'><strong>praedi-</strong></span> 
     </span>
    </p>
   </div>
   <div class='ocr_carea' id='block_1_38' title="bbox 1927 2693 3533 2774">
    <p class='ocr_par' dir='ltr' id='par_1_38' title="bbox 1927 2693 3533 2774">
     <span class='ocr_line' id='line_1_38' title="bbox 1927 2693 3533 2774; baseline 0.007 -25"><span class='ocrx_word' id='word_1_226' title='bbox 1927 2695 2061 2749; x_wconf 88' lang='lat' dir='ltr'><strong>cari.</strong></span> <span class='ocrx_word' id='word_1_227' title='bbox 2090 2693 2222 2749; x_wconf 85' lang='lat' dir='ltr'><strong>Item</strong></span> <span class='ocrx_word' id='word_1_228' title='bbox 2272 2696 2511 2751; x_wconf 83' lang='lat' dir='ltr'><strong>secundo</strong></span> <span class='ocrx_word' id='word_1_229' title='bbox 2559 2694 2733 2766; x_wconf 85' lang='lat' dir='ltr'><strong>adjeci</strong></span> <span class='ocrx_word' id='word_1_230' title='bbox 2778 2702 3016 2755; x_wconf 87' lang='lat' dir='ltr'><strong>sermoni</strong></span> <span class='ocrx_word' id='word_1_231' title='bbox 3057 2701 3360 2774; x_wconf 87' lang='lat' dir='ltr'><strong>elegiacum</strong></span> <span class='ocrx_word' id='word_1_232' title='bbox 3411 2720 3533 2760; x_wconf 86' lang='lat' dir='ltr'><strong>car-</strong></span> 
     </span>
    </p>
   </div>
   <div class='ocr_carea' id='block_1_39' title="bbox 1928 2785 3531 2867">
    <p class='ocr_par' dir='ltr' id='par_1_39' title="bbox 1928 2785 3531 2867">
     <span class='ocr_line' id='line_1_39' title="bbox 1928 2785 3531 2867; baseline 0.006 -25"><span class='ocrx_word' id='word_1_233' title='bbox 1928 2802 2053 2842; x_wconf 86' lang='lat' dir='ltr'><strong>men</strong></span> <span class='ocrx_word' id='word_1_234' title='bbox 2085 2785 2224 2859; x_wconf 83' lang='lat' dir='ltr'><strong>[ld.,</strong></span> <span class='ocrx_word' id='word_1_235' title='bbox 2248 2802 2557 2844; x_wconf 89' lang='lat' dir='ltr'><strong>sermonem</strong></span> <span class='ocrx_word' id='word_1_236' title='bbox 2594 2787 2838 2863; x_wconf 79' lang='lat' dir='ltr'><strong>elegiaco</strong></span> <span class='ocrx_word' id='word_1_237' title='bbox 2869 2792 3135 2867; x_wconf 88' lang='lat' dir='ltr'><strong>carmine]</strong></span> <span class='ocrx_word' id='word_1_238' title='bbox 3177 2795 3243 2850; x_wconf 91' lang='lat' dir='ltr'><strong>de</strong></span> <span class='ocrx_word' id='word_1_239' title='bbox 3285 2797 3407 2851; x_wconf 90' lang='lat' dir='ltr'><strong>viro</strong></span> <span class='ocrx_word' id='word_1_240' title='bbox 3434 2813 3531 2853; x_wconf 85' lang='lat' dir='ltr'><strong>ve-</strong></span> 
     </span>
    </p>
   </div>
   <div class='ocr_carea' id='block_1_40' title="bbox 1926 2876 3532 2956">
    <p class='ocr_par' dir='ltr' id='par_1_40' title="bbox 1926 2876 3532 2956">
     <span class='ocr_line' id='line_1_40' title="bbox 1926 2876 3532 2956; baseline 0.008 -25"><span class='ocrx_word' id='word_1_241' title='bbox 1926 2876 2154 2931; x_wconf 88' lang='lat' dir='ltr'><strong>nerabili</strong></span> <span class='ocrx_word' id='word_1_242' title='bbox 2190 2876 2437 2949; x_wconf 84' lang='lat' dir='ltr'><strong>Wilgiso,</strong></span> <span class='ocrx_word' id='word_1_243' title='bbox 2465 2885 2621 2952; x_wconf 80' lang='lat' dir='ltr'><strong>patre</strong></span> <span class='ocrx_word' id='word_1_244' title='bbox 2652 2880 2865 2936; x_wconf 86' lang='lat' dir='ltr'><strong>scilicet</strong></span> <span class='ocrx_word' id='word_1_245' title='bbox 2893 2884 3227 2939; x_wconf 82' lang='lat' dir='ltr'><strong>sanctissimi</strong></span> <span class='ocrx_word' id='word_1_246' title='bbox 3257 2886 3532 2956; x_wconf 80' lang='lat' dir='ltr'><strong>pontificis</strong></span> 
     </span>
    </p>
   </div>
   <div class='ocr_carea' id='block_1_41' title="bbox 1925 2966 3530 3043">
    <p class='ocr_par' dir='ltr' id='par_1_41' title="bbox 1925 2966 3530 3043">
     <span class='ocr_line' id='line_1_41' title="bbox 1925 2966 3530 3043; baseline 0.007 -21"><span class='ocrx_word' id='word_1_247' title='bbox 1925 2966 2280 3034; x_wconf 80' lang='lat' dir='ltr'><strong>Willibrordi,</strong></span> <span class='ocrx_word' id='word_1_248' title='bbox 2326 2968 2483 3038; x_wconf 85' lang='lat' dir='ltr'><strong>cujus</strong></span> <span class='ocrx_word' id='word_1_249' title='bbox 2535 2986 2735 3043; x_wconf 88' lang='lat' dir='ltr'><strong>corpus</strong></span> <span class='ocrx_word' id='word_1_250' title='bbox 2793 2973 3091 3043; x_wconf 89' lang='lat' dir='ltr'><strong>requiescit</strong></span> <span class='ocrx_word' id='word_1_251' title='bbox 3150 2976 3179 3015; x_wconf 68' lang='grc' dir='ltr'>δ</span> <span class='ocrx_word' id='word_1_252' title='bbox 3228 2977 3284 3031; x_wconf 88' lang='lat' dir='ltr'><strong>in</strong></span> <span class='ocrx_word' id='word_1_253' title='bbox 3337 2977 3530 3033; x_wconf 89' lang='lat' dir='ltr'><strong>cellula</strong></span> 
     </span>
    </p>
   </div>
   <div class='ocr_carea' id='block_1_42' title="bbox 1923 3059 3526 3136">
    <p class='ocr_par' dir='ltr' id='par_1_42' title="bbox 1923 3059 3526 3136">
     <span class='ocr_line' id='line_1_42' title="bbox 1923 3059 3526 3136; baseline 0.006 -22"><span class='ocrx_word' id='word_1_254' title='bbox 1923 3060 2159 3130; x_wconf 87' lang='lat' dir='ltr'><strong>quadam</strong></span> <span class='ocrx_word' id='word_1_255' title='bbox 2179 3059 2474 3127; x_wconf 89' lang='lat' dir='ltr'><strong>maritima,</strong></span> <span class='ocrx_word' id='word_1_256' title='bbox 2502 3062 2592 3116; x_wconf 91' lang='lat' dir='ltr'><strong>cui</strong></span> <span class='ocrx_word' id='word_1_257' title='bbox 2618 3076 2741 3133; x_wconf 87' lang='lat' dir='ltr'><strong>ego,</strong></span> <span class='ocrx_word' id='word_1_258' title='bbox 2775 3062 3030 3135; x_wconf 90' lang='lat' dir='ltr'><strong>indignus</strong></span> <span class='ocrx_word' id='word_1_259' title='bbox 3073 3064 3225 3130; x_wconf 89' lang='lat' dir='ltr'><strong>licet,</strong></span> <span class='ocrx_word' id='word_1_260' title='bbox 3265 3065 3526 3136; x_wconf 88' lang='lat' dir='ltr'><strong>legitima,</strong></span> 
     </span>
    </p>
   </div>
   <div class='ocr_carea' id='block_1_43' title="bbox 214 3144 3526 3231">
    <p class='ocr_par' dir='ltr' id='par_1_43' title="bbox 214 3144 3526 3231">
     <span class='ocr_line' id='line_1_43' title="bbox 214 3144 3526 3231; baseline -0.002 -12"><span class='ocrx_word' id='word_1_261' title='bbox 214 3166 379 3219; x_wconf 82' lang='lat' dir='ltr'><strong>Patre</strong></span> <span class='ocrx_word' id='word_1_262' title='bbox 430 3163 783 3219; x_wconf 85' lang='lat' dir='ltr'><strong>Willibrordo</strong></span> <span class='ocrx_word' id='word_1_263' title='bbox 830 3163 1225 3228; x_wconf 87' lang='lat' dir='ltr'><strong>intercedente,</strong></span> <span class='ocrx_word' id='word_1_264' title='bbox 1271 3161 1425 3231; x_wconf 82' lang='lat' dir='ltr'><strong>cujus</strong></span> <span class='ocrx_word' id='word_1_265' title='bbox 1488 3176 1575 3215; x_wconf 92' lang='lat' dir='ltr'><strong>me</strong></span> <span class='ocrx_word' id='word_1_266' title='bbox 1623 3160 1813 3226; x_wconf 89' lang='lat' dir='ltr'><strong>vitam,</strong></span> <span class='ocrx_word' id='word_1_267' title='bbox 1845 3144 1890 3208; x_wconf 84' lang='lat' dir='ltr'>C</span> <span class='ocrx_word' id='word_1_268' title='bbox 1923 3149 2037 3207; x_wconf 82' lang='lat' dir='ltr'><strong>Deo</strong></span> <span class='ocrx_word' id='word_1_269' title='bbox 2064 3152 2323 3219; x_wconf 57' lang='lat' dir='ltr'><strong>domum,</strong></span> <span class='ocrx_word' id='word_1_270' title='bbox 2356 3152 2710 3209; x_wconf 61' lang='lat' dir='ltr'><strong>succesﬁone</strong></span> <span class='ocrx_word' id='word_1_271' title='bbox 2754 3154 3025 3211; x_wconf 86' lang='lat' dir='ltr'><strong>deservio.</strong></span> <span class='ocrx_word' id='word_1_272' title='bbox 3080 3155 3191 3212; x_wconf 88' lang='lat' dir='ltr'><strong>Sed</strong></span> <span class='ocrx_word' id='word_1_273' title='bbox 3238 3165 3295 3213; x_wconf 87' lang='lat' dir='ltr'><strong>et</strong></span> <span class='ocrx_word' id='word_1_274' title='bbox 3341 3160 3526 3215; x_wconf 77' lang='lat' dir='ltr'><strong>omnia</strong></span> 
     </span>
    </p>
   </div>
   <div class='ocr_carea' id='block_1_44' title="bbox 213 3252 1812 3326">
    <p class='ocr_par' dir='ltr' id='par_1_44' title="bbox 213 3252 1812 3326">
     <span class='ocr_line' id='line_1_44' title="bbox 213 3252 1812 3326; baseline -0.002 -14"><span class='ocrx_word' id='word_1_275' title='bbox 213 3273 397 3313; x_wconf 81' lang='lat' dir='ltr'><strong>mores</strong></span> <span class='ocrx_word' id='word_1_276' title='bbox 434 3266 489 3312; x_wconf 91' lang='lat' dir='ltr'><strong>et</strong></span> <span class='ocrx_word' id='word_1_277' title='bbox 514 3256 775 3312; x_wconf 88' lang='lat' dir='ltr'><strong>miracula</strong></span> <span class='ocrx_word' id='word_1_278' title='bbox 814 3256 1055 3312; x_wconf 89' lang='lat' dir='ltr'><strong>scribere</strong></span> <span class='ocrx_word' id='word_1_279' title='bbox 1082 3258 1162 3312; x_wconf 91' lang='lat' dir='ltr'><strong>sic</strong></span> <span class='ocrx_word' id='word_1_280' title='bbox 1202 3256 1446 3311; x_wconf 85' lang='lat' dir='ltr'><strong>studiose</strong></span> <span class='ocrx_word' id='word_1_281' title='bbox 1484 3270 1641 3325; x_wconf 85' lang='lat' dir='ltr'><strong>rogas</strong></span> <span class='ocrx_word' id='word_1_282' title='bbox 1675 3252 1812 3326; x_wconf 83' lang='lat' dir='ltr'><strong>[Id.,</strong></span> 
     </span>
    </p>
   </div>
   <div class='ocr_carea' id='block_1_45' title="bbox 212 3345 1812 3421">
    <p class='ocr_par' dir='ltr' id='par_1_45' title="bbox 212 3345 1812 3421">
     <span class='ocr_line' id='line_1_45' title="bbox 212 3345 1812 3421; baseline -0.002 -17"><span class='ocrx_word' id='word_1_283' title='bbox 212 3350 306 3421; x_wconf 89' lang='lat' dir='ltr'><strong>pio</strong></span> <span class='ocrx_word' id='word_1_284' title='bbox 341 3347 520 3404; x_wconf 89' lang='lat' dir='ltr'><strong>studio</strong></span> <span class='ocrx_word' id='word_1_285' title='bbox 567 3345 815 3421; x_wconf 76' lang='lat' dir='ltr'><strong>rogasti],</strong></span> <span class='ocrx_word' id='word_1_286' title='bbox 847 3346 954 3401; x_wconf 90' lang='lat' dir='ltr'><strong>tuis</strong></span> <span class='ocrx_word' id='word_1_287' title='bbox 1001 3349 1179 3417; x_wconf 88' lang='lat' dir='ltr'><strong>parui,</strong></span> <span class='ocrx_word' id='word_1_288' title='bbox 1223 3345 1386 3401; x_wconf 85' lang='lat' dir='ltr'><strong>Pater</strong></span> <span class='ocrx_word' id='word_1_289' title='bbox 1428 3353 1636 3411; x_wconf 88' lang='lat' dir='ltr'><strong>sancte,</strong></span> <span class='ocrx_word' id='word_1_290' title='bbox 1671 3360 1812 3414; x_wconf 72' lang='lat' dir='ltr'><strong>prae-</strong></span> 
     </span>
    </p>
   </div>
   <div class='ocr_carea' id='block_1_46' title="bbox 212 3436 1814 3512">
    <p class='ocr_par' dir='ltr' id='par_1_46' title="bbox 212 3436 1814 3512">
     <span class='ocr_line' id='line_1_46' title="bbox 212 3436 1814 3512; baseline -0.003 -16"><span class='ocrx_word' id='word_1_291' title='bbox 212 3441 412 3512; x_wconf 84' lang='lat' dir='ltr'><strong>ceptis,</strong></span> <span class='ocrx_word' id='word_1_292' title='bbox 450 3449 508 3496; x_wconf 89' lang='lat' dir='ltr'><strong>et</strong></span> <span class='ocrx_word' id='word_1_293' title='bbox 532 3439 668 3494; x_wconf 86' lang='lat' dir='ltr'><strong>duos</strong></span> <span class='ocrx_word' id='word_1_294' title='bbox 696 3438 894 3511; x_wconf 85' lang='lat' dir='ltr'><strong>digessi</strong></span> <span class='ocrx_word' id='word_1_295' title='bbox 932 3438 1160 3505; x_wconf 86' lang='lat' dir='ltr'><strong>libellos,</strong></span> <span class='ocrx_word' id='word_1_296' title='bbox 1214 3453 1382 3492; x_wconf 89' lang='lat' dir='ltr'><strong>unum</strong></span> <span class='ocrx_word' id='word_1_297' title='bbox 1410 3436 1663 3507; x_wconf 88' lang='lat' dir='ltr'><strong>prosaico</strong></span> <span class='ocrx_word' id='word_1_298' title='bbox 1694 3451 1814 3491; x_wconf 87' lang='lat' dir='ltr'><strong>ser-</strong></span> 
     </span>
    </p>
   </div>
   <div class='ocr_carea' id='block_1_47' title="bbox 211 3526 1810 3603">
    <p class='ocr_par' dir='ltr' id='par_1_47' title="bbox 211 3526 1810 3603">
     <span class='ocr_line' id='line_1_47' title="bbox 211 3526 1810 3603; baseline -0.003 -17"><span class='ocrx_word' id='word_1_299' title='bbox 211 3545 376 3586; x_wconf 88' lang='lat' dir='ltr'><strong>mone</strong></span> <span class='ocrx_word' id='word_1_300' title='bbox 400 3531 763 3603; x_wconf 84' lang='lat' dir='ltr'><strong>gradientem,</strong></span> <span class='ocrx_word' id='word_1_301' title='bbox 785 3530 881 3600; x_wconf 85' lang='lat' dir='ltr'><strong>qui</strong></span> <span class='ocrx_word' id='word_1_302' title='bbox 909 3528 1123 3601; x_wconf 86' lang='lat' dir='ltr'><strong>publice</strong></span> <span class='ocrx_word' id='word_1_303' title='bbox 1168 3526 1425 3584; x_wconf 83' lang='lat' dir='ltr'><strong>fratribus</strong></span> <span class='ocrx_word' id='word_1_304' title='bbox 1457 3529 1515 3582; x_wconf 88' lang='lat' dir='ltr'><strong>in</strong></span> <span class='ocrx_word' id='word_1_305' title='bbox 1555 3526 1810 3594; x_wconf 87' lang='lat' dir='ltr'><strong>ecclesia,</strong></span> 
     </span>
    </p>
   </div>
   <div class='ocr_carea' id='block_1_48' title="bbox 210 3619 1810 3694">
    <p class='ocr_par' dir='ltr' id='par_1_48' title="bbox 210 3619 1810 3694">
     <span class='ocr_line' id='line_1_48' title="bbox 210 3619 1810 3694; baseline -0.004 -16"><span class='ocrx_word' id='word_1_306' title='bbox 210 3622 260 3678; x_wconf 92' lang='lat' dir='ltr'><strong>si</strong></span> <span class='ocrx_word' id='word_1_307' title='bbox 290 3621 512 3694; x_wconf 88' lang='lat' dir='ltr'><strong>dignum</strong></span> <span class='ocrx_word' id='word_1_308' title='bbox 562 3631 665 3677; x_wconf 75' lang='lat' dir='ltr'><strong>tuae</strong></span> <span class='ocrx_word' id='word_1_309' title='bbox 706 3621 953 3677; x_wconf 90' lang='lat' dir='ltr'><strong>videatur</strong></span> <span class='ocrx_word' id='word_1_310' title='bbox 998 3620 1301 3692; x_wconf 70' lang='lat' dir='ltr'><strong>sapientiaz,</strong></span> <span class='ocrx_word' id='word_1_311' title='bbox 1352 3619 1455 3689; x_wconf 87' lang='lat' dir='ltr'><strong>legi</strong></span> <span class='ocrx_word' id='word_1_312' title='bbox 1503 3619 1810 3690; x_wconf 88' lang='lat' dir='ltr'><strong>potuisset:</strong></span> 
     </span>
    </p>
   </div>
   <div class='ocr_carea' id='block_1_49' title="bbox 288 3750 1812 3821">
    <p class='ocr_par' dir='ltr' id='par_1_49' title="bbox 288 3750 1812 3821">
     <span class='ocr_line' id='line_1_49' title="bbox 288 3750 1812 3821; baseline -0.004 -8"><span class='ocrx_word' id='word_1_313' title='bbox 288 3771 313 3800; x_wconf 73' lang='grc' dir='ltr'>ι</span> <span class='ocrx_word' id='word_1_314' title='bbox 350 3758 677 3813; x_wconf 77' lang='lat' dir='ltr'><strong>Beorm-ado.</strong></span> <span class='ocrx_word' id='word_1_315' title='bbox 705 3756 839 3812; x_wconf 80' lang='lat' dir='ltr'><strong>Aliis</strong></span> <span class='ocrx_word' id='word_1_316' title='bbox 856 3755 1188 3821; x_wconf 81' lang='lat' dir='ltr'><strong>Beornredo,</strong></span> <span class='ocrx_word' id='word_1_317' title='bbox 1209 3752 1542 3809; x_wconf 77' lang='lat' dir='ltr'><strong>Bernerado.</strong></span> <span class='ocrx_word' id='word_1_318' title='bbox 1574 3750 1733 3806; x_wconf 75' lang='lat' dir='ltr'><strong>Hune</strong></span> <span class='ocrx_word' id='word_1_319' title='bbox 1758 3752 1812 3807; x_wconf 84' lang='lat' dir='ltr'><strong>in</strong></span> 
     </span>
    </p>
   </div>
   <div class='ocr_carea' id='block_1_50' title="bbox 211 3823 1816 3892">
    <p class='ocr_par' dir='ltr' id='par_1_50' title="bbox 211 3823 1816 3892">
     <span class='ocr_line' id='line_1_50' title="bbox 211 3823 1816 3892; baseline -0.005 -7"><span class='ocrx_word' id='word_1_320' title='bbox 211 3830 394 3885; x_wconf 86' lang='lat' dir='ltr'><strong>indice</strong></span> <span class='ocrx_word' id='word_1_321' title='bbox 446 3829 702 3884; x_wconf 81' lang='lat' dir='ltr'><strong>abbatum</strong></span> <span class='ocrx_word' id='word_1_322' title='bbox 758 3827 1234 3888; x_wconf 77' lang='lat' dir='ltr'><strong>Esteruacensium</strong></span> <span class='ocrx_word' id='word_1_323' title='bbox 1286 3825 1450 3878; x_wconf 85' lang='lat' dir='ltr'><strong>tertio</strong></span> <span class='ocrx_word' id='word_1_324' title='bbox 1495 3823 1816 3892; x_wconf 22' lang='lat' dir='ltr'><strong>looo,,post</strong></span> 
     </span>
    </p>
   </div>
   <div class='ocr_carea' id='block_1_51' title="bbox 214 3888 1813 3962">
    <p class='ocr_par' dir='ltr' id='par_1_51' title="bbox 214 3888 1813 3962">
     <span class='ocr_line' id='line_1_51' title="bbox 214 3888 1813 3962; baseline -0.005 -8"><span class='ocrx_word' id='word_1_325' title='bbox 214 3900 624 3955; x_wconf 85' lang='lat' dir='ltr'><strong>Willibrordum</strong></span> <span class='ocrx_word' id='word_1_326' title='bbox 657 3900 865 3954; x_wconf 89' lang='lat' dir='ltr'><strong>scilicet</strong></span> <span class='ocrx_word' id='word_1_327' title='bbox 897 3906 955 3952; x_wconf 87' lang='lat' dir='ltr'><strong>et</strong></span> <span class='ocrx_word' id='word_1_328' title='bbox 982 3898 1288 3962; x_wconf 77' lang='lat' dir='ltr'><strong>Albertum,</strong></span> <span class='ocrx_word' id='word_1_329' title='bbox 1319 3901 1613 3949; x_wconf 87' lang='lat' dir='ltr'><strong>numerant</strong></span> <span class='ocrx_word' id='word_1_330' title='bbox 1647 3888 1813 3947; x_wconf 78' lang='lat' dir='ltr'><strong>Joan-</strong></span> 
     </span>
    </p>
   </div>
   <div class='ocr_carea' id='block_1_52' title="bbox 211 3963 1810 4040">
    <p class='ocr_par' dir='ltr' id='par_1_52' title="bbox 211 3963 1810 4040">
     <span class='ocr_line' id='line_1_52' title="bbox 211 3963 1810 4040; baseline -0.007 -14"><span class='ocrx_word' id='word_1_331' title='bbox 211 3988 311 4027; x_wconf 84' lang='lat' dir='ltr'><strong>nes</strong></span> <span class='ocrx_word' id='word_1_332' title='bbox 336 3970 599 4026; x_wconf 86' lang='lat' dir='ltr'><strong>Bertelius</strong></span> <span class='ocrx_word' id='word_1_333' title='bbox 638 3970 877 4040; x_wconf 87' lang='lat' dir='ltr'><strong>ejusdem</strong></span> <span class='ocrx_word' id='word_1_334' title='bbox 899 3968 1004 4024; x_wconf 90' lang='lat' dir='ltr'><strong>loci</strong></span> <span class='ocrx_word' id='word_1_335' title='bbox 1042 3968 1234 4040; x_wconf 86' lang='lat' dir='ltr'><strong>abbas,</strong></span> <span class='ocrx_word' id='word_1_336' title='bbox 1253 3976 1309 4040; x_wconf 91' lang='lat' dir='ltr'><strong>et</strong></span> <span class='ocrx_word' id='word_1_337' title='bbox 1337 3965 1555 4040; x_wconf 74' lang='lat' dir='ltr'><strong>Gabriel</strong></span> <span class='ocrx_word' id='word_1_338' title='bbox 1598 3963 1810 4040; x_wconf 76' lang='lat' dir='ltr'><strong>Bucoli-</strong></span> 
     </span>
    </p>
   </div>
   <div class='ocr_carea' id='block_1_53' title="bbox 211 4033 1815 4127">
    <p class='ocr_par' dir='ltr' id='par_1_53' title="bbox 211 4033 1815 4127">
     <span class='ocr_line' id='line_1_53' title="bbox 211 4033 1815 4127; baseline -0.005 -30"><span class='ocrx_word' id='word_1_339' title='bbox 211 4058 314 4097; x_wconf 90' lang='lat' dir='ltr'><strong>nus</strong></span> <span class='ocrx_word' id='word_1_340' title='bbox 336 4083 350 4107; x_wconf 97' lang='lat'><strong>,</strong></span> <span class='ocrx_word' id='word_1_341' title='bbox 396 4057 629 4127; x_wconf 60' lang='lat' dir='ltr'><strong>eumque</strong></span> <span class='ocrx_word' id='word_1_342' title='bbox 661 4033 1090 4127; x_wconf 45' lang='lat' dir='ltr'><strong>:Senonensium.</strong></span> <span class='ocrx_word' id='word_1_343' title='bbox 1128 4037 1596 4127; x_wconf 53' lang='lat' dir='ltr'><strong>archiepiscopum</strong></span> <span class='ocrx_word' id='word_1_344' title='bbox 1641 4033 1815 4127; x_wconf 65' lang='lat' dir='ltr'><strong>fuisse</strong></span> 
     </span>
    </p>
   </div>
   <div class='ocr_carea' id='block_1_54' title="bbox 211 4105 1814 4182">
    <p class='ocr_par' dir='ltr' id='par_1_54' title="bbox 211 4105 1814 4182">
     <span class='ocr_line' id='line_1_54' title="bbox 211 4105 1814 4182; baseline -0.006 -16"><span class='ocrx_word' id='word_1_345' title='bbox 211 4105 486 4168; x_wconf 75' lang='lat' dir='ltr'><strong>asserunt.</strong></span> <span class='ocrx_word' id='word_1_346' title='bbox 518 4105 702 4168; x_wconf 72' lang='lat' dir='ltr'><strong>Fuerit</strong></span> <span class='ocrx_word' id='word_1_347' title='bbox 731 4111 957 4182; x_wconf 84' lang='lat' dir='ltr'><strong>proinde</strong></span> <span class='ocrx_word' id='word_1_348' title='bbox 986 4111 1032 4166; x_wconf 90' lang='lat' dir='ltr'><strong>is</strong></span> <span class='ocrx_word' id='word_1_349' title='bbox 1076 4111 1193 4180; x_wconf 80' lang='lat' dir='ltr'><strong>ipse</strong></span> <span class='ocrx_word' id='word_1_350' title='bbox 1234 4105 1388 4182; x_wconf 66' lang='lat' dir='ltr'><strong>quia</strong></span> <span class='ocrx_word' id='word_1_351' title='bbox 1421 4105 1814 4182; x_wconf 50' lang='lat' dir='ltr'><strong>_$anaanar-</strong></span> 
     </span>
    </p>
   </div>
   <div class='ocr_carea' id='block_1_55' title="bbox 210 4176 1812 4248">
    <p class='ocr_par' dir='ltr' id='par_1_55' title="bbox 210 4176 1812 4248">
     <span class='ocr_line' id='line_1_55' title="bbox 210 4176 1812 4248; baseline -0.004 -10"><span class='ocrx_word' id='word_1_352' title='bbox 210 4184 395 4239; x_wconf 83' lang='lat' dir='ltr'><strong>tbanis</strong></span> <span class='ocrx_word' id='word_1_353' title='bbox 424 4192 647 4238; x_wconf 84' lang='lat' dir='ltr'><strong>vocatur</strong></span> <span class='ocrx_word' id='word_1_354' title='bbox 691 4176 982 4248; x_wconf 60' lang='lat' dir='ltr'><strong>B&#39;erardus,</strong></span> <span class='ocrx_word' id='word_1_355' title='bbox 1035 4176 1111 4236; x_wconf 58' lang='lat' dir='ltr'><strong>et&#39;</strong></span> <span class='ocrx_word' id='word_1_356' title='bbox 1134 4197 1223 4238; x_wconf 88' lang='lat' dir='ltr'><strong>an.</strong></span> <span class='ocrx_word' id='word_1_357' title='bbox 1254 4176 1363 4236; x_wconf 60' lang='lat'><strong>795</strong></span> <span class='ocrx_word' id='word_1_358' title='bbox 1403 4178 1603 4248; x_wconf 87' lang='lat' dir='ltr'><strong>dicitur</strong></span> <span class='ocrx_word' id='word_1_359' title='bbox 1625 4176 1812 4248; x_wconf 78' lang='lat' dir='ltr'><strong>deces-</strong></span> 
     </span>
    </p>
   </div>
   <div class='ocr_carea' id='block_1_56' title="bbox 210 4246 1813 4321">
    <p class='ocr_par' dir='ltr' id='par_1_56' title="bbox 210 4246 1813 4321">
     <span class='ocr_line' id='line_1_56' title="bbox 210 4246 1813 4321; baseline -0.006 -10"><span class='ocrx_word' id='word_1_360' title='bbox 210 4256 380 4321; x_wconf 87' lang='lat' dir='ltr'><strong>sisse;</strong></span> <span class='ocrx_word' id='word_1_361' title='bbox 424 4254 640 4310; x_wconf 87' lang='lat' dir='ltr'><strong>tametsi</strong></span> <span class='ocrx_word' id='word_1_362' title='bbox 681 4246 977 4310; x_wconf 83' lang='lat' dir='ltr'><strong>Beornradi</strong></span> <span class='ocrx_word' id='word_1_363' title='bbox 1005 4253 1212 4308; x_wconf 89' lang='lat' dir='ltr'><strong>obitum</strong></span> <span class='ocrx_word' id='word_1_364' title='bbox 1245 4265 1390 4306; x_wconf 88' lang='lat' dir='ltr'><strong>anno</strong></span> <span class='ocrx_word' id='word_1_365' title='bbox 1415 4247 1518 4304; x_wconf 83' lang='lat'><strong>796</strong></span> <span class='ocrx_word' id='word_1_366' title='bbox 1547 4246 1813 4302; x_wconf 82' lang='lat' dir='ltr'><strong>Bertelius</strong></span> 
     </span>
    </p>
   </div>
   <div class='ocr_carea' id='block_1_57' title="bbox 210 4336 1814 4470">
    <p class='ocr_par' dir='ltr' id='par_1_57' title="bbox 210 4336 1814 4470">
     <span class='ocr_line' id='line_1_57' title="bbox 210 4336 1814 4470; baseline -0.003 -22"><span class='ocrx_word' id='word_1_367' title='bbox 210 4336 639 4470; x_wconf 41' lang='lat' dir='ltr'><strong>I“ita”:sellula</strong></span> <span class='ocrx_word' id='word_1_368' title='bbox 686 4395 918 4470; x_wconf 66' lang='lat' dir='ltr'><strong>quadarn</strong></span> <span class='ocrx_word' id='word_1_369' title='bbox 964 4393 1250 4470; x_wconf 60' lang='lat' dir='ltr'><strong>maritima.</strong></span> <span class='ocrx_word' id='word_1_370' title='bbox 1308 4391 1437 4470; x_wconf 71' lang='lat' dir='ltr'><strong>Dum</strong></span> <span class='ocrx_word' id='word_1_371' title='bbox 1476 4389 1625 4470; x_wconf 66' lang='lat' dir='ltr'><strong>cella:</strong></span> <span class='ocrx_word' id='word_1_372' title='bbox 1662 4387 1814 4470; x_wconf 78' lang='lat' dir='ltr'><strong>fuere</strong></span> 
     </span>
    </p>
   </div>
   <div class='ocr_carea' id='block_1_58' title="bbox 208 4462 1809 4538">
    <p class='ocr_par' dir='ltr' id='par_1_58' title="bbox 208 4462 1809 4538">
     <span class='ocr_line' id='line_1_58' title="bbox 208 4462 1809 4538; baseline -0.006 -15"><span class='ocrx_word' id='word_1_373' title='bbox 208 4469 500 4523; x_wconf 64' lang='lat' dir='ltr'><strong>maritima:</strong></span> <span class='ocrx_word' id='word_1_374' title='bbox 526 4462 724 4538; x_wconf 78' lang='lat' dir='ltr'><strong>quibus</strong></span> <span class='ocrx_word' id='word_1_375' title='bbox 752 4466 1013 4538; x_wconf 84' lang='lat' dir='ltr'><strong>Alcuinus</strong></span> <span class='ocrx_word' id='word_1_376' title='bbox 1039 4462 1282 4538; x_wconf 64' lang='lat' dir='ltr'><strong>praefuit;</strong></span> <span class='ocrx_word' id='word_1_377' title='bbox 1304 4463 1486 4538; x_wconf 67' lang='lat' dir='ltr'><strong>altera</strong></span> <span class='ocrx_word' id='word_1_378' title='bbox 1520 4462 1623 4515; x_wconf 87' lang='lat' dir='ltr'><strong>sita</strong></span> <span class='ocrx_word' id='word_1_379' title='bbox 1651 4462 1809 4538; x_wconf 73' lang='lat' dir='ltr'><strong>estin</strong></span> 
     </span>
    </p>
   </div>
   <div class='ocr_carea' id='block_1_59' title="bbox 208 4532 1807 4611">
    <p class='ocr_par' dir='ltr' id='par_1_59' title="bbox 208 4532 1807 4611">
     <span class='ocr_line' id='line_1_59' title="bbox 208 4532 1807 4611; baseline -0.006 -18"><span class='ocrx_word' id='word_1_380' title='bbox 208 4532 598 4611; x_wconf 78' lang='lat' dir='ltr'><strong>promontoriis</strong></span> <span class='ocrx_word' id='word_1_381' title='bbox 618 4539 757 4595; x_wconf 89' lang='lat' dir='ltr'><strong>mari</strong></span> <span class='ocrx_word' id='word_1_382' title='bbox 777 4537 992 4594; x_wconf 87' lang='lat' dir='ltr'><strong>Oceano</strong></span> <span class='ocrx_word' id='word_1_383' title='bbox 1017 4532 1074 4591; x_wconf 73' lang='grc' dir='ltr'>εἰ</span> <span class='ocrx_word' id='word_1_384' title='bbox 1092 4535 1315 4600; x_wconf 82' lang='lat' dir='ltr'><strong>Humbri</strong></span> <span class='ocrx_word' id='word_1_385' title='bbox 1340 4533 1498 4588; x_wconf 82' lang='lat' dir='ltr'><strong>fluvio</strong></span> <span class='ocrx_word' id='word_1_386' title='bbox 1524 4532 1807 4603; x_wconf 82' lang='lat' dir='ltr'><strong>proximis,</strong></span> 
     </span>
    </p>
   </div>
   <div class='ocr_carea' id='block_1_60' title="bbox 222 4669 1581 4700">
    <p class='ocr_par' dir='ltr' id='par_1_60' title="bbox 222 4669 1581 4700">
     <span class='ocr_line' id='line_1_60' title="bbox 222 4669 1581 4700; baseline -0.001 -20"><span class='ocrx_word' id='word_1_387' title='bbox 222 4669 1581 4700; x_wconf 72' lang='lat'><strong>___________________________</strong></span> 
     </span>
    </p>
   </div>
   <div class='ocr_carea' id='block_1_61' title="bbox 1918 3243 3523 3318">
    <p class='ocr_par' dir='ltr' id='par_1_61' title="bbox 1918 3243 3523 3318">
     <span class='ocr_line' id='line_1_61' title="bbox 1918 3243 3523 3318; baseline 0.005 -20"><span class='ocrx_word' id='word_1_388' title='bbox 1918 3259 2041 3316; x_wconf 77' lang='lat' dir='ltr'><strong>qua:</strong></span> <span class='ocrx_word' id='word_1_389' title='bbox 2064 3244 2151 3299; x_wconf 86' lang='lat' dir='ltr'><strong>vel</strong></span> <span class='ocrx_word' id='word_1_390' title='bbox 2186 3258 2349 3315; x_wconf 85' lang='lat' dir='ltr'><strong>prosa</strong></span> <span class='ocrx_word' id='word_1_391' title='bbox 2377 3243 2680 3317; x_wconf 84' lang='lat' dir='ltr'><strong>gradiente,</strong></span> <span class='ocrx_word' id='word_1_392' title='bbox 2709 3246 2798 3302; x_wconf 85' lang='lat' dir='ltr'><strong>vel</strong></span> <span class='ocrx_word' id='word_1_393' title='bbox 2826 3259 2987 3303; x_wconf 85' lang='lat' dir='ltr'><strong>versu</strong></span> <span class='ocrx_word' id='word_1_394' title='bbox 3022 3258 3279 3305; x_wconf 88' lang='lat' dir='ltr'><strong>currente</strong></span> <span class='ocrx_word' id='word_1_395' title='bbox 3303 3250 3523 3318; x_wconf 87' lang='lat' dir='ltr'><strong>dictavi,</strong></span> 
     </span>
    </p>
   </div>
   <div class='ocr_carea' id='block_1_62' title="bbox 1919 3334 3525 3410">
    <p class='ocr_par' dir='ltr' id='par_1_62' title="bbox 1919 3334 3525 3410">
     <span class='ocr_line' id='line_1_62' title="bbox 1919 3334 3525 3410; baseline 0.003 -19"><span class='ocrx_word' id='word_1_396' title='bbox 1919 3344 2024 3392; x_wconf 60' lang='lat' dir='ltr'><strong>tua!</strong></span> <span class='ocrx_word' id='word_1_397' title='bbox 2049 3334 2361 3391; x_wconf 86' lang='lat' dir='ltr'><strong>sanctitatis</strong></span> <span class='ocrx_word' id='word_1_398' title='bbox 2390 3345 2647 3407; x_wconf 85' lang='lat' dir='ltr'><strong>spectant</strong></span> <span class='ocrx_word' id='word_1_399' title='bbox 2662 3336 2954 3407; x_wconf 85' lang='lat' dir='ltr'><strong>judicium,</strong></span> <span class='ocrx_word' id='word_1_400' title='bbox 2984 3346 3167 3393; x_wconf 90' lang='lat' dir='ltr'><strong>utrum</strong></span> <span class='ocrx_word' id='word_1_401' title='bbox 3214 3340 3375 3410; x_wconf 88' lang='lat' dir='ltr'><strong>digna</strong></span> <span class='ocrx_word' id='word_1_402' title='bbox 3405 3356 3525 3396; x_wconf 86' lang='lat' dir='ltr'><strong>me-</strong></span> 
     </span>
    </p>
   </div>
   <div class='ocr_carea' id='block_1_63' title="bbox 1916 3427 3521 3505">
    <p class='ocr_par' dir='ltr' id='par_1_63' title="bbox 1916 3427 3521 3505">
     <span class='ocr_line' id='line_1_63' title="bbox 1916 3427 3521 3505; baseline 0.002 -22"><span class='ocrx_word' id='word_1_403' title='bbox 1916 3428 2128 3494; x_wconf 58' lang='lat' dir='ltr'><strong>moriae,</strong></span> <span class='ocrx_word' id='word_1_404' title='bbox 2160 3442 2230 3483; x_wconf 90' lang='lat' dir='ltr'><strong>an</strong></span> <span class='ocrx_word' id='word_1_405' title='bbox 2253 3427 2474 3498; x_wconf 88' lang='lat' dir='ltr'><strong>pumice</strong></span> <span class='ocrx_word' id='word_1_406' title='bbox 2508 3429 2753 3485; x_wconf 86' lang='lat' dir='ltr'><strong>radenda</strong></span> <span class='ocrx_word' id='word_1_407' title='bbox 2786 3427 2954 3486; x_wconf 88' lang='lat' dir='ltr'><strong>feroci</strong></span> <span class='ocrx_word' id='word_1_408' title='bbox 2981 3428 3093 3503; x_wconf 78' lang='grc' dir='ltr'><strong>[Μ.</strong></span> <span class='ocrx_word' id='word_1_409' title='bbox 3122 3432 3271 3485; x_wconf 81' lang='lat' dir='ltr'><strong>addit</strong></span> <span class='ocrx_word' id='word_1_410' title='bbox 3298 3448 3317 3485; x_wconf 88' lang='lat'><strong><em>:</em></strong></span> <span class='ocrx_word' id='word_1_411' title='bbox 3344 3430 3479 3505; x_wconf 91' lang='lat' dir='ltr'><strong>sint]</strong></span> <span class='ocrx_word' id='word_1_412' title='bbox 3509 3453 3521 3487; x_wconf 91' lang='lat'><strong>:</strong></span> 
     </span>
    </p>
   </div>
   <div class='ocr_carea' id='block_1_64' title="bbox 1916 3512 3523 3592">
    <p class='ocr_par' dir='ltr' id='par_1_64' title="bbox 1916 3512 3523 3592">
     <span class='ocr_line' id='line_1_64' title="bbox 1916 3512 3523 3592; baseline 0 -16"><span class='ocrx_word' id='word_1_413' title='bbox 1916 3532 2017 3576; x_wconf 88' lang='lat' dir='ltr'><strong>nec</strong></span> <span class='ocrx_word' id='word_1_414' title='bbox 2054 3517 2162 3574; x_wconf 89' lang='lat' dir='ltr'><strong>nisi</strong></span> <span class='ocrx_word' id='word_1_415' title='bbox 2209 3526 2301 3575; x_wconf 89' lang='lat' dir='ltr'><strong>tuo</strong></span> <span class='ocrx_word' id='word_1_416' title='bbox 2327 3518 2581 3576; x_wconf 86' lang='lat' dir='ltr'><strong>roborata</strong></span> <span class='ocrx_word' id='word_1_417' title='bbox 2616 3512 2893 3585; x_wconf 79' lang='lat' dir='ltr'><strong>examine,</strong></span> <span class='ocrx_word' id='word_1_418' title='bbox 2930 3521 3229 3591; x_wconf 86' lang='lat' dir='ltr'><strong>procedent</strong></span> <span class='ocrx_word' id='word_1_419' title='bbox 3252 3522 3312 3578; x_wconf 86' lang='lat' dir='ltr'><strong>in</strong></span> <span class='ocrx_word' id='word_1_420' title='bbox 3346 3521 3523 3592; x_wconf 86' lang='lat' dir='ltr'><strong>publi-</strong></span> 
     </span>
    </p>
   </div>
   <div class='ocr_carea' id='block_1_65' title="bbox 1917 3626 2066 3667">
    <p class='ocr_par' dir='ltr' id='par_1_65' title="bbox 1917 3626 2066 3667">
     <span class='ocr_line' id='line_1_65' title="bbox 1917 3626 2066 3667; baseline -0.02 0"><span class='ocrx_word' id='word_1_421' title='bbox 1917 3626 2066 3667; x_wconf 91' lang='lat' dir='ltr'><strong>cum.</strong></span> 
     </span>
    </p>
   </div>
   <div class='ocr_carea' id='block_1_66' title="bbox 1914 3742 3523 3817">
    <p class='ocr_par' dir='ltr' id='par_1_66' title="bbox 1914 3742 3523 3817">
     <span class='ocr_line' id='line_1_66' title="bbox 1914 3742 3523 3817; baseline 0 -14"><span class='ocrx_word' id='word_1_422' title='bbox 1914 3756 1970 3803; x_wconf 88' lang='lat' dir='ltr'><strong>et</strong></span> <span class='ocrx_word' id='word_1_423' title='bbox 1998 3746 2217 3815; x_wconf 89' lang='lat' dir='ltr'><strong>quidem</strong></span> <span class='ocrx_word' id='word_1_424' title='bbox 2249 3745 2304 3799; x_wconf 89' lang='lat' dir='ltr'><strong>in</strong></span> <span class='ocrx_word' id='word_1_425' title='bbox 2337 3744 2620 3817; x_wconf 78' lang='lat' dir='ltr'><strong>provincia</strong></span> <span class='ocrx_word' id='word_1_426' title='bbox 2647 3742 3111 3817; x_wconf 66' lang='lat' dir='ltr'><strong>Northumbrana,</strong></span> <span class='ocrx_word' id='word_1_427' title='bbox 3141 3760 3283 3817; x_wconf 74' lang='lat' dir='ltr'><strong>ergo</strong></span> <span class='ocrx_word' id='word_1_428' title='bbox 3301 3746 3355 3801; x_wconf 90' lang='lat' dir='ltr'><strong>in</strong></span> <span class='ocrx_word' id='word_1_429' title='bbox 3380 3746 3523 3803; x_wconf 83' lang='lat' dir='ltr'><strong>Ebo-</strong></span> 
     </span>
    </p>
   </div>
   <div class='ocr_carea' id='block_1_67' title="bbox 1915 3814 3517 3885">
    <p class='ocr_par' dir='ltr' id='par_1_67' title="bbox 1915 3814 3517 3885">
     <span class='ocr_line' id='line_1_67' title="bbox 1915 3814 3517 3885; baseline 0.002 -14"><span class='ocrx_word' id='word_1_430' title='bbox 1915 3814 2128 3873; x_wconf 79' lang='lat' dir='ltr'><strong>racensi</strong></span> <span class='ocrx_word' id='word_1_431' title='bbox 2152 3814 2353 3871; x_wconf 76' lang='lat' dir='ltr'><strong>ducatu</strong></span> <span class='ocrx_word' id='word_1_432' title='bbox 2374 3815 2657 3871; x_wconf 86' lang='lat' dir='ltr'><strong>hodierno.</strong></span> <span class='ocrx_word' id='word_1_433' title='bbox 2687 3814 2872 3885; x_wconf 76' lang='lat' dir='ltr'><strong>ibique</strong></span> <span class='ocrx_word' id='word_1_434' title='bbox 2900 3814 3142 3885; x_wconf 84' lang='lat' dir='ltr'><strong>sepultus</strong></span> <span class='ocrx_word' id='word_1_435' title='bbox 3168 3814 3270 3871; x_wconf 80' lang='lat' dir='ltr'><strong>fuit</strong></span> <span class='ocrx_word' id='word_1_436' title='bbox 3293 3828 3517 3874; x_wconf 87' lang='lat' dir='ltr'><strong>sanctus</strong></span> 
     </span>
    </p>
   </div>
   <div class='ocr_carea' id='block_1_68' title="bbox 1914 3884 3509 3960">
    <p class='ocr_par' dir='ltr' id='par_1_68' title="bbox 1914 3884 3509 3960">
     <span class='ocr_line' id='line_1_68' title="bbox 1914 3884 3509 3960; baseline -0.001 -16"><span class='ocrx_word' id='word_1_437' title='bbox 1914 3887 2176 3960; x_wconf 84' lang='lat' dir='ltr'><strong>Wilgisus</strong></span> <span class='ocrx_word' id='word_1_438' title='bbox 2209 3896 2366 3960; x_wconf 76' lang='lat' dir='ltr'><strong>pater</strong></span> <span class='ocrx_word' id='word_1_439' title='bbox 2408 3887 2596 3960; x_wconf 82' lang='lat' dir='ltr'><strong>sancti</strong></span> <span class='ocrx_word' id='word_1_440' title='bbox 2631 3884 2990 3960; x_wconf 26' lang='lat' dir='ltr'><strong>Willib‘rordi,</strong></span> <span class='ocrx_word' id='word_1_441' title='bbox 3013 3894 3081 3960; x_wconf 76' lang='lat' dir='ltr'><strong>ut</strong></span> <span class='ocrx_word' id='word_1_442' title='bbox 3115 3884 3316 3941; x_wconf 89' lang='lat' dir='ltr'><strong>dicitur</strong></span> <span class='ocrx_word' id='word_1_443' title='bbox 3336 3901 3455 3960; x_wconf 73' lang='lat' dir='ltr'><strong>cap.</strong></span> <span class='ocrx_word' id='word_1_444' title='bbox 3486 3887 3509 3942; x_wconf 77' lang='grc' dir='ltr'><strong>Ι</strong></span> 
     </span>
    </p>
   </div>
   <div class='ocr_carea' id='block_1_69' title="bbox 1914 3954 3519 4026">
    <p class='ocr_par' dir='ltr' id='par_1_69' title="bbox 1914 3954 3519 4026">
     <span class='ocr_line' id='line_1_69' title="bbox 1914 3954 3519 4026; baseline -0.002 -11"><span class='ocrx_word' id='word_1_445' title='bbox 1914 3954 2183 4026; x_wconf 72' lang='lat' dir='ltr'><strong>sequenti.</strong></span> <span class='ocrx_word' id='word_1_446' title='bbox 2209 3954 2396 4011; x_wconf 54' lang='lat' dir='ltr'><strong>Altera</strong></span> <span class='ocrx_word' id='word_1_447' title='bbox 2424 3956 2598 4011; x_wconf 90' lang='lat' dir='ltr'><strong>sancti</strong></span> <span class='ocrx_word' id='word_1_448' title='bbox 2642 3954 2827 4012; x_wconf 81' lang='lat' dir='ltr'><strong>Jodoci</strong></span> <span class='ocrx_word' id='word_1_449' title='bbox 2872 3955 3191 4026; x_wconf 82' lang='lat' dir='ltr'><strong>appellatur,</strong></span> <span class='ocrx_word' id='word_1_450' title='bbox 3224 3965 3280 4011; x_wconf 91' lang='lat' dir='ltr'><strong>et</strong></span> <span class='ocrx_word' id='word_1_451' title='bbox 3301 3954 3416 4011; x_wconf 77' lang='lat' dir='ltr'><strong>sita</strong></span> <span class='ocrx_word' id='word_1_452' title='bbox 3434 3965 3519 4013; x_wconf 87' lang='lat' dir='ltr'><strong>est</strong></span> 
     </span>
    </p>
   </div>
   <div class='ocr_carea' id='block_1_70' title="bbox 1915 4024 3516 4117">
    <p class='ocr_par' dir='ltr' id='par_1_70' title="bbox 1915 4024 3516 4117">
     <span class='ocr_line' id='line_1_70' title="bbox 1915 4024 3516 4117; baseline -0.002 -32"><span class='ocrx_word' id='word_1_453' title='bbox 1915 4030 1969 4117; x_wconf 88' lang='lat' dir='ltr'><strong>in</strong></span> <span class='ocrx_word' id='word_1_454' title='bbox 1995 4024 2219 4117; x_wconf 48' lang='lat' dir='ltr'><strong>biorinis</strong></span> <span class='ocrx_word' id='word_1_455' title='bbox 2248 4030 2315 4083; x_wconf 89' lang='lat' dir='ltr'><strong>ad</strong></span> <span class='ocrx_word' id='word_1_456' title='bbox 2344 4028 2501 4117; x_wconf 68' lang='lat' dir='ltr'><strong>littus</strong></span> <span class='ocrx_word' id='word_1_457' title='bbox 2527 4026 2730 4109; x_wconf 77' lang='lat' dir='ltr'><strong>Oceani</strong></span> <span class='ocrx_word' id='word_1_458' title='bbox 2744 4024 2961 4117; x_wconf 43' lang='lat' dir='ltr'><strong>gallici</strong></span> <span class='ocrx_word' id='word_1_459' title='bbox 3000 4024 3159 4117; x_wconf 52' lang='lat' dir='ltr'><strong>longe</strong></span> <span class='ocrx_word' id='word_1_460' title='bbox 3183 4041 3214 4117; x_wconf 75' lang='lat' dir='ltr'><strong>a</strong></span> <span class='ocrx_word' id='word_1_461' title='bbox 3241 4029 3409 4117; x_wconf 58' lang='lat' dir='ltr'><strong>priori</strong></span> <span class='ocrx_word' id='word_1_462' title='bbox 3433 4044 3516 4117; x_wconf 57' lang='lat' dir='ltr'><strong>re-</strong></span> 
     </span>
    </p>
   </div>
   <div class='ocr_carea' id='block_1_71' title="bbox 1911 4097 3518 4250">
    <p class='ocr_par' dir='ltr' id='par_1_71' title="bbox 1911 4097 3518 4250">
     <span class='ocr_line' id='line_1_71' title="bbox 1912 4097 3518 4183; baseline -0.002 -27"><span class='ocrx_word' id='word_1_463' title='bbox 1912 4109 2095 4164; x_wconf 87' lang='lat' dir='ltr'><strong>mota;</strong></span> <span class='ocrx_word' id='word_1_464' title='bbox 2145 4114 2267 4181; x_wconf 73' lang='lat' dir='ltr'><strong>qua:</strong></span> <span class='ocrx_word' id='word_1_465' title='bbox 2308 4097 2418 4153; x_wconf 88' lang='lat' dir='ltr'><strong>alio</strong></span> <span class='ocrx_word' id='word_1_466' title='bbox 2471 4097 2695 4152; x_wconf 89' lang='lat' dir='ltr'><strong>nomine</strong></span> <span class='ocrx_word' id='word_1_467' title='bbox 2744 4097 2932 4179; x_wconf 60' lang='lat' dir='ltr'><strong>Wicus</strong></span> <span class='ocrx_word' id='word_1_468' title='bbox 2979 4097 3306 4183; x_wconf 62' lang='lat' dir='ltr'><strong>appellatur,</strong></span> <span class='ocrx_word' id='word_1_469' title='bbox 3357 4099 3518 4154; x_wconf 87' lang='lat' dir='ltr'><strong>hodie</strong></span> 
     </span>
     <span class='ocr_line' id='line_1_72' title="bbox 1911 4166 3512 4250; baseline -0.003 -23"><span class='ocrx_word' id='word_1_470' title='bbox 1911 4186 2044 4250; x_wconf 66' lang='lat' dir='ltr'><strong>vero</strong></span> <span class='ocrx_word' id='word_1_471' title='bbox 2073 4166 2866 4250; x_wconf 64' lang='lat' dir='ltr'><strong>$ac_nt-J_osse-_sur-Mer._Ytde</strong></span> <span class='ocrx_word' id='word_1_472' title='bbox 2907 4176 3069 4250; x_wconf 67' lang='lat' dir='ltr'><strong>epist.</strong></span> <span class='ocrx_word' id='word_1_473' title='bbox 3097 4168 3188 4233; x_wconf 81' lang='lat' dir='ltr'><strong>o9,</strong></span> <span class='ocrx_word' id='word_1_474' title='bbox 3220 4166 3512 4250; x_wconf 64' lang='lat' dir='ltr'><strong>eti</strong></span> 
     </span>
    </p>
   </div>
   <div class='ocr_carea' id='block_1_72' title="bbox 1913 4238 3515 4313">
    <p class='ocr_par' dir='ltr' id='par_1_72' title="bbox 1913 4238 3515 4313">
     <span class='ocr_line' id='line_1_73' title="bbox 1913 4238 3515 4313; baseline -0.003 -15"><span class='ocrx_word' id='word_1_475' title='bbox 1913 4242 1989 4298; x_wconf 91' lang='lat' dir='ltr'><strong>De</strong></span> <span class='ocrx_word' id='word_1_476' title='bbox 2008 4241 2180 4313; x_wconf 86' lang='lat' dir='ltr'><strong>priori</strong></span> <span class='ocrx_word' id='word_1_477' title='bbox 2215 4240 2351 4313; x_wconf 70' lang='lat' dir='ltr'><strong>cella</strong></span> <span class='ocrx_word' id='word_1_478' title='bbox 2384 4238 2675 4313; x_wconf 75' lang='lat' dir='ltr'><strong>Alcuinum</strong></span> <span class='ocrx_word' id='word_1_479' title='bbox 2701 4239 2792 4295; x_wconf 87' lang='lat' dir='ltr'><strong>hic</strong></span> <span class='ocrx_word' id='word_1_480' title='bbox 2834 4239 2980 4313; x_wconf 71' lang='lat' dir='ltr'><strong>loqui</strong></span> <span class='ocrx_word' id='word_1_481' title='bbox 3003 4238 3515 4313; x_wconf 65' lang='lat' dir='ltr'><strong>observatMabillo-</strong></span> 
     </span>
    </p>
   </div>
   <div class='ocr_carea' id='block_1_73' title="bbox 1914 4306 3515 4379">
    <p class='ocr_par' dir='ltr' id='par_1_73' title="bbox 1914 4306 3515 4379">
     <span class='ocr_line' id='line_1_74' title="bbox 1914 4306 3515 4379; baseline -0.003 -11"><span class='ocrx_word' id='word_1_482' title='bbox 1914 4306 2036 4370; x_wconf 75' lang='lat' dir='ltr'><strong>nius</strong></span> <span class='ocrx_word' id='word_1_483' title='bbox 2063 4322 2254 4368; x_wconf 84' lang='lat' dir='ltr'><strong>contra</strong></span> <span class='ocrx_word' id='word_1_484' title='bbox 2283 4306 2854 4379; x_wconf 77' lang='lat' dir='ltr'><strong>Sancta-Martbanos.</strong></span> <span class='ocrx_word' id='word_1_485' title='bbox 2898 4308 3025 4364; x_wconf 68' lang='lat' dir='ltr'><strong>Hum</strong></span> <span class='ocrx_word' id='word_1_486' title='bbox 3058 4308 3309 4369; x_wconf 79' lang='lat' dir='ltr'><strong>fortassis</strong></span> <span class='ocrx_word' id='word_1_487' title='bbox 3339 4311 3515 4379; x_wconf 89' lang='lat' dir='ltr'><strong>prima</strong></span> 
     </span>
    </p>
   </div>
   <div class='ocr_carea' id='block_1_74' title="bbox 1914 4378 3515 4453">
    <p class='ocr_par' dir='ltr' id='par_1_74' title="bbox 1914 4378 3515 4453">
     <span class='ocr_line' id='line_1_75' title="bbox 1914 4378 3515 4453; baseline -0.002 -14"><span class='ocrx_word' id='word_1_488' title='bbox 1914 4385 2037 4449; x_wconf 86' lang='lat' dir='ltr'><strong>fuit,</strong></span> <span class='ocrx_word' id='word_1_489' title='bbox 2062 4398 2227 4453; x_wconf 89' lang='lat' dir='ltr'><strong>quam</strong></span> <span class='ocrx_word' id='word_1_490' title='bbox 2247 4382 2512 4438; x_wconf 79' lang='lat' dir='ltr'><strong>Alcuinus</strong></span> <span class='ocrx_word' id='word_1_491' title='bbox 2545 4378 2953 4453; x_wconf 81' lang='lat' dir='ltr'><strong>perlegititnam</strong></span> <span class='ocrx_word' id='word_1_492' title='bbox 2984 4378 3385 4453; x_wconf 72' lang='lat' dir='ltr'><strong>successionem</strong></span> <span class='ocrx_word' id='word_1_493' title='bbox 3416 4396 3515 4451; x_wconf 83' lang='lat' dir='ltr'><strong>gu-</strong></span> 
     </span>
    </p>
   </div>
   <div class='ocr_carea' id='block_1_75' title="bbox 1914 4449 3510 4523">
    <p class='ocr_par' dir='ltr' id='par_1_75' title="bbox 1914 4449 3510 4523">
     <span class='ocr_line' id='line_1_76' title="bbox 1914 4449 3510 4523; baseline -0.003 -12"><span class='ocrx_word' id='word_1_494' title='bbox 1914 4449 2251 4511; x_wconf 76' lang='lat' dir='ltr'><strong>bernandam</strong></span> <span class='ocrx_word' id='word_1_495' title='bbox 2280 4449 2605 4523; x_wconf 38' lang='lat' dir='ltr'><strong>accepittut</strong></span> <span class='ocrx_word' id='word_1_496' title='bbox 2622 4449 2737 4522; x_wconf 85' lang='lat' dir='ltr'><strong>ipse</strong></span> <span class='ocrx_word' id='word_1_497' title='bbox 2762 4450 3007 4522; x_wconf 87' lang='lat' dir='ltr'><strong>loquitur.</strong></span> <span class='ocrx_word' id='word_1_498' title='bbox 3025 4450 3115 4506; x_wconf 87' lang='lat' dir='ltr'><strong>hic</strong></span> <span class='ocrx_word' id='word_1_499' title='bbox 3146 4461 3202 4507; x_wconf 89' lang='lat' dir='ltr'><strong>et</strong></span> <span class='ocrx_word' id='word_1_500' title='bbox 3224 4449 3361 4505; x_wconf 86' lang='lat' dir='ltr'><strong>infra</strong></span> <span class='ocrx_word' id='word_1_501' title='bbox 3385 4449 3510 4523; x_wconf 79' lang='lat' dir='ltr'><strong>cap.</strong></span> 
     </span>
    </p>
   </div>
   <div class='ocr_carea' id='block_1_76' title="bbox 1840 4511 2635 4594">
    <p class='ocr_par' dir='ltr' id='par_1_76' title="bbox 1840 4511 2635 4594">
     <span class='ocr_line' id='line_1_77' title="bbox 1840 4511 2635 4594; baseline -0.006 -13"><span class='ocrx_word' id='word_1_502' title='bbox 1840 4511 1890 4573; x_wconf 81' lang='grc' dir='ltr'>υ</span> <span class='ocrx_word' id='word_1_503' title='bbox 1919 4527 1945 4581; x_wconf 69' lang='grc' dir='ltr'>ι</span> <span class='ocrx_word' id='word_1_504' title='bbox 1980 4525 2137 4587; x_wconf 64' lang='grc' dir='ltr'><strong>νὶιω,</strong></span> <span class='ocrx_word' id='word_1_505' title='bbox 2159 4534 2214 4580; x_wconf 88' lang='lat' dir='ltr'><strong>et</strong></span> <span class='ocrx_word' id='word_1_506' title='bbox 2238 4525 2293 4579; x_wconf 91' lang='lat' dir='ltr'><strong>in</strong></span> <span class='ocrx_word' id='word_1_507' title='bbox 2323 4511 2481 4594; x_wconf 75' lang='lat' dir='ltr'><strong>epi&#39;st.</strong></span> <span class='ocrx_word' id='word_1_508' title='bbox 2503 4511 2635 4577; x_wconf 63' lang='lat'><strong>226.</strong></span> 
     </span>
    </p>
   </div>
   <div class='ocr_carea' id='block_1_77' title="bbox 1471 4767 2279 4853">
    <p class='ocr_par' dir='ltr' id='par_1_77' title="bbox 1471 4767 2279 4853">
     <span class='ocr_line' id='line_1_78' title="bbox 1471 4767 2279 4853; baseline -0.016 0"><span class='ocrx_word' id='word_1_509' title='bbox 1471 4774 1775 4853; x_wconf 78' lang='lat' dir='ltr'><strong>LIBER</strong></span> <span class='ocrx_word' id='word_1_510' title='bbox 1836 4770 2089 4848; x_wconf 82' lang='lat' dir='ltr'><strong>PRIM</strong></span> <span class='ocrx_word' id='word_1_511' title='bbox 2106 4767 2279 4846; x_wconf 86' lang='lat' dir='ltr'><strong>US.-</strong></span> 
     </span>
    </p>
   </div>
   <div class='ocr_carea' id='block_1_78' title="bbox 1422 4925 2315 4993">
    <p class='ocr_par' dir='ltr' id='par_1_78' title="bbox 1422 4925 2315 4993">
     <span class='ocr_line' id='line_1_79' title="bbox 1422 4925 2315 4993; baseline -0.006 -3"><span class='ocrx_word' id='word_1_512' title='bbox 1422 4930 1825 4993; x_wconf 72' lang='lat' dir='ltr'><strong>INCIPIUNT</strong></span> <span class='ocrx_word' id='word_1_513' title='bbox 1889 4925 2315 4989; x_wconf 78' lang='lat' dir='ltr'><strong>CAPITULA.</strong></span> 
     </span>
    </p>
   </div>
   <div class='ocr_carea' id='block_1_79' title="bbox 279 5207 1800 5291">
    <p class='ocr_par' dir='ltr' id='par_1_79' title="bbox 279 5207 1800 5291">
     <span class='ocr_line' id='line_1_80' title="bbox 279 5207 1800 5291; baseline -0.015 -10"><span class='ocrx_word' id='word_1_514' title='bbox 279 5220 411 5282; x_wconf 65' lang='lat' dir='ltr'><strong>Car.</strong></span> <span class='ocrx_word' id='word_1_515' title='bbox 439 5222 480 5278; x_wconf 81' lang='lat' dir='ltr'><strong>l.</strong></span> <span class='ocrx_word' id='word_1_516' title='bbox 524 5219 775 5291; x_wconf 78' lang='lat' dir='ltr'><strong>Wilgisus</strong></span> <span class='ocrx_word' id='word_1_517' title='bbox 809 5219 1163 5273; x_wconf 75' lang='lat' dir='ltr'><strong>monasticam</strong></span> <span class='ocrx_word' id='word_1_518' title='bbox 1183 5215 1375 5286; x_wconf 78' lang='lat' dir='ltr'><strong>primo,</strong></span> <span class='ocrx_word' id='word_1_519' title='bbox 1406 5221 1585 5283; x_wconf 75' lang='lat' dir='ltr'><strong>postea</strong></span> <span class='ocrx_word' id='word_1_520' title='bbox 1609 5207 1800 5262; x_wconf 81' lang='lat' dir='ltr'><strong>solita-</strong></span> 
     </span>
    </p>
   </div>
   <div class='ocr_carea' id='block_1_80' title="bbox 210 5300 1804 5382">
    <p class='ocr_par' dir='ltr' id='par_1_80' title="bbox 210 5300 1804 5382">
     <span class='ocr_line' id='line_1_81' title="bbox 210 5300 1804 5382; baseline -0.012 -10"><span class='ocrx_word' id='word_1_521' title='bbox 210 5315 347 5372; x_wconf 75' lang='lat' dir='ltr'><strong>riam</strong></span> <span class='ocrx_word' id='word_1_522' title='bbox 374 5313 531 5369; x_wconf 79' lang='lat' dir='ltr'><strong>vitam</strong></span> <span class='ocrx_word' id='word_1_523' title='bbox 558 5308 907 5382; x_wconf 77' lang='lat' dir='ltr'><strong>amplectitur.</strong></span> <span class='ocrx_word' id='word_1_524' title='bbox 956 5306 1235 5361; x_wconf 74' lang='lat' dir='ltr'><strong>Miraculis</strong></span> <span class='ocrx_word' id='word_1_525' title='bbox 1280 5303 1461 5357; x_wconf 77' lang='lat' dir='ltr'><strong>claret.</strong></span> <span class='ocrx_word' id='word_1_526' title='bbox 1511 5300 1804 5355; x_wconf 77' lang='lat' dir='ltr'><strong>Ecclesium</strong></span> 
     </span>
    </p>
   </div>
   <div class='ocr_carea' id='block_1_81' title="bbox 210 5394 1807 5471">
    <p class='ocr_par' dir='ltr' id='par_1_81' title="bbox 210 5394 1807 5471">
     <span class='ocr_line' id='line_1_82' title="bbox 210 5394 1807 5471; baseline -0.01 -10"><span class='ocrx_word' id='word_1_527' title='bbox 210 5425 277 5461; x_wconf 72' lang='lat' dir='ltr'><strong>ea;</strong></span> <span class='ocrx_word' id='word_1_528' title='bbox 310 5402 682 5460; x_wconf 79' lang='lat' dir='ltr'><strong>donationibus</strong></span> <span class='ocrx_word' id='word_1_529' title='bbox 720 5417 899 5471; x_wconf 82' lang='lat' dir='ltr'><strong>regum</strong></span> <span class='ocrx_word' id='word_1_530' title='bbox 940 5410 989 5453; x_wconf 80' lang='lat' dir='ltr'><strong>et</strong></span> <span class='ocrx_word' id='word_1_531' title='bbox 1027 5399 1337 5469; x_wconf 81' lang='lat' dir='ltr'><strong>Optimatum</strong></span> <span class='ocrx_word' id='word_1_532' title='bbox 1391 5395 1664 5448; x_wconf 80' lang='lat' dir='ltr'><strong>construit.</strong></span> <span class='ocrx_word' id='word_1_533' title='bbox 1714 5394 1807 5447; x_wconf 80' lang='lat' dir='ltr'><strong>Al-</strong></span> 
     </span>
    </p>
   </div>
   <div class='ocr_carea' id='block_1_82' title="bbox 210 5487 1803 5565">
    <p class='ocr_par' dir='ltr' id='par_1_82' title="bbox 210 5487 1803 5565">
     <span class='ocr_line' id='line_1_83' title="bbox 210 5487 1803 5565; baseline -0.008 -12"><span class='ocrx_word' id='word_1_534' title='bbox 210 5498 399 5554; x_wconf 83' lang='lat' dir='ltr'><strong>cuinus</strong></span> <span class='ocrx_word' id='word_1_535' title='bbox 440 5512 505 5551; x_wconf 76' lang='lat' dir='ltr'><strong>ea;</strong></span> <span class='ocrx_word' id='word_1_536' title='bbox 546 5494 780 5565; x_wconf 84' lang='lat' dir='ltr'><strong>legitima</strong></span> <span class='ocrx_word' id='word_1_537' title='bbox 826 5492 1132 5547; x_wconf 65' lang='lat' dir='ltr'><strong>hereditate</strong></span> <span class='ocrx_word' id='word_1_538' title='bbox 1174 5505 1460 5545; x_wconf 78' lang='lat' dir='ltr'><strong>successor.</strong></span> <span class='ocrx_word' id='word_1_539' title='bbox 1492 5518 1564 5528; x_wconf 89' lang='lat'><strong>—-</strong></span> <span class='ocrx_word' id='word_1_540' title='bbox 1596 5487 1721 5541; x_wconf 80' lang='lat' dir='ltr'><strong>Fuit</strong></span> <span class='ocrx_word' id='word_1_541' title='bbox 1750 5487 1803 5540; x_wconf 93' lang='lat' dir='ltr'><strong>in</strong></span> 
     </span>
    </p>
   </div>
   <div class='ocr_carea' id='block_1_83' title="bbox 208 5581 1808 5657">
    <p class='ocr_par' dir='ltr' id='par_1_83' title="bbox 208 5581 1808 5657">
     <span class='ocr_line' id='line_1_84' title="bbox 208 5581 1808 5657; baseline -0.008 -9"><span class='ocrx_word' id='word_1_542' title='bbox 208 5591 494 5649; x_wconf 86' lang='lat' dir='ltr'><strong>Britannia</strong></span> <span class='ocrx_word' id='word_1_543' title='bbox 530 5588 727 5653; x_wconf 89' lang='lat' dir='ltr'><strong>insula,</strong></span> <span class='ocrx_word' id='word_1_544' title='bbox 775 5586 1051 5657; x_wconf 87' lang='lat' dir='ltr'><strong>provincia</strong></span> <span class='ocrx_word' id='word_1_545' title='bbox 1096 5581 1642 5647; x_wconf 86' lang='lat' dir='ltr'><strong>Nordanhumbrana,</strong></span> <span class='ocrx_word' id='word_1_546' title='bbox 1687 5581 1808 5652; x_wconf 84' lang='lat' dir='ltr'><strong>qui-</strong></span> 
     </span>
    </p>
   </div>
   <div class='ocr_carea' id='block_1_84' title="bbox 210 5672 1798 5753">
    <p class='ocr_par' dir='ltr' id='par_1_84' title="bbox 210 5672 1798 5753">
     <span class='ocr_line' id='line_1_85' title="bbox 210 5672 1798 5753; baseline -0.008 -13"><span class='ocrx_word' id='word_1_547' title='bbox 210 5686 336 5741; x_wconf 88' lang='lat' dir='ltr'><strong>dam</strong></span> <span class='ocrx_word' id='word_1_548' title='bbox 388 5681 779 5753; x_wconf 84' lang='lat' dir='ltr'><strong>paterfamilias</strong></span> <span class='ocrx_word' id='word_1_549' title='bbox 808 5693 1007 5751; x_wconf 82' lang='lat' dir='ltr'><strong>genere</strong></span> <span class='ocrx_word' id='word_1_550' title='bbox 1036 5675 1181 5732; x_wconf 81' lang='lat' dir='ltr'><strong>Saxo</strong></span> <span class='ocrx_word' id='word_1_551' title='bbox 1220 5685 1278 5732; x_wconf 89' lang='lat' dir='ltr'><strong>et</strong></span> <span class='ocrx_word' id='word_1_552' title='bbox 1324 5676 1545 5731; x_wconf 90' lang='lat' dir='ltr'><strong>nomine</strong></span> <span class='ocrx_word' id='word_1_553' title='bbox 1588 5672 1798 5746; x_wconf 87' lang='lat' dir='ltr'><strong>Wilgis,</strong></span> 
     </span>
    </p>
   </div>
   <div class='ocr_carea' id='block_1_85' title="bbox 211 5766 1803 5845">
    <p class='ocr_par' dir='ltr' id='par_1_85' title="bbox 211 5766 1803 5845">
     <span class='ocr_line' id='line_1_86' title="bbox 211 5766 1803 5845; baseline -0.005 -15"><span class='ocrx_word' id='word_1_554' title='bbox 211 5776 522 5845; x_wconf 86' lang='lat' dir='ltr'><strong>religiosam</strong></span> <span class='ocrx_word' id='word_1_555' title='bbox 572 5774 626 5829; x_wconf 93' lang='lat' dir='ltr'><strong>in</strong></span> <span class='ocrx_word' id='word_1_556' title='bbox 673 5772 890 5828; x_wconf 87' lang='lat' dir='ltr'><strong>Christo</strong></span> <span class='ocrx_word' id='word_1_557' title='bbox 934 5786 1057 5826; x_wconf 90' lang='lat' dir='ltr'><strong>cum</strong></span> <span class='ocrx_word' id='word_1_558' title='bbox 1105 5767 1333 5840; x_wconf 89' lang='lat' dir='ltr'><strong>conjuge</strong></span> <span class='ocrx_word' id='word_1_559' title='bbox 1376 5775 1433 5823; x_wconf 90' lang='lat' dir='ltr'><strong>et</strong></span> <span class='ocrx_word' id='word_1_560' title='bbox 1462 5767 1610 5822; x_wconf 90' lang='lat' dir='ltr'><strong>omni</strong></span> <span class='ocrx_word' id='word_1_561' title='bbox 1641 5766 1803 5822; x_wconf 90' lang='lat' dir='ltr'><strong>domo</strong></span> 
     </span>
    </p>
   </div>
   <div class='ocr_carea' id='block_1_86' title="bbox 212 5858 1796 5939">
    <p class='ocr_par' dir='ltr' id='par_1_86' title="bbox 212 5858 1796 5939">
     <span class='ocr_line' id='line_1_87' title="bbox 212 5858 1796 5939; baseline -0.009 -15"><span class='ocrx_word' id='word_1_562' title='bbox 212 5884 334 5933; x_wconf 83' lang='lat' dir='ltr'><strong>sua,</strong></span> <span class='ocrx_word' id='word_1_563' title='bbox 363 5869 504 5924; x_wconf 84' lang='lat' dir='ltr'><strong>sicut</strong></span> <span class='ocrx_word' id='word_1_564' title='bbox 543 5876 664 5939; x_wconf 86' lang='lat' dir='ltr'><strong>post</strong></span> <span class='ocrx_word' id='word_1_565' title='bbox 688 5866 859 5937; x_wconf 81' lang='lat' dir='ltr'><strong>signis</strong></span> <span class='ocrx_word' id='word_1_566' title='bbox 893 5862 1222 5936; x_wconf 86' lang='lat' dir='ltr'><strong>patefactum</strong></span> <span class='ocrx_word' id='word_1_567' title='bbox 1267 5869 1369 5927; x_wconf 88' lang='lat' dir='ltr'><strong>est,</strong></span> <span class='ocrx_word' id='word_1_568' title='bbox 1401 5875 1567 5932; x_wconf 85' lang='lat' dir='ltr'><strong>agens</strong></span> <span class='ocrx_word' id='word_1_569' title='bbox 1609 5858 1796 5915; x_wconf 87' lang='lat' dir='ltr'><strong>vitam.</strong></span> 
     </span>
    </p>
   </div>
   <div class='ocr_carea' id='block_1_87' title="bbox 210 5952 1805 6030">
    <p class='ocr_par' dir='ltr' id='par_1_87' title="bbox 210 5952 1805 6030">
     <span class='ocr_line' id='line_1_88' title="bbox 210 5952 1805 6030; baseline -0.005 -16"><span class='ocrx_word' id='word_1_570' title='bbox 210 5958 350 6017; x_wconf 81' lang='lat' dir='ltr'><strong>Nam</strong></span> <span class='ocrx_word' id='word_1_571' title='bbox 380 5959 566 6015; x_wconf 79' lang='lat' dir='ltr'><strong>relicto</strong></span> <span class='ocrx_word' id='word_1_572' title='bbox 594 5959 776 6014; x_wconf 89' lang='lat' dir='ltr'><strong>habitu</strong></span> <span class='ocrx_word' id='word_1_573' title='bbox 806 5955 966 6030; x_wconf 65' lang='lat'><strong>184</strong></span> <span class='ocrx_word' id='word_1_574' title='bbox 986 5954 1256 6019; x_wconf 73' lang='lat' dir='ltr'><strong>szeculari,</strong></span> <span class='ocrx_word' id='word_1_575' title='bbox 1284 5952 1659 6009; x_wconf 84' lang='lat' dir='ltr'><strong>monachicam</strong></span> <span class='ocrx_word' id='word_1_576' title='bbox 1676 5966 1805 6008; x_wconf 87' lang='lat' dir='ltr'><strong>con-</strong></span> 
     </span>
    </p>
   </div>
   <div class='ocr_carea' id='block_1_88' title="bbox 1909 5218 3505 5291">
    <p class='ocr_par' dir='ltr' id='par_1_88' title="bbox 1909 5218 3505 5291">
     <span class='ocr_line' id='line_1_89' title="bbox 1909 5218 3505 5291; baseline 0.005 -17"><span class='ocrx_word' id='word_1_577' title='bbox 1909 5220 2274 5281; x_wconf 73' lang='lat' dir='ltr'><strong>versationem</strong></span> <span class='ocrx_word' id='word_1_578' title='bbox 2304 5218 2484 5291; x_wconf 81' lang='lat' dir='ltr'><strong>elegit,</strong></span> <span class='ocrx_word' id='word_1_579' title='bbox 2518 5232 2582 5275; x_wconf 86' lang='lat' dir='ltr'><strong>ac</strong></span> <span class='ocrx_word' id='word_1_580' title='bbox 2608 5235 2716 5275; x_wconf 86' lang='lat' dir='ltr'><strong>non</strong></span> <span class='ocrx_word' id='word_1_581' title='bbox 2743 5219 2914 5274; x_wconf 86' lang='lat' dir='ltr'><strong>multo</strong></span> <span class='ocrx_word' id='word_1_582' title='bbox 2952 5228 3097 5290; x_wconf 90' lang='lat' dir='ltr'><strong>post,</strong></span> <span class='ocrx_word' id='word_1_583' title='bbox 3122 5232 3409 5279; x_wconf 85' lang='lat' dir='ltr'><strong>crescente</strong></span> <span class='ocrx_word' id='word_1_584' title='bbox 3448 5226 3505 5281; x_wconf 91' lang='lat' dir='ltr'><strong>in</strong></span> 
     </span>
    </p>
   </div>
   <div class='ocr_carea' id='block_1_89' title="bbox 1910 5311 3506 5383">
    <p class='ocr_par' dir='ltr' id='par_1_89' title="bbox 1910 5311 3506 5383">
     <span class='ocr_line' id='line_1_90' title="bbox 1910 5311 3506 5383; baseline 0.003 -14"><span class='ocrx_word' id='word_1_585' title='bbox 1910 5329 1976 5369; x_wconf 90' lang='lat' dir='ltr'><strong>eo</strong></span> <span class='ocrx_word' id='word_1_586' title='bbox 2000 5313 2213 5369; x_wconf 82' lang='lat' dir='ltr'><strong>fervore</strong></span> <span class='ocrx_word' id='word_1_587' title='bbox 2251 5312 2374 5366; x_wconf 80' lang='lat' dir='ltr'><strong>vitae</strong></span> <span class='ocrx_word' id='word_1_588' title='bbox 2399 5311 2714 5383; x_wconf 79' lang='lat' dir='ltr'><strong>spiritualis,</strong></span> <span class='ocrx_word' id='word_1_589' title='bbox 2748 5311 2967 5368; x_wconf 88' lang='lat' dir='ltr'><strong>arctiori</strong></span> <span class='ocrx_word' id='word_1_590' title='bbox 3005 5313 3169 5368; x_wconf 91' lang='lat' dir='ltr'><strong>animi</strong></span> <span class='ocrx_word' id='word_1_591' title='bbox 3210 5314 3390 5369; x_wconf 90' lang='lat' dir='ltr'><strong>studio</strong></span> <span class='ocrx_word' id='word_1_592' title='bbox 3417 5332 3506 5373; x_wconf 84' lang='lat' dir='ltr'><strong>so-</strong></span> 
     </span>
    </p>
   </div>
   <div class='ocr_carea' id='block_1_90' title="bbox 1908 5405 3502 5479">
    <p class='ocr_par' dir='ltr' id='par_1_90' title="bbox 1908 5405 3502 5479">
     <span class='ocr_line' id='line_1_91' title="bbox 1908 5405 3502 5479; baseline 0.003 -18"><span class='ocrx_word' id='word_1_593' title='bbox 1908 5407 2084 5461; x_wconf 87' lang='lat' dir='ltr'><strong>litaria</strong></span> <span class='ocrx_word' id='word_1_594' title='bbox 2115 5408 2355 5476; x_wconf 88' lang='lat' dir='ltr'><strong>seipsum</strong></span> <span class='ocrx_word' id='word_1_595' title='bbox 2384 5406 2715 5475; x_wconf 88' lang='lat' dir='ltr'><strong>mancipavit</strong></span> <span class='ocrx_word' id='word_1_596' title='bbox 2750 5405 3091 5462; x_wconf 87' lang='lat' dir='ltr'><strong>districtione</strong></span> <span class='ocrx_word' id='word_1_597' title='bbox 3135 5405 3330 5479; x_wconf 75' lang='lat' dir='ltr'><strong>[Mab.,</strong></span> <span class='ocrx_word' id='word_1_598' title='bbox 3368 5409 3502 5465; x_wconf 85' lang='lat' dir='ltr'><strong>soli—</strong></span> 
     </span>
    </p>
   </div>
   <div class='ocr_carea' id='block_1_91' title="bbox 1910 5495 3504 5568">
    <p class='ocr_par' dir='ltr' id='par_1_91' title="bbox 1910 5495 3504 5568">
     <span class='ocr_line' id='line_1_92' title="bbox 1910 5495 3504 5568; baseline 0.006 -18"><span class='ocrx_word' id='word_1_599' title='bbox 1910 5498 2060 5552; x_wconf 69' lang='lat' dir='ltr'><strong>toria:</strong></span> <span class='ocrx_word' id='word_1_600' title='bbox 2082 5495 2431 5568; x_wconf 89' lang='lat' dir='ltr'><strong>districtioni]</strong></span> <span class='ocrx_word' id='word_1_601' title='bbox 2457 5498 2509 5551; x_wconf 93' lang='lat' dir='ltr'><strong>in</strong></span> <span class='ocrx_word' id='word_1_602' title='bbox 2545 5498 2932 5567; x_wconf 85' lang='lat' dir='ltr'><strong>promontoriis</strong></span> <span class='ocrx_word' id='word_1_603' title='bbox 2975 5512 3095 5568; x_wconf 59' lang='lat' dir='ltr'><strong>quae</strong></span> <span class='ocrx_word' id='word_1_604' title='bbox 3123 5499 3260 5554; x_wconf 89' lang='lat' dir='ltr'><strong>mari</strong></span> <span class='ocrx_word' id='word_1_605' title='bbox 3285 5499 3504 5559; x_wconf 83' lang='lat' dir='ltr'><strong>Oceano</strong></span> 
     </span>
    </p>
   </div>
   <div class='ocr_carea' id='block_1_92' title="bbox 1907 5587 3502 5661">
    <p class='ocr_par' dir='ltr' id='par_1_92' title="bbox 1907 5587 3502 5661">
     <span class='ocr_line' id='line_1_93' title="bbox 1907 5587 3502 5661; baseline 0.006 -18"><span class='ocrx_word' id='word_1_606' title='bbox 1907 5598 1965 5644; x_wconf 91' lang='lat' dir='ltr'><strong>et</strong></span> <span class='ocrx_word' id='word_1_607' title='bbox 1988 5588 2213 5644; x_wconf 84' lang='lat' dir='ltr'><strong>Humbri</strong></span> <span class='ocrx_word' id='word_1_608' title='bbox 2240 5587 2460 5643; x_wconf 81' lang='lat' dir='ltr'><strong>ﬂumine</strong></span> <span class='ocrx_word' id='word_1_609' title='bbox 2508 5589 2820 5661; x_wconf 88' lang='lat' dir='ltr'><strong>cinguntur.</strong></span> <span class='ocrx_word' id='word_1_610' title='bbox 2853 5588 2926 5646; x_wconf 86' lang='lat' dir='ltr'><strong>lbi</strong></span> <span class='ocrx_word' id='word_1_611' title='bbox 2964 5591 3128 5646; x_wconf 90' lang='lat' dir='ltr'><strong>etiam</strong></span> <span class='ocrx_word' id='word_1_612' title='bbox 3163 5593 3333 5651; x_wconf 91' lang='lat' dir='ltr'><strong>multo</strong></span> <span class='ocrx_word' id='word_1_613' title='bbox 3362 5603 3502 5652; x_wconf 85' lang='lat' dir='ltr'><strong>tem-</strong></span> 
     </span>
    </p>
   </div>
   <div class='ocr_carea' id='block_1_93' title="bbox 1909 5680 3504 5759">
    <p class='ocr_par' dir='ltr' id='par_1_93' title="bbox 1909 5680 3504 5759">
     <span class='ocr_line' id='line_1_94' title="bbox 1909 5680 3504 5759; baseline 0.006 -24"><span class='ocrx_word' id='word_1_614' title='bbox 1909 5695 2040 5752; x_wconf 88' lang='lat' dir='ltr'><strong>pore</strong></span> <span class='ocrx_word' id='word_1_615' title='bbox 2068 5680 2124 5734; x_wconf 92' lang='lat' dir='ltr'><strong>in</strong></span> <span class='ocrx_word' id='word_1_616' title='bbox 2144 5681 2378 5751; x_wconf 84' lang='lat' dir='ltr'><strong>quodam</strong></span> <span class='ocrx_word' id='word_1_617' title='bbox 2409 5696 2577 5752; x_wconf 86' lang='lat' dir='ltr'><strong>parvo</strong></span> <span class='ocrx_word' id='word_1_618' title='bbox 2604 5683 2866 5748; x_wconf 80' lang='lat' dir='ltr'><strong>oratorio,</strong></span> <span class='ocrx_word' id='word_1_619' title='bbox 2905 5684 3081 5739; x_wconf 87' lang='lat' dir='ltr'><strong>sancti</strong></span> <span class='ocrx_word' id='word_1_620' title='bbox 3116 5684 3348 5742; x_wconf 72' lang='lat' dir='ltr'><strong>Andreae</strong></span> <span class='ocrx_word' id='word_1_621' title='bbox 3374 5703 3504 5759; x_wconf 82' lang='lat' dir='ltr'><strong>apo-</strong></span> 
     </span>
    </p>
   </div>
   <div class='ocr_carea' id='block_1_94' title="bbox 1911 5771 3504 5843">
    <p class='ocr_par' dir='ltr' id='par_1_94' title="bbox 1911 5771 3504 5843">
     <span class='ocr_line' id='line_1_95' title="bbox 1911 5771 3504 5843; baseline 0.007 -17"><span class='ocrx_word' id='word_1_622' title='bbox 1911 5771 2032 5826; x_wconf 87' lang='lat' dir='ltr'><strong>stoli</strong></span> <span class='ocrx_word' id='word_1_623' title='bbox 2061 5772 2263 5828; x_wconf 82' lang='lat' dir='ltr'><strong>Christi</strong></span> <span class='ocrx_word' id='word_1_624' title='bbox 2287 5774 2508 5828; x_wconf 91' lang='lat' dir='ltr'><strong>nomine</strong></span> <span class='ocrx_word' id='word_1_625' title='bbox 2537 5774 2735 5839; x_wconf 90' lang='lat' dir='ltr'><strong>dicato,</strong></span> <span class='ocrx_word' id='word_1_626' title='bbox 2761 5775 2815 5829; x_wconf 90' lang='lat' dir='ltr'><strong>in</strong></span> <span class='ocrx_word' id='word_1_627' title='bbox 2836 5773 3058 5843; x_wconf 89' lang='lat' dir='ltr'><strong>jejuniis</strong></span> <span class='ocrx_word' id='word_1_628' title='bbox 3082 5784 3139 5833; x_wconf 84' lang='lat' dir='ltr'><strong>et</strong></span> <span class='ocrx_word' id='word_1_629' title='bbox 3165 5780 3504 5837; x_wconf 87' lang='lat' dir='ltr'><strong>orationibus</strong></span> 
     </span>
    </p>
   </div>
   <div class='ocr_carea' id='block_1_95' title="bbox 1908 5863 3501 5942">
    <p class='ocr_par' dir='ltr' id='par_1_95' title="bbox 1908 5863 3501 5942">
     <span class='ocr_line' id='line_1_96' title="bbox 1908 5863 3501 5942; baseline 0.004 -25"><span class='ocrx_word' id='word_1_630' title='bbox 1908 5870 2074 5932; x_wconf 89' lang='lat' dir='ltr'><strong>atque</strong></span> <span class='ocrx_word' id='word_1_631' title='bbox 2099 5863 2295 5935; x_wconf 88' lang='lat' dir='ltr'><strong>vigiliis</strong></span> <span class='ocrx_word' id='word_1_632' title='bbox 2320 5864 2432 5919; x_wconf 87' lang='lat' dir='ltr'><strong>Deo</strong></span> <span class='ocrx_word' id='word_1_633' title='bbox 2452 5865 2719 5931; x_wconf 87' lang='lat' dir='ltr'><strong>serviens,</strong></span> <span class='ocrx_word' id='word_1_634' title='bbox 2743 5866 2905 5921; x_wconf 91' lang='lat' dir='ltr'><strong>etiam</strong></span> <span class='ocrx_word' id='word_1_635' title='bbox 2926 5866 3309 5923; x_wconf 86' lang='lat' dir='ltr'><strong>miraculorum</strong></span> <span class='ocrx_word' id='word_1_636' title='bbox 3332 5868 3501 5942; x_wconf 74' lang='lat' dir='ltr'><strong>signis</strong></span> 
     </span>
    </p>
   </div>
   <div class='ocr_carea' id='block_1_96' title="bbox 1908 5954 3542 6029">
    <p class='ocr_par' dir='ltr' id='par_1_96' title="bbox 1908 5954 3542 6029">
     <span class='ocr_line' id='line_1_97' title="bbox 1908 5954 3542 6029; baseline 0.002 -18"><span class='ocrx_word' id='word_1_637' title='bbox 1908 5955 2104 6012; x_wconf 88' lang='lat' dir='ltr'><strong>claruit</strong></span> <span class='ocrx_word' id='word_1_638' title='bbox 2125 5954 2321 6029; x_wconf 76' lang='lat' dir='ltr'><strong>[Mab.,</strong></span> <span class='ocrx_word' id='word_1_639' title='bbox 2345 5958 2419 6013; x_wconf 86' lang='lat' dir='ltr'><strong>ita</strong></span> <span class='ocrx_word' id='word_1_640' title='bbox 2443 5964 2567 6013; x_wconf 91' lang='lat' dir='ltr'><strong>ut...</strong></span> <span class='ocrx_word' id='word_1_641' title='bbox 2605 5956 2879 6029; x_wconf 87' lang='lat' dir='ltr'><strong>clareret],</strong></span> <span class='ocrx_word' id='word_1_642' title='bbox 2930 5966 2987 6013; x_wconf 89' lang='lat' dir='ltr'><strong>et</strong></span> <span class='ocrx_word' id='word_1_643' title='bbox 3021 5972 3221 6014; x_wconf 88' lang='lat' dir='ltr'><strong>nomen</strong></span> <span class='ocrx_word' id='word_1_644' title='bbox 3253 5956 3371 6029; x_wconf 88' lang='lat' dir='ltr'><strong>ejus</strong></span> <span class='ocrx_word' id='word_1_645' title='bbox 3412 5973 3501 6014; x_wconf 58' lang='lat' dir='ltr'><strong>ce.</strong></span> <span class='ocrx_word' id='word_1_646' title='bbox 3539 5964 3542 5965; x_wconf 67' lang='lat'><strong><em>&#39;</em></strong></span> 
     </span>
    </p>
   </div>
  </div>
