4112 6590
520 298 632 354 693

1380 301 1442 356 Β.
1482 299 1544 353 F.
1584 294 1807 353 ALBlNl
1846 288 1988 352 εει]
2032 293 2310 356 ALCUINI
2349 296 2636 355 OPERUM
2674 297 2857 356 PARS
2896 296 2959 353 γ.

3709 299 3822 354 696

518 416 667 475 lebre
692 414 894 472 factum
920 421 1021 470 est.
1053 413 1165 471 Nec
1185 414 1519 472 conﬂuentes
1544 416 1799 470 cessabat
1820 414 1885 469 ad
1912 429 1974 469 se
2001 423 2114 468 tur—
2146 417 2188 473 Α
2216 416 2380 470 minis
2422 416 2730 486 splendore.
2760 416 2979 488 plenum
3025 412 3139 471 Suae
3173 415 3520 485 perfectionis
3565 418 3821 473 ostende!

518 509 618 565 bas
640 506 963 565 suavissima
989 506 1136 561 verbi
1163 507 1259 561 Dei
1283 507 1653 565 admonitione
1682 506 1983 563 cohortari.
2012 505 2120 560 Sed

518 607 579 656 et
623 598 771 656 illius
797 598 976 670 gentis
1008 597 1120 669 regi
1146 605 1203 653 et
1244 597 1596 667 optimatibus
1646 597 1983 652 honorabilis
2034 595 2115 650 ef-

520 690 701 750 fectus
732 700 839 758 est,
891 690 949 745 in
984 697 1222 753 tantum,
1253 696 1314 743 ut
1342 688 1391 743 ei
1432 688 1645 758 aliquas
1674 696 1943 743 terrarum
1990 701 2117 758 pos-

520 786 911 850 sessiunculas,
950 783 1054 838 illis
1084 782 1475 853 pron‘iontoriis
1510 780 1842 850 adjacentes,
1885 782 1954 836 ad
1987 782 2116 836 tedi-

522 877 789 935 ilcandam
821 877 934 933 Deo
955 877 1269 941 ecclesiam,
1295 877 1438 931 dono
1460 885 1722 947 perpetuo
1752 876 2116 939 contulerint;

522 971 577 1025 in
618 985 725 1042 qua
748 970 872 1042 pius
908 977 1065 1041 pater
1089 970 1357 1024 modicam
1400 969 1640 1038 quidem,
1687 968 1784 1023 sed
1832 969 2119 1024 honestam

521 1058 635 1118 Deo
673 1062 1027 1118 servientium
1067 1062 1326 1116 adunavit
1370 1061 1876 1132 congregationem,
1922 1061 1979 1115 in
2011 1074 2119 1129 qua

519 1165 722 1229 etpost
747 1155 1075 1227 multiplices
1102 1155 1279 1212 sancti
1299 1154 1501 1209 laboris
1521 1168 1745 1225 agones,
1777 1168 1805 1208 a
1830 1154 1942 1209 Deo
1963 1168 2120 1208 coro-

521 1258 682 1305 natus
708 1259 940 1316 corpore
969 1247 1283 1316 requiescit,
1309 1254 1364 1299 et
1387 1245 1592 1314 posteri
1623 1243 1743 1313 ejus
1763 1258 1935 1314 usque
1959 1241 2119 1298 hodie

519 1357 585 1396 ex
618 1337 923 1397 sanctitatis
949 1335 1070 1405 ejus
1098 1337 1388 1394 traditione
1416 1337 1717 1406 possident.
1749 1336 1990 1402 Quorum
2016 1348 2118 1406 ego

522 1431 732 1489 meritis
770 1438 829 1485 et
849 1429 1043 1485 ordine
1085 1436 1382 1494 extremus,
1432 1427 1681 1483 eamdem
1725 1427 1976 1482 cellulam
2020 1439 2119 1497 per

520 1524 897 1581 successiones
936 1521 1206 1593 legitimas
1264 1521 1480 1590 suscepi
1532 1520 1939 1590 gubernandam
1960 1559 1974 1584 ,
2022 1519 2117 1590 qui

522 1616 664 1670 hanc
706 1614 995 1670 historiam
1042 1610 1374 1668 sanctissimi
1415 1610 1594 1666 Patris
1623 1619 1679 1665 et
1705 1612 1901 1666 summi
1934 1626 2118 1667 sacer-t

518 1705 667 1763 dotis
711 1704 1077 1768 Willibrordi,
1126 1712 1178 1759 te
1216 1702 1467 1773 jubente,
1512 1701 1825 1757 beatissime
1870 1700 2116 1773 pontifex

521 1794 856 1860 Beornrade,
897 1790 1194 1862 conscripsi
1226 1809 1241 1848 :
1273 1792 1366 1861 qui
1400 1789 1771 1854 tanto'Patri,
1817 1801 1872 1844 et
1916 1790 2116 1846 summi

521 1887 814 1951 sacerdotii
848 1886 1135 1957 dignitate,
1178 1892 1232 1940 et
1279 1884 1493 1955 generis
1534 1883 1873 1952 posteritate,
1902 1890 1960 1937 et
1986 1898 2115 1937 san-

522 1989 735 2036 ctorum
762 1979 1007 2033 locorum
1049 1977 1431 2032 observatione
1460 1989 1580 2046 quae
1605 1974 1674 2029 ab
1700 1989 1767 2028 eo
1795 1975 1848 2028 in
1875 1974 1970 2030 Dei
2014 1975 2116 2031 ho-

523 2085 711 2126 norem
735 2076 1045 2131 constructa
1074 2081 1197 2122 esse
1239 2074 1561 2130 noscuntur,
1592 2064 1889 2119 secundum
1935 2066 2116 2121 datam

523 2164 621 2220 tibi
648 2179 680 2217 a
706 2163 817 2218 Deo
846 2161 1101 2233 gratiam,
1131 2160 1305 2214 haeres
1334 2158 1685 2230 dignissimus
1714 2156 1997 2213 exstitisti.

590 2254 721 2309 Car.
749 2252 812 2308 ll.
840 2251 898 2308 S.
925 2250 1257 2306 Witlibrordi
1280 2255 1417 2303 mira
1435 2249 1723 2318 conceptio.
1762 2246 1907 2301 Visio
1930 2248 2115 2303 matri:

518 2346 656 2417 ejus.
696 2342 924 2399 Visionis
952 2341 1335 2412 interpretatio.
1364 2340 1519 2395 —-Et
1563 2348 1624 2394 ut
1659 2337 1900 2408 ejusdem
1940 2337 2115 2393 sancti

519 2437 693 2510 patris
714 2434 1049 2499 Willibrordi
1076 2432 1239 2487 altius
1274 2432 1574 2486 nativitatis
1593 2430 1884 2500 originem,
1909 2436 1966 2483 et
1988 2444 2115 2484 mox

523 2532 578 2586 in
607 2537 764 2585 utero
797 2527 985 2581 matris
1012 2524 1205 2580 divina:
1232 2523 1516 2579 electionis
1544 2529 1785 2592 repetam
1828 2521 2112 2592 prtesagia,

521 2630 771 2679 revertar
815 2619 957 2674 unde
981 2630 1232 2688 egressus
1255 2631 1398 2669 sum.
1420 2614 1556 2669 Nam
1576 2615 1719 2669 sicut
1738 2611 2116 2673 sanctissimus

519 2729 828 2787 pnecursor
854 2711 1067 2767 Domini
1088 2710 1264 2765 nostri
1287 2707 1415 2765 Jcsu
1437 2707 1638 2763 Christi
1660 2708 1854 2761 beatus
1879 2704 2121 2765 Joannes,

520 2810 785 2880 Baptista,
808 2821 878 2862 ex
903 2814 1057 2867 utero
1078 2803 1269 2857 matris
1296 2802 1407 2857 Deo
1430 2802 1819 2867 sanctiﬁcatus,
1848 2799 2116 2874 religiosis

518 2903 854 2975 parentibus,
892 2907 951 2955 ut
999 2897 1311 2969 evangeliea
1360 2902 1548 2951 narrat
1595 2894 1822 2949 historia
1867 2891 2019 2966 (Luc.
2049 2890 2113 2963 ι),

514 2995 795 3051 Christum
836 3008 936 3047 ceu
967 2991 1137 3050 solem
1188 2988 1503 3060 praecedens
1551 2984 1777 3050 lucifer,
1824 2984 2011 3039 multis
2057 2984 2115 3039 in

516 3088 747 3143 salutem
773 3083 1115 3155 profuturus,
1156 3091 1316 3137 natus
1344 3092 1429 3135 est
1460 3098 1474 3133 ;
1501 3078 1575 3133 ita
1601 3088 1655 3132 et
1683 3085 1904 3133 sanctus
1935 3074 2111 3130 Willi—

516 3178 750 3235 brordus
780 3153 851 3232 in
894 3175 1256 3247 plurimorum
1301 3173 1519 3245 genitus
1560 3172 1785 3226 salutem
1824 3166 2021 3241 [Mab.,
2060 3167 2116 3223 in
2143 3153 2190 3217 C

514 3270 878 3341 plurimarum
906 3267 1146 3337 gentium
1186 3262 1466 3336 salutem],
1497 3262 1769 3333 religiosis
1797 3258 2117 3331 parentibus

514 3369 679 3424 natus
708 3375 829 3415 esse
858 3358 1214 3430 dignoscitur.
1252 3355 1387 3411 Nam
1430 3356 1515 3411 vir
1543 3351 1869 3409 venerabilis
1896 3349 2112 3424 Wilgis,

515 3452 585 3508 de
610 3466 720 3526 quo
738 3450 898 3506 nobis
938 3448 1100 3519 paulo
1142 3457 1264 3503 ante
1291 3462 1471 3503 sermo
1500 3444 1624 3510 fuit,
1655 3445 1721 3499 ad
1752 3445 1854 3498 hoc
1883 3450 2112 3505 tantum,

515 3540 628 3599 Deo
655 3540 1092 3614 prmdestinante,
1122 3538 1469 3594 matrimonio
1492 3535 1718 3605 junctus
1756 3544 1857 3600 est,
1895 3542 1955 3588 ut
1990 3532 2115 3589 talis

516 3634 586 3691 ad
614 3631 919 3706 profectum
964 3633 1256 3689 multorum
1298 3630 1619 3701 pepulorum
1660 3645 1729 3685 ex
1772 3644 1838 3684 eo
1862 3626 2114 3682 ederetur

514 3727 716 3800 proles.
760 3725 927 3797 Igitur
952 3741 1090 3781 uxor
1123 3724 1261 3794 ejus,
1292 3734 1466 3780 mater
1514 3722 1721 3778 scilicet
1765 3721 1909 3777 beati
1941 3721 2115 3777 Willi—

514 3819 700 3875 brordi
740 3818 933 3890 patris,
982 3819 1306 3887 intempesta
1336 3819 1512 3872 noctis
1542 3817 1747 3887 quiete,
1790 3815 2013 3870 caeleste
2058 3814 2116 3869 in

514 3910 720 3967 somnis
746 3909 879 3968 vidit
906 3924 1099 3965 orama
1128 3906 1350 3984 (ὅραμα,
1378 3908 1432 3962 id
1459 3917 1533 3963 est
1565 3907 1786 3975 visum).
1812 3905 2000 3960 Visum
2030 3915 2116 3961 est

513 4003 563 4058 ei
599 4002 754 4073 quasi
808 4017 1003 4059 novam
1054 4002 1107 4056 in
1155 4002 1295 4080 coelo
1341 4002 1552 4055 videret
1600 4000 1805 4061 lunam,
1836 4008 2116 4053 crescente

512 4096 628 4161 illa,
657 4111 831 4169 usque
860 4097 987 4152 dum
1014 4096 1173 4166 plena
1198 4095 1483 4151 videbatur
1513 4110 1652 4149 esse.
1681 4094 1855 4161 Quam
1885 4092 2112 4163 diligen-

516 4190 623 4246 tius
659 4192 900 4256 intuens,
944 4191 1228 4260 repentino
1258 4204 1419 4243 cursu
1453 4188 1602 4258 lapsa
1644 4188 1752 4242 ruit
1798 4188 1851 4244 in
1880 4204 1943 4242 os
1970 4186 2110 4257 ejus.

513 4283 630 4350 Qua
658 4283 929 4343 devorata,
976 4280 1095 4351 ejus
1139 4281 1329 4336 intima
1372 4281 1657 4350 splendore
1707 4280 1922 4353 perfusa
1964 4289 2107 4336 sunt.

512 4377 789 4448 Evigilans
816 4393 973 4442 vero,
1007 4378 1202 4432 timore
1250 4378 1563 4452 perterrita,
1607 4377 1823 4432 cuidam
1854 4378 1960 4432 hoc
1988 4375 2114 4432 reli-

512 4471 667 4542 gioso
708 4472 1024 4543 presbytero
1058 4468 1244 4525 retulit
1284 4471 1586 4535 somnium;
1631 4469 1832 4540 illoque
1873 4470 2107 4525 interro-

511 4573 673 4637 gante
698 4566 741 4620 si
770 4580 833 4620 ea
880 4572 1038 4619 nocte
1077 4580 1184 4633 qua
1230 4563 1281 4619 ei
1316 4563 1452 4618 visio
1491 4562 1630 4618 facta
1659 4570 1764 4629 est,
1810 4578 1915 4619 suo
1957 4578 2109 4619 more

512 4655 672 4715 solito
692 4652 1016 4724 jungeretur
1059 4655 1199 4719 viro,
1252 4662 1588 4725 acceptaque
1636 4655 1704 4709 ab
1744 4669 1811 4709 ea
1859 4653 1975 4723 ejus
2030 4654 2110 4710 rei

512 4745 871 4808 confessione,
915 4747 991 4803 ita
1017 4746 1337 4817 respondit:
1374 4746 1546 4811 Luna,
1578 4762 1743 4815 quam
1781 4762 1849 4802 ex
1897 4747 2108 4802 modica

512 4836 697 4894 vidisti
726 4838 780 4893 in
820 4853 1072 4908 magnam
1100 4836 1297 4909 [Mab.,
1340 4854 1409 4892 ex
1443 4836 1722 4893 modico...
1748 4837 1803 4892 in
1827 4835 2107 4908 magnum]

509 4933 769 4998 crevisse,
800 4930 943 4989 filius
973 4939 1058 4987 est
1082 4946 1247 5003 quem
1277 4933 1333 4986 in
1362 4946 1424 4986 ea
1454 4938 1612 4987 nocte
1640 4931 1937 5003 concepisti
1968 4948 1982 4983 :
2015 4930 2106 5001 qui

512 5024 633 5079 luce
658 5022 907 5080 veritatis
935 5022 1263 5094 caliginosos
1301 5022 1647 5077 tenebrarum
1674 5036 1889 5079 errores
1923 5020 2107 5077 discu-

512 5116 631 5183 tiet,
656 5125 714 5172 et
740 5131 1065 5188 quocunque
1087 5114 1411 5187 perrexerit,
1443 5115 1743 5170 comitante
1776 5112 1994 5183 superni
2026 5112 2109 5167 lu-

581 5287 609 5315 ι
640 5272 879 5344 Ripensis
906 5269 1036 5344 [Al.,
1074 5268 1382 5344 Hripertsis]
1416 5269 1647 5344 ecclesiae
1682 5269 1955 5344 fratribus.
1992 5268 2105 5324 Hoc

510 5341 926 5402 monasterium"
951 5342 1019 5399 ab
1059 5341 1297 5398 Alefrido
1326 5342 1929 5397 Northanhumbrorum
1978 5356 2104 5409 rege

510 5416 787 5472 conditum
815 5413 980 5469 fuisse
1015 5428 1159 5468 anno
1202 5412 1327 5477 651,
1360 5414 1516 5467 docet
1543 5411 1739 5467 Mabill.
1780 5426 1905 5467 saec.
1938 5427 1975 5465 ιι
2005 5412 2098 5466 Be-

509 5487 656 5546 ned..
699 5484 751 5538 in
783 5483 900 5537 Vita
929 5484 1104 5538 sancti
1134 5482 1436 5548 Cuthberti,
1460 5482 1527 5538 ad
1547 5498 1667 5551 cap.
1696 5483 1749 5535 7.

582 5557 609 5595 δ
637 5552 883 5625 Episcopi
909 5552 1139 5625 Egberti.
1168 5553 1343 5625 pllune
1373 5553 1684 5625 episcopum
1714 5553 1793 5606 vel
1826 5552 2094 5621 archiepi-

508 5623 729 5695 scopum
760 5624 925 5679 l'uisse
954 5623 1266 5679 subdubitat
1295 5623 1493 5679 Mabill.
1526 5623 1651 5695 stec.
1684 5640 1743 5679 ιιι
1777 5625 1904 5695 Ben.
1939 5635 2084 5693 part.

510 5714 547 5751 l.
580 5692 631 5749 in
661 5692 779 5766 ejus
818 5695 1005 5763 Elogio
1045 5710 1204 5766 num.
1244 5696 1300 5755 6.
1350 5710 1471 5766 pag.
1498 5694 1624 5758 490,
1683 5698 1752 5749 ob
1807 5692 2084 5766 silentium

514 5768 642 5824 Ven.
678 5765 849 5831 Bedte,
888 5766 979 5837 qui
1022 5765 1171 5820 illum
1213 5764 1476 5838 nusquam
1516 5767 1815 5821 antistitem
1859 5764 1941 5821 vel
1972 5765 2085 5834 epi-

2143 4518 2191 4578 D

2220 506 2440 576 globum
2479 525 2491 560 :
2524 516 2952 578 coruscanteque
3016 508 3252 561 rumoris
3310 506 3424 576 cjus
3479 509 3718 565 candore
3757 516 3819 563 et

2220 613 2431 653 morum
2462 600 2886 672 pulchritudine,
2912 600 3206 655 multorum
3241 600 3295 655 ia
3337 616 3395 655 se
3435 600 3635 657 alliciet
3658 617 3818 672 aspe—

2217 698 2386 746 ctum.
2434 692 2607 763 Hujus
2651 710 2782 766 ergo
2832 694 3029 751 somnii
3079 693 3580 764 interpretationem
3630 711 3813 751 rerum

2218 784 2424 838 veritas
2460 785 2748 840 subsecuta
2776 794 2882 842 est.

2289 878 2417 934 CAP.
2446 879 2529 934 Ill.
2567 879 2838 934 Nativitat
2862 889 2912 935 et
2950 878 3237 950 baptisma:
3272 878 3440 933 sancti
3461 878 3813 935 Willibrordi.

2222 968 2311 1024 Fit
2336 969 2558 1025 clericus
2584 981 2634 1026 et
2659 969 2972 1026 monachus.
3011 1001 3083 1010 --
3120 969 3348 1025 Factum
3374 979 3461 1027 est
3493 979 3615 1042 post
3638 972 3818 1027 circu-

2218 1061 2330 1116 lum
2352 1062 2579 1125 dierum,
2608 1072 2665 1117 et
2689 1062 2885 1118 mulier
2904 1062 3119 1134 peperit
3144 1059 3334 1128 ﬁlium,
3361 1078 3626 1134 sacroque
3660 1062 3817 1118 fonte

2216 1152 2554 1224 baptismatis
2575 1162 2896 1225 regenerato
2917 1152 3231 1224 imposuitei
3249 1161 3422 1209 mater
3435 1169 3632 1208 nomen
3645 1152 3823 1208 Willi-

2214 1245 2402 1309 brord,
2429 1253 2484 1300 et
2504 1246 2691 1302 statim
2715 1245 3048 1300 ablactatum
3090 1242 3417 1303 iufautulum
3440 1245 3657 1300 tradidit
3686 1260 3821 1301 eum

2216 1347 2375 1409 pater
2386 1349 2411 1377 ι
2430 1336 2682 1407 Ripensis
2707 1336 2953 1392 ecclesiae
2982 1334 3263 1401 fratribus,
3276 1335 3542 1408 religiosis
3554 1336 3748 1392 studiis
3761 1346 3823 1392 et

2216 1428 2390 1484 sacris
2413 1427 2608 1483 litteris
2619 1425 2975 1483 erudiendum
3000 1443 3015 1481 :
3039 1435 3099 1480 ut
3122 1423 3370 1498 fragilior
3388 1436 3521 1482 astas
3539 1426 3821 1482 validiori-

2213 1522 2318 1578 bus
2364 1520 2722 1577 invalesceret
2765 1518 3086 1591 disciplinis,
3139 1519 3231 1576 ubi
3281 1518 3418 1575 nihil
3460 1519 3670 1575 videret
3709 1519 3819 1575 nisi

2216 1614 2471 1679 honesta,
2503 1612 2642 1674 nihil
2667 1612 2881 1667 audiret
2910 1611 3015 1667 nisi
3041 1619 3249 1667 sancta.
3278 1611 3452 1680 Quem
3479 1612 3660 1667 divina
3685 1628 3819 1667 mox

2219 1710 2391 1782 gratia
2423 1710 2491 1763 ab
2514 1708 2735 1766 ineunte
2772 1708 3005 1783 pueritia
3025 1716 3083 1763 et
3108 1721 3269 1764 sensu
3296 1707 3583 1781 proﬁcere,
3619 1719 3674 1764 et
3698 1724 3822 1765 mo-

2222 1803 2371 1859 ribus
2397 1802 2619 1874 pollere.
2642 1808 2906 1872 quantum
2930 1800 2998 1856 ad
3021 1801 3156 1857 tales
3178 1802 3431 1874 congruit
3457 1817 3649 1866 annos,
3677 1818 3820 1858 con-

2221 1896 2387 1953 cessit
2416 1914 2429 1949 :
2460 1897 2532 1951 ita
2560 1904 2620 1950 ut
2646 1894 2849 1952 nostris
2874 1894 3216 1966 temporibus
3240 1910 3438 1952 novum
3469 1894 3686 1950 Samuel
3718 1912 3821 1950 na-

2221 1991 2299 2047 sci
2330 1998 2570 2061 putares,
2605 1990 2671 2045 de
2694 2003 2803 2059 quo
2829 1987 3036 2043 dictum
3064 1996 3149 2043 est
3183 2004 3194 2040 :
3226 1985 3370 2043 Puer
3394 1995 3572 2042 autem
3599 1985 3822 2042 Samuel

2219 2086 2529 2159 proﬁciebat
2559 2096 2714 2157 atque
2741 2082 3024 2149 crescebat,
3050 2094 3101 2138 et
3124 2083 3363 2154 placebat
3387 2093 3494 2138 tam
3522 2084 3629 2139 Deo
3655 2101 3821 2155 quam

2218 2176 2516 2231 hominibus
2546 2175 2599 2247 (I
2630 2174 2761 2245 Reg.
2791 2190 2855 2240 tt,
2895 2172 3010 2243 26).
3046 2175 3229 2244 Ibique
3264 2175 3316 2229 in
3342 2175 3599 2245 praedicto
3626 2191 3823 2229 mona-

2215 2271 2386 2326 sterio
2415 2270 2602 2323 multis
2627 2268 2944 2339 profuturus
2968 2284 3126 2339 puer,
3155 2265 3442 2324 clericatus
3469 2270 3672 2340 accepit
3696 2276 3822 2325 ton-

2218 2378 2423 2427 suram,
2446 2369 2503 2417 et
2524 2362 2613 2432 pia
2641 2359 2980 2433 professione
3009 2360 3335 2416 monachum
3363 2374 3421 2417 se
3445 2358 3573 2415 fecit
3594 2375 3738 2426 esse,
3759 2372 3825 2419 et

2220 2457 2363 2510 inter
2403 2467 2632 2511 catteros
2671 2454 2913 2526 ejusdem
2951 2454 3285 2510 sanctissimi
3322 2454 3633 2509 monasterii
3677 2454 3815 2510 ado-

2218 2548 2483 2603 lescentes
2509 2546 2779 2601 enutritus
2817 2554 2934 2611 est;
2981 2546 3075 2601 sed
3114 2545 3249 2602 nulli
3280 2544 3564 2601 alacritate
3609 2545 3816 2611 minor,

2217 2643 2347 2698 nulli
2371 2643 2693 2698 humilitatis
2715 2641 3201 2704 olliciosecundus,
3220 2640 3354 2695 nulli
3378 2639 3628 2696 lectionis
3651 2638 3816 2711 185

2217 2734 2397 2790 studio
2434 2732 2660 2788 inferior
2693 2752 2706 2786 :
2733 2732 2829 2789 sed
2862 2733 2941 2787 sic
2972 2731 3215 2802 quotidie
3250 2731 3408 2787 bona:
3448 2730 3646 2787 indolis
3678 2745 3817 2801 puer

2214 2822 2554 2893 proﬁciebat,
2579 2831 2640 2878 ut
2670 2831 2890 2877 teneros
2911 2821 3156 2891 pueritiae
3179 2836 3355 2877 annos
3380 2837 3589 2876 morum
3624 2823 3814 2890 gravi-

2222 2921 2332 2969 tate
2362 2915 2817 2970 transcenderet:
2849 2911 3137 2983 factusque
3173 2921 3259 2969 est
3284 2914 3607 2983 grandzevus
3644 2928 3813 2969 sensu

2215 3004 2306 3074 qui
2345 3005 2667 3076 corpusculo
2693 3006 2939 3061 modicus
2976 3003 3079 3081 fuit
3103 3014 3159 3059 et
3190 3004 3416 3076 fragilis.

2289 3094 2416 3152 CAP.
2466 3096 2555 3151 Ν.
2596 3095 2665 3152 In
2695 3096 3007 3152 Hiberniam
3036 3096 3407 3167 proﬁciscitur.
3438 3127 3510 3137 --
3536 3096 3704 3167 igitur
3751 3096 3811 3150 in

2221 3188 2393 3244 sacris
2421 3188 2838 3254 eruditionibus,
2874 3199 2929 3244 et
2965 3188 3019 3249 in
3047 3190 3195 3244 omni
3228 3188 3544 3254 sobrietate,
3572 3206 3815 3245 morum-

2219 3292 2325 3347 que
2348 3278 2652 3344 honestatc,
2682 3278 3007 3336 beatissimo
3031 3294 3204 3349 usque
3231 3280 3299 3334 ad
3325 3280 3645 3336 vicesimum
3677 3289 3815 3336 mta-

2220 3367 2293 3424 tis
2346 3382 2458 3424 suae
2507 3382 2711 3426 unum
2762 3367 3107 3426 adolescente
3160 3369 3509 3441 proficiente,
3556 3369 3814 3427 arctioris

2217 3463 2344 3518 vitae
2376 3462 2569 3517 ardore
2602 3478 2897 3520 succensus
2923 3473 3028 3529 est,
3056 3472 3114 3519 et
3139 3464 3587 3535 peregrinationis
3623 3478 3813 3518 amore

2218 3553 2530 3624 instigatus.
2561 3553 2629 3609 Et
2653 3555 2783 3626 quia
2820 3553 2876 3609 in
2905 3553 3163 3612 Hibernia
3204 3555 3584 3612 scholasticam
3624 3554 3815 3611 erudi-

2220 3647 2422 3702 tionem
2453 3646 2695 3715 viguisse
2726 3647 2954 3712 audivit,
2993 3648 3157 3703 etiam
3192 3648 3549 3719 quorumdam
3591 3658 3815 3705 sancto-

2216 3754 2338 3794 rum
2371 3739 2632 3805 virorum,
2663 3737 2811 3795 fama
2850 3748 3122 3805 narrante,
3157 3742 3570 3798 conversatione
3612 3740 3813 3797 incita-

2214 3845 2323 3899 tua,
2341 3834 2676 3906 etpraacipue
2700 3836 2999 3892 beatissimi
3015 3836 3192 3893 Patris
3214 3844 3271 3891 et
3292 3835 3759 3907 episcopiEgberti
3776 3837 3809 3877 δ
3860 3891 3866 3896 .

2215 3924 2414 4000 [Παὺη
2446 3925 2693 4000 Ecberti]
2715 3968 2729 3992 ,
2772 3925 2867 3996 qui
2903 3934 3262 3997 cognomento
3298 3923 3535 3982 Sanctus
3566 3928 3808 3982 vocaba-

2216 4027 2333 4083 tur;
2367 4033 2469 4073 nec
2507 4033 2615 4074 non
2656 4027 2715 4075 et
2738 4017 3001 4074 Wicberti
3042 4017 3370 4074 venerabilis
3399 4018 3501 4074 viri
3535 4027 3591 4073 et
3624 4032 3810 4073 sacer—

2214 4111 2359 4167 dotis
2388 4108 2503 4176 Dei,
2526 4124 2759 4181 quorum
2793 4118 3021 4179 uterque
3046 4110 3118 4166 ob
3153 4107 3394 4165 caelestis
3435 4108 3626 4180 patria:
3653 4123 3808 4164 amo-

2214 4220 2351 4269 rem,
2374 4204 2556 4268 domo,
2576 4203 2774 4273 patria,
2798 4202 3228 4274 cognationeque
3252 4200 3460 4265 relicta,
3487 4200 3804 4256 Hiberniam

2212 4294 2455 4359 secessit,
2485 4293 2668 4363 ibique
2690 4291 3035 4348 dulcissimos
3060 4306 3307 4362 supernae
3330 4290 3807 4360 contemplationis

2212 4387 2441 4453 fructus,
2467 4385 2665 4442 saeculo
2692 4385 2888 4451 nudus,
2919 4385 3029 4441 Deo
3055 4384 3265 4456 plenus,
3292 4383 3537 4439 solitaria
3557 4382 3805 4452 quotidie

2210 4477 2498 4534 hauriebat
2530 4477 2961 4533 conversatione.
3016 4475 3220 4531 Horum
3256 4476 3452 4531 beatus
3486 4474 3805 4530 adolescens

2211 4569 2454 4624 :emulari
2502 4568 2727 4638 cupiens
2760 4569 3101 4639 religionem,
3155 4583 3281 4623 eum
3329 4567 3673 4622 conniventia
3712 4568 3800 4622 sui

2211 4661 2425 4717 abbatis
2459 4667 2517 4715 et
2548 4659 2796 4724 fratrum,
2832 4660 2885 4713 in
2914 4659 3227 4715 Hiberniam
3266 4658 3437 4715 veloci
3468 4674 3627 4715 cursu
3661 4673 3801 4714 eon-

2210 4751 2422 4807 scendit
2461 4749 2654 4825 [M’ab.,
2679 4749 3001 4823 contendit],
3053 4751 3435 4821 praedictorum
3469 4750 3692 4805 Patrum
3738 4764 3803 4805 se

2211 4841 2564 4897 familiaritati
2604 4838 2964 4911 coniungens;
3010 4849 3301 4910 quatenus,
3344 4855 3443 4896 ceu
3489 4839 3802 4909 prudentis-

2209 4934 2347 4989 sima
2374 4932 2509 5003 apis,
2535 4947 2601 4987 ex
2630 4947 2815 4987 eorum
2840 4932 3243 5003 prapinquitate
3271 4931 3556 4987 melliﬂuos
3580 4932 3800 5001 pietatis

2214 5032 2465 5096 carperet
2491 5022 2680 5088 ﬂores;
2732 5030 2789 5078 et
2822 5024 2877 5077 in
2908 5024 2990 5077 sui
3018 5022 3255 5093 pectoris
3280 5023 3524 5079 alvcario
3548 5022 3799 5077 dulcissi-

2162 5130 2165 5133 '
2215 5132 2333 5173 mos
2376 5118 2637 5173 virtutum
2680 5114 2831 5172 favos
2869 5123 3238 5182 construeret;
3289 5115 3471 5186 ibique
3511 5114 3799 5171 duodecim

2214 5287 2457 5336 scopum,
2486 5270 2580 5326 sed
2609 5278 2816 5324 tantum
2846 5269 3181 5325 sacerdotem
3208 5268 3474 5323 nominat.
3520 5266 3659 5321 Hinc
3683 5282 3793 5321 non

2213 5337 2512 5399 audiendus
2538 5339 3118 5412 pseudo-Marcellinus
3164 5338 3218 5391 in
3249 5337 3309 5393 S.
3337 5338 3611 5412 Suidberti
3653 5337 3797 5412 actis

2201 5412 2483 5474 fabulosis,
2528 5408 2622 5482 qui
2652 5410 2955 5483 Egbertum
2994 5410 3390 5483 Eboracensem
3429 5408 3799 5483 archiepisco—

2234 5501 2323 5541 um
2356 5483 2504 5540 dicit.
2537 5478 2876 5538 confundens
2927 5496 3051 5536 eum
3080 5478 3333 5534 videlicet
3380 5494 3502 5534 cum
3534 5478 3793 5541 Ecgberto

2195 5549 2341 5612 illius
2377 5554 2523 5610 sedis
2571 5552 2835 5615 antistite,
2866 5551 2959 5621 qui
2990 5559 3113 5621 post
3143 5549 3304 5621 hujus
3331 5549 3549 5621 Egbert-ti
3580 5549 3796 5621 obitum

2191 5642 2335 5682 anno
2373 5625 2533 5679 tertio
2576 5624 2630 5678 in
2662 5621 2839 5677 locum
2874 5618 3111 5676 Willridi
3152 5618 3400 5689 junioris'
3432 5618 3792 5678 Eboracensis

2193 5694 2586 5767 archiepiscopi
2632 5691 2890 5750 suffectus
2925 5699 3028 5748 est.
