4112 6656
266 520 367 575 097

962 513 1543 571 HAGIOGRAPHICA.
1584 542 1657 553 ——
1690 510 1851 565 V'ITA
1896 509 1954 564 S.
2000 508 2485 566 WILLIBROBDI.
2524 540 2593 549 —
2630 508 2759 563 LIB.
2792 506 2833 562 1.

3435 507 3540 562 098

266 635 442 701 annis,
486 636 626 690 inter
664 632 893 689 eximios
933 633 1091 688 simul
1136 636 1237 703 pia:
1267 630 1545 703 religionis
1588 636 1644 683 et
1678 642 1846 682 suem:
1876 630 1917 683 Δ
1950 643 2122 680 serere
2160 644 2317 696 super
2349 628 2529 697 spinas
2570 626 2789 696 (lenm.
2828 625 3005 696 1v,‘5).
3048 623 3293 694 Cumque
3340 624 3547 679 studio-

268 722 514 780 lectiouis
568 723 887 794 magistros,
939 724 1155 777 futurus
1198 722 1488 776 multorum
1533 717 1851 790 populorum

268 815 590 885 praedicator
625 813 995 880 erudiebatur,
1043 813 1213 867 donec
1240 819 1555 867 occurreret
1593 811 1645 863 in
1676 810 1854 863 virum

268 902 568 976 perfectum
599 913 655 959 et
684 905 739 958 in
767 913 983 959 aetatem
1009 903 1363 973 plenitudinis
1393 900 1616 958 Christi.

338 994 469 1052 Car.
514 993 577 1050 V.
620 992 804 1049 Fervet
842 994 1103 1049 desiderio
1139 1008 1375 1064 paganos
1414 989 1859 1046 convertendi.—

271 1086 575 1143 Tricesimo
606 1087 789 1157 itaque
818 1093 873 1139 et
909 1086 1070 1139 tertio
1106 1084 1285 1139 aetatis
1325 1098 1440 1139 sua:
1477 1096 1644 1145 anno,
1685 1079 1862 1150 major

270 1178 489 1250 egregio
513 1176 631 1231 viro
655 1175 778 1231 ﬁdei
826 1174 1040 1229 ﬂamma
1084 1175 1369 1231 crescebat
1410 1174 1465 1228 in
1491 1180 1741 1242 pectore,
1782 1172 1858 1225 ita

271 1278 332 1325 ut
351 1284 545 1340 parum
569 1269 621 1323 ei
646 1267 920 1323 videretur
946 1267 1048 1321 sibi
1096 1265 1198 1322 soli
1229 1265 1599 1321 tantummodo
1637 1263 1691 1316 in
1736 1261 1861 1317 reli-

272 1360 450 1433 gionis
471 1359 760 1416 sanctitate
801 1358 1044 1422 sudasse,
1075 1357 1119 1413 si
1150 1372 1255 1411 non
1296 1366 1351 1410 et
1394 1355 1514 1410 aliis
1554 1368 1771 1424 quoque
1806 1353 1863 1408 in

274 1452 675 1526 praedicationis
699 1451 928 1507 veritate
948 1451 1253 1521 prodesset.
1286 1448 1507 1504 Audivit
1535 1445 1726 1519 [Mab.,
1756 1446 1865 1500 Au-

274 1547 431 1604 diens
454 1542 662 1619 itaque]
697 1545 752 1600 in
796 1544 1105 1600 borealibus
1132 1542 1318 1598 mundi
1360 1541 1604 1612 partibus
1633 1553 1865 1595 messem

274 1638 493 1709 quidem
531 1636 758 1692 multam
794 1650 936 1700 esse,
966 1636 1063 1690 sed
1095 1632 1377 1704 operarios
1407 1645 1629 1702 paucos.
1672 1628 1781 1685 Sed
1809 1636 1870 1683 ut

236 1768 237 1771 η
275 1730 495 1797 somnii,
528 1729 640 1787 Deo
674 1729 1042 1798 dispensante,
1091 1726 1408 1796 impleretur
1457 1724 1681 1789 veritas,
1725 1719 1869 1791 quod

277 1833 455 1879 mater
480 1822 610 1880 olim
631 1821 698 1878 de
725 1838 792 1879 eo
835 1837 896 1878 se
920 1822 1123 1877 vidisse
1152 1828 1384 1878 testatur
1408 1818 1604 1893 μίσει,
1632 1818 1870 1872 testaba-

1958 719 2174 775 sissime
2202 719 2286 773 vir
2312 718 2406 773 Dci
2444 734 2544 789 per
2579 720 2696 774 loca
2732 718 2941 789 singula
2980 717 3360 781 discurrendo,
3392 724 3550 787 opta-

1959 820 2071 864 tum
2100 796 2504 880 evangelizandi
2535 825 2672 880 opus
2698 810 3051 872 exercuisset,
3078 817 3136 862 et
3164 807 3370 863 semina
3398 807 3547 872 vitae,

1959 914 2207 971 supernae
2257 899 2449 971 gratiae
2499 914 2624 953 rore
2672 898 2966 969 irrigante,
3026 897 3187 966 longe
3231 896 3447 966 lateque
3491 897 3549 952 in

1958 993 2106 1062 agris
2164 991 2460 1047 multorum
2519 990 2765 1047 cordium
2824 993 2893 1047 ad
2947 989 3063 1060 ejus
3109 991 3550 1062 praedicationem

1959 1081 2235 1137 uberrime
2261 1069 2643 1152 pullulassent,
2683 1083 3028 1153 congaudens
3062 1083 3357 1151 pnedictus
3379 1080 3553 1137 Fran-

1960 1190 2152 1232 corum
2194 1176 2304 1232 dux
2348 1175 2468 1246 ejus
2512 1177 2870 1233 sanctissimae
2909 1176 3186 1232 devotioni
3212 1174 3405 1248 [Mab.,
3435 1175 3555 1246 ejus

1962 1266 2309 1323 sanctissima
2344 1265 2680 1339 devotione],
2703 1275 2763 1322 et
2778 1267 2929 1323 verbi
2958 1267 3053 1323 Dei
3077 1266 3395 1323 clarissimae
3419 1268 3556 1322 mul-

1963 1357 2309 1428 tiplicationi,
2360 1360 2584 1429 majoris
2630 1358 2910 1430 profectus
2950 1360 3261 1427 occasione,
3303 1359 3555 1431 prudenti

1966 1453 2239 1523 cogitabat
2265 1454 2495 1509 consilio
2529 1468 2653 1510 eum
2680 1452 2910 1509 Romam
2939 1456 3179 1519 mittere,
3209 1461 3272 1509 ut
3299 1469 3330 1509 a
3357 1454 3558 1509 domno

1967 1545 2263 1617 apostolico
2300 1543 2513 1617 Sergio,
2549 1545 2671 1601 viro
2709 1544 3056 1602 sanctissimo
3096 1554 3227 1603 tunc
3269 1547 3556 1618 temporis,

1969 1637 2023 1691 in
2054 1635 2251 1690 summi
2276 1636 2549 1692 sacerdoti
2576 1636 2839 1693 honorem
2866 1638 3252 1695 ordinaretur:
3284 1646 3557 1711 quatenus

1968 1726 2265 1797 apostolica
2295 1726 2679 1784 benedictione
2705 1737 2759 1784 et
2779 1726 3028 1798 jussione
3059 1738 3335 1802 suscepta,
3361 1728 3558 1799 majori

1971 1820 2040 1874 ab
2082 1832 2148 1873 eo
2189 1820 2386 1875 missus
2428 1818 2626 1875 ﬁducia
2669 1822 2987 1891 roboratus,
3034 1823 3090 1878 iu
3112 1837 3249 1895 opus
3280 1823 3559 1894 Evangelii

280 1915 415 1989 tur],
451 1931 565 1971 suae
608 1913 863 1971 conscius
906 1914 1224 1979 voluntatis,
1273 1914 1401 1969 licet
1450 1912 1628 1966 adhuc
1674 1909 1870 1965 divinae
1904 1977 1943 1989 _
1974 1916 2368 1974 reverteretur,
2421 1907 2576 1979 juxta
2629 1913 2984 1983 apostolicum
3047 1912 3178 1970 illud
3218 1931 3232 1967 :
3285 1913 3561 1979 Quomodo

276 1977 698 2077 dispensationis
738 2005 983 2077 ignarus,
1026 2006 1148 2062 illas
1186 1977 1240 2062 in
1280 2014 1463 2075 partes
1491 2003 1746 2072 navigare
1771 2016 1867 2055 co—
1903 1977 1946 2035 Β
1972 2002 2337 2074 prwdicabunt
2368 1977 2471 2056 nisi
2498 1977 2781 2058 mittantur
2816 2002 2989 2073 (Rom.
3014 2021 3071 2071 ι,
3097 2005 3225 2076 15)ἳ
3252 1977 3406 2072 Quod
3435 2022 3560 2062 cmn

279 2097 496 2168 gitavit,
518 2105 575 2153 et
612 2094 916 2153 clarissima
950 2096 1271 2167 evangelicae
1299 2093 1701 2166 praedicationis
1726 2092 1864 2167 luce,

283 2205 566 2265 torpentes
612 2195 774 2267 longa
821 2194 1139 2249 inﬁdelitate
1182 2190 1429 2262 populos,
1488 2189 1534 2244 si
1581 2188 1675 2242 Dei
1723 2194 1870 2242 esset

280 2289 554 2354 voluntas,
584 2286 875 2342 illustrare.
920 2285 1332 2355 Assumptisque
1372 2296 1557 2336 secum
1585 2279 1869 2335 duodecim

282 2384 482 2460 [Mab.,
504 2379 779 2455 undecim]
814 2380 1091 2445 fratribus,
1127 2394 1194 2433 eo
1225 2377 1347 2431 ﬁdei
1384 2375 1597 2430 fervore
1623 2373 1867 2436 armatis,

281 2495 392 2549 quo
418 2487 475 2534 et
499 2479 636 2547 ipse,
667 2474 849 2529 navim
877 2471 1194 2528 conscendit
1225 2487 1237 2522 :
1268 2484 1498 2538 quorum
1537 2465 1698 2535 aliqui
1721 2472 1871 2533 post-

281 2587 369 2636 ca,
406 2570 477 2625 ob
520 2566 924 2639 praedicationis
963 2562 1288 2634 evangeliea:
1331 2560 1670 2623 instantiam,
1724 2572 1871 2611 mar-

285 2662 432 2734 tyrio
468 2660 713 2716 coronati
753 2668 905 2722 sunt;
955 2656 1120 2726 aliqui
1163 2669 1292 2708 vero
1340 2653 1685 2723 episcopatus
1728 2649 1872 2705 ordi-

286 2769 410 2810 nem
440 2750 788 2820 accipientes,
822 2756 942 2819 post
976 2753 1179 2802 sanctae
1211 2741 1610 2815 praedicationis
1637 2740 1870 2806 labores,

287 2846 343 2901 in
370 2860 510 2917 pace
537 2844 878 2914 quieverunt.

356 2935 488 2992 CAP.
529 2931 617 2989 Vl.
658 2929 792 2988 Cum
837 2930 1111 2985 duodecim
1161 2928 1316 2984 sociis
1360 2926 1659 2997 Trajectum
1713 2925 1870 2979 venit.

290 3028 423 3084 Inde
453 3027 633 3082 abiens
664 3023 951 3080 Franciam
980 3024 1124 3093 petit,
1164 3030 1214 3076 et
1265 3038 1298 3075 a
1332 3017 1561 3091 Pippin
1591 3017 1877 3086 honoriﬁce

288 3122 565 3193 excipitur.
597 3118 776 3176 Suasit
805 3114 1023 3188 Pippini
1057 3114 1283 3170 Romam
1327 3114 1453 3185 petit
1492 3113 1547 3165 in
1575 3112 1876 3181 episcopum

289 3212 637 3272 ordinandus.
658 3240 730 3251 --
750 3210 918 3282 Igitur
948 3209 1030 3262 vir
1058 3207 1154 3262 Dei
1200 3220 1323 3261 cum
1363 3203 1547 3269 sociis,
1575 3204 1713 3258 sicut
1740 3217 1879 3273 prac-

287 3310 545 3373 diximus,
570 3304 810 3363 Fresiam
839 3304 1116 3374 navigavit
1144 3314 1192 3369 ι,
1223 3302 1395 3357 donec
1418 3315 1677 3371 prospero
1711 3316 1871 3355 cursu

288 3402 358 3459 ad
391 3399 531 3458 ostia
560 3397 735 3455 Rheni
764 3394 1002 3452 ﬂuminis
1022 3394 1139 3448 vela
1168 3392 1444 3464 deposuit;
1483 3391 1663 3461 ibique
1691 3400 1874 3460 optata

289 3494 500 3551 telluris
526 3491 760 3548 statione
780 3487 1065 3544 rel'ocillati
1093 3494 1242 3550 sunt,
1272 3492 1328 3539 et
1350 3500 1476 3540 mox
1503 3485 1571 3539 ad
1593 3482 1874 3538 castellum

290 3583 621 3656 Trajectum,
664 3579 807 3653 quod
854 3579 909 3634 in
955 3578 1072 3649 ipsa
1107 3576 1345 3632 ﬂuminis
1393 3574 1507 3644 ripa
1556 3575 1718 3628 situm
1767 3579 1872 3637 est,

287 3684 686 3753 pervenerunt;
743 3674 797 3730 in
847 3688 956 3745 quo
1002 3673 1166 3727 etiam
1216 3678 1339 3743 post
1372 3669 1587 3747 aliquod
1636 3677 1871 3739 tempus,

291 3771 404 3828 Deo
430 3770 686 3833 donante,
707 3774 762 3821 et
784 3766 951 3820 verbo
977 3763 1101 3820 ﬁdei
1146 3768 1448 3827 crescente,
1478 3760 1625 3816 idem
1656 3767 1876 3815 sanctus

291 3863 670 3920 Willibrordus
715 3862 902 3919 sedem
954 3862 1298 3930 episcopatus
1354 3858 1438 3912 sui
1489 3857 1699 3913 habuit.
1768 3856 1875 3911 Sed

289 3956 415 4028 quia
444 3954 633 4010 eadem
659 3968 793 4025 gens
824 3951 1135 4016 Frisonum,
1162 3950 1215 4005 in
1241 3964 1351 4021 quo
1384 3948 1525 4002 idem
1553 3947 1879 4001 mdiﬁcatum

292 4058 372 4106 est
399 4046 702 4111 castellum,
725 4059 847 4100 cum
883 4058 1011 4115 rege
1037 4057 1140 4098 suo
1165 4041 1427 4097 Radbodo
1449 4041 1675 4112 paganis
1703 4038 1880 4094 adhuc

293 4139 487 4196 ritibus
517 4135 733 4192 sorduit
776 4132 975 4207 [Hab.,
999 4130 1294 4205 sordebat],
1333 4132 1507 4187 visum
1535 4138 1621 4185 est
1643 4130 1760 4184 viro
1782 4128 1880 4184 Dei

290 4233 579 4292 Franciam
609 4229 969 4294 contendere,
998 4242 1063 4284 ac
1091 4226 1282 4283 ducem
1327 4224 1545 4281 illorum
1566 4223 1726 4278 adire
1749 4222 1878 4291 Pip-

290 4327 511 4399 pinum,
542 4323 719 4379 virum
757 4329 1066 4385 strenuum,
1096 4317 1386 4387 triumphis
1419 4317 1627 4371 clarum
1667 4323 1723 4369 et
1766 4328 1881 4368 mo-

294 4417 446 4473 ribus
487 4414 717 4486 probum
752 4409 885 4480 :qui
927 4423 1050 4463 eum
1089 4423 1212 4463 cum
1257 4407 1404 4462 omni
1450 4406 1655 4460 honore
1702 4402 1879 4458 susci—

292 4510 472 4578 piens,
501 4502 597 4559 sed
628 4502 817 4557 nolens
847 4507 999 4555 tanto
1032 4497 1256 4559 doctore
1287 4512 1347 4551 se
1372 4495 1456 4550 vel
1486 4510 1638 4550 suam
1664 4495 1883 4565 privare

297 4605 543 4674 gentem,
578 4594 696 4651 loca
726 4592 778 4649 ei
806 4596 1111 4663 opportuna
1146 4590 1285 4643 intra
1317 4587 1577 4642 terminos
1609 4585 1760 4658 regni
1798 4584 1881 4640 sui

1968 2096 2088 2149 viro
2112 2094 2205 2149 Dei
2235 2094 2566 2165 persuadere
2596 2103 2853 2161 tentaret,
2884 2098 3065 2153 renuit
3089 2100 3343 2169 primum,
3375 2115 3476 2155 nec
3503 2115 3563 2156 se

1971 2193 2136 2240 tanta:
2178 2186 2518 2240 auctoritatis
2562 2186 2775 2243 honore
2817 2188 3037 2260 dignum
3085 2205 3208 2246 esse
3254 2190 3560 2246 referebat:

1970 2278 2413 2347 enumeratisquc
2479 2279 2793 2349 apostolica:
2869 2282 3173 2338 sanctiOnis
3243 2284 3563 2356 praeceptis,

1970 2370 2126 2441 longe
2156 2386 2215 2425 sc
2252 2371 2564 2427 inferiorem
2606 2373 2732 2428 huic
2772 2374 3032 2430 virtutum
3063 2374 3309 2447 catalogo
3349 2393 3564 2435 assere-

1969 2461 2082 2523 bat,
2112 2478 2275 2531 quem
2314 2464 2562 2534 egregius
2595 2463 2781 2520 mundi
2816 2466 3158 2537 przedicator,
3208 2466 3374 2522 ﬁlium
3407 2484 3562 2524 suum

1972 2551 2315 2609 Timotheum
2361 2555 2648 2619 erudiens,
2704 2566 2954 2627 oportere
2998 2558 3311 2629 episcopum
3360 2559 3565 2615 habere

1971 2643 2182 2699 censuit
2212 2643 2266 2714 (Ι
2284 2641 2418 2699 Tim.
2448 2643 2557 2713 Ill).
2582 2644 2701 2700 Dux
2722 2661 2855 2702 vero
2881 2656 3068 2704 contra
3095 2649 3345 2721 religiose
3371 2651 3561 2714 suasit,

1972 2734 2116 2805 quod
2161 2735 2243 2790 vir
2276 2736 2367 2790 Dei
2407 2738 2714 2793 verecunde
2747 2740 2982 2811 negavit.
3032 2739 3274 2795 Tandem
3321 2742 3562 2797 omnium

1973 2824 2330 2880 unanimitate
2366 2827 2565 2894 victus,
2605 2834 2661 2882 et
2692 2828 2836 2899 quod
2868 2828 3042 2898 majus
3074 2836 3181 2893 est,
3211 2829 3309 2886 Dei
3347 2831 3566 2902 dispen-

1973 2917 2185 2974 satione
2228 2927 2471 2984 coactus,
2515 2922 2826 2986 consensit;
2861 2920 3035 2991 magis
3077 2920 3263 2976 volens
3305 2920 3567 2991 plurimo-

1974 3027 2097 3066 rum
2134 3011 2416 3067 humiliter
2451 3010 2675 3066 obedire
2713 3012 2957 3075 consilio,
3001 3026 3167 3082 quam
3214 3026 3368 3066 suam
3398 3014 3567 3082 perti-

1974 3104 2187 3159 naciter
2209 3102 2501 3158 defendere
2526 3102 2882 3157 voluntatem.
2909 3101 2979 3156 Et
3007 3102 3088 3157 sic
3116 3118 3240 3157 cum
3268 3103 3564 3159 honoriﬁca

1976 3195 2266 3265 legatione,
2295 3200 2350 3248 et
2379 3193 2720 3258 muneribus,
2753 3192 3063 3248 auctoritati
3088 3194 3399 3263 apostolica:
3432 3211 3563 3250 cou-

1977 3286 2174 3357 dignis,
2204 3287 2434 3341 Romam
2461 3286 2701 3341 directus
2731 3293 2815 3341 est
2838 3284 2887 3338 δ.

2051 3397 2180 3454 Car.
2221 3396 2330 3452 VII.
2377 3395 2524 3451 Visio
2546 3395 2804 3467 angelica.
2828 3394 3123 3451 Ordinatur
3146 3397 3563 3468 archiepiscopus

1980 3500 2029 3545 et
2054 3488 2294 3545 Clemens
2318 3488 2636 3563 appellatur.
2658 3520 2735 3530 —-
2749 3486 2857 3544 Sed
2879 3489 2967 3544 die
3002 3500 3217 3559 quarta,
3249 3489 3568 3560 priusquam

1982 3580 2076 3635 illo
2134 3580 2377 3644 veniret,
2424 3579 2779 3635 beatissimus
2835 3578 3165 3650 apostolicus
3226 3580 3465 3651 angelica
3514 3580 3568 3634 in

1982 3676 2190 3732 somnis
2238 3674 2592 3745 responsione
2629 3674 2938 3731 admonitus
2986 3681 3094 3740 est,
3141 3683 3205 3728 ut
3250 3672 3398 3728 illum
3443 3689 3570 3729 cum

1982 3784 2197 3826 summo
2242 3767 2450 3823 honore
2494 3766 2793 3837 susciperet
2837 3765 3031 3838 [Mab.,
3078 3765 3464 3839 suscepisset],
3516 3779 3573 3820 et

1981 3870 2125 3942 quod
2153 3867 2448 3923 multarum
2478 3866 2780 3922 animarum
2811 3874 2953 3924 esset
2979 3865 3314 3922 illuminator
3333 3865 3567 3931 futurus,

1983 3979 2013 4018 a
2038 3962 2256 4032 Deoque
2275 3960 2503 4025 electus,
2527 3968 2585 4015 et
2615 3960 2682 4015 ad
2703 3960 2805 4015 hoc
2824 3959 3082 4025 venisset,
3106 3967 3166 4014 ut
3195 3960 3391 4015 summi
3415 3961 3483 4015 ab
3504 3976 3571 4015 eo

1982 4052 2274 4110 sacerdotii
2302 4052 2566 4106 honorem
2612 4052 2913 4120 susciperet
2951 4048 3148 4121 {Mab.,
3179 4049 3564 4123 suscepisset];

1981 4145 2223 4214 nihilque
2258 4146 2307 4201 ei
2345 4143 2653 4215 negandum
2682 4158 2824 4208 esse,
2860 4143 3119 4213 quidquid
3142 4143 3405 4213 petiisset.
3450 4144 3567 4210 Qua

1983 4235 2160 4292 factus
2195 4233 2522 4306 apostolicus
2560 4232 2927 4288 admonitione
2965 4243 3170 4296 certus,
3208 4248 3330 4288 cum
3372 4250 3568 4305 magno

1982 4326 2178 4398 gaudio
2219 4332 2277 4380 et
2304 4339 2518 4388 summo
2549 4339 2673 4379 eum
2713 4324 2949 4393 suscepit
2979 4324 3184 4378 honore
3212 4341 3223 4376 :
3250 4333 3304 4378 et
3330 4332 3389 4378 ut
3419 4324 3473 4378 in
3502 4339 3568 4378 eo

1984 4416 2111 4470 ﬁdei
2147 4414 2367 4487 agnovit
2400 4412 2667 4469 fervorem
2691 4454 2705 4479 ,
2748 4415 3023 4486 religionis
3064 4414 3436 4481 devotionem,
3480 4432 3570 4471 sa-

1981 4507 2201 4579 pientiae
2248 4506 2676 4577 plenitudinem,
2729 4506 2815 4560 die
2872 4509 3196 4577 competenti
3224 4507 3421 4578 populo
3473 4510 3567 4563 ad-

1982 4598 2255 4662 veniente,
2287 4596 2563 4651 advocatis
2601 4597 2998 4652 venerabilihus
3025 4599 3091 4651 ad
3121 4599 3437 4656 societatem
3466 4601 3569 4654 mi-

295 4689 563 4771 przevidit,
590 4701 700 4758 quo
722 4685 985 4758 potuisset
1015 4682 1331 4738 idololatria:
1354 4681 1535 4750 spinas
1558 4680 1878 4771 εκειίνρθτξε,
1915 4695 1960 4753 1)
1985 4688 2194 4743 nisterii
2230 4687 2622 4753 sacerdotibus,
2664 4686 2874 4757 publice
2914 4690 2966 4742 in
3004 4688 3235 4745 ecclesia
3267 4689 3565 4746 beatissimi

296 4769 353 4841 et
382 4781 672 4855 purissima
712 4776 863 4831 verbi
901 4774 998 4830 Dei
1044 4774 1251 4828 semina
1294 4788 1391 4841 per
1429 4771 1627 4825 munda
1666 4769 1877 4824 novalia

232 4912 235 4913 ν
297 4872 662 4932 abundantius
704 4882 981 4940 spargere,
1024 4875 1084 4920 ut
1122 4866 1372 4935 impleret
1408 4864 1570 4935 186
1606 4864 1881 4933 propheti-

298 4983 424 5030 cum
470 4969 845 5039 praeceptum:
877 4959 1081 5014 Novate
1121 4958 1263 5013 vobis
1315 4956 1554 5024 novalia,
1612 4966 1661 5009 et
1723 4956 1881 5009 nolite

370 5160 397 5191 ι
425 5142 666 5200 Fresiam
697 5141 977 5211 navigavit.
1008 5140 1165 5194 Auno
1188 5138 1364 5211 aetatis
1392 5151 1502 5192 sua:
1523 5136 1622 5211 333,
1637 5143 1699 5211 ut
1721 5136 1881 5206 paulo

297 5226 423 5274 ante
450 5216 693 5270 narravit
715 5206 997 5275 Alcuiuus,
1014 5225 1155 5264 anno
1171 5224 1301 5263 vero
1326 5206 1535 5262 lncarn.
1562 5206 1685 5268 690,
1718 5213 1879 5274 prout

298 5303 422 5345 cum
466 5286 720 5342 omnibus
765 5282 886 5336 aliis
930 5290 1163 5335 testatur
1202 5276 1359 5333 Joan.
1389 5278 1455 5332 de
1500 5277 1642 5332 Beka
1681 5291 1876 5332 canon.

300 5356 544 5428 Traject.
579 5355 635 5411 in
659 5352 974 5428 Chronic9,_
1000 5351 1110 5428 im_o
1153 5346 1474 5428 ipsemet_S..
1499 5347 1880 5428 Willibrordus

299 5418 505 5494 verbis,
538 5427 592 5483 in
630 5433 846 5480 vetusto
881 5421 1225 5494 Calendario,
1261 5419 1407 5494 quod
1452 5418 1506 5494 in
1539 5418 1880 5494 _monasterio

382 5489 686 5555 ternacensi
718 5500 985 5558 servatur,
1015 5491 1084 5546 ad
1113 5490 1411 5561 marginem
1440 5490 1507 5541 ab
1539 5489 1790 5561 ipsomet,
1816 5497 1882 5561 ut

300 5557 539 5634 videtur,
581 5568 700 5621 viro
748 5572 937 5621 sancto
983 5557 1303 5634 ascriptis}
1343 5558 1411 5634 ζη
1436 5560 1643 5634 nomine
1669 5557 1881 5634 Domini

301 5627 537 5697 Clemens
561 5635 935 5692 Willibrordus
956 5648 1096 5687 anno
1121 5627 1226 5686 690
1248 5628 1313 5684 ab
1336 5627 1710 5697 Incuruatione
1735 5628 1882 5683 Chri-

300 5712 370 5767 sti
415 5708 646 5765 veniebat
700 5706 841 5759 ultra
886 5718 1031 5758 mare
1056 5703 1111 5755 in
1136 5699 1444 5759 Franciam,
1470 5707 1575 5754 etc.
1614 5696 1734 5753 Viti.
1763 5698 1882 5753 Cal-

304 5772 432 5837 met.
464 5779 605 5835 Hist.
641 5779 708 5835 de
733 5775 1017 5838 Lorraine,
1063 5779 1192 5827 tom.
1238 5770 1325 5835 lll,
1354 5768 1526 5825 Listes
1555 5767 1877 5840 Chronolog.

307 5850 912 5992 pagggmamdireetus
940 5923 1035 5970 est.
1068 5912 1203 5992 Ven.
1233 5911 1525 5992 Beda__lihr.
1556 5925 1761 5992 v._cap.
1790 5910 1876 5973 l2,

306 5994 412 6050 duo
440 5991 498 6045 S.
517 5988 848 6047 Willibrordi
876 5987 1118 6043 Romana
1145 5984 1337 6037 itinera
1360 5982 1668 6051 distinguit;
1714 5996 1880 6034 unum

1978 4781 2124 4837 Petri
2154 4792 2176 4819 ε
2204 4780 2465 4851 principis
2502 4780 2867 4849 apostolorum
2901 4796 3025 4834 cum
3058 4797 3250 4852 magna
3281 4782 3567 4853 dignitate,

1979 4887 2128 4927 more
2158 4871 2472 4940 apostolico,
2502 4885 2623 4925 eum
2655 4871 2924 4925 ordinavit
2967 4871 3463 4942 archiepiscopum;
3498 4887 3561 4928 ac

1978 4965 2225 5020 ordinato
2265 4978 2461 5018 nomen
2509 4963 2762 5032 imposuit
2805 4961 3075 5029 Clemens,
3120 4964 3565 5035 vestimentisque
3606 5002 3614 5010 -

1978 5143 2161 5215 primis
2186 5142 2501 5215 temporibus
2527 5142 2777 5215 «ditentur:
2804 5140 2947 5215 illius
2974 5144 3031 5215 in
3050 5143 3306 5210 Frisium,
3344 5146 3563 5215 quando

1979 5212 2010 5269 a
2037 5214 2226 5286 Sergio
2251 5226 2389 5286 papa
2433 5212 2708 5286 licentiam
2750 5221 2806 5267 et
2829 5213 3259 5286 benedictionem
3289 5212 3560 5286 evangeli-

1980 5282 2161 5339 zandi‘
2189 5284 2463 5355 gentibus,
2504 5282 2660 5355 simul
2695 5289 2750 5336 et
2781 5282 3039 5355 reliquias
3075 5282 3558 5341 ecclesiarumwde—

1980 5352 2249 5423 dicatioui
2273 5352 2607 5423 adhibendas
2656 5354 2881 5423 accepit,
2912 5367 3057 5409 anno
3085 5355 3295 5410 lucarn.
3324 5357 3453 5421 692,
3482 5357 3559 5411 uti

1981 5425 2172 5495 probat
2204 5422 2403 5477 Mabill.
2435 5422 2537 5476 hoc
2556 5423 2684 5497 loco
2731 5422 3083 5497 inter_notas;
3132 5427 3384 5492 alterum,
3412 5438 3561 5497 post~

1980 5492 2143 5618 gnam
2182 5509 2283 5565 per
2310 5509 2478 5548 annos
2521 5492 2727 5562 aliquot
2773 5492 2825 5548 in
2851 5492 3024 5549 Frisia
3062 5497 3317 5567 populum
3343 5492 3555 5559 docuit;

2030 5581 2210 5618 omam
2257 5563 2537 5618 aPinnino
2584 5564 2799 5618 missus.
2847 5572 2907 5618 ut
2935 5565 3007 5618 ibi
3048 5568 3117 5618 ab
3144 5569 3335 5618 eodem
3370 5568 3555 5618 Sergio

2030 5563 2214 5642 omanj
2251 5579 2287 5642 _a
2310 5563 2537 5635 Pippino
2584 5564 2821 5642 missust
2846 5572 2907 5642 ut
2934 5565 3007 5642 ibi
3048 5563 3117 5622 ab
3137 5563 3335 5642 eodem
3370 5568 3559 5642 Sergio

1981 5652 2122 5709 papa
2162 5634 2462 5709 AFrisonurn
2511 5635 2660 5709 genti
2713 5634 3144 5709 archiepiseOpus
3195 5634 3561 5707 ordinaretur,

1981 5705 2355 5776 quodl‘actum
2382 5720 2503 5776 esse
2524 5705 2681 5776 Beda_
2698 5706 2898 5776 asserit
2922 5705 3063 5761 anno
3087 5708 3209 5765 696.

2056 5787 2079 5815 ο
2116 5774 2184 5829 lu
2224 5773 2441 5828 ecclesia
2482 5774 2619 5829 beati
2642 5773 2807 5830 Petri.
2855 5774 2990 5831 Ven.
3016 5777 3157 5834 Beda
3182 5786 3361 5837 tamen
3391 5779 3428 5833 Ι.
3461 5779 3557 5843 cit,

1982 5853 2228 5902 sanctum
2244 5844 2649 5901 Willihrordum
2673 5847 2979 5901 ordinatum
3001 5861 3123 5904 esse
3150 5851 3226 5905 ait
3250 5852 3304 5906 in
3329 5849 3553 5908 ecclesia

1974 5924 2185 5975 sanctae
2212 5916 2465 5987 martyris
2488 5913 2714 5971 Caeciliae
2743 5915 2831 5971 die
2854 5917 3050 5974 natalis
3075 5916 3212 5988 ejus.
