  <div class='ocr_page' id='page_1' title='image "/cluster/home/n/w/nwhite01/storage/ocr_20150623/101/umn.31951002477394h/363.png"; bbox 0 0 4112 6582; ppageno 0'>
   <div class='ocr_carea' id='block_1_1' title="bbox 496 281 601 335">
    <p class='ocr_par' dir='ltr' id='par_1_1' title="bbox 496 281 601 335">
     <span class='ocr_line' id='line_1_1' title="bbox 496 281 601 335; baseline -0.019 0"><span class='ocrx_word' id='word_1_1' title='bbox 496 281 601 335; x_wconf 71' lang='grc'><strong>699</strong></span> 
     </span>
    </p>
   </div>
   <div class='ocr_carea' id='block_1_2' title="bbox 1338 267 2921 329">
    <p class='ocr_par' dir='ltr' id='par_1_2' title="bbox 1338 267 2921 329">
     <span class='ocr_line' id='line_1_2' title="bbox 1338 267 2921 329; baseline 0.001 -2"><span class='ocrx_word' id='word_1_2' title='bbox 1338 272 1398 327; x_wconf 84' lang='grc' dir='ltr'><strong>Β.</strong></span> <span class='ocrx_word' id='word_1_3' title='bbox 1440 273 1503 328; x_wconf 70' lang='grc' dir='ltr'><strong>ιν.</strong></span> <span class='ocrx_word' id='word_1_4' title='bbox 1544 271 1767 328; x_wconf 69' lang='grc' dir='ltr'><strong>ΑιιιιΝι</strong></span> <span class='ocrx_word' id='word_1_5' title='bbox 1806 267 1946 329; x_wconf 83' lang='lat' dir='ltr'><strong>SEU</strong></span> <span class='ocrx_word' id='word_1_6' title='bbox 1992 270 2283 327; x_wconf 69' lang='lat' dir='ltr'><strong>ALCUINI</strong></span> <span class='ocrx_word' id='word_1_7' title='bbox 2308 269 2597 325; x_wconf 62' lang='lat' dir='ltr'><strong>OPERL’M</strong></span> <span class='ocrx_word' id='word_1_8' title='bbox 2637 270 2818 327; x_wconf 77' lang='lat' dir='ltr'><strong>PARS</strong></span> <span class='ocrx_word' id='word_1_9' title='bbox 2857 271 2921 328; x_wconf 83' lang='lat' dir='ltr'><strong>V.</strong></span> 
     </span>
    </p>
   </div>
   <div class='ocr_carea' id='block_1_3' title="bbox 3688 271 3800 327">
    <p class='ocr_par' dir='ltr' id='par_1_3' title="bbox 3688 271 3800 327">
     <span class='ocr_line' id='line_1_3' title="bbox 3688 271 3800 327; baseline 0.036 -4"><span class='ocrx_word' id='word_1_10' title='bbox 3688 271 3800 327; x_wconf 82' lang='lat'><strong>700</strong></span> 
     </span>
    </p>
   </div>
   <div class='ocr_carea' id='block_1_4' title="bbox 492 383 3800 457">
    <p class='ocr_par' dir='ltr' id='par_1_4' title="bbox 492 383 3800 457">
     <span class='ocr_line' id='line_1_4' title="bbox 492 383 3800 457; baseline -0.002 -11"><span class='ocrx_word' id='word_1_11' title='bbox 492 393 610 446; x_wconf 65' lang='lat' dir='ltr'><strong>aliis</strong></span> <span class='ocrx_word' id='word_1_12' title='bbox 647 388 1075 445; x_wconf 80' lang='lat' dir='ltr'><strong>sacerdotalibus</strong></span> <span class='ocrx_word' id='word_1_13' title='bbox 1103 386 1278 441; x_wconf 87' lang='lat' dir='ltr'><strong>induit</strong></span> <span class='ocrx_word' id='word_1_14' title='bbox 1306 401 1449 446; x_wconf 86' lang='lat' dir='ltr'><strong>eum.</strong></span> <span class='ocrx_word' id='word_1_15' title='bbox 1482 396 1538 441; x_wconf 90' lang='lat' dir='ltr'><strong>et</strong></span> <span class='ocrx_word' id='word_1_16' title='bbox 1574 399 1784 453; x_wconf 88' lang='lat' dir='ltr'><strong>sancto,</strong></span> <span class='ocrx_word' id='word_1_17' title='bbox 1812 388 1967 457; x_wconf 78' lang='lat' dir='ltr'><strong>quasi</strong></span> <span class='ocrx_word' id='word_1_18' title='bbox 1999 404 2088 442; x_wconf 88' lang='lat' dir='ltr'><strong>su-</strong></span> <span class='ocrx_word' id='word_1_19' title='bbox 2125 389 2164 442; x_wconf 84' lang='grc' dir='ltr'><strong>Α</strong></span> <span class='ocrx_word' id='word_1_20' title='bbox 2198 386 2398 455; x_wconf 79' lang='lat' dir='ltr'><strong>navigii</strong></span> <span class='ocrx_word' id='word_1_21' title='bbox 2438 383 2633 457; x_wconf 55' lang='grc' dir='ltr'><strong>[ΝΛΜ</strong></span> <span class='ocrx_word' id='word_1_22' title='bbox 2666 385 2926 456; x_wconf 79' lang='lat' dir='ltr'><strong>longioris</strong></span> <span class='ocrx_word' id='word_1_23' title='bbox 2963 383 3108 456; x_wconf 71' lang='lat' dir='ltr'><strong>vice],</strong></span> <span class='ocrx_word' id='word_1_24' title='bbox 3160 384 3241 440; x_wconf 87' lang='lat' dir='ltr'><strong>vel</strong></span> <span class='ocrx_word' id='word_1_25' title='bbox 3281 402 3349 440; x_wconf 84' lang='lat' dir='ltr'><strong>ex</strong></span> <span class='ocrx_word' id='word_1_26' title='bbox 3398 384 3611 440; x_wconf 80' lang='lat' dir='ltr'><strong>insidiis</strong></span> <span class='ocrx_word' id='word_1_27' title='bbox 3648 384 3800 441; x_wconf 86' lang='lat' dir='ltr'><strong>fero-</strong></span> 
     </span>
    </p>
   </div>
   <div class='ocr_carea' id='block_1_5' title="bbox 490 475 2095 551">
    <p class='ocr_par' dir='ltr' id='par_1_5' title="bbox 490 475 2095 551">
     <span class='ocr_line' id='line_1_5' title="bbox 490 475 2095 551; baseline -0.001 -19"><span class='ocrx_word' id='word_1_28' title='bbox 490 478 859 551; x_wconf 85' lang='lat' dir='ltr'><strong>perhumerali</strong></span> <span class='ocrx_word' id='word_1_29' title='bbox 884 478 1090 541; x_wconf 80' lang='lat' dir='ltr'><strong>Aaron,</strong></span> <span class='ocrx_word' id='word_1_30' title='bbox 1122 475 1293 547; x_wconf 84' lang='lat' dir='ltr'><strong>pallio</strong></span> <span class='ocrx_word' id='word_1_31' title='bbox 1338 477 1640 547; x_wconf 68' lang='lat' dir='ltr'><strong>dignitatis,</strong></span> <span class='ocrx_word' id='word_1_32' title='bbox 1688 490 1744 534; x_wconf 87' lang='lat' dir='ltr'><strong>et</strong></span> <span class='ocrx_word' id='word_1_33' title='bbox 1786 477 2095 533; x_wconf 80' lang='lat' dir='ltr'><strong>indumenti</strong></span> 
     </span>
    </p>
   </div>
   <div class='ocr_carea' id='block_1_6' title="bbox 489 566 2097 642">
    <p class='ocr_par' dir='ltr' id='par_1_6' title="bbox 489 566 2097 642">
     <span class='ocr_line' id='line_1_6' title="bbox 489 566 2097 642; baseline 0 -17"><span class='ocrx_word' id='word_1_34' title='bbox 489 568 838 625; x_wconf 85' lang='lat' dir='ltr'><strong>conﬁrmavit</strong></span> <span class='ocrx_word' id='word_1_35' title='bbox 890 568 1057 639; x_wconf 77' lang='lat' dir='ltr'><strong>gloria</strong></span> <span class='ocrx_word' id='word_1_36' title='bbox 1119 566 1318 641; x_wconf 77' lang='lat' dir='ltr'><strong>[Mab.,</strong></span> <span class='ocrx_word' id='word_1_37' title='bbox 1362 569 1685 625; x_wconf 84' lang='lat' dir='ltr'><strong>indumento</strong></span> <span class='ocrx_word' id='word_1_38' title='bbox 1733 570 1973 642; x_wconf 70' lang='lat' dir='ltr'><strong>gloriaz];</strong></span> <span class='ocrx_word' id='word_1_39' title='bbox 2042 579 2097 625; x_wconf 89' lang='lat' dir='ltr'><strong>et</strong></span> 
     </span>
    </p>
   </div>
   <div class='ocr_carea' id='block_1_7' title="bbox 488 660 2096 735">
    <p class='ocr_par' dir='ltr' id='par_1_7' title="bbox 488 660 2096 735">
     <span class='ocr_line' id='line_1_7' title="bbox 488 660 2096 735; baseline 0 -20"><span class='ocrx_word' id='word_1_40' title='bbox 488 662 753 733; x_wconf 76' lang='lat' dir='ltr'><strong>quidquid</strong></span> <span class='ocrx_word' id='word_1_41' title='bbox 780 662 950 717; x_wconf 88' lang='lat' dir='ltr'><strong>voluit</strong></span> <span class='ocrx_word' id='word_1_42' title='bbox 986 661 1069 715; x_wconf 89' lang='lat' dir='ltr'><strong>vel</strong></span> <span class='ocrx_word' id='word_1_43' title='bbox 1096 661 1273 731; x_wconf 89' lang='lat' dir='ltr'><strong>potuit</strong></span> <span class='ocrx_word' id='word_1_44' title='bbox 1324 660 1519 733; x_wconf 71' lang='lat' dir='ltr'><strong>[llab.,</strong></span> <span class='ocrx_word' id='word_1_45' title='bbox 1547 661 1784 735; x_wconf 77' lang='lat' dir='ltr'><strong>petivit],</strong></span> <span class='ocrx_word' id='word_1_46' title='bbox 1807 674 1901 718; x_wconf 86' lang='lat' dir='ltr'><strong>aut</strong></span> <span class='ocrx_word' id='word_1_47' title='bbox 1930 664 1980 717; x_wconf 92' lang='lat' dir='ltr'><strong>in</strong></span> <span class='ocrx_word' id='word_1_48' title='bbox 2003 678 2096 733; x_wconf 88' lang='lat' dir='ltr'><strong>pa-</strong></span> 
     </span>
    </p>
   </div>
   <div class='ocr_carea' id='block_1_8' title="bbox 490 754 2093 822">
    <p class='ocr_par' dir='ltr' id='par_1_8' title="bbox 490 754 2093 822">
     <span class='ocr_line' id='line_1_8' title="bbox 490 754 2093 822; baseline 0.001 -12"><span class='ocrx_word' id='word_1_49' title='bbox 490 754 739 811; x_wconf 83' lang='lat' dir='ltr'><strong>trociniis</strong></span> <span class='ocrx_word' id='word_1_50' title='bbox 781 763 1112 819; x_wconf 82' lang='lat' dir='ltr'><strong>sanctorum,</strong></span> <span class='ocrx_word' id='word_1_51' title='bbox 1139 763 1232 808; x_wconf 91' lang='lat' dir='ltr'><strong>aut</strong></span> <span class='ocrx_word' id='word_1_52' title='bbox 1261 755 1317 809; x_wconf 92' lang='lat' dir='ltr'><strong>in</strong></span> <span class='ocrx_word' id='word_1_53' title='bbox 1343 756 1505 811; x_wconf 85' lang='lat' dir='ltr'><strong>rebus</strong></span> <span class='ocrx_word' id='word_1_54' title='bbox 1532 756 1940 822; x_wconf 84' lang='lat' dir='ltr'><strong>ecclesiasticis,</strong></span> <span class='ocrx_word' id='word_1_55' title='bbox 1969 773 2093 812; x_wconf 81' lang='lat' dir='ltr'><strong>cum</strong></span> 
     </span>
    </p>
   </div>
   <div class='ocr_carea' id='block_1_9' title="bbox 488 846 2094 918">
    <p class='ocr_par' dir='ltr' id='par_1_9' title="bbox 488 846 2094 918">
     <span class='ocr_line' id='line_1_9' title="bbox 488 846 2094 918; baseline 0.001 -16"><span class='ocrx_word' id='word_1_56' title='bbox 488 857 604 903; x_wconf 84' lang='lat' dir='ltr'><strong>tota</strong></span> <span class='ocrx_word' id='word_1_57' title='bbox 631 846 835 903; x_wconf 82' lang='lat' dir='ltr'><strong>mentis</strong></span> <span class='ocrx_word' id='word_1_58' title='bbox 865 846 1154 902; x_wconf 85' lang='lat' dir='ltr'><strong>alacritate</strong></span> <span class='ocrx_word' id='word_1_59' title='bbox 1192 846 1417 902; x_wconf 86' lang='lat' dir='ltr'><strong>tradidit</strong></span> <span class='ocrx_word' id='word_1_60' title='bbox 1453 847 1548 912; x_wconf 89' lang='lat' dir='ltr'><strong>illi,</strong></span> <span class='ocrx_word' id='word_1_61' title='bbox 1581 848 1969 918; x_wconf 88' lang='lat' dir='ltr'><strong>ﬁrmatumque</strong></span> <span class='ocrx_word' id='word_1_62' title='bbox 2000 848 2094 903; x_wconf 62' lang='lat' dir='ltr'><strong>beo</strong></span> 
     </span>
    </p>
   </div>
   <div class='ocr_carea' id='block_1_10' title="bbox 489 938 2100 1012">
    <p class='ocr_par' dir='ltr' id='par_1_10' title="bbox 489 938 2100 1012">
     <span class='ocr_line' id='line_1_10' title="bbox 489 938 2100 1012; baseline 0.002 -19"><span class='ocrx_word' id='word_1_63' title='bbox 489 940 822 1005; x_wconf 86' lang='lat' dir='ltr'><strong>nedictione,</strong></span> <span class='ocrx_word' id='word_1_64' title='bbox 860 940 1018 995; x_wconf 83' lang='lat' dir='ltr'><strong>donis</strong></span> <span class='ocrx_word' id='word_1_65' title='bbox 1050 938 1315 1005; x_wconf 85' lang='lat' dir='ltr'><strong>ditatum,</strong></span> <span class='ocrx_word' id='word_1_66' title='bbox 1356 955 1480 994; x_wconf 88' lang='lat' dir='ltr'><strong>cum</strong></span> <span class='ocrx_word' id='word_1_67' title='bbox 1520 939 1848 997; x_wconf 74' lang='lat' dir='ltr'><strong>salutaribus</strong></span> <span class='ocrx_word' id='word_1_68' title='bbox 1892 957 2100 1012; x_wconf 56' lang='lat' dir='ltr'><strong>praece-</strong></span> 
     </span>
    </p>
   </div>
   <div class='ocr_carea' id='block_1_11' title="bbox 486 1032 1797 1103">
    <p class='ocr_par' dir='ltr' id='par_1_11' title="bbox 486 1032 1797 1103">
     <span class='ocr_line' id='line_1_11' title="bbox 486 1032 1797 1103; baseline -0.003 -14"><span class='ocrx_word' id='word_1_69' title='bbox 486 1033 598 1101; x_wconf 82' lang='lat' dir='ltr'><strong>ptis</strong></span> <span class='ocrx_word' id='word_1_70' title='bbox 634 1033 830 1088; x_wconf 84' lang='lat' dir='ltr'><strong>iterum</strong></span> <span class='ocrx_word' id='word_1_71' title='bbox 852 1046 978 1088; x_wconf 91' lang='lat' dir='ltr'><strong>eum</strong></span> <span class='ocrx_word' id='word_1_72' title='bbox 1014 1032 1067 1087; x_wconf 89' lang='lat' dir='ltr'><strong>in</strong></span> <span class='ocrx_word' id='word_1_73' title='bbox 1094 1048 1229 1103; x_wconf 79' lang='lat' dir='ltr'><strong>Opus</strong></span> <span class='ocrx_word' id='word_1_74' title='bbox 1258 1032 1533 1103; x_wconf 76' lang='lat' dir='ltr'><strong>Evangelii</strong></span> <span class='ocrx_word' id='word_1_75' title='bbox 1568 1033 1797 1087; x_wconf 77' lang='lat' dir='ltr'><strong>remisit.</strong></span> 
     </span>
    </p>
   </div>
   <div class='ocr_carea' id='block_1_12' title="bbox 559 1123 2092 1197">
    <p class='ocr_par' dir='ltr' id='par_1_12' title="bbox 559 1123 2092 1197">
     <span class='ocr_line' id='line_1_12' title="bbox 559 1123 2092 1197; baseline -0.001 -17"><span class='ocrx_word' id='word_1_76' title='bbox 559 1124 689 1181; x_wconf 71' lang='lat' dir='ltr'><strong>Car.</strong></span> <span class='ocrx_word' id='word_1_77' title='bbox 712 1124 844 1181; x_wconf 71' lang='lat' dir='ltr'><strong>Vill.</strong></span> <span class='ocrx_word' id='word_1_78' title='bbox 870 1124 937 1178; x_wconf 86' lang='lat' dir='ltr'><strong>In</strong></span> <span class='ocrx_word' id='word_1_79' title='bbox 956 1123 1245 1179; x_wconf 81' lang='lat' dir='ltr'><strong>Franciam</strong></span> <span class='ocrx_word' id='word_1_80' title='bbox 1272 1125 1427 1179; x_wconf 69' lang='lat' dir='ltr'><strong>rediit</strong></span> <span class='ocrx_word' id='word_1_81' title='bbox 1452 1137 1640 1180; x_wconf 75' lang='lat' dir='ltr'><strong>etcum</strong></span> <span class='ocrx_word' id='word_1_82' title='bbox 1660 1127 1889 1195; x_wconf 86' lang='lat' dir='ltr'><strong>plurimo</strong></span> <span class='ocrx_word' id='word_1_83' title='bbox 1913 1127 2092 1197; x_wconf 73' lang='lat' dir='ltr'><strong>[metu</strong></span> 
     </span>
    </p>
   </div>
   <div class='ocr_carea' id='block_1_13' title="bbox 484 1217 2093 1291">
    <p class='ocr_par' dir='ltr' id='par_1_13' title="bbox 484 1217 2093 1291">
     <span class='ocr_line' id='line_1_13' title="bbox 484 1217 2093 1291; baseline 0.001 -17"><span class='ocrx_word' id='word_1_84' title='bbox 484 1222 545 1274; x_wconf 86' lang='lat' dir='ltr'><strong>in</strong></span> <span class='ocrx_word' id='word_1_85' title='bbox 573 1234 703 1290; x_wconf 68' lang='lat' dir='ltr'><strong>opus</strong></span> <span class='ocrx_word' id='word_1_86' title='bbox 739 1217 1013 1290; x_wconf 76' lang='lat' dir='ltr'><strong>Evangelii</strong></span> <span class='ocrx_word' id='word_1_87' title='bbox 1042 1218 1319 1273; x_wconf 73' lang='lat' dir='ltr'><strong>incumbit.</strong></span> <span class='ocrx_word' id='word_1_88' title='bbox 1343 1250 1414 1259; x_wconf 95' lang='lat'><strong>—</strong></span> <span class='ocrx_word' id='word_1_89' title='bbox 1435 1219 1671 1290; x_wconf 75' lang='lat' dir='ltr'><strong>Accepta</strong></span> <span class='ocrx_word' id='word_1_90' title='bbox 1710 1236 1839 1291; x_wconf 87' lang='lat' dir='ltr'><strong>ergo</strong></span> <span class='ocrx_word' id='word_1_91' title='bbox 1874 1232 2093 1291; x_wconf 48' lang='lat' dir='ltr'><strong>apostoc</strong></span> 
     </span>
    </p>
   </div>
   <div class='ocr_carea' id='block_1_14' title="bbox 484 1311 2088 1383">
    <p class='ocr_par' dir='ltr' id='par_1_14' title="bbox 484 1311 2088 1383">
     <span class='ocr_line' id='line_1_14' title="bbox 484 1311 2088 1383; baseline 0.001 -18"><span class='ocrx_word' id='word_1_92' title='bbox 484 1312 606 1367; x_wconf 75' lang='lat' dir='ltr'><strong>lica:</strong></span> <span class='ocrx_word' id='word_1_93' title='bbox 642 1311 987 1366; x_wconf 84' lang='lat' dir='ltr'><strong>auctoritatis</strong></span> <span class='ocrx_word' id='word_1_94' title='bbox 1035 1311 1437 1377; x_wconf 80' lang='lat' dir='ltr'><strong>benedictione,</strong></span> <span class='ocrx_word' id='word_1_95' title='bbox 1488 1327 1611 1367; x_wconf 88' lang='lat' dir='ltr'><strong>eum</strong></span> <span class='ocrx_word' id='word_1_96' title='bbox 1660 1313 1852 1383; x_wconf 84' lang='lat' dir='ltr'><strong>majori</strong></span> <span class='ocrx_word' id='word_1_97' title='bbox 1895 1313 2088 1368; x_wconf 82' lang='lat' dir='ltr'><strong>fiducia</strong></span> 
     </span>
    </p>
   </div>
   <div class='ocr_carea' id='block_1_15' title="bbox 486 1403 2092 1475">
    <p class='ocr_par' dir='ltr' id='par_1_15' title="bbox 486 1403 2092 1475">
     <span class='ocr_line' id='line_1_15' title="bbox 486 1403 2092 1475; baseline 0.003 -19"><span class='ocrx_word' id='word_1_98' title='bbox 486 1406 721 1460; x_wconf 84' lang='lat' dir='ltr'><strong>devotus</strong></span> <span class='ocrx_word' id='word_1_99' title='bbox 746 1403 899 1458; x_wconf 88' lang='lat' dir='ltr'><strong>verbi</strong></span> <span class='ocrx_word' id='word_1_100' title='bbox 926 1403 1024 1459; x_wconf 91' lang='lat' dir='ltr'><strong>Dei</strong></span> <span class='ocrx_word' id='word_1_101' title='bbox 1064 1406 1409 1475; x_wconf 66' lang='lat' dir='ltr'><strong>praedicator,</strong></span> <span class='ocrx_word' id='word_1_102' title='bbox 1444 1405 1509 1461; x_wconf 89' lang='lat' dir='ltr'><strong>ad</strong></span> <span class='ocrx_word' id='word_1_103' title='bbox 1540 1405 1825 1475; x_wconf 70' lang='lat' dir='ltr'><strong>prmfatum</strong></span> <span class='ocrx_word' id='word_1_104' title='bbox 1847 1405 2092 1461; x_wconf 75' lang='lat' dir='ltr'><strong>Franco—</strong></span> 
     </span>
    </p>
   </div>
   <div class='ocr_carea' id='block_1_16' title="bbox 490 1493 2091 1566">
    <p class='ocr_par' dir='ltr' id='par_1_16' title="bbox 490 1493 2091 1566">
     <span class='ocr_line' id='line_1_16' title="bbox 490 1493 2091 1566; baseline 0.003 -20"><span class='ocrx_word' id='word_1_105' title='bbox 490 1510 609 1547; x_wconf 92' lang='lat' dir='ltr'><strong>rum</strong></span> <span class='ocrx_word' id='word_1_106' title='bbox 636 1493 831 1549; x_wconf 87' lang='lat' dir='ltr'><strong>ducem</strong></span> <span class='ocrx_word' id='word_1_107' title='bbox 860 1508 1141 1566; x_wconf 74' lang='lat' dir='ltr'><strong>regressus</strong></span> <span class='ocrx_word' id='word_1_108' title='bbox 1168 1504 1272 1551; x_wconf 87' lang='lat' dir='ltr'><strong>est.</strong></span> <span class='ocrx_word' id='word_1_109' title='bbox 1314 1494 1415 1562; x_wconf 87' lang='lat' dir='ltr'><strong>Qui</strong></span> <span class='ocrx_word' id='word_1_110' title='bbox 1445 1512 1719 1551; x_wconf 73' lang='lat' dir='ltr'><strong>eumeum</strong></span> <span class='ocrx_word' id='word_1_111' title='bbox 1752 1500 1966 1550; x_wconf 82' lang='lat' dir='ltr'><strong>summa</strong></span> <span class='ocrx_word' id='word_1_112' title='bbox 1993 1497 2091 1551; x_wconf 91' lang='lat' dir='ltr'><strong>ho-</strong></span> 
     </span>
    </p>
   </div>
   <div class='ocr_carea' id='block_1_17' title="bbox 488 1582 2091 1657">
    <p class='ocr_par' dir='ltr' id='par_1_17' title="bbox 488 1582 2091 1657">
     <span class='ocr_line' id='line_1_17' title="bbox 488 1582 2091 1657; baseline 0.002 -20"><span class='ocrx_word' id='word_1_113' title='bbox 488 1583 640 1637; x_wconf 87' lang='lat' dir='ltr'><strong>noris</strong></span> <span class='ocrx_word' id='word_1_114' title='bbox 683 1582 1086 1655; x_wconf 85' lang='lat' dir='ltr'><strong>magniﬁcentia</strong></span> <span class='ocrx_word' id='word_1_115' title='bbox 1131 1593 1433 1656; x_wconf 83' lang='lat' dir='ltr'><strong>receptum,</strong></span> <span class='ocrx_word' id='word_1_116' title='bbox 1480 1602 1603 1641; x_wconf 88' lang='lat' dir='ltr'><strong>cum</strong></span> <span class='ocrx_word' id='word_1_117' title='bbox 1649 1601 1761 1640; x_wconf 76' lang='lat' dir='ltr'><strong>sua:</strong></span> <span class='ocrx_word' id='word_1_118' title='bbox 1800 1587 2091 1657; x_wconf 80' lang='lat' dir='ltr'><strong>potestatis</strong></span> 
     </span>
    </p>
   </div>
   <div class='ocr_carea' id='block_1_18' title="bbox 487 1673 2089 1747">
    <p class='ocr_par' dir='ltr' id='par_1_18' title="bbox 487 1673 2089 1747">
     <span class='ocr_line' id='line_1_18' title="bbox 487 1673 2089 1747; baseline 0.004 -21"><span class='ocrx_word' id='word_1_119' title='bbox 487 1673 733 1743; x_wconf 74' lang='lat' dir='ltr'><strong>iussione</strong></span> <span class='ocrx_word' id='word_1_120' title='bbox 772 1674 828 1729; x_wconf 89' lang='lat' dir='ltr'><strong>in</strong></span> <span class='ocrx_word' id='word_1_121' title='bbox 870 1690 1009 1745; x_wconf 87' lang='lat' dir='ltr'><strong>opus</strong></span> <span class='ocrx_word' id='word_1_122' title='bbox 1035 1676 1313 1747; x_wconf 78' lang='lat' dir='ltr'><strong>Evangelii</strong></span> <span class='ocrx_word' id='word_1_123' title='bbox 1349 1678 1589 1731; x_wconf 84' lang='lat' dir='ltr'><strong>direxit:</strong></span> <span class='ocrx_word' id='word_1_124' title='bbox 1620 1677 1859 1735; x_wconf 82' lang='lat' dir='ltr'><strong>maxime</strong></span> <span class='ocrx_word' id='word_1_125' title='bbox 1906 1687 2089 1733; x_wconf 86' lang='lat' dir='ltr'><strong>tamen</strong></span> 
     </span>
    </p>
   </div>
   <div class='ocr_carea' id='block_1_19' title="bbox 2197 478 3795 549">
    <p class='ocr_par' dir='ltr' id='par_1_19' title="bbox 2197 478 3795 549">
     <span class='ocr_line' id='line_1_19' title="bbox 2197 478 3795 549; baseline 0.001 -18"><span class='ocrx_word' id='word_1_126' title='bbox 2197 478 2538 533; x_wconf 86' lang='lat' dir='ltr'><strong>cissimorum</strong></span> <span class='ocrx_word' id='word_1_127' title='bbox 2575 488 2733 533; x_wconf 74' lang='lat' dir='ltr'><strong>terra:</strong></span> <span class='ocrx_word' id='word_1_128' title='bbox 2768 480 2913 534; x_wconf 90' lang='lat' dir='ltr'><strong>illius</strong></span> <span class='ocrx_word' id='word_1_129' title='bbox 2947 480 3311 534; x_wconf 78' lang='lat' dir='ltr'><strong>habitatorum</strong></span> <span class='ocrx_word' id='word_1_130' title='bbox 3347 482 3606 534; x_wconf 87' lang='lat' dir='ltr'><strong>damnum</strong></span> <span class='ocrx_word' id='word_1_131' title='bbox 3638 487 3795 549; x_wconf 87' lang='lat' dir='ltr'><strong>pate-</strong></span> 
     </span>
    </p>
   </div>
   <div class='ocr_carea' id='block_1_20' title="bbox 2200 572 3797 643">
    <p class='ocr_par' dir='ltr' id='par_1_20' title="bbox 2200 572 3797 643">
     <span class='ocr_line' id='line_1_20' title="bbox 2200 572 3797 643; baseline 0 -18"><span class='ocrx_word' id='word_1_132' title='bbox 2200 584 2352 627; x_wconf 88' lang='lat' dir='ltr'><strong>retur</strong></span> <span class='ocrx_word' id='word_1_133' title='bbox 2386 573 2437 625; x_wconf 90' lang='lat' dir='ltr'><strong>in</strong></span> <span class='ocrx_word' id='word_1_134' title='bbox 2469 573 2591 636; x_wconf 90' lang='lat' dir='ltr'><strong>illis,</strong></span> <span class='ocrx_word' id='word_1_135' title='bbox 2627 574 2814 628; x_wconf 81' lang='lat' dir='ltr'><strong>volens</strong></span> <span class='ocrx_word' id='word_1_136' title='bbox 2849 574 3061 643; x_wconf 82' lang='lat' dir='ltr'><strong>antiqui</strong></span> <span class='ocrx_word' id='word_1_137' title='bbox 3096 573 3267 626; x_wconf 89' lang='lat' dir='ltr'><strong>hostis</strong></span> <span class='ocrx_word' id='word_1_138' title='bbox 3302 572 3602 642; x_wconf 68' lang='lat' dir='ltr'><strong>praevenire</strong></span> <span class='ocrx_word' id='word_1_139' title='bbox 3640 581 3797 626; x_wconf 89' lang='lat' dir='ltr'><strong>astu-</strong></span> 
     </span>
    </p>
   </div>
   <div class='ocr_carea' id='block_1_21' title="bbox 2199 662 3799 731">
    <p class='ocr_par' dir='ltr' id='par_1_21' title="bbox 2199 662 3799 731">
     <span class='ocr_line' id='line_1_21' title="bbox 2199 662 3799 731; baseline -0.001 -14"><span class='ocrx_word' id='word_1_140' title='bbox 2199 663 2326 727; x_wconf 85' lang='lat' dir='ltr'><strong>tias,</strong></span> <span class='ocrx_word' id='word_1_141' title='bbox 2354 673 2409 717; x_wconf 91' lang='lat' dir='ltr'><strong>et</strong></span> <span class='ocrx_word' id='word_1_142' title='bbox 2429 664 2640 718; x_wconf 73' lang='lat' dir='ltr'><strong>Domini</strong></span> <span class='ocrx_word' id='word_1_143' title='bbox 2679 665 3037 719; x_wconf 80' lang='lat' dir='ltr'><strong>sacramentis</strong></span> <span class='ocrx_word' id='word_1_144' title='bbox 3070 664 3277 717; x_wconf 85' lang='lat' dir='ltr'><strong>animas</strong></span> <span class='ocrx_word' id='word_1_145' title='bbox 3308 663 3520 717; x_wconf 84' lang='lat' dir='ltr'><strong>munire</strong></span> <span class='ocrx_word' id='word_1_146' title='bbox 3555 662 3799 731; x_wconf 61' lang='lat' dir='ltr'><strong>acquisio</strong></span> 
     </span>
    </p>
   </div>
   <div class='ocr_carea' id='block_1_22' title="bbox 2199 762 2302 808">
    <p class='ocr_par' dir='ltr' id='par_1_22' title="bbox 2199 762 2302 808">
     <span class='ocr_line' id='line_1_22' title="bbox 2199 762 2302 808; baseline 0 0"><span class='ocrx_word' id='word_1_147' title='bbox 2199 762 2302 808; x_wconf 91' lang='lat' dir='ltr'><strong>tas.</strong></span> 
     </span>
    </p>
   </div>
   <div class='ocr_carea' id='block_1_23' title="bbox 2267 844 3789 917">
    <p class='ocr_par' dir='ltr' id='par_1_23' title="bbox 2267 844 3789 917">
     <span class='ocr_line' id='line_1_23' title="bbox 2267 844 3789 917; baseline -0.001 -18"><span class='ocrx_word' id='word_1_148' title='bbox 2267 844 2396 900; x_wconf 66' lang='lat' dir='ltr'><strong>CAP.</strong></span> <span class='ocrx_word' id='word_1_149' title='bbox 2440 845 2506 898; x_wconf 78' lang='grc' dir='ltr'><strong>Χ.</strong></span> <span class='ocrx_word' id='word_1_150' title='bbox 2548 845 2804 899; x_wconf 67' lang='lat' dir='ltr'><strong>Barbara:</strong></span> <span class='ocrx_word' id='word_1_151' title='bbox 2826 848 2993 917; x_wconf 78' lang='lat' dir='ltr'><strong>gentis</strong></span> <span class='ocrx_word' id='word_1_152' title='bbox 3023 846 3443 916; x_wconf 78' lang='lat' dir='ltr'><strong>superstitionem</strong></span> <span class='ocrx_word' id='word_1_153' title='bbox 3485 845 3789 898; x_wconf 77' lang='lat' dir='ltr'><strong>contemnit.</strong></span> 
     </span>
    </p>
   </div>
   <div class='ocr_carea' id='block_1_24' title="bbox 2198 935 3847 1009">
    <p class='ocr_par' dir='ltr' id='par_1_24' title="bbox 2198 935 3847 1009">
     <span class='ocr_line' id='line_1_24' title="bbox 2198 935 3847 1009; baseline 0.001 -18"><span class='ocrx_word' id='word_1_154' title='bbox 2198 935 2348 991; x_wconf 78' lang='lat' dir='ltr'><strong>Unus</strong></span> <span class='ocrx_word' id='word_1_155' title='bbox 2392 938 2655 992; x_wconf 73' lang='lat' dir='ltr'><strong>sociorum</strong></span> <span class='ocrx_word' id='word_1_156' title='bbox 2704 956 2922 993; x_wconf 76' lang='lat' dir='ltr'><strong>suorum</strong></span> <span class='ocrx_word' id='word_1_157' title='bbox 2969 940 3267 1009; x_wconf 80' lang='lat' dir='ltr'><strong>perimitur,</strong></span> <span class='ocrx_word' id='word_1_158' title='bbox 3310 946 3513 1007; x_wconf 73' lang='lat' dir='ltr'><strong>martyr</strong></span> <span class='ocrx_word' id='word_1_159' title='bbox 3551 938 3789 1006; x_wconf 66' lang='lat' dir='ltr'><strong>effectu.</strong></span> <span class='ocrx_word' id='word_1_160' title='bbox 3838 963 3847 971; x_wconf 84' lang='lat'><strong>-</strong></span> 
     </span>
    </p>
   </div>
   <div class='ocr_carea' id='block_1_25' title="bbox 2197 1030 3798 1103">
    <p class='ocr_par' dir='ltr' id='par_1_25' title="bbox 2197 1030 3798 1103">
     <span class='ocr_line' id='line_1_25' title="bbox 2197 1030 3798 1103; baseline 0.001 -18"><span class='ocrx_word' id='word_1_161' title='bbox 2197 1030 2330 1103; x_wconf 84' lang='lat' dir='ltr'><strong>Regi</strong></span> <span class='ocrx_word' id='word_1_162' title='bbox 2360 1030 2628 1085; x_wconf 79' lang='lat' dir='ltr'><strong>Christum</strong></span> <span class='ocrx_word' id='word_1_163' title='bbox 2672 1051 2862 1102; x_wconf 76' lang='lat' dir='ltr'><strong>magna</strong></span> <span class='ocrx_word' id='word_1_164' title='bbox 2902 1034 3102 1102; x_wconf 76' lang='lat' dir='ltr'><strong>ﬁducia</strong></span> <span class='ocrx_word' id='word_1_165' title='bbox 3144 1033 3447 1086; x_wconf 74' lang='lat' dir='ltr'><strong>adnuntiat.</strong></span> <span class='ocrx_word' id='word_1_166' title='bbox 3489 1031 3529 1083; x_wconf 77' lang='grc' dir='ltr'><strong><em>Α</em></strong></span> <span class='ocrx_word' id='word_1_167' title='bbox 3564 1048 3681 1101; x_wconf 79' lang='lat' dir='ltr'><strong>rege</strong></span> <span class='ocrx_word' id='word_1_168' title='bbox 3719 1030 3798 1086; x_wconf 79' lang='lat' dir='ltr'><strong>ad</strong></span> 
     </span>
    </p>
   </div>
   <div class='ocr_carea' id='block_1_26' title="bbox 2197 1120 3797 1195">
    <p class='ocr_par' dir='ltr' id='par_1_26' title="bbox 2197 1120 3797 1195">
     <span class='ocr_line' id='line_1_26' title="bbox 2197 1120 3797 1195; baseline 0.003 -22"><span class='ocrx_word' id='word_1_169' title='bbox 2197 1120 2479 1192; x_wconf 79' lang='lat' dir='ltr'><strong>Pippinum</strong></span> <span class='ocrx_word' id='word_1_170' title='bbox 2507 1124 2808 1177; x_wconf 77' lang='lat' dir='ltr'><strong>remittitur.</strong></span> <span class='ocrx_word' id='word_1_171' title='bbox 2830 1154 2897 1162; x_wconf 83' lang='lat'><strong>—-</strong></span> <span class='ocrx_word' id='word_1_172' title='bbox 2913 1124 2979 1178; x_wconf 80' lang='lat' dir='ltr'><strong>Et</strong></span> <span class='ocrx_word' id='word_1_173' title='bbox 2999 1126 3124 1178; x_wconf 89' lang='lat' dir='ltr'><strong>dum</strong></span> <span class='ocrx_word' id='word_1_174' title='bbox 3146 1124 3269 1193; x_wconf 89' lang='lat' dir='ltr'><strong>pius</strong></span> <span class='ocrx_word' id='word_1_175' title='bbox 3293 1123 3488 1195; x_wconf 61' lang='grc' dir='ltr'><strong>μησὶν..</strong></span> <span class='ocrx_word' id='word_1_176' title='bbox 3512 1138 3633 1178; x_wconf 87' lang='lat' dir='ltr'><strong>cum</strong></span> <span class='ocrx_word' id='word_1_177' title='bbox 3657 1138 3797 1193; x_wconf 81' lang='lat' dir='ltr'><strong>ergo</strong></span> 
     </span>
    </p>
   </div>
   <div class='ocr_carea' id='block_1_27' title="bbox 2193 1213 3796 1287">
    <p class='ocr_par' dir='ltr' id='par_1_27' title="bbox 2193 1213 3796 1287">
     <span class='ocr_line' id='line_1_27' title="bbox 2193 1213 3796 1287; baseline 0.001 -20"><span class='ocrx_word' id='word_1_178' title='bbox 2193 1215 2336 1283; x_wconf 83' lang='lat' dir='ltr'><strong>pius,</strong></span> <span class='ocrx_word' id='word_1_179' title='bbox 2369 1214 2494 1287; x_wconf 52' lang='grc' dir='ltr'><strong>ειη]</strong></span> <span class='ocrx_word' id='word_1_180' title='bbox 2530 1213 2679 1269; x_wconf 88' lang='lat' dir='ltr'><strong>verbi</strong></span> <span class='ocrx_word' id='word_1_181' title='bbox 2718 1214 2812 1269; x_wconf 81' lang='lat' dir='ltr'><strong>Dei</strong></span> <span class='ocrx_word' id='word_1_182' title='bbox 2852 1216 3176 1285; x_wconf 68' lang='lat' dir='ltr'><strong>praedicator</strong></span> <span class='ocrx_word' id='word_1_183' title='bbox 3214 1216 3319 1270; x_wconf 86' lang='lat' dir='ltr'><strong>iter</strong></span> <span class='ocrx_word' id='word_1_184' title='bbox 3356 1216 3567 1286; x_wconf 79' lang='lat' dir='ltr'><strong>agebat,</strong></span> <span class='ocrx_word' id='word_1_185' title='bbox 3599 1229 3796 1283; x_wconf 58' lang='lat' dir='ltr'><strong>perveo</strong></span> 
     </span>
    </p>
   </div>
   <div class='ocr_carea' id='block_1_28' title="bbox 2194 1305 3794 1375">
    <p class='ocr_par' dir='ltr' id='par_1_28' title="bbox 2194 1305 3794 1375">
     <span class='ocr_line' id='line_1_28' title="bbox 2194 1305 3794 1375; baseline -0.001 -15"><span class='ocrx_word' id='word_1_186' title='bbox 2194 1307 2276 1360; x_wconf 89' lang='lat' dir='ltr'><strong>nit</strong></span> <span class='ocrx_word' id='word_1_187' title='bbox 2315 1307 2369 1361; x_wconf 85' lang='lat' dir='ltr'><strong>in</strong></span> <span class='ocrx_word' id='word_1_188' title='bbox 2403 1307 2641 1361; x_wconf 87' lang='lat' dir='ltr'><strong>conﬁnio</strong></span> <span class='ocrx_word' id='word_1_189' title='bbox 2671 1306 2958 1361; x_wconf 81' lang='lat' dir='ltr'><strong>Frisonmn</strong></span> <span class='ocrx_word' id='word_1_190' title='bbox 2987 1314 3045 1362; x_wconf 93' lang='lat' dir='ltr'><strong>et</strong></span> <span class='ocrx_word' id='word_1_191' title='bbox 3095 1306 3368 1361; x_wconf 86' lang='lat' dir='ltr'><strong>Danorum</strong></span> <span class='ocrx_word' id='word_1_192' title='bbox 3404 1306 3471 1360; x_wconf 90' lang='lat' dir='ltr'><strong>ad</strong></span> <span class='ocrx_word' id='word_1_193' title='bbox 3498 1305 3794 1375; x_wconf 70' lang='lat' dir='ltr'><strong>quamdam</strong></span> 
     </span>
    </p>
   </div>
   <div class='ocr_carea' id='block_1_29' title="bbox 2196 1398 3795 1469">
    <p class='ocr_par' dir='ltr' id='par_1_29' title="bbox 2196 1398 3795 1469">
     <span class='ocr_line' id='line_1_29' title="bbox 2196 1398 3795 1469; baseline 0 -16"><span class='ocrx_word' id='word_1_194' title='bbox 2196 1400 2447 1464; x_wconf 85' lang='lat' dir='ltr'><strong>insulam,</strong></span> <span class='ocrx_word' id='word_1_195' title='bbox 2475 1415 2597 1468; x_wconf 70' lang='lat' dir='ltr'><strong>qua:</strong></span> <span class='ocrx_word' id='word_1_196' title='bbox 2645 1415 2675 1454; x_wconf 90' lang='lat' dir='ltr'><strong>a</strong></span> <span class='ocrx_word' id='word_1_197' title='bbox 2708 1400 2946 1469; x_wconf 85' lang='lat' dir='ltr'><strong>quodam</strong></span> <span class='ocrx_word' id='word_1_198' title='bbox 2988 1398 3092 1454; x_wconf 91' lang='lat' dir='ltr'><strong>deo</strong></span> <span class='ocrx_word' id='word_1_199' title='bbox 3134 1414 3232 1453; x_wconf 92' lang='lat' dir='ltr'><strong>suo</strong></span> <span class='ocrx_word' id='word_1_200' title='bbox 3258 1398 3460 1463; x_wconf 82' lang='lat' dir='ltr'><strong>Fosite,</strong></span> <span class='ocrx_word' id='word_1_201' title='bbox 3493 1399 3559 1451; x_wconf 90' lang='lat' dir='ltr'><strong>ab</strong></span> <span class='ocrx_word' id='word_1_202' title='bbox 3586 1398 3795 1453; x_wconf 87' lang='lat' dir='ltr'><strong>accolis</strong></span> 
     </span>
    </p>
   </div>
   <div class='ocr_carea' id='block_1_30' title="bbox 2195 1489 3791 1561">
    <p class='ocr_par' dir='ltr' id='par_1_30' title="bbox 2195 1489 3791 1561">
     <span class='ocr_line' id='line_1_30' title="bbox 2195 1489 3791 1561; baseline -0.003 -14"><span class='ocrx_word' id='word_1_203' title='bbox 2195 1500 2356 1549; x_wconf 61' lang='lat' dir='ltr'><strong>terrae</strong></span> <span class='ocrx_word' id='word_1_204' title='bbox 2384 1491 2725 1547; x_wconf 81' lang='lat' dir='ltr'><strong>Fositesland</strong></span> <span class='ocrx_word' id='word_1_205' title='bbox 2756 1504 2776 1530; x_wconf 74' lang='grc' dir='ltr'><em>ε</em></span> <span class='ocrx_word' id='word_1_206' title='bbox 2813 1492 3096 1546; x_wconf 89' lang='lat' dir='ltr'><strong>dicebatur</strong></span> <span class='ocrx_word' id='word_1_207' title='bbox 3129 1510 3142 1544; x_wconf 88' lang='lat'>:</span> <span class='ocrx_word' id='word_1_208' title='bbox 3183 1490 3310 1561; x_wconf 88' lang='lat' dir='ltr'><strong>quia</strong></span> <span class='ocrx_word' id='word_1_209' title='bbox 3351 1491 3405 1544; x_wconf 91' lang='lat' dir='ltr'><strong>in</strong></span> <span class='ocrx_word' id='word_1_210' title='bbox 3441 1505 3508 1546; x_wconf 91' lang='lat' dir='ltr'><strong>ea</strong></span> <span class='ocrx_word' id='word_1_211' title='bbox 3543 1489 3791 1558; x_wconf 83' lang='lat' dir='ltr'><strong>ejusdem</strong></span> 
     </span>
    </p>
   </div>
   <div class='ocr_carea' id='block_1_31' title="bbox 2196 1580 3789 1651">
    <p class='ocr_par' dir='ltr' id='par_1_31' title="bbox 2196 1580 3789 1651">
     <span class='ocr_line' id='line_1_31' title="bbox 2196 1580 3789 1651; baseline -0.003 -14"><span class='ocrx_word' id='word_1_212' title='bbox 2196 1582 2291 1637; x_wconf 87' lang='lat' dir='ltr'><strong>Dei</strong></span> <span class='ocrx_word' id='word_1_213' title='bbox 2334 1581 2455 1637; x_wconf 85' lang='lat' dir='ltr'><strong>fana</strong></span> <span class='ocrx_word' id='word_1_214' title='bbox 2496 1581 2650 1637; x_wconf 84' lang='lat' dir='ltr'><strong>fuere</strong></span> <span class='ocrx_word' id='word_1_215' title='bbox 2690 1591 3029 1637; x_wconf 85' lang='lat' dir='ltr'><strong>constructa.</strong></span> <span class='ocrx_word' id='word_1_216' title='bbox 3074 1582 3176 1648; x_wconf 89' lang='lat' dir='ltr'><strong>Qui</strong></span> <span class='ocrx_word' id='word_1_217' title='bbox 3217 1580 3368 1635; x_wconf 86' lang='lat' dir='ltr'><strong>locus</strong></span> <span class='ocrx_word' id='word_1_218' title='bbox 3405 1595 3437 1634; x_wconf 90' lang='lat' dir='ltr'><strong>a</strong></span> <span class='ocrx_word' id='word_1_219' title='bbox 3468 1580 3693 1651; x_wconf 78' lang='lat' dir='ltr'><strong>paganis</strong></span> <span class='ocrx_word' id='word_1_220' title='bbox 3731 1580 3789 1633; x_wconf 89' lang='lat' dir='ltr'><strong>in</strong></span> 
     </span>
    </p>
   </div>
   <div class='ocr_carea' id='block_1_32' title="bbox 2196 1670 3788 1737">
    <p class='ocr_par' dir='ltr' id='par_1_32' title="bbox 2196 1670 3788 1737">
     <span class='ocr_line' id='line_1_32' title="bbox 2196 1670 3788 1737; baseline -0.003 -9"><span class='ocrx_word' id='word_1_221' title='bbox 2196 1682 2348 1728; x_wconf 86' lang='lat' dir='ltr'><strong>tanta</strong></span> <span class='ocrx_word' id='word_1_222' title='bbox 2382 1674 2736 1729; x_wconf 83' lang='lat' dir='ltr'><strong>veneratione</strong></span> <span class='ocrx_word' id='word_1_223' title='bbox 2767 1674 3090 1737; x_wconf 86' lang='lat' dir='ltr'><strong>habebatur,</strong></span> <span class='ocrx_word' id='word_1_224' title='bbox 3129 1681 3186 1727; x_wconf 90' lang='lat' dir='ltr'><strong>ut</strong></span> <span class='ocrx_word' id='word_1_225' title='bbox 3211 1672 3344 1727; x_wconf 86' lang='lat' dir='ltr'><strong>nihil</strong></span> <span class='ocrx_word' id='word_1_226' title='bbox 3376 1673 3429 1726; x_wconf 89' lang='lat' dir='ltr'><strong>in</strong></span> <span class='ocrx_word' id='word_1_227' title='bbox 3457 1688 3525 1727; x_wconf 90' lang='lat' dir='ltr'><strong>ca</strong></span> <span class='ocrx_word' id='word_1_228' title='bbox 3554 1670 3634 1725; x_wconf 89' lang='lat' dir='ltr'><strong>vel</strong></span> <span class='ocrx_word' id='word_1_229' title='bbox 3664 1670 3788 1726; x_wconf 90' lang='lat' dir='ltr'><strong>ani-</strong></span> 
     </span>
    </p>
   </div>
   <div class='ocr_carea' id='block_1_33' title="bbox 483 1761 3791 1839">
    <p class='ocr_par' dir='ltr' id='par_1_33' title="bbox 483 1761 3791 1839">
     <span class='ocr_line' id='line_1_33' title="bbox 483 1761 3791 1839; baseline -0.002 -19"><span class='ocrx_word' id='word_1_230' title='bbox 483 1769 542 1822; x_wconf 89' lang='lat' dir='ltr'><strong>in</strong></span> <span class='ocrx_word' id='word_1_231' title='bbox 591 1766 903 1823; x_wconf 85' lang='lat' dir='ltr'><strong>borealibus</strong></span> <span class='ocrx_word' id='word_1_232' title='bbox 949 1769 1099 1839; x_wconf 77' lang='lat' dir='ltr'><strong>regni</strong></span> <span class='ocrx_word' id='word_1_233' title='bbox 1143 1769 1229 1824; x_wconf 84' lang='lat' dir='ltr'><strong>sui</strong></span> <span class='ocrx_word' id='word_1_234' title='bbox 1268 1770 1542 1839; x_wconf 85' lang='lat' dir='ltr'><strong>partibus,</strong></span> <span class='ocrx_word' id='word_1_235' title='bbox 1591 1784 1702 1839; x_wconf 81' lang='lat' dir='ltr'><strong>quo</strong></span> <span class='ocrx_word' id='word_1_236' title='bbox 1746 1779 1975 1825; x_wconf 79' lang='lat' dir='ltr'><strong>eatenus</strong></span> <span class='ocrx_word' id='word_1_237' title='bbox 2019 1772 2091 1826; x_wconf 81' lang='lat' dir='ltr'><strong>ob</strong></span> <span class='ocrx_word' id='word_1_238' title='bbox 2125 1769 2163 1825; x_wconf 79' lang='grc' dir='ltr'><strong>Β</strong></span> <span class='ocrx_word' id='word_1_239' title='bbox 2195 1766 2417 1819; x_wconf 88' lang='lat' dir='ltr'><strong>malium</strong></span> <span class='ocrx_word' id='word_1_240' title='bbox 2465 1766 2539 1819; x_wconf 90' lang='lat' dir='ltr'><strong>ibi</strong></span> <span class='ocrx_word' id='word_1_241' title='bbox 2582 1767 2918 1834; x_wconf 87' lang='lat' dir='ltr'><strong>pascentium</strong></span> <span class='ocrx_word' id='word_1_242' title='bbox 2945 1805 2960 1828; x_wconf 93' lang='lat'><strong>,</strong></span> <span class='ocrx_word' id='word_1_243' title='bbox 3018 1764 3101 1818; x_wconf 91' lang='lat' dir='ltr'><strong>vel</strong></span> <span class='ocrx_word' id='word_1_244' title='bbox 3146 1763 3374 1817; x_wconf 86' lang='lat' dir='ltr'><strong>aliarum</strong></span> <span class='ocrx_word' id='word_1_245' title='bbox 3421 1761 3791 1833; x_wconf 76' lang='lat' dir='ltr'><strong>quarumlibet</strong></span> 
     </span>
    </p>
   </div>
   <div class='ocr_carea' id='block_1_34' title="bbox 488 1858 3790 1930">
    <p class='ocr_par' dir='ltr' id='par_1_34' title="bbox 488 1858 3790 1930">
     <span class='ocr_line' id='line_1_34' title="bbox 488 1858 3790 1930; baseline -0 -19"><span class='ocrx_word' id='word_1_246' title='bbox 488 1858 769 1913; x_wconf 79' lang='lat' dir='ltr'><strong>raritatem</strong></span> <span class='ocrx_word' id='word_1_247' title='bbox 804 1858 1087 1912; x_wconf 83' lang='lat' dir='ltr'><strong>doctorum</strong></span> <span class='ocrx_word' id='word_1_248' title='bbox 1126 1860 1210 1914; x_wconf 86' lang='lat' dir='ltr'><strong>vel</strong></span> <span class='ocrx_word' id='word_1_249' title='bbox 1245 1861 1504 1916; x_wconf 88' lang='lat' dir='ltr'><strong>duritiam</strong></span> <span class='ocrx_word' id='word_1_250' title='bbox 1543 1861 1912 1916; x_wconf 84' lang='lat' dir='ltr'><strong>habitatorum</strong></span> <span class='ocrx_word' id='word_1_251' title='bbox 1960 1861 2084 1916; x_wconf 83' lang='lat' dir='ltr'><strong>fidei</strong></span> <span class='ocrx_word' id='word_1_252' title='bbox 2190 1874 2393 1924; x_wconf 85' lang='lat' dir='ltr'><strong>rerum,</strong></span> <span class='ocrx_word' id='word_1_253' title='bbox 2439 1860 2728 1929; x_wconf 86' lang='lat' dir='ltr'><strong>quisquam</strong></span> <span class='ocrx_word' id='word_1_254' title='bbox 2773 1860 3058 1930; x_wconf 79' lang='lat' dir='ltr'><strong>gentilium</strong></span> <span class='ocrx_word' id='word_1_255' title='bbox 3102 1869 3325 1930; x_wconf 75' lang='lat' dir='ltr'><strong>tangere</strong></span> <span class='ocrx_word' id='word_1_256' title='bbox 3373 1858 3627 1923; x_wconf 86' lang='lat' dir='ltr'><strong>auderet;</strong></span> <span class='ocrx_word' id='word_1_257' title='bbox 3685 1873 3790 1911; x_wconf 89' lang='lat' dir='ltr'><strong>nec</strong></span> 
     </span>
    </p>
   </div>
   <div class='ocr_carea' id='block_1_35' title="bbox 486 1947 3789 2023">
    <p class='ocr_par' dir='ltr' id='par_1_35' title="bbox 486 1947 3789 2023">
     <span class='ocr_line' id='line_1_35' title="bbox 486 1947 3789 2023; baseline 0.002 -20"><span class='ocrx_word' id='word_1_258' title='bbox 486 1947 704 2004; x_wconf 79' lang='lat' dir='ltr'><strong>flamma</strong></span> <span class='ocrx_word' id='word_1_259' title='bbox 745 1950 928 2004; x_wconf 87' lang='lat' dir='ltr'><strong>minus</strong></span> <span class='ocrx_word' id='word_1_260' title='bbox 958 1950 1256 2005; x_wconf 80' lang='lat' dir='ltr'><strong>relucebat.</strong></span> <span class='ocrx_word' id='word_1_261' title='bbox 1299 1951 1379 2005; x_wconf 80' lang='lat' dir='ltr'><strong>Eo</strong></span> <span class='ocrx_word' id='word_1_262' title='bbox 1405 1952 1491 2005; x_wconf 89' lang='lat' dir='ltr'><strong>vir</strong></span> <span class='ocrx_word' id='word_1_263' title='bbox 1517 1951 1614 2006; x_wconf 88' lang='lat' dir='ltr'><strong>Dei</strong></span> <span class='ocrx_word' id='word_1_264' title='bbox 1656 1952 1946 2007; x_wconf 86' lang='lat' dir='ltr'><strong>instantius</strong></span> <span class='ocrx_word' id='word_1_265' title='bbox 1980 1953 2086 2008; x_wconf 88' lang='lat' dir='ltr'><strong>illis</strong></span> <span class='ocrx_word' id='word_1_266' title='bbox 2187 1954 2352 2007; x_wconf 85' lang='lat' dir='ltr'><strong>etiam</strong></span> <span class='ocrx_word' id='word_1_267' title='bbox 2396 1968 2426 2006; x_wconf 93' lang='lat' dir='ltr'><strong>a</strong></span> <span class='ocrx_word' id='word_1_268' title='bbox 2471 1951 2640 2017; x_wconf 86' lang='lat' dir='ltr'><strong>fonte,</strong></span> <span class='ocrx_word' id='word_1_269' title='bbox 2667 1953 2761 2023; x_wconf 86' lang='lat' dir='ltr'><strong>qui</strong></span> <span class='ocrx_word' id='word_1_270' title='bbox 2812 1953 2887 2008; x_wconf 90' lang='lat' dir='ltr'><strong>ibi</strong></span> <span class='ocrx_word' id='word_1_271' title='bbox 2934 1952 3246 2016; x_wconf 84' lang='lat' dir='ltr'><strong>ebulliebat,</strong></span> <span class='ocrx_word' id='word_1_272' title='bbox 3298 1966 3494 2020; x_wconf 86' lang='lat' dir='ltr'><strong>aquam</strong></span> <span class='ocrx_word' id='word_1_273' title='bbox 3543 1948 3789 2008; x_wconf 84' lang='lat' dir='ltr'><strong>haurire.</strong></span> 
     </span>
    </p>
   </div>
   <div class='ocr_carea' id='block_1_36' title="bbox 485 2041 3791 2117">
    <p class='ocr_par' dir='ltr' id='par_1_36' title="bbox 485 2041 3791 2117">
     <span class='ocr_line' id='line_1_36' title="bbox 485 2041 3791 2117; baseline -0 -21"><span class='ocrx_word' id='word_1_274' title='bbox 485 2042 543 2098; x_wconf 91' lang='lat' dir='ltr'><strong>in</strong></span> <span class='ocrx_word' id='word_1_275' title='bbox 590 2041 906 2113; x_wconf 80' lang='lat' dir='ltr'><strong>regionibus</strong></span> <span class='ocrx_word' id='word_1_276' title='bbox 948 2043 1159 2098; x_wconf 87' lang='lat' dir='ltr'><strong>semina</strong></span> <span class='ocrx_word' id='word_1_277' title='bbox 1208 2044 1333 2098; x_wconf 71' lang='lat' dir='ltr'><strong>vita:</strong></span> <span class='ocrx_word' id='word_1_278' title='bbox 1352 2053 1649 2114; x_wconf 82' lang='lat' dir='ltr'><strong>sparserat,</strong></span> <span class='ocrx_word' id='word_1_279' title='bbox 1679 2061 1789 2116; x_wconf 88' lang='lat' dir='ltr'><strong>quo</strong></span> <span class='ocrx_word' id='word_1_280' title='bbox 1826 2046 1948 2116; x_wconf 88' lang='lat' dir='ltr'><strong>plus</strong></span> <span class='ocrx_word' id='word_1_281' title='bbox 1996 2061 2089 2101; x_wconf 84' lang='lat' dir='ltr'><strong>ne-</strong></span> <span class='ocrx_word' id='word_1_282' title='bbox 2189 2047 2291 2101; x_wconf 86' lang='lat' dir='ltr'><strong>nisi</strong></span> <span class='ocrx_word' id='word_1_283' title='bbox 2334 2056 2550 2110; x_wconf 90' lang='lat' dir='ltr'><strong>tacens,</strong></span> <span class='ocrx_word' id='word_1_284' title='bbox 2588 2056 2966 2117; x_wconf 52' lang='lat' dir='ltr'><strong>praesumeret.</strong></span> <span class='ocrx_word' id='word_1_285' title='bbox 3015 2045 3135 2113; x_wconf 90' lang='lat' dir='ltr'><strong>Quo</strong></span> <span class='ocrx_word' id='word_1_286' title='bbox 3172 2060 3296 2099; x_wconf 91' lang='lat' dir='ltr'><strong>cum</strong></span> <span class='ocrx_word' id='word_1_287' title='bbox 3338 2044 3421 2099; x_wconf 91' lang='lat' dir='ltr'><strong>vir</strong></span> <span class='ocrx_word' id='word_1_288' title='bbox 3449 2042 3544 2098; x_wconf 88' lang='lat' dir='ltr'><strong>Dei</strong></span> <span class='ocrx_word' id='word_1_289' title='bbox 3578 2050 3791 2111; x_wconf 84' lang='lat' dir='ltr'><strong>tempe-</strong></span> 
     </span>
    </p>
   </div>
   <div class='ocr_carea' id='block_1_37' title="bbox 484 2134 2083 2206">
    <p class='ocr_par' dir='ltr' id='par_1_37' title="bbox 484 2134 2083 2206">
     <span class='ocr_line' id='line_1_37' title="bbox 484 2134 2083 2206; baseline 0.003 -18"><span class='ocrx_word' id='word_1_290' title='bbox 484 2134 811 2199; x_wconf 84' lang='lat' dir='ltr'><strong>cessurium,</strong></span> <span class='ocrx_word' id='word_1_291' title='bbox 853 2134 1135 2205; x_wconf 82' lang='lat' dir='ltr'><strong>antiquam</strong></span> <span class='ocrx_word' id='word_1_292' title='bbox 1182 2136 1504 2203; x_wconf 77' lang='lat' dir='ltr'><strong>ignorantiae</strong></span> <span class='ocrx_word' id='word_1_293' title='bbox 1549 2134 1750 2191; x_wconf 89' lang='lat' dir='ltr'><strong>famem</strong></span> <span class='ocrx_word' id='word_1_294' title='bbox 1793 2137 2083 2206; x_wconf 82' lang='lat' dir='ltr'><strong>depellere,</strong></span> 
     </span>
    </p>
   </div>
   <div class='ocr_carea' id='block_1_38' title="bbox 485 2225 2088 2298">
    <p class='ocr_par' dir='ltr' id='par_1_38' title="bbox 485 2225 2088 2298">
     <span class='ocr_line' id='line_1_38' title="bbox 485 2225 2088 2298; baseline 0.002 -19"><span class='ocrx_word' id='word_1_295' title='bbox 485 2233 858 2296; x_wconf 72' lang='lat' dir='ltr'><strong>perspexerat.</strong></span> <span class='ocrx_word' id='word_1_296' title='bbox 900 2225 1149 2294; x_wconf 78' lang='lat' dir='ltr'><strong>Qualem,</strong></span> <span class='ocrx_word' id='word_1_297' title='bbox 1191 2227 1372 2282; x_wconf 82' lang='lat' dir='ltr'><strong>divina</strong></span> <span class='ocrx_word' id='word_1_298' title='bbox 1413 2227 1588 2298; x_wconf 87' lang='lat' dir='ltr'><strong>gratia</strong></span> <span class='ocrx_word' id='word_1_299' title='bbox 1631 2227 1942 2297; x_wconf 83' lang='lat' dir='ltr'><strong>adjuvante,</strong></span> <span class='ocrx_word' id='word_1_300' title='bbox 1982 2230 2088 2283; x_wconf 88' lang='lat' dir='ltr'><strong>illis</strong></span> 
     </span>
    </p>
   </div>
   <div class='ocr_carea' id='block_1_39' title="bbox 487 2316 2089 2388">
    <p class='ocr_par' dir='ltr' id='par_1_39' title="bbox 487 2316 2089 2388">
     <span class='ocr_line' id='line_1_39' title="bbox 487 2316 2089 2388; baseline 0.002 -18"><span class='ocrx_word' id='word_1_301' title='bbox 487 2317 683 2372; x_wconf 83' lang='lat' dir='ltr'><strong>incolis</strong></span> <span class='ocrx_word' id='word_1_302' title='bbox 726 2316 960 2373; x_wconf 85' lang='lat' dir='ltr'><strong>fructum</strong></span> <span class='ocrx_word' id='word_1_303' title='bbox 1013 2316 1254 2381; x_wconf 82' lang='lat' dir='ltr'><strong>fecisset,</strong></span> <span class='ocrx_word' id='word_1_304' title='bbox 1303 2326 1476 2372; x_wconf 84' lang='lat' dir='ltr'><strong>testes</strong></span> <span class='ocrx_word' id='word_1_305' title='bbox 1523 2325 1651 2372; x_wconf 89' lang='lat' dir='ltr'><strong>sunt</strong></span> <span class='ocrx_word' id='word_1_306' title='bbox 1699 2332 1873 2388; x_wconf 85' lang='lat' dir='ltr'><strong>usque</strong></span> <span class='ocrx_word' id='word_1_307' title='bbox 1927 2319 2089 2374; x_wconf 89' lang='lat' dir='ltr'><strong>hodie</strong></span> 
     </span>
    </p>
   </div>
   <div class='ocr_carea' id='block_1_40' title="bbox 490 2408 2091 2479">
    <p class='ocr_par' dir='ltr' id='par_1_40' title="bbox 490 2408 2091 2479">
     <span class='ocr_line' id='line_1_40' title="bbox 490 2408 2091 2479; baseline 0.001 -16"><span class='ocrx_word' id='word_1_308' title='bbox 490 2408 671 2479; x_wconf 89' lang='lat' dir='ltr'><strong>populi</strong></span> <span class='ocrx_word' id='word_1_309' title='bbox 716 2424 816 2478; x_wconf 82' lang='lat' dir='ltr'><strong>per</strong></span> <span class='ocrx_word' id='word_1_310' title='bbox 853 2409 1127 2473; x_wconf 84' lang='lat' dir='ltr'><strong>civitates,</strong></span> <span class='ocrx_word' id='word_1_311' title='bbox 1158 2409 1308 2464; x_wconf 85' lang='lat' dir='ltr'><strong>vicos</strong></span> <span class='ocrx_word' id='word_1_312' title='bbox 1336 2416 1394 2465; x_wconf 87' lang='lat' dir='ltr'><strong>et</strong></span> <span class='ocrx_word' id='word_1_313' title='bbox 1423 2410 1670 2475; x_wconf 88' lang='lat' dir='ltr'><strong>castella,</strong></span> <span class='ocrx_word' id='word_1_314' title='bbox 1707 2424 1847 2479; x_wconf 91' lang='lat' dir='ltr'><strong>quos</strong></span> <span class='ocrx_word' id='word_1_315' title='bbox 1889 2410 1957 2463; x_wconf 87' lang='lat' dir='ltr'><strong>ad</strong></span> <span class='ocrx_word' id='word_1_316' title='bbox 1997 2425 2091 2464; x_wconf 89' lang='lat' dir='ltr'><strong>vc-</strong></span> 
     </span>
    </p>
   </div>
   <div class='ocr_carea' id='block_1_41' title="bbox 488 2486 2089 2573">
    <p class='ocr_par' dir='ltr' id='par_1_41' title="bbox 488 2486 2089 2573">
     <span class='ocr_line' id='line_1_41' title="bbox 488 2486 2089 2573; baseline 0.003 -20"><span class='ocrx_word' id='word_1_317' title='bbox 488 2501 668 2555; x_wconf 87' lang='lat' dir='ltr'><strong>ritatis</strong></span> <span class='ocrx_word' id='word_1_318' title='bbox 715 2486 1072 2571; x_wconf 76' lang='lat' dir='ltr'><strong>agnitionem,</strong></span> <span class='ocrx_word' id='word_1_319' title='bbox 1124 2510 1180 2556; x_wconf 89' lang='lat' dir='ltr'><strong>et</strong></span> <span class='ocrx_word' id='word_1_320' title='bbox 1228 2502 1297 2557; x_wconf 85' lang='lat' dir='ltr'><strong>ad</strong></span> <span class='ocrx_word' id='word_1_321' title='bbox 1345 2503 1507 2558; x_wconf 83' lang='lat' dir='ltr'><strong>unius</strong></span> <span class='ocrx_word' id='word_1_322' title='bbox 1552 2504 1946 2573; x_wconf 89' lang='lat' dir='ltr'><strong>omnipotentis</strong></span> <span class='ocrx_word' id='word_1_323' title='bbox 1992 2502 2089 2559; x_wconf 89' lang='lat' dir='ltr'><strong>Dei</strong></span> 
     </span>
    </p>
   </div>
   <div class='ocr_carea' id='block_1_42' title="bbox 486 2592 2089 2666">
    <p class='ocr_par' dir='ltr' id='par_1_42' title="bbox 486 2592 2089 2666">
     <span class='ocr_line' id='line_1_42' title="bbox 486 2592 2089 2666; baseline 0.001 -18"><span class='ocrx_word' id='word_1_324' title='bbox 486 2592 693 2648; x_wconf 88' lang='lat' dir='ltr'><strong>cultum</strong></span> <span class='ocrx_word' id='word_1_325' title='bbox 730 2593 817 2663; x_wconf 87' lang='lat' dir='ltr'><strong>pia</strong></span> <span class='ocrx_word' id='word_1_326' title='bbox 848 2593 1223 2649; x_wconf 85' lang='lat' dir='ltr'><strong>admonitione</strong></span> <span class='ocrx_word' id='word_1_327' title='bbox 1252 2594 1605 2665; x_wconf 70' lang='lat' dir='ltr'><strong>perduxerat.</strong></span> <span class='ocrx_word' id='word_1_328' title='bbox 1651 2594 1844 2650; x_wconf 88' lang='lat' dir='ltr'><strong>Testes</strong></span> <span class='ocrx_word' id='word_1_329' title='bbox 1869 2610 2089 2666; x_wconf 82' lang='lat' dir='ltr'><strong>quoque</strong></span> 
     </span>
    </p>
   </div>
   <div class='ocr_carea' id='block_1_43' title="bbox 490 2681 2090 2756">
    <p class='ocr_par' dir='ltr' id='par_1_43' title="bbox 490 2681 2090 2756">
     <span class='ocr_line' id='line_1_43' title="bbox 490 2681 2090 2756; baseline 0.003 -21"><span class='ocrx_word' id='word_1_330' title='bbox 490 2681 766 2749; x_wconf 61' lang='lat' dir='ltr'><strong>Eazlesite,</strong></span> <span class='ocrx_word' id='word_1_331' title='bbox 799 2698 938 2751; x_wconf 88' lang='lat' dir='ltr'><strong>quas</strong></span> <span class='ocrx_word' id='word_1_332' title='bbox 963 2698 1062 2754; x_wconf 86' lang='lat' dir='ltr'><strong>per</strong></span> <span class='ocrx_word' id='word_1_333' title='bbox 1087 2682 1205 2738; x_wconf 91' lang='lat' dir='ltr'><strong>loca</strong></span> <span class='ocrx_word' id='word_1_334' title='bbox 1231 2684 1441 2756; x_wconf 90' lang='lat' dir='ltr'><strong>singula</strong></span> <span class='ocrx_word' id='word_1_335' title='bbox 1465 2691 1881 2749; x_wconf 77' lang='lat' dir='ltr'><strong>construxerat;</strong></span> <span class='ocrx_word' id='word_1_336' title='bbox 1919 2693 2090 2740; x_wconf 84' lang='lat' dir='ltr'><strong>testes</strong></span> 
     </span>
    </p>
   </div>
   <div class='ocr_carea' id='block_1_44' title="bbox 489 2771 2091 2847">
    <p class='ocr_par' dir='ltr' id='par_1_44' title="bbox 489 2771 2091 2847">
     <span class='ocr_line' id='line_1_44' title="bbox 489 2771 2091 2847; baseline 0.003 -21"><span class='ocrx_word' id='word_1_337' title='bbox 489 2780 548 2826; x_wconf 91' lang='lat' dir='ltr'><strong>ct</strong></span> <span class='ocrx_word' id='word_1_338' title='bbox 570 2771 682 2827; x_wconf 92' lang='lat' dir='ltr'><strong>Deo</strong></span> <span class='ocrx_word' id='word_1_339' title='bbox 721 2772 1103 2828; x_wconf 78' lang='lat' dir='ltr'><strong>famulantium</strong></span> <span class='ocrx_word' id='word_1_340' title='bbox 1135 2776 1625 2846; x_wconf 79' lang='lat' dir='ltr'><strong>congregationes,</strong></span> <span class='ocrx_word' id='word_1_341' title='bbox 1652 2790 1790 2847; x_wconf 88' lang='lat' dir='ltr'><strong>quas</strong></span> <span class='ocrx_word' id='word_1_342' title='bbox 1818 2776 2091 2847; x_wconf 86' lang='lat' dir='ltr'><strong>aliquibus</strong></span> 
     </span>
    </p>
   </div>
   <div class='ocr_carea' id='block_1_45' title="bbox 490 2865 1622 2939">
    <p class='ocr_par' dir='ltr' id='par_1_45' title="bbox 490 2865 1622 2939">
     <span class='ocr_line' id='line_1_45' title="bbox 490 2865 1622 2939; baseline 0.002 -20"><span class='ocrx_word' id='word_1_343' title='bbox 490 2865 751 2919; x_wconf 85' lang='lat' dir='ltr'><strong>adunavit</strong></span> <span class='ocrx_word' id='word_1_344' title='bbox 770 2865 969 2938; x_wconf 58' lang='lat' dir='ltr'><strong>(Mdu,</strong></span> <span class='ocrx_word' id='word_1_345' title='bbox 990 2865 1363 2939; x_wconf 78' lang='lat' dir='ltr'><strong>congregavit]</strong></span> <span class='ocrx_word' id='word_1_346' title='bbox 1386 2868 1444 2921; x_wconf 82' lang='lat' dir='ltr'><strong>in</strong></span> <span class='ocrx_word' id='word_1_347' title='bbox 1466 2866 1622 2924; x_wconf 81' lang='lat' dir='ltr'><strong>locis.</strong></span> 
     </span>
    </p>
   </div>
   <div class='ocr_carea' id='block_1_46' title="bbox 569 2954 2091 3029">
    <p class='ocr_par' dir='ltr' id='par_1_46' title="bbox 569 2954 2091 3029">
     <span class='ocr_line' id='line_1_46' title="bbox 569 2954 2091 3029; baseline 0.003 -19"><span class='ocrx_word' id='word_1_348' title='bbox 569 2956 729 3027; x_wconf 71' lang='lat'><strong>[87</strong></span> <span class='ocrx_word' id='word_1_349' title='bbox 764 2954 897 3011; x_wconf 66' lang='lat' dir='ltr'><strong>Car.</strong></span> <span class='ocrx_word' id='word_1_350' title='bbox 937 2956 1029 3011; x_wconf 78' lang='lat' dir='ltr'><strong>IX.</strong></span> <span class='ocrx_word' id='word_1_351' title='bbox 1059 2957 1329 3012; x_wconf 68' lang='lat' dir='ltr'><strong>Christum</strong></span> <span class='ocrx_word' id='word_1_352' title='bbox 1354 2958 1611 3029; x_wconf 65' lang='lat' dir='ltr'><strong>pradicat</strong></span> <span class='ocrx_word' id='word_1_353' title='bbox 1639 2959 1698 3013; x_wconf 81' lang='lat' dir='ltr'><strong>in</strong></span> <span class='ocrx_word' id='word_1_354' title='bbox 1723 2957 1928 3013; x_wconf 73' lang='lat' dir='ltr'><strong>Frisia.</strong></span> <span class='ocrx_word' id='word_1_355' title='bbox 1951 2958 2091 3015; x_wconf 72' lang='lat' dir='ltr'><strong>Ital</strong></span> 
     </span>
    </p>
   </div>
   <div class='ocr_carea' id='block_1_47' title="bbox 490 3047 2093 3120">
    <p class='ocr_par' dir='ltr' id='par_1_47' title="bbox 490 3047 2093 3120">
     <span class='ocr_line' id='line_1_47' title="bbox 490 3047 2093 3120; baseline 0.004 -20"><span class='ocrx_word' id='word_1_356' title='bbox 490 3048 546 3100; x_wconf 86' lang='lat' dir='ltr'><strong>in</strong></span> <span class='ocrx_word' id='word_1_357' title='bbox 570 3047 778 3114; x_wconf 87' lang='lat' dir='ltr'><strong>Dania;</strong></span> <span class='ocrx_word' id='word_1_358' title='bbox 821 3048 944 3104; x_wconf 81' lang='lat' dir='ltr'><strong>inde</strong></span> <span class='ocrx_word' id='word_1_359' title='bbox 978 3050 1199 3119; x_wconf 80' lang='lat' dir='ltr'><strong>triginta</strong></span> <span class='ocrx_word' id='word_1_360' title='bbox 1226 3066 1419 3120; x_wconf 74' lang='lat' dir='ltr'><strong>pueros</strong></span> <span class='ocrx_word' id='word_1_361' title='bbox 1447 3050 1507 3104; x_wconf 83' lang='lat' dir='ltr'><strong>in</strong></span> <span class='ocrx_word' id='word_1_362' title='bbox 1530 3048 1821 3105; x_wconf 74' lang='lat' dir='ltr'><strong>Frmwiam</strong></span> <span class='ocrx_word' id='word_1_363' title='bbox 1851 3050 2093 3106; x_wconf 73' lang='lat' dir='ltr'><strong>ducit.—</strong></span> 
     </span>
    </p>
   </div>
   <div class='ocr_carea' id='block_1_48' title="bbox 2188 2136 3800 2211">
    <p class='ocr_par' dir='ltr' id='par_1_48' title="bbox 2188 2136 3800 2211">
     <span class='ocr_line' id='line_1_48' title="bbox 2188 2136 3800 2211; baseline -0.004 -15"><span class='ocrx_word' id='word_1_364' title='bbox 2188 2151 2331 2197; x_wconf 89' lang='lat' dir='ltr'><strong>state</strong></span> <span class='ocrx_word' id='word_1_365' title='bbox 2362 2141 2601 2211; x_wconf 90' lang='lat' dir='ltr'><strong>jactatus</strong></span> <span class='ocrx_word' id='word_1_366' title='bbox 2623 2148 2731 2206; x_wconf 88' lang='lat' dir='ltr'><strong>est,</strong></span> <span class='ocrx_word' id='word_1_367' title='bbox 2758 2139 2962 2194; x_wconf 87' lang='lat' dir='ltr'><strong>mansit</strong></span> <span class='ocrx_word' id='word_1_368' title='bbox 3010 2138 3210 2194; x_wconf 88' lang='lat' dir='ltr'><strong>ibidem</strong></span> <span class='ocrx_word' id='word_1_369' title='bbox 3242 2137 3448 2207; x_wconf 81' lang='lat' dir='ltr'><strong>aliquot</strong></span> <span class='ocrx_word' id='word_1_370' title='bbox 3476 2136 3613 2203; x_wconf 89' lang='lat' dir='ltr'><strong>dies,</strong></span> <span class='ocrx_word' id='word_1_371' title='bbox 3651 2148 3800 2203; x_wconf 48' lang='lat' dir='ltr'><strong>quo-</strong></span> 
     </span>
    </p>
   </div>
   <div class='ocr_carea' id='block_1_49' title="bbox 2186 2228 3788 2306">
    <p class='ocr_par' dir='ltr' id='par_1_49' title="bbox 2186 2228 3788 2306">
     <span class='ocr_line' id='line_1_49' title="bbox 2186 2228 3788 2306; baseline -0.004 -16"><span class='ocrx_word' id='word_1_372' title='bbox 2186 2250 2362 2306; x_wconf 88' lang='lat' dir='ltr'><strong>usque</strong></span> <span class='ocrx_word' id='word_1_373' title='bbox 2417 2234 2672 2304; x_wconf 89' lang='lat' dir='ltr'><strong>sepositis</strong></span> <span class='ocrx_word' id='word_1_374' title='bbox 2734 2232 3153 2303; x_wconf 79' lang='lat' dir='ltr'><strong>tempestatibus</strong></span> <span class='ocrx_word' id='word_1_375' title='bbox 3209 2238 3573 2301; x_wconf 88' lang='lat' dir='ltr'><strong>opportunum</strong></span> <span class='ocrx_word' id='word_1_376' title='bbox 3630 2228 3788 2283; x_wconf 85' lang='lat' dir='ltr'><strong>navi-</strong></span> 
     </span>
    </p>
   </div>
   <div class='ocr_carea' id='block_1_50' title="bbox 2189 2320 3784 2396">
    <p class='ocr_par' dir='ltr' id='par_1_50' title="bbox 2189 2320 3784 2396">
     <span class='ocr_line' id='line_1_50' title="bbox 2189 2320 3784 2396; baseline -0.003 -17"><span class='ocrx_word' id='word_1_377' title='bbox 2189 2327 2349 2396; x_wconf 84' lang='lat' dir='ltr'><strong>gandi</strong></span> <span class='ocrx_word' id='word_1_378' title='bbox 2386 2336 2597 2396; x_wconf 78' lang='lat' dir='ltr'><strong>tempus</strong></span> <span class='ocrx_word' id='word_1_379' title='bbox 2632 2325 2933 2380; x_wconf 88' lang='lat' dir='ltr'><strong>adveniret.</strong></span> <span class='ocrx_word' id='word_1_380' title='bbox 2982 2323 3091 2380; x_wconf 86' lang='lat' dir='ltr'><strong>Sed</strong></span> <span class='ocrx_word' id='word_1_381' title='bbox 3128 2322 3527 2395; x_wconf 84' lang='lat' dir='ltr'><strong>parvipcndens</strong></span> <span class='ocrx_word' id='word_1_382' title='bbox 3560 2320 3784 2375; x_wconf 88' lang='lat' dir='ltr'><strong>stultam</strong></span> 
     </span>
    </p>
   </div>
   <div class='ocr_carea' id='block_1_51' title="bbox 2189 2409 3791 2484">
    <p class='ocr_par' dir='ltr' id='par_1_51' title="bbox 2189 2409 3791 2484">
     <span class='ocr_line' id='line_1_51' title="bbox 2189 2409 3791 2484; baseline -0.005 -13"><span class='ocrx_word' id='word_1_383' title='bbox 2189 2416 2293 2471; x_wconf 90' lang='lat' dir='ltr'><strong>loci</strong></span> <span class='ocrx_word' id='word_1_384' title='bbox 2344 2417 2486 2474; x_wconf 89' lang='lat' dir='ltr'><strong>illius</strong></span> <span class='ocrx_word' id='word_1_385' title='bbox 2542 2416 2882 2484; x_wconf 85' lang='lat' dir='ltr'><strong>religionem,</strong></span> <span class='ocrx_word' id='word_1_386' title='bbox 2915 2414 3001 2470; x_wconf 88' lang='lat' dir='ltr'><strong>vel</strong></span> <span class='ocrx_word' id='word_1_387' title='bbox 3043 2413 3442 2470; x_wconf 84' lang='lat' dir='ltr'><strong>ferocissimum</strong></span> <span class='ocrx_word' id='word_1_388' title='bbox 3491 2410 3631 2481; x_wconf 87' lang='lat' dir='ltr'><strong>regis</strong></span> <span class='ocrx_word' id='word_1_389' title='bbox 3666 2409 3791 2464; x_wconf 87' lang='lat' dir='ltr'><strong>ani--</strong></span> 
     </span>
    </p>
   </div>
   <div class='ocr_carea' id='block_1_52' title="bbox 2190 2502 3787 2578">
    <p class='ocr_par' dir='ltr' id='par_1_52' title="bbox 2190 2502 3787 2578">
     <span class='ocr_line' id='line_1_52' title="bbox 2190 2502 3787 2578; baseline -0.004 -16"><span class='ocrx_word' id='word_1_390' title='bbox 2190 2524 2376 2575; x_wconf 89' lang='lat' dir='ltr'><strong>mum,</strong></span> <span class='ocrx_word' id='word_1_391' title='bbox 2437 2507 2530 2578; x_wconf 90' lang='lat' dir='ltr'><strong>qui</strong></span> <span class='ocrx_word' id='word_1_392' title='bbox 2572 2508 2865 2563; x_wconf 87' lang='lat' dir='ltr'><strong>violatores</strong></span> <span class='ocrx_word' id='word_1_393' title='bbox 2917 2524 3200 2563; x_wconf 90' lang='lat' dir='ltr'><strong>sacrorum</strong></span> <span class='ocrx_word' id='word_1_394' title='bbox 3252 2506 3395 2561; x_wconf 91' lang='lat' dir='ltr'><strong>illius</strong></span> <span class='ocrx_word' id='word_1_395' title='bbox 3442 2502 3787 2557; x_wconf 82' lang='lat' dir='ltr'><strong>atrocissima</strong></span> 
     </span>
    </p>
   </div>
   <div class='ocr_carea' id='block_1_53' title="bbox 2192 2593 3791 2665">
    <p class='ocr_par' dir='ltr' id='par_1_53' title="bbox 2192 2593 3791 2665">
     <span class='ocr_line' id='line_1_53' title="bbox 2192 2593 3791 2665; baseline -0.004 -11"><span class='ocrx_word' id='word_1_396' title='bbox 2192 2609 2366 2655; x_wconf 90' lang='lat' dir='ltr'><strong>morte</strong></span> <span class='ocrx_word' id='word_1_397' title='bbox 2408 2599 2670 2655; x_wconf 89' lang='lat' dir='ltr'><strong>damnare</strong></span> <span class='ocrx_word' id='word_1_398' title='bbox 2713 2599 2943 2665; x_wconf 87' lang='lat' dir='ltr'><strong>solebat,</strong></span> <span class='ocrx_word' id='word_1_399' title='bbox 2982 2609 3098 2654; x_wconf 90' lang='lat' dir='ltr'><strong>tres</strong></span> <span class='ocrx_word' id='word_1_400' title='bbox 3143 2598 3393 2652; x_wconf 88' lang='lat' dir='ltr'><strong>homines</strong></span> <span class='ocrx_word' id='word_1_401' title='bbox 3436 2596 3491 2650; x_wconf 91' lang='lat' dir='ltr'><strong>in</strong></span> <span class='ocrx_word' id='word_1_402' title='bbox 3537 2610 3603 2649; x_wconf 88' lang='lat' dir='ltr'><strong>eo</strong></span> <span class='ocrx_word' id='word_1_403' title='bbox 3640 2593 3791 2649; x_wconf 85' lang='lat' dir='ltr'><strong>fonte</strong></span> 
     </span>
    </p>
   </div>
   <div class='ocr_carea' id='block_1_54' title="bbox 2190 2688 3789 2759">
    <p class='ocr_par' dir='ltr' id='par_1_54' title="bbox 2190 2688 3789 2759">
     <span class='ocr_line' id='line_1_54' title="bbox 2190 2688 3789 2759; baseline -0.004 -11"><span class='ocrx_word' id='word_1_404' title='bbox 2190 2708 2315 2748; x_wconf 86' lang='lat' dir='ltr'><strong>eum</strong></span> <span class='ocrx_word' id='word_1_405' title='bbox 2363 2693 2710 2747; x_wconf 88' lang='lat' dir='ltr'><strong>invocatione</strong></span> <span class='ocrx_word' id='word_1_406' title='bbox 2748 2700 2952 2749; x_wconf 79' lang='lat' dir='ltr'><strong>sancL&#39;e</strong></span> <span class='ocrx_word' id='word_1_407' title='bbox 2987 2692 3270 2746; x_wconf 84' lang='lat' dir='ltr'><strong>Trinitatis</strong></span> <span class='ocrx_word' id='word_1_408' title='bbox 3318 2688 3651 2759; x_wconf 83' lang='lat' dir='ltr'><strong>baptizavit.</strong></span> <span class='ocrx_word' id='word_1_409' title='bbox 3689 2688 3789 2743; x_wconf 86' lang='lat' dir='ltr'><strong>sed</strong></span> 
     </span>
    </p>
   </div>
   <div class='ocr_carea' id='block_1_55' title="bbox 2189 2780 3794 2855">
    <p class='ocr_par' dir='ltr' id='par_1_55' title="bbox 2189 2780 3794 2855">
     <span class='ocr_line' id='line_1_55' title="bbox 2189 2780 3794 2855; baseline -0.004 -15"><span class='ocrx_word' id='word_1_410' title='bbox 2189 2793 2247 2841; x_wconf 84' lang='lat' dir='ltr'><strong>et</strong></span> <span class='ocrx_word' id='word_1_411' title='bbox 2287 2784 2544 2840; x_wconf 88' lang='lat' dir='ltr'><strong>animalia</strong></span> <span class='ocrx_word' id='word_1_412' title='bbox 2588 2786 2642 2839; x_wconf 93' lang='lat' dir='ltr'><strong>in</strong></span> <span class='ocrx_word' id='word_1_413' title='bbox 2684 2800 2749 2839; x_wconf 86' lang='lat' dir='ltr'><strong>ea</strong></span> <span class='ocrx_word' id='word_1_414' title='bbox 2791 2795 2937 2839; x_wconf 88' lang='lat' dir='ltr'><strong>terra</strong></span> <span class='ocrx_word' id='word_1_415' title='bbox 2981 2785 3282 2855; x_wconf 86' lang='lat' dir='ltr'><strong>pascentia,</strong></span> <span class='ocrx_word' id='word_1_416' title='bbox 3336 2783 3389 2836; x_wconf 89' lang='lat' dir='ltr'><strong>in</strong></span> <span class='ocrx_word' id='word_1_417' title='bbox 3431 2782 3633 2836; x_wconf 84' lang='lat' dir='ltr'><strong>ei-haria</strong></span> <span class='ocrx_word' id='word_1_418' title='bbox 3673 2780 3794 2835; x_wconf 77' lang='lat' dir='ltr'><strong>suis</strong></span> 
     </span>
    </p>
   </div>
   <div class='ocr_carea' id='block_1_56' title="bbox 2191 2872 3793 2948">
    <p class='ocr_par' dir='ltr' id='par_1_56' title="bbox 2191 2872 3793 2948">
     <span class='ocr_line' id='line_1_56' title="bbox 2191 2872 3793 2948; baseline -0.005 -15"><span class='ocrx_word' id='word_1_419' title='bbox 2191 2886 2434 2933; x_wconf 88' lang='lat' dir='ltr'><strong>mactare</strong></span> <span class='ocrx_word' id='word_1_420' title='bbox 2461 2878 2738 2948; x_wconf 65' lang='lat' dir='ltr'><strong>prmeepit.</strong></span> <span class='ocrx_word' id='word_1_421' title='bbox 2773 2876 2926 2944; x_wconf 83' lang='lat' dir='ltr'><strong>Quod</strong></span> <span class='ocrx_word' id='word_1_422' title='bbox 2970 2876 3166 2948; x_wconf 82' lang='lat' dir='ltr'><strong>pagani</strong></span> <span class='ocrx_word' id='word_1_423' title='bbox 3212 2876 3509 2939; x_wconf 81' lang='lat' dir='ltr'><strong>intuentes,</strong></span> <span class='ocrx_word' id='word_1_424' title='bbox 3556 2872 3793 2926; x_wconf 60' lang='lat' dir='ltr'><strong>arbitra-</strong></span> 
     </span>
    </p>
   </div>
   <div class='ocr_carea' id='block_1_57' title="bbox 2191 2961 3787 3030">
    <p class='ocr_par' dir='ltr' id='par_1_57' title="bbox 2191 2961 3787 3030">
     <span class='ocr_line' id='line_1_57' title="bbox 2191 2961 3787 3030; baseline -0.004 -6"><span class='ocrx_word' id='word_1_425' title='bbox 2191 2971 2393 3024; x_wconf 89' lang='lat' dir='ltr'><strong>bantur</strong></span> <span class='ocrx_word' id='word_1_426' title='bbox 2432 2984 2529 3025; x_wconf 86' lang='lat' dir='ltr'><strong>eos</strong></span> <span class='ocrx_word' id='word_1_427' title='bbox 2569 2969 2656 3024; x_wconf 89' lang='lat' dir='ltr'><strong>vel</strong></span> <span class='ocrx_word' id='word_1_428' title='bbox 2702 2969 2756 3023; x_wconf 93' lang='lat' dir='ltr'><strong>in</strong></span> <span class='ocrx_word' id='word_1_429' title='bbox 2800 2968 3037 3022; x_wconf 86' lang='lat' dir='ltr'><strong>furorem</strong></span> <span class='ocrx_word' id='word_1_430' title='bbox 3078 2966 3239 3030; x_wconf 86' lang='lat' dir='ltr'><strong>verti,</strong></span> <span class='ocrx_word' id='word_1_431' title='bbox 3282 2966 3365 3019; x_wconf 85' lang='lat' dir='ltr'><strong>vel</strong></span> <span class='ocrx_word' id='word_1_432' title='bbox 3408 2966 3570 3021; x_wconf 86' lang='lat' dir='ltr'><strong>etiam</strong></span> <span class='ocrx_word' id='word_1_433' title='bbox 3607 2961 3787 3017; x_wconf 87' lang='lat' dir='ltr'><strong>veloci</strong></span> 
     </span>
    </p>
   </div>
   <div class='ocr_carea' id='block_1_58' title="bbox 2196 3055 3776 3134">
    <p class='ocr_par' dir='ltr' id='par_1_58' title="bbox 2196 3055 3776 3134">
     <span class='ocr_line' id='line_1_58' title="bbox 2196 3055 3776 3134; baseline -0.006 -17"><span class='ocrx_word' id='word_1_434' title='bbox 2196 3072 2372 3117; x_wconf 88' lang='lat' dir='ltr'><strong>morte</strong></span> <span class='ocrx_word' id='word_1_435' title='bbox 2416 3062 2615 3134; x_wconf 87' lang='lat' dir='ltr'><strong>perire.</strong></span> <span class='ocrx_word' id='word_1_436' title='bbox 2658 3061 2806 3129; x_wconf 85' lang='lat' dir='ltr'><strong>Quos</strong></span> <span class='ocrx_word' id='word_1_437' title='bbox 2835 3077 2961 3117; x_wconf 88' lang='lat' dir='ltr'><strong>cum</strong></span> <span class='ocrx_word' id='word_1_438' title='bbox 2993 3060 3129 3114; x_wconf 90' lang='lat' dir='ltr'><strong>nihil</strong></span> <span class='ocrx_word' id='word_1_439' title='bbox 3161 3058 3289 3114; x_wconf 83' lang='lat' dir='ltr'><strong>mali</strong></span> <span class='ocrx_word' id='word_1_440' title='bbox 3320 3058 3617 3113; x_wconf 77' lang='lat' dir='ltr'><strong>cernebant</strong></span> <span class='ocrx_word' id='word_1_441' title='bbox 3642 3055 3776 3123; x_wconf 88' lang='lat' dir='ltr'><strong>pati.</strong></span> 
     </span>
    </p>
   </div>
   <div class='ocr_carea' id='block_1_59' title="bbox 493 3129 3791 3223">
    <p class='ocr_par' dir='ltr' id='par_1_59' title="bbox 493 3129 3791 3223">
     <span class='ocr_line' id='line_1_59' title="bbox 493 3129 3791 3223; baseline 0.002 -29"><span class='ocrx_word' id='word_1_442' title='bbox 493 3138 748 3195; x_wconf 87' lang='lat' dir='ltr'><strong>Tentavit</strong></span> <span class='ocrx_word' id='word_1_443' title='bbox 767 3156 984 3213; x_wconf 87' lang='lat' dir='ltr'><strong>quoque</strong></span> <span class='ocrx_word' id='word_1_444' title='bbox 1009 3141 1152 3197; x_wconf 89' lang='lat' dir='ltr'><strong>idem</strong></span> <span class='ocrx_word' id='word_1_445' title='bbox 1176 3143 1259 3198; x_wconf 89' lang='lat' dir='ltr'><strong>vir</strong></span> <span class='ocrx_word' id='word_1_446' title='bbox 1278 3142 1375 3196; x_wconf 88' lang='lat' dir='ltr'><strong>Dei</strong></span> <span class='ocrx_word' id='word_1_447' title='bbox 1399 3140 1542 3197; x_wconf 87' lang='lat' dir='ltr'><strong>ultra</strong></span> <span class='ocrx_word' id='word_1_448' title='bbox 1569 3140 1906 3198; x_wconf 88' lang='lat' dir='ltr'><strong>Francorum</strong></span> <span class='ocrx_word' id='word_1_449' title='bbox 1939 3146 2090 3215; x_wconf 86' lang='lat' dir='ltr'><strong>regni</strong></span> <span class='ocrx_word' id='word_1_450' title='bbox 2119 3129 2164 3189; x_wconf 83' lang='lat' dir='ltr'>C</span> <span class='ocrx_word' id='word_1_451' title='bbox 2198 3152 2387 3208; x_wconf 70' lang='lat' dir='ltr'><strong>furore</strong></span> <span class='ocrx_word' id='word_1_452' title='bbox 2416 3129 2651 3223; x_wconf 55' lang='lat' dir='ltr'><strong>perciti,</strong></span> <span class='ocrx_word' id='word_1_453' title='bbox 2703 3150 2819 3221; x_wconf 82' lang='lat' dir='ltr'><strong>regi</strong></span> <span class='ocrx_word' id='word_1_454' title='bbox 2862 3160 2974 3206; x_wconf 82' lang='lat' dir='ltr'><strong>tum</strong></span> <span class='ocrx_word' id='word_1_455' title='bbox 3024 3147 3218 3222; x_wconf 69' lang='grc' dir='ltr'><strong>[Μαὺη</strong></span> <span class='ocrx_word' id='word_1_456' title='bbox 3251 3145 3458 3217; x_wconf 85' lang='lat' dir='ltr'><strong>tamen]</strong></span> <span class='ocrx_word' id='word_1_457' title='bbox 3506 3142 3791 3209; x_wconf 85' lang='lat' dir='ltr'><strong>Radbodo,</strong></span> 
     </span>
    </p>
   </div>
   <div class='ocr_carea' id='block_1_60' title="bbox 492 3232 2091 3293">
    <p class='ocr_par' dir='ltr' id='par_1_60' title="bbox 492 3232 2091 3293">
     <span class='ocr_line' id='line_1_60' title="bbox 492 3232 2091 3293; baseline 0.003 -5"><span class='ocrx_word' id='word_1_458' title='bbox 492 3232 631 3290; x_wconf 81' lang='lat' dir='ltr'><strong>ﬁnes</strong></span> <span class='ocrx_word' id='word_1_459' title='bbox 655 3234 897 3291; x_wconf 62' lang='lat' dir='ltr'><strong>coalestis</strong></span> <span class='ocrx_word' id='word_1_460' title='bbox 936 3235 1201 3291; x_wconf 76' lang='lat' dir='ltr'><strong>doctrina:</strong></span> <span class='ocrx_word' id='word_1_461' title='bbox 1230 3234 1455 3291; x_wconf 83' lang='lat' dir='ltr'><strong>ﬁumina</strong></span> <span class='ocrx_word' id='word_1_462' title='bbox 1483 3235 1751 3292; x_wconf 85' lang='lat' dir='ltr'><strong>derivare.</strong></span> <span class='ocrx_word' id='word_1_463' title='bbox 1794 3235 1932 3292; x_wconf 71' lang='lat' dir='ltr'><strong>Nam</strong></span> <span class='ocrx_word' id='word_1_464' title='bbox 1960 3246 2091 3293; x_wconf 91' lang='lat' dir='ltr'><strong>tunc</strong></span> 
     </span>
    </p>
   </div>
   <div class='ocr_carea' id='block_1_61' title="bbox 493 3328 2094 3403">
    <p class='ocr_par' dir='ltr' id='par_1_61' title="bbox 493 3328 2094 3403">
     <span class='ocr_line' id='line_1_61' title="bbox 493 3328 2094 3403; baseline 0.006 -23"><span class='ocrx_word' id='word_1_465' title='bbox 493 3328 756 3397; x_wconf 84' lang='lat' dir='ltr'><strong>temporis</strong></span> <span class='ocrx_word' id='word_1_466' title='bbox 816 3343 1001 3399; x_wconf 77' lang='lat' dir='ltr'><strong>regem</strong></span> <span class='ocrx_word' id='word_1_467' title='bbox 1053 3328 1343 3384; x_wconf 84' lang='lat' dir='ltr'><strong>Frisonum</strong></span> <span class='ocrx_word' id='word_1_468' title='bbox 1387 3328 1711 3387; x_wconf 80' lang='lat' dir='ltr'><strong>Radbodum</strong></span> <span class='ocrx_word' id='word_1_469' title='bbox 1757 3347 1882 3387; x_wconf 87' lang='lat' dir='ltr'><strong>cum</strong></span> <span class='ocrx_word' id='word_1_470' title='bbox 1927 3341 2094 3403; x_wconf 80' lang='lat' dir='ltr'><strong>gente</strong></span> 
     </span>
    </p>
   </div>
   <div class='ocr_carea' id='block_1_62' title="bbox 492 3419 2094 3493">
    <p class='ocr_par' dir='ltr' id='par_1_62' title="bbox 492 3419 2094 3493">
     <span class='ocr_line' id='line_1_62' title="bbox 492 3419 2094 3493; baseline 0.007 -25"><span class='ocrx_word' id='word_1_471' title='bbox 492 3430 590 3477; x_wconf 77' lang='lat' dir='ltr'><strong>sua</strong></span> <span class='ocrx_word' id='word_1_472' title='bbox 617 3432 894 3488; x_wconf 82' lang='lat' dir='ltr'><strong>paganum</strong></span> <span class='ocrx_word' id='word_1_473' title='bbox 933 3434 1041 3473; x_wconf 88' lang='lat' dir='ltr'><strong>non</strong></span> <span class='ocrx_word' id='word_1_474' title='bbox 1071 3419 1252 3477; x_wconf 88' lang='lat' dir='ltr'><strong>timuit</strong></span> <span class='ocrx_word' id='word_1_475' title='bbox 1282 3420 1457 3486; x_wconf 88' lang='lat' dir='ltr'><strong>adire,</strong></span> <span class='ocrx_word' id='word_1_476' title='bbox 1480 3428 1536 3475; x_wconf 90' lang='lat' dir='ltr'><strong>et</strong></span> <span class='ocrx_word' id='word_1_477' title='bbox 1555 3436 1882 3492; x_wconf 85' lang='lat' dir='ltr'><strong>quocunque</strong></span> <span class='ocrx_word' id='word_1_478' title='bbox 1906 3437 2094 3493; x_wconf 60' lang='lat' dir='ltr'><strong>parte</strong></span> 
     </span>
    </p>
   </div>
   <div class='ocr_carea' id='block_1_63' title="bbox 495 3510 2089 3584">
    <p class='ocr_par' dir='ltr' id='par_1_63' title="bbox 495 3510 2089 3584">
     <span class='ocr_line' id='line_1_63' title="bbox 495 3510 2089 3584; baseline 0.004 -19"><span class='ocrx_word' id='word_1_479' title='bbox 495 3516 682 3574; x_wconf 70' lang='lat' dir='ltr'><strong>serat,</strong></span> <span class='ocrx_word' id='word_1_480' title='bbox 727 3511 952 3569; x_wconf 79' lang='lat' dir='ltr'><strong>verbum</strong></span> <span class='ocrx_word' id='word_1_481' title='bbox 991 3510 1092 3567; x_wconf 89' lang='lat' dir='ltr'><strong>Dei</strong></span> <span class='ocrx_word' id='word_1_482' title='bbox 1134 3527 1261 3571; x_wconf 81' lang='lat' dir='ltr'><strong>cum</strong></span> <span class='ocrx_word' id='word_1_483' title='bbox 1299 3512 1449 3568; x_wconf 86' lang='lat' dir='ltr'><strong>omni</strong></span> <span class='ocrx_word' id='word_1_484' title='bbox 1496 3512 1695 3567; x_wconf 88' lang='lat' dir='ltr'><strong>ﬁducia</strong></span> <span class='ocrx_word' id='word_1_485' title='bbox 1742 3512 2089 3584; x_wconf 84' lang='lat' dir='ltr'><strong>loquebatur.</strong></span> 
     </span>
    </p>
   </div>
   <div class='ocr_carea' id='block_1_64' title="bbox 496 3599 2094 3672">
    <p class='ocr_par' dir='ltr' id='par_1_64' title="bbox 496 3599 2094 3672">
     <span class='ocr_line' id='line_1_64' title="bbox 496 3599 2094 3672; baseline 0.003 -17"><span class='ocrx_word' id='word_1_486' title='bbox 496 3599 604 3655; x_wconf 87' lang='lat' dir='ltr'><strong>Sed</strong></span> <span class='ocrx_word' id='word_1_487' title='bbox 631 3602 894 3672; x_wconf 71' lang='lat' dir='ltr'><strong>pnefatus</strong></span> <span class='ocrx_word' id='word_1_488' title='bbox 920 3602 1211 3659; x_wconf 84' lang='lat' dir='ltr'><strong>Frisonum</strong></span> <span class='ocrx_word' id='word_1_489' title='bbox 1244 3619 1360 3668; x_wconf 78' lang='lat' dir='ltr'><strong>rex,</strong></span> <span class='ocrx_word' id='word_1_490' title='bbox 1388 3603 1520 3661; x_wconf 89' lang='lat' dir='ltr'><strong>licet</strong></span> <span class='ocrx_word' id='word_1_491' title='bbox 1546 3605 1725 3659; x_wconf 88' lang='lat' dir='ltr'><strong>virum</strong></span> <span class='ocrx_word' id='word_1_492' title='bbox 1754 3604 1850 3660; x_wconf 90' lang='lat' dir='ltr'><strong>Dei</strong></span> <span class='ocrx_word' id='word_1_493' title='bbox 1873 3605 2094 3662; x_wconf 81' lang='lat' dir='ltr'><strong>humili—</strong></span> 
     </span>
    </p>
   </div>
   <div class='ocr_carea' id='block_1_65' title="bbox 495 3697 2094 3770">
    <p class='ocr_par' dir='ltr' id='par_1_65' title="bbox 495 3697 2094 3770">
     <span class='ocr_line' id='line_1_65' title="bbox 495 3697 2094 3770; baseline 0.003 -19"><span class='ocrx_word' id='word_1_494' title='bbox 495 3697 626 3751; x_wconf 87' lang='lat' dir='ltr'><strong>tatis</strong></span> <span class='ocrx_word' id='word_1_495' title='bbox 668 3698 845 3769; x_wconf 88' lang='lat' dir='ltr'><strong>gratia</strong></span> <span class='ocrx_word' id='word_1_496' title='bbox 884 3698 1120 3770; x_wconf 84' lang='lat' dir='ltr'><strong>benigne</strong></span> <span class='ocrx_word' id='word_1_497' title='bbox 1169 3699 1497 3769; x_wconf 87' lang='lat' dir='ltr'><strong>susciperet,</strong></span> <span class='ocrx_word' id='word_1_498' title='bbox 1540 3697 1704 3755; x_wconf 90' lang='lat' dir='ltr'><strong>nullis</strong></span> <span class='ocrx_word' id='word_1_499' title='bbox 1749 3707 1931 3755; x_wconf 88' lang='lat' dir='ltr'><strong>tamen</strong></span> <span class='ocrx_word' id='word_1_500' title='bbox 1968 3700 2094 3756; x_wconf 74' lang='lat' dir='ltr'><strong>vita:</strong></span> 
     </span>
    </p>
   </div>
   <div class='ocr_carea' id='block_1_66' title="bbox 495 3787 2095 3861">
    <p class='ocr_par' dir='ltr' id='par_1_66' title="bbox 495 3787 2095 3861">
     <span class='ocr_line' id='line_1_66' title="bbox 495 3787 2095 3861; baseline 0.005 -20"><span class='ocrx_word' id='word_1_501' title='bbox 495 3787 750 3845; x_wconf 80' lang='lat' dir='ltr'><strong>fomentis</strong></span> <span class='ocrx_word' id='word_1_502' title='bbox 784 3803 1008 3843; x_wconf 80' lang='lat' dir='ltr'><strong>saxeum</strong></span> <span class='ocrx_word' id='word_1_503' title='bbox 1040 3787 1156 3858; x_wconf 87' lang='lat' dir='ltr'><strong>ejus</strong></span> <span class='ocrx_word' id='word_1_504' title='bbox 1191 3804 1286 3844; x_wconf 88' lang='lat' dir='ltr'><strong>cor</strong></span> <span class='ocrx_word' id='word_1_505' title='bbox 1313 3788 1542 3845; x_wconf 88' lang='lat' dir='ltr'><strong>emolliri</strong></span> <span class='ocrx_word' id='word_1_506' title='bbox 1576 3788 1933 3859; x_wconf 86' lang='lat' dir='ltr'><strong>potuit..Cum</strong></span> <span class='ocrx_word' id='word_1_507' title='bbox 1963 3804 2095 3861; x_wconf 80' lang='lat' dir='ltr'><strong>ergo</strong></span> 
     </span>
    </p>
   </div>
   <div class='ocr_carea' id='block_1_67' title="bbox 495 3861 2093 3950">
    <p class='ocr_par' dir='ltr' id='par_1_67' title="bbox 495 3861 2093 3950">
     <span class='ocr_line' id='line_1_67' title="bbox 495 3861 2093 3950; baseline 0 -13"><span class='ocrx_word' id='word_1_508' title='bbox 495 3879 636 3949; x_wconf 80' lang='lat' dir='ltr'><strong>apud</strong></span> <span class='ocrx_word' id='word_1_509' title='bbox 655 3895 780 3935; x_wconf 91' lang='lat' dir='ltr'><strong>eum</strong></span> <span class='ocrx_word' id='word_1_510' title='bbox 810 3880 893 3934; x_wconf 91' lang='lat' dir='ltr'><strong>vir</strong></span> <span class='ocrx_word' id='word_1_511' title='bbox 917 3879 1013 3934; x_wconf 88' lang='lat' dir='ltr'><strong>Dei</strong></span> <span class='ocrx_word' id='word_1_512' title='bbox 1042 3879 1374 3936; x_wconf 88' lang='lat' dir='ltr'><strong>fructiﬁcare</strong></span> <span class='ocrx_word' id='word_1_513' title='bbox 1403 3896 1463 3935; x_wconf 91' lang='lat' dir='ltr'><strong>se</strong></span> <span class='ocrx_word' id='word_1_514' title='bbox 1490 3896 1598 3935; x_wconf 91' lang='lat' dir='ltr'><strong>non</strong></span> <span class='ocrx_word' id='word_1_515' title='bbox 1621 3861 1785 3950; x_wconf 68' lang='lat' dir='ltr'><strong>posse</strong></span> <span class='ocrx_word' id='word_1_516' title='bbox 1816 3881 2044 3937; x_wconf 82' lang='lat' dir='ltr'><strong>sentiret</strong></span> <span class='ocrx_word' id='word_1_517' title='bbox 2066 3894 2093 3922; x_wconf 79' lang='grc' dir='ltr'>ι</span> 
     </span>
    </p>
   </div>
   <div class='ocr_carea' id='block_1_68' title="bbox 497 3970 2096 4046">
    <p class='ocr_par' dir='ltr' id='par_1_68' title="bbox 497 3970 2096 4046">
     <span class='ocr_line' id='line_1_68' title="bbox 497 3970 2096 4046; baseline 0.003 -21"><span class='ocrx_word' id='word_1_518' title='bbox 497 3970 693 4044; x_wconf 79' lang='lat' dir='ltr'><strong>[.lfab.,</strong></span> <span class='ocrx_word' id='word_1_519' title='bbox 723 3972 985 4045; x_wconf 84' lang='lat' dir='ltr'><strong>agnovit],</strong></span> <span class='ocrx_word' id='word_1_520' title='bbox 1026 3973 1093 4028; x_wconf 91' lang='lat' dir='ltr'><strong>ad</strong></span> <span class='ocrx_word' id='word_1_521' title='bbox 1135 3972 1508 4030; x_wconf 89' lang='lat' dir='ltr'><strong>ferocissimos</strong></span> <span class='ocrx_word' id='word_1_522' title='bbox 1537 3972 1816 4029; x_wconf 89' lang='lat' dir='ltr'><strong>Danorum</strong></span> <span class='ocrx_word' id='word_1_523' title='bbox 1865 3973 2096 4046; x_wconf 80' lang='lat' dir='ltr'><strong>populos</strong></span> 
     </span>
    </p>
   </div>
   <div class='ocr_carea' id='block_1_69' title="bbox 497 4065 2100 4135">
    <p class='ocr_par' dir='ltr' id='par_1_69' title="bbox 497 4065 2100 4135">
     <span class='ocr_line' id='line_1_69' title="bbox 497 4065 2100 4135; baseline 0.001 -16"><span class='ocrx_word' id='word_1_524' title='bbox 497 4065 603 4119; x_wconf 88' lang='lat' dir='ltr'><strong>iter</strong></span> <span class='ocrx_word' id='word_1_525' title='bbox 630 4065 1038 4135; x_wconf 85' lang='lat' dir='ltr'><strong>evangelizandi</strong></span> <span class='ocrx_word' id='word_1_526' title='bbox 1072 4066 1359 4120; x_wconf 86' lang='lat' dir='ltr'><strong>convertit.</strong></span> <span class='ocrx_word' id='word_1_527' title='bbox 1392 4065 1470 4119; x_wconf 84' lang='lat' dir='ltr'><strong>lbi</strong></span> <span class='ocrx_word' id='word_1_528' title='bbox 1509 4073 1643 4131; x_wconf 90' lang='lat' dir='ltr'><strong>tum,</strong></span> <span class='ocrx_word' id='word_1_529' title='bbox 1680 4073 1739 4120; x_wconf 91' lang='lat' dir='ltr'><strong>ut</strong></span> <span class='ocrx_word' id='word_1_530' title='bbox 1777 4065 1970 4132; x_wconf 77' lang='lat' dir='ltr'><strong>fertur,</strong></span> <span class='ocrx_word' id='word_1_531' title='bbox 2015 4082 2100 4121; x_wconf 82' lang='lat' dir='ltr'><strong>re-</strong></span> 
     </span>
    </p>
   </div>
   <div class='ocr_carea' id='block_1_70' title="bbox 497 4154 2095 4227">
    <p class='ocr_par' dir='ltr' id='par_1_70' title="bbox 497 4154 2095 4227">
     <span class='ocr_line' id='line_1_70' title="bbox 497 4154 2095 4227; baseline 0.005 -20"><span class='ocrx_word' id='word_1_532' title='bbox 497 4154 696 4226; x_wconf 85' lang='lat' dir='ltr'><strong>gnabat</strong></span> <span class='ocrx_word' id='word_1_533' title='bbox 741 4154 1082 4226; x_wconf 79' lang='lat' dir='ltr'><strong>Ungendusb</strong></span> <span class='ocrx_word' id='word_1_534' title='bbox 1109 4154 1342 4227; x_wconf 80' lang='lat' dir='ltr'><strong>[Surius,</strong></span> <span class='ocrx_word' id='word_1_535' title='bbox 1384 4154 1703 4225; x_wconf 78' lang='lat' dir='ltr'><strong>Ongendes]</strong></span> <span class='ocrx_word' id='word_1_536' title='bbox 1745 4156 1907 4211; x_wconf 90' lang='lat' dir='ltr'><strong>homo</strong></span> <span class='ocrx_word' id='word_1_537' title='bbox 1947 4160 2095 4215; x_wconf 88' lang='lat' dir='ltr'><strong>omni</strong></span> 
     </span>
    </p>
   </div>
   <div class='ocr_carea' id='block_1_71' title="bbox 501 4246 2094 4318">
    <p class='ocr_par' dir='ltr' id='par_1_71' title="bbox 501 4246 2094 4318">
     <span class='ocr_line' id='line_1_71' title="bbox 501 4246 2094 4318; baseline 0.004 -18"><span class='ocrx_word' id='word_1_538' title='bbox 501 4246 614 4300; x_wconf 83' lang='lat' dir='ltr'><strong>fera</strong></span> <span class='ocrx_word' id='word_1_539' title='bbox 666 4246 935 4302; x_wconf 88' lang='lat' dir='ltr'><strong>crudelior</strong></span> <span class='ocrx_word' id='word_1_540' title='bbox 965 4255 1020 4300; x_wconf 91' lang='lat' dir='ltr'><strong>et</strong></span> <span class='ocrx_word' id='word_1_541' title='bbox 1062 4248 1208 4301; x_wconf 91' lang='lat' dir='ltr'><strong>omni</strong></span> <span class='ocrx_word' id='word_1_542' title='bbox 1258 4246 1435 4317; x_wconf 82' lang='lat' dir='ltr'><strong>lapide</strong></span> <span class='ocrx_word' id='word_1_543' title='bbox 1481 4246 1705 4303; x_wconf 88' lang='lat' dir='ltr'><strong>durior:</strong></span> <span class='ocrx_word' id='word_1_544' title='bbox 1749 4249 1841 4318; x_wconf 90' lang='lat' dir='ltr'><strong>qui</strong></span> <span class='ocrx_word' id='word_1_545' title='bbox 1889 4257 2094 4315; x_wconf 91' lang='lat' dir='ltr'><strong>tamen,</strong></span> 
     </span>
    </p>
   </div>
   <div class='ocr_carea' id='block_1_72' title="bbox 500 4341 2097 4411">
    <p class='ocr_par' dir='ltr' id='par_1_72' title="bbox 500 4341 2097 4411">
     <span class='ocr_line' id='line_1_72' title="bbox 500 4341 2097 4411; baseline -0.001 -14"><span class='ocrx_word' id='word_1_546' title='bbox 500 4342 720 4411; x_wconf 83' lang='lat' dir='ltr'><strong>iubente</strong></span> <span class='ocrx_word' id='word_1_547' title='bbox 754 4342 891 4407; x_wconf 79' lang='lat' dir='ltr'><strong>Deo,</strong></span> <span class='ocrx_word' id='word_1_548' title='bbox 930 4344 1177 4397; x_wconf 83' lang='lat' dir='ltr'><strong>veritatis</strong></span> <span class='ocrx_word' id='word_1_549' title='bbox 1207 4356 1509 4411; x_wconf 66' lang='lat' dir='ltr'><strong>praeconem</strong></span> <span class='ocrx_word' id='word_1_550' title='bbox 1558 4341 1857 4397; x_wconf 87' lang='lat' dir='ltr'><strong>honoriﬁce</strong></span> <span class='ocrx_word' id='word_1_551' title='bbox 1898 4350 2097 4397; x_wconf 74' lang='lat' dir='ltr'><strong>tracta~</strong></span> 
     </span>
    </p>
   </div>
   <div class='ocr_carea' id='block_1_73' title="bbox 2194 3235 3791 3315">
    <p class='ocr_par' dir='ltr' id='par_1_73' title="bbox 2194 3235 3791 3315">
     <span class='ocr_line' id='line_1_73' title="bbox 2194 3235 3791 3315; baseline -0.007 -16"><span class='ocrx_word' id='word_1_552' title='bbox 2194 3245 2338 3315; x_wconf 90' lang='lat' dir='ltr'><strong>quod</strong></span> <span class='ocrx_word' id='word_1_553' title='bbox 2368 3245 2620 3299; x_wconf 88' lang='lat' dir='ltr'><strong>viderant</strong></span> <span class='ocrx_word' id='word_1_554' title='bbox 2663 3242 2886 3306; x_wconf 85' lang='lat' dir='ltr'><strong>factum,</strong></span> <span class='ocrx_word' id='word_1_555' title='bbox 2922 3241 3254 3297; x_wconf 88' lang='lat' dir='ltr'><strong>.retulerunt.</strong></span> <span class='ocrx_word' id='word_1_556' title='bbox 3287 3237 3465 3311; x_wconf 83' lang='lat' dir='ltr'><strong>(Apud</strong></span> <span class='ocrx_word' id='word_1_557' title='bbox 3497 3235 3639 3290; x_wconf 80' lang='lat' dir='ltr'><strong>Mab.</strong></span> <span class='ocrx_word' id='word_1_558' title='bbox 3670 3252 3791 3305; x_wconf 88' lang='lat' dir='ltr'><strong>cap.</strong></span> 
     </span>
    </p>
   </div>
   <div class='ocr_carea' id='block_1_74' title="bbox 2196 3329 3795 3407">
    <p class='ocr_par' dir='ltr' id='par_1_74' title="bbox 2196 3329 3795 3407">
     <span class='ocr_line' id='line_1_74' title="bbox 2196 3329 3795 3407; baseline -0.004 -16"><span class='ocrx_word' id='word_1_559' title='bbox 2196 3338 2311 3407; x_wconf 81' lang='lat' dir='ltr'><strong>ll.)</strong></span> <span class='ocrx_word' id='word_1_560' title='bbox 2358 3337 2465 3403; x_wconf 88' lang='lat' dir='ltr'><strong>Qui</strong></span> <span class='ocrx_word' id='word_1_561' title='bbox 2523 3337 2693 3391; x_wconf 87' lang='lat' dir='ltr'><strong>nimio</strong></span> <span class='ocrx_word' id='word_1_562' title='bbox 2746 3334 2937 3391; x_wconf 87' lang='lat' dir='ltr'><strong>furore</strong></span> <span class='ocrx_word' id='word_1_563' title='bbox 2994 3348 3314 3397; x_wconf 83' lang='lat' dir='ltr'><strong>succensus,</strong></span> <span class='ocrx_word' id='word_1_564' title='bbox 3344 3332 3399 3386; x_wconf 88' lang='lat' dir='ltr'><strong>in</strong></span> <span class='ocrx_word' id='word_1_565' title='bbox 3452 3329 3795 3385; x_wconf 87' lang='lat' dir='ltr'><strong>sacerdotem</strong></span> 
     </span>
    </p>
   </div>
   <div class='ocr_carea' id='block_1_75' title="bbox 2194 3418 3789 3497">
    <p class='ocr_par' dir='ltr' id='par_1_75' title="bbox 2194 3418 3789 3497">
     <span class='ocr_line' id='line_1_75' title="bbox 2194 3418 3789 3497; baseline -0.008 -11"><span class='ocrx_word' id='word_1_566' title='bbox 2194 3429 2291 3486; x_wconf 86' lang='lat' dir='ltr'><strong>Dei</strong></span> <span class='ocrx_word' id='word_1_567' title='bbox 2326 3429 2456 3493; x_wconf 89' lang='lat' dir='ltr'><strong>vivi,</strong></span> <span class='ocrx_word' id='word_1_568' title='bbox 2487 3442 2711 3483; x_wconf 89' lang='lat' dir='ltr'><strong>suorum</strong></span> <span class='ocrx_word' id='word_1_569' title='bbox 2743 3426 2973 3497; x_wconf 86' lang='lat' dir='ltr'><strong>injurias</strong></span> <span class='ocrx_word' id='word_1_570' title='bbox 2998 3423 3224 3480; x_wconf 86' lang='lat' dir='ltr'><strong>deorum</strong></span> <span class='ocrx_word' id='word_1_571' title='bbox 3257 3420 3448 3477; x_wconf 83' lang='lat' dir='ltr'><strong>ulcisci</strong></span> <span class='ocrx_word' id='word_1_572' title='bbox 3470 3418 3789 3491; x_wconf 74' lang='lat' dir='ltr'><strong>cogitabat:</strong></span> 
     </span>
    </p>
   </div>
   <div class='ocr_carea' id='block_1_76' title="bbox 2194 3512 3796 3592">
    <p class='ocr_par' dir='ltr' id='par_1_76' title="bbox 2194 3512 3796 3592">
     <span class='ocr_line' id='line_1_76' title="bbox 2194 3512 3796 3592; baseline -0.007 -16"><span class='ocrx_word' id='word_1_573' title='bbox 2194 3531 2252 3576; x_wconf 91' lang='lat' dir='ltr'><strong>et</strong></span> <span class='ocrx_word' id='word_1_574' title='bbox 2285 3534 2382 3591; x_wconf 88' lang='lat' dir='ltr'><strong>per</strong></span> <span class='ocrx_word' id='word_1_575' title='bbox 2432 3520 2549 3575; x_wconf 88' lang='lat' dir='ltr'><strong>dies</strong></span> <span class='ocrx_word' id='word_1_576' title='bbox 2608 3518 2807 3592; x_wconf 83' lang='lat' dir='ltr'><strong>[Mab.,</strong></span> <span class='ocrx_word' id='word_1_577' title='bbox 2852 3532 2952 3588; x_wconf 89' lang='lat' dir='ltr'><strong>per</strong></span> <span class='ocrx_word' id='word_1_578' title='bbox 2996 3526 3109 3572; x_wconf 87' lang='lat' dir='ltr'><strong>tres</strong></span> <span class='ocrx_word' id='word_1_579' title='bbox 3162 3514 3300 3587; x_wconf 88' lang='lat' dir='ltr'><strong>dies]</strong></span> <span class='ocrx_word' id='word_1_580' title='bbox 3353 3529 3569 3585; x_wconf 85' lang='lat' dir='ltr'><strong>semper</strong></span> <span class='ocrx_word' id='word_1_581' title='bbox 3619 3512 3796 3567; x_wconf 86' lang='lat' dir='ltr'><strong>tribus</strong></span> 
     </span>
    </p>
   </div>
   <div class='ocr_carea' id='block_1_77' title="bbox 2194 3610 3795 3681">
    <p class='ocr_par' dir='ltr' id='par_1_77' title="bbox 2194 3610 3795 3681">
     <span class='ocr_line' id='line_1_77' title="bbox 2194 3610 3795 3681; baseline -0.004 -15"><span class='ocrx_word' id='word_1_582' title='bbox 2194 3613 2429 3677; x_wconf 81' lang='lat' dir='ltr'><strong>vicibus,</strong></span> <span class='ocrx_word' id='word_1_583' title='bbox 2486 3628 2587 3681; x_wconf 76' lang='lat' dir='ltr'><strong>suo</strong></span> <span class='ocrx_word' id='word_1_584' title='bbox 2632 3627 2811 3677; x_wconf 88' lang='lat' dir='ltr'><strong>more,</strong></span> <span class='ocrx_word' id='word_1_585' title='bbox 2865 3610 3118 3666; x_wconf 89' lang='lat' dir='ltr'><strong>mittebat</strong></span> <span class='ocrx_word' id='word_1_586' title='bbox 3172 3620 3371 3673; x_wconf 86' lang='lat' dir='ltr'><strong>sortes,</strong></span> <span class='ocrx_word' id='word_1_587' title='bbox 3420 3616 3478 3662; x_wconf 87' lang='lat' dir='ltr'><strong>et</strong></span> <span class='ocrx_word' id='word_1_588' title='bbox 3514 3620 3795 3675; x_wconf 86' lang='lat' dir='ltr'><strong>nunquam</strong></span> 
     </span>
    </p>
   </div>
   <div class='ocr_carea' id='block_1_78' title="bbox 2196 3699 3797 3768">
    <p class='ocr_par' dir='ltr' id='par_1_78' title="bbox 2196 3699 3797 3768">
     <span class='ocr_line' id='line_1_78' title="bbox 2196 3699 3797 3768; baseline -0.007 -7"><span class='ocrx_word' id='word_1_589' title='bbox 2196 3706 2576 3761; x_wconf 82' lang='lat' dir='ltr'><strong>damnatorum</strong></span> <span class='ocrx_word' id='word_1_590' title='bbox 2626 3719 2769 3767; x_wconf 79' lang='lat' dir='ltr'><strong>sors,</strong></span> <span class='ocrx_word' id='word_1_591' title='bbox 2797 3702 2909 3758; x_wconf 87' lang='lat' dir='ltr'><strong>Deo</strong></span> <span class='ocrx_word' id='word_1_592' title='bbox 2938 3718 3070 3757; x_wconf 90' lang='lat' dir='ltr'><strong>vero</strong></span> <span class='ocrx_word' id='word_1_593' title='bbox 3097 3699 3420 3757; x_wconf 79' lang='lat' dir='ltr'><strong>defendente</strong></span> <span class='ocrx_word' id='word_1_594' title='bbox 3447 3713 3596 3762; x_wconf 90' lang='lat' dir='ltr'><strong>suos,</strong></span> <span class='ocrx_word' id='word_1_595' title='bbox 3628 3712 3797 3768; x_wconf 87' lang='lat' dir='ltr'><strong>super</strong></span> 
     </span>
    </p>
   </div>
   <div class='ocr_carea' id='block_1_79' title="bbox 2196 3788 3797 3862">
    <p class='ocr_par' dir='ltr' id='par_1_79' title="bbox 2196 3788 3797 3862">
     <span class='ocr_line' id='line_1_79' title="bbox 2196 3788 3797 3862; baseline -0.004 -11"><span class='ocrx_word' id='word_1_596' title='bbox 2196 3810 2417 3851; x_wconf 84' lang='lat' dir='ltr'><strong>servum</strong></span> <span class='ocrx_word' id='word_1_597' title='bbox 2466 3794 2562 3849; x_wconf 83' lang='lat' dir='ltr'><strong>Dei</strong></span> <span class='ocrx_word' id='word_1_598' title='bbox 2592 3793 2684 3848; x_wconf 79' lang='lat' dir='ltr'><strong>vel</strong></span> <span class='ocrx_word' id='word_1_599' title='bbox 2708 3792 2943 3862; x_wconf 88' lang='lat' dir='ltr'><strong>aliquem</strong></span> <span class='ocrx_word' id='word_1_600' title='bbox 2971 3808 3039 3849; x_wconf 79' lang='lat' dir='ltr'><strong>ex</strong></span> <span class='ocrx_word' id='word_1_601' title='bbox 3069 3793 3184 3847; x_wconf 88' lang='lat' dir='ltr'><strong>suis</strong></span> <span class='ocrx_word' id='word_1_602' title='bbox 3213 3791 3409 3845; x_wconf 89' lang='lat' dir='ltr'><strong>cadere</strong></span> <span class='ocrx_word' id='word_1_603' title='bbox 3436 3788 3614 3859; x_wconf 88' lang='lat' dir='ltr'><strong>potuit</strong></span> <span class='ocrx_word' id='word_1_604' title='bbox 3645 3806 3657 3842; x_wconf 86' lang='lat'><strong>:</strong></span> <span class='ocrx_word' id='word_1_605' title='bbox 3692 3803 3797 3844; x_wconf 82' lang='lat' dir='ltr'><strong>nec</strong></span> 
     </span>
    </p>
   </div>
   <div class='ocr_carea' id='block_1_80' title="bbox 2196 3884 3798 3946">
    <p class='ocr_par' dir='ltr' id='par_1_80' title="bbox 2196 3884 3798 3946">
     <span class='ocr_line' id='line_1_80' title="bbox 2196 3884 3798 3946; baseline -0.004 -6"><span class='ocrx_word' id='word_1_606' title='bbox 2196 3885 2302 3946; x_wconf 87' lang='lat' dir='ltr'><strong>nisi</strong></span> <span class='ocrx_word' id='word_1_607' title='bbox 2359 3899 2501 3939; x_wconf 90' lang='lat' dir='ltr'><strong>unus</strong></span> <span class='ocrx_word' id='word_1_608' title='bbox 2549 3892 2762 3939; x_wconf 82' lang='lat' dir='ltr'><strong>tantqu</strong></span> <span class='ocrx_word' id='word_1_609' title='bbox 2810 3900 2880 3938; x_wconf 78' lang='lat' dir='ltr'><strong>ex</strong></span> <span class='ocrx_word' id='word_1_610' title='bbox 2930 3884 3094 3939; x_wconf 87' lang='lat' dir='ltr'><strong>sociis</strong></span> <span class='ocrx_word' id='word_1_611' title='bbox 3142 3890 3287 3938; x_wconf 85' lang='lat' dir='ltr'><strong>sorte</strong></span> <span class='ocrx_word' id='word_1_612' title='bbox 3334 3888 3688 3943; x_wconf 86' lang='lat' dir='ltr'><strong>monstratus,</strong></span> <span class='ocrx_word' id='word_1_613' title='bbox 3738 3887 3798 3934; x_wconf 90' lang='lat' dir='ltr'><strong>et</strong></span> 
     </span>
    </p>
   </div>
   <div class='ocr_carea' id='block_1_81' title="bbox 2198 3973 3797 4046">
    <p class='ocr_par' dir='ltr' id='par_1_81' title="bbox 2198 3973 3797 4046">
     <span class='ocr_line' id='line_1_81' title="bbox 2198 3973 3797 4046; baseline -0.003 -16"><span class='ocrx_word' id='word_1_614' title='bbox 2198 3975 2461 4046; x_wconf 80' lang='lat' dir='ltr'><strong>martyrio</strong></span> <span class='ocrx_word' id='word_1_615' title='bbox 2497 3984 2792 4029; x_wconf 90' lang='lat' dir='ltr'><strong>coronatus</strong></span> <span class='ocrx_word' id='word_1_616' title='bbox 2823 3982 2927 4029; x_wconf 87' lang='lat' dir='ltr'><strong>est.</strong></span> <span class='ocrx_word' id='word_1_617' title='bbox 2968 3973 3279 4029; x_wconf 78' lang='lat' dir='ltr'><strong>Vocabatur</strong></span> <span class='ocrx_word' id='word_1_618' title='bbox 3308 3988 3439 4028; x_wconf 88' lang='lat' dir='ltr'><strong>vero</strong></span> <span class='ocrx_word' id='word_1_619' title='bbox 3459 3973 3543 4026; x_wconf 87' lang='lat' dir='ltr'><strong>vir</strong></span> <span class='ocrx_word' id='word_1_620' title='bbox 3570 3979 3797 4026; x_wconf 84' lang='lat' dir='ltr'><strong>sanctus</strong></span> 
     </span>
    </p>
   </div>
   <div class='ocr_carea' id='block_1_82' title="bbox 2199 4065 3796 4137">
    <p class='ocr_par' dir='ltr' id='par_1_82' title="bbox 2199 4065 3796 4137">
     <span class='ocr_line' id='line_1_82' title="bbox 2199 4065 3796 4137; baseline -0.003 -16"><span class='ocrx_word' id='word_1_621' title='bbox 2199 4068 2267 4122; x_wconf 82' lang='lat' dir='ltr'><strong>ad</strong></span> <span class='ocrx_word' id='word_1_622' title='bbox 2310 4083 2515 4137; x_wconf 87' lang='lat' dir='ltr'><strong>regem,</strong></span> <span class='ocrx_word' id='word_1_623' title='bbox 2553 4076 2608 4121; x_wconf 89' lang='lat' dir='ltr'><strong>et</strong></span> <span class='ocrx_word' id='word_1_624' title='bbox 2646 4067 2877 4121; x_wconf 87' lang='lat' dir='ltr'><strong>multum</strong></span> <span class='ocrx_word' id='word_1_625' title='bbox 2922 4065 2990 4120; x_wconf 90' lang='lat' dir='ltr'><strong>ab</strong></span> <span class='ocrx_word' id='word_1_626' title='bbox 3027 4082 3095 4120; x_wconf 92' lang='lat' dir='ltr'><strong>eo</strong></span> <span class='ocrx_word' id='word_1_627' title='bbox 3136 4074 3219 4119; x_wconf 88' lang='lat' dir='ltr'><strong>est</strong></span> <span class='ocrx_word' id='word_1_628' title='bbox 3261 4066 3597 4135; x_wconf 86' lang='lat' dir='ltr'><strong>increpatus,</strong></span> <span class='ocrx_word' id='word_1_629' title='bbox 3624 4078 3796 4133; x_wconf 89' lang='lat' dir='ltr'><strong>quare</strong></span> 
     </span>
    </p>
   </div>
   <div class='ocr_carea' id='block_1_83' title="bbox 2198 4156 3793 4226">
    <p class='ocr_par' dir='ltr' id='par_1_83' title="bbox 2198 4156 3793 4226">
     <span class='ocr_line' id='line_1_83' title="bbox 2198 4156 3793 4226; baseline -0.006 -9"><span class='ocrx_word' id='word_1_630' title='bbox 2198 4177 2293 4217; x_wconf 91' lang='lat' dir='ltr'><strong>sua</strong></span> <span class='ocrx_word' id='word_1_631' title='bbox 2331 4176 2490 4218; x_wconf 78' lang='lat' dir='ltr'><strong>sacra</strong></span> <span class='ocrx_word' id='word_1_632' title='bbox 2530 4160 2811 4225; x_wconf 88' lang='lat' dir='ltr'><strong>violasset,</strong></span> <span class='ocrx_word' id='word_1_633' title='bbox 2862 4166 2917 4213; x_wconf 84' lang='lat' dir='ltr'><strong>et</strong></span> <span class='ocrx_word' id='word_1_634' title='bbox 2964 4157 3217 4226; x_wconf 76' lang='lat' dir='ltr'><strong>iniuriam</strong></span> <span class='ocrx_word' id='word_1_635' title='bbox 3247 4158 3360 4213; x_wconf 87' lang='lat' dir='ltr'><strong>Deo</strong></span> <span class='ocrx_word' id='word_1_636' title='bbox 3409 4172 3509 4212; x_wconf 91' lang='lat' dir='ltr'><strong>suo</strong></span> <span class='ocrx_word' id='word_1_637' title='bbox 3554 4156 3793 4212; x_wconf 83' lang='lat' dir='ltr'><strong>fecisset.</strong></span> 
     </span>
    </p>
   </div>
   <div class='ocr_carea' id='block_1_84' title="bbox 2193 4247 3792 4323">
    <p class='ocr_par' dir='ltr' id='par_1_84' title="bbox 2193 4247 3792 4323">
     <span class='ocr_line' id='line_1_84' title="bbox 2193 4247 3792 4323; baseline -0.006 -14"><span class='ocrx_word' id='word_1_638' title='bbox 2193 4252 2296 4309; x_wconf 84' lang='lat' dir='ltr'><strong>Cui</strong></span> <span class='ocrx_word' id='word_1_639' title='bbox 2346 4268 2525 4323; x_wconf 65' lang='lat' dir='ltr'><strong>prtcco</strong></span> <span class='ocrx_word' id='word_1_640' title='bbox 2581 4252 2829 4306; x_wconf 88' lang='lat' dir='ltr'><strong>veritatis</strong></span> <span class='ocrx_word' id='word_1_641' title='bbox 2900 4251 3169 4305; x_wconf 78' lang='lat' dir='ltr'><strong>constanti</strong></span> <span class='ocrx_word' id='word_1_642' title='bbox 3239 4249 3421 4304; x_wconf 89' lang='lat' dir='ltr'><strong>animo</strong></span> <span class='ocrx_word' id='word_1_643' title='bbox 3483 4247 3792 4317; x_wconf 87' lang='lat' dir='ltr'><strong>respondit:</strong></span> 
     </span>
    </p>
   </div>
   <div class='ocr_carea' id='block_1_85' title="bbox 2206 4339 3799 4413">
    <p class='ocr_par' dir='ltr' id='par_1_85' title="bbox 2206 4339 3799 4413">
     <span class='ocr_line' id='line_1_85' title="bbox 2206 4339 3799 4413; baseline 0 -18"><span class='ocrx_word' id='word_1_644' title='bbox 2206 4364 2224 4395; x_wconf 77' lang='lat' dir='ltr'><strong>t</strong></span> <span class='ocrx_word' id='word_1_645' title='bbox 2272 4344 2389 4400; x_wconf 87' lang='lat' dir='ltr'><strong>Non</strong></span> <span class='ocrx_word' id='word_1_646' title='bbox 2432 4354 2515 4399; x_wconf 87' lang='lat' dir='ltr'><strong>est</strong></span> <span class='ocrx_word' id='word_1_647' title='bbox 2547 4345 2710 4409; x_wconf 82' lang='lat' dir='ltr'><strong>Deus,</strong></span> <span class='ocrx_word' id='word_1_648' title='bbox 2758 4358 2919 4413; x_wconf 88' lang='lat' dir='ltr'><strong>quem</strong></span> <span class='ocrx_word' id='word_1_649' title='bbox 2968 4342 3125 4406; x_wconf 87' lang='lat' dir='ltr'><strong>colis,</strong></span> <span class='ocrx_word' id='word_1_650' title='bbox 3161 4340 3256 4396; x_wconf 85' lang='lat' dir='ltr'><strong>sed</strong></span> <span class='ocrx_word' id='word_1_651' title='bbox 3296 4339 3561 4405; x_wconf 89' lang='lat' dir='ltr'><strong>diabolus,</strong></span> <span class='ocrx_word' id='word_1_652' title='bbox 3602 4340 3692 4409; x_wconf 92' lang='lat' dir='ltr'><strong>qui</strong></span> <span class='ocrx_word' id='word_1_653' title='bbox 3742 4346 3799 4395; x_wconf 87' lang='lat' dir='ltr'><strong>te</strong></span> 
     </span>
    </p>
   </div>
   <div class='ocr_carea' id='block_1_86' title="bbox 500 4428 3800 4507">
    <p class='ocr_par' dir='ltr' id='par_1_86' title="bbox 500 4428 3800 4507">
     <span class='ocr_line' id='line_1_86' title="bbox 500 4428 3800 4507; baseline -0.001 -20"><span class='ocrx_word' id='word_1_654' title='bbox 500 4434 611 4487; x_wconf 90' lang='lat' dir='ltr'><strong>bat.</strong></span> <span class='ocrx_word' id='word_1_655' title='bbox 662 4432 833 4499; x_wconf 87' lang='lat' dir='ltr'><strong>Quem</strong></span> <span class='ocrx_word' id='word_1_656' title='bbox 864 4434 990 4487; x_wconf 85' lang='lat' dir='ltr'><strong>dum</strong></span> <span class='ocrx_word' id='word_1_657' title='bbox 1034 4433 1358 4486; x_wconf 86' lang='lat' dir='ltr'><strong>uhduratum</strong></span> <span class='ocrx_word' id='word_1_658' title='bbox 1393 4432 1653 4497; x_wconf 89' lang='lat' dir='ltr'><strong>moribus,</strong></span> <span class='ocrx_word' id='word_1_659' title='bbox 1684 4440 1738 4487; x_wconf 90' lang='lat' dir='ltr'><strong>ct</strong></span> <span class='ocrx_word' id='word_1_660' title='bbox 1782 4432 2098 4488; x_wconf 73' lang='lat' dir='ltr'><strong>idololatria:</strong></span> <span class='ocrx_word' id='word_1_661' title='bbox 2136 4506 2141 4507; x_wconf 14' lang='grc' dir='ltr'><em>γ</em></span> <span class='ocrx_word' id='word_1_662' title='bbox 2200 4437 2437 4507; x_wconf 86' lang='lat' dir='ltr'><strong>pessimo</strong></span> <span class='ocrx_word' id='word_1_663' title='bbox 2481 4450 2669 4490; x_wconf 81' lang='lat' dir='ltr'><strong>errore</strong></span> <span class='ocrx_word' id='word_1_664' title='bbox 2714 4436 3000 4503; x_wconf 85' lang='lat' dir='ltr'><strong>deceptum</strong></span> <span class='ocrx_word' id='word_1_665' title='bbox 3051 4432 3237 4495; x_wconf 85' lang='lat' dir='ltr'><strong>habet,</strong></span> <span class='ocrx_word' id='word_1_666' title='bbox 3270 4446 3306 4488; x_wconf 89' lang='lat'><strong>0</strong></span> <span class='ocrx_word' id='word_1_667' title='bbox 3333 4447 3454 4496; x_wconf 78' lang='lat' dir='ltr'><strong>rex,</strong></span> <span class='ocrx_word' id='word_1_668' title='bbox 3504 4428 3551 4503; x_wconf 71' lang='grc' dir='ltr'><strong>[ἀ</strong></span> <span class='ocrx_word' id='word_1_669' title='bbox 3591 4440 3649 4483; x_wconf 88' lang='lat' dir='ltr'><strong>ut</strong></span> <span class='ocrx_word' id='word_1_670' title='bbox 3676 4429 3800 4485; x_wconf 91' lang='lat' dir='ltr'><strong>ani-</strong></span> 
     </span>
    </p>
   </div>
   <div class='ocr_carea' id='block_1_87' title="bbox 501 4506 3795 4595">
    <p class='ocr_par' dir='ltr' id='par_1_87' title="bbox 501 4506 3795 4595">
     <span class='ocr_line' id='line_1_87' title="bbox 501 4506 3795 4595; baseline -0.002 -15"><span class='ocrx_word' id='word_1_671' title='bbox 501 4528 767 4590; x_wconf 86' lang='lat' dir='ltr'><strong>deditum,</strong></span> <span class='ocrx_word' id='word_1_672' title='bbox 813 4537 867 4581; x_wconf 88' lang='lat' dir='ltr'><strong>ct</strong></span> <span class='ocrx_word' id='word_1_673' title='bbox 910 4526 1110 4579; x_wconf 85' lang='lat' dir='ltr'><strong>nullam</strong></span> <span class='ocrx_word' id='word_1_674' title='bbox 1154 4526 1393 4581; x_wconf 84' lang='lat' dir='ltr'><strong>melioris</strong></span> <span class='ocrx_word' id='word_1_675' title='bbox 1440 4527 1561 4580; x_wconf 76' lang='lat' dir='ltr'><strong>vita:</strong></span> <span class='ocrx_word' id='word_1_676' title='bbox 1607 4541 1757 4595; x_wconf 91' lang='lat' dir='ltr'><strong>spem</strong></span> <span class='ocrx_word' id='word_1_677' title='bbox 1804 4526 2095 4581; x_wconf 80' lang='lat' dir='ltr'><strong>habentem</strong></span> <span class='ocrx_word' id='word_1_678' title='bbox 2129 4506 2176 4562; x_wconf 76' lang='lat' dir='ltr'><strong>D</strong></span> <span class='ocrx_word' id='word_1_679' title='bbox 2202 4506 2353 4585; x_wconf 76' lang='lat' dir='ltr'><strong>mam</strong></span> <span class='ocrx_word' id='word_1_680' title='bbox 2387 4538 2533 4583; x_wconf 89' lang='lat' dir='ltr'><strong>tuam</strong></span> <span class='ocrx_word' id='word_1_681' title='bbox 2572 4527 2793 4583; x_wconf 66' lang='lat' dir='ltr'><strong>aeternis</strong></span> <span class='ocrx_word' id='word_1_682' title='bbox 2831 4528 3009 4580; x_wconf 89' lang='lat' dir='ltr'><strong>tradat</strong></span> <span class='ocrx_word' id='word_1_683' title='bbox 3050 4523 3327 4595; x_wconf 81' lang='lat' dir='ltr'><strong>ﬂammis].</strong></span> <span class='ocrx_word' id='word_1_684' title='bbox 3375 4522 3492 4577; x_wconf 84' lang='lat' dir='ltr'><strong>Non</strong></span> <span class='ocrx_word' id='word_1_685' title='bbox 3531 4529 3617 4577; x_wconf 88' lang='lat' dir='ltr'><strong>est</strong></span> <span class='ocrx_word' id='word_1_686' title='bbox 3646 4520 3795 4576; x_wconf 86' lang='lat' dir='ltr'><strong>enim</strong></span> 
     </span>
    </p>
   </div>
   <div class='ocr_carea' id='block_1_88' title="bbox 500 4616 2097 4688">
    <p class='ocr_par' dir='ltr' id='par_1_88' title="bbox 500 4616 2097 4688">
     <span class='ocr_line' id='line_1_88' title="bbox 500 4616 2097 4688; baseline 0 -17"><span class='ocrx_word' id='word_1_687' title='bbox 500 4618 757 4682; x_wconf 76' lang='lat' dir='ltr'><strong>oll&#39;cndit;</strong></span> <span class='ocrx_word' id='word_1_688' title='bbox 790 4618 1025 4687; x_wconf 81' lang='lat' dir='ltr'><strong>acceptis</strong></span> <span class='ocrx_word' id='word_1_689' title='bbox 1054 4626 1181 4671; x_wconf 86' lang='lat' dir='ltr'><strong>tunc</strong></span> <span class='ocrx_word' id='word_1_690' title='bbox 1208 4618 1427 4688; x_wconf 82' lang='lat' dir='ltr'><strong>triginta</strong></span> <span class='ocrx_word' id='word_1_691' title='bbox 1454 4616 1698 4685; x_wconf 87' lang='lat' dir='ltr'><strong>ejusdem</strong></span> <span class='ocrx_word' id='word_1_692' title='bbox 1736 4617 1929 4685; x_wconf 75' lang='lat' dir='ltr'><strong>patria:</strong></span> <span class='ocrx_word' id='word_1_693' title='bbox 1966 4633 2097 4686; x_wconf 89' lang='lat' dir='ltr'><strong>pue-</strong></span> 
     </span>
    </p>
   </div>
   <div class='ocr_carea' id='block_1_89' title="bbox 503 4708 2098 4779">
    <p class='ocr_par' dir='ltr' id='par_1_89' title="bbox 503 4708 2098 4779">
     <span class='ocr_line' id='line_1_89' title="bbox 503 4708 2098 4779; baseline 0.001 -16"><span class='ocrx_word' id='word_1_694' title='bbox 503 4711 597 4773; x_wconf 80' lang='lat' dir='ltr'><strong>ris,</strong></span> <span class='ocrx_word' id='word_1_695' title='bbox 633 4711 700 4764; x_wconf 82' lang='lat' dir='ltr'><strong>ad</strong></span> <span class='ocrx_word' id='word_1_696' title='bbox 739 4710 939 4765; x_wconf 85' lang='lat' dir='ltr'><strong>electos</strong></span> <span class='ocrx_word' id='word_1_697' title='bbox 980 4728 1006 4764; x_wconf 90' lang='lat' dir='ltr'><strong>a</strong></span> <span class='ocrx_word' id='word_1_698' title='bbox 1042 4711 1150 4763; x_wconf 84' lang='lat' dir='ltr'><strong>Deo</strong></span> <span class='ocrx_word' id='word_1_699' title='bbox 1190 4708 1415 4778; x_wconf 87' lang='lat' dir='ltr'><strong>populos</strong></span> <span class='ocrx_word' id='word_1_700' title='bbox 1452 4709 1602 4779; x_wconf 80' lang='lat' dir='ltr'><strong>regni</strong></span> <span class='ocrx_word' id='word_1_701' title='bbox 1630 4708 1961 4763; x_wconf 82' lang='lat' dir='ltr'><strong>Francorum</strong></span> <span class='ocrx_word' id='word_1_702' title='bbox 2012 4726 2098 4764; x_wconf 79' lang='lat' dir='ltr'><strong>re-</strong></span> 
     </span>
    </p>
   </div>
   <div class='ocr_carea' id='block_1_90' title="bbox 507 4801 2098 4870">
    <p class='ocr_par' dir='ltr' id='par_1_90' title="bbox 507 4801 2098 4870">
     <span class='ocr_line' id='line_1_90' title="bbox 507 4801 2098 4870; baseline 0.001 -15"><span class='ocrx_word' id='word_1_703' title='bbox 507 4803 641 4858; x_wconf 86' lang='lat' dir='ltr'><strong>verti</strong></span> <span class='ocrx_word' id='word_1_704' title='bbox 676 4804 972 4857; x_wconf 75' lang='lat' dir='ltr'><strong>festinavit.</strong></span> <span class='ocrx_word' id='word_1_705' title='bbox 1011 4804 1114 4856; x_wconf 78' lang='lat' dir='ltr'><strong>Sed</strong></span> <span class='ocrx_word' id='word_1_706' title='bbox 1155 4804 1206 4854; x_wconf 93' lang='lat' dir='ltr'><strong>in</strong></span> <span class='ocrx_word' id='word_1_707' title='bbox 1247 4817 1311 4856; x_wconf 88' lang='lat' dir='ltr'><strong>eo</strong></span> <span class='ocrx_word' id='word_1_708' title='bbox 1349 4803 1465 4870; x_wconf 83' lang='lat' dir='ltr'><strong>ipso</strong></span> <span class='ocrx_word' id='word_1_709' title='bbox 1506 4802 1703 4856; x_wconf 88' lang='lat' dir='ltr'><strong>itinere</strong></span> <span class='ocrx_word' id='word_1_710' title='bbox 1726 4801 2098 4856; x_wconf 80' lang='lat' dir='ltr'><strong>catcchizatos</strong></span> 
     </span>
    </p>
   </div>
   <div class='ocr_carea' id='block_1_91' title="bbox 507 4891 2097 4966">
    <p class='ocr_par' dir='ltr' id='par_1_91' title="bbox 507 4891 2097 4966">
     <span class='ocr_line' id='line_1_91' title="bbox 507 4891 2097 4966; baseline -0.004 -17"><span class='ocrx_word' id='word_1_711' title='bbox 507 4897 722 4950; x_wconf 80' lang='lat' dir='ltr'><strong>eosdem</strong></span> <span class='ocrx_word' id='word_1_712' title='bbox 761 4912 958 4966; x_wconf 72' lang='lat' dir='ltr'><strong>put-ros</strong></span> <span class='ocrx_word' id='word_1_713' title='bbox 991 4897 1112 4947; x_wconf 75' lang='lat' dir='ltr'><strong>vita,-</strong></span> <span class='ocrx_word' id='word_1_714' title='bbox 1150 4893 1293 4948; x_wconf 83' lang='lat' dir='ltr'><strong>fonte</strong></span> <span class='ocrx_word' id='word_1_715' title='bbox 1325 4891 1517 4965; x_wconf 72' lang='lat' dir='ltr'><strong>[Mab.,</strong></span> <span class='ocrx_word' id='word_1_716' title='bbox 1543 4908 1739 4962; x_wconf 79' lang='lat' dir='ltr'><strong>pueros</strong></span> <span class='ocrx_word' id='word_1_717' title='bbox 1773 4892 1921 4946; x_wconf 86' lang='lat' dir='ltr'><strong>fonte</strong></span> <span class='ocrx_word' id='word_1_718' title='bbox 1955 4892 2097 4945; x_wconf 89' lang='lat' dir='ltr'><strong>salu-</strong></span> 
     </span>
    </p>
   </div>
   <div class='ocr_carea' id='block_1_92' title="bbox 508 4982 2096 5059">
    <p class='ocr_par' dir='ltr' id='par_1_92' title="bbox 508 4982 2096 5059">
     <span class='ocr_line' id='line_1_92' title="bbox 508 4982 2096 5059; baseline -0.003 -18"><span class='ocrx_word' id='word_1_719' title='bbox 508 4988 613 5059; x_wconf 85' lang='lat' dir='ltr'><strong>bri]</strong></span> <span class='ocrx_word' id='word_1_720' title='bbox 656 4989 844 5052; x_wconf 73' lang='lat' dir='ltr'><strong>alduit,</strong></span> <span class='ocrx_word' id='word_1_721' title='bbox 887 5004 951 5040; x_wconf 89' lang='lat' dir='ltr'><strong>ne.</strong></span> <span class='ocrx_word' id='word_1_722' title='bbox 993 4986 1209 5054; x_wconf 85' lang='lat' dir='ltr'><strong>aliquod</strong></span> <span class='ocrx_word' id='word_1_723' title='bbox 1251 4993 1473 5055; x_wconf 81' lang='lat' dir='ltr'><strong>prepter</strong></span> <span class='ocrx_word' id='word_1_724' title='bbox 1516 4982 1756 5053; x_wconf 83' lang='lat' dir='ltr'><strong>pericula</strong></span> <span class='ocrx_word' id='word_1_725' title='bbox 1796 4983 2096 5051; x_wconf 76' lang='lat' dir='ltr'><strong>longissimi</strong></span> 
     </span>
    </p>
   </div>
   <div class='ocr_carea' id='block_1_93' title="bbox 586 5119 2099 5191">
    <p class='ocr_par' dir='ltr' id='par_1_93' title="bbox 586 5119 2099 5191">
     <span class='ocr_line' id='line_1_93' title="bbox 586 5119 2099 5191; baseline -0.003 -15"><span class='ocrx_word' id='word_1_726' title='bbox 586 5138 607 5163; x_wconf 71' lang='grc' dir='ltr'><strong>ίι</strong></span> <span class='ocrx_word' id='word_1_727' title='bbox 639 5122 883 5176; x_wconf 76' lang='lat' dir='ltr'><strong>St&#39;ntirrt.</strong></span> <span class='ocrx_word' id='word_1_728' title='bbox 930 5121 1375 5191; x_wconf 78' lang='lat' dir='ltr'><strong>Compendiensis</strong></span> <span class='ocrx_word' id='word_1_729' title='bbox 1414 5120 1605 5191; x_wconf 51' lang='lat' dir='ltr'><strong>code},</strong></span> <span class='ocrx_word' id='word_1_730' title='bbox 1640 5127 1701 5173; x_wconf 87' lang='lat' dir='ltr'><strong>ut</strong></span> <span class='ocrx_word' id='word_1_731' title='bbox 1736 5127 1967 5173; x_wconf 78' lang='lat' dir='ltr'><strong>testatur</strong></span> <span class='ocrx_word' id='word_1_732' title='bbox 1994 5119 2099 5172; x_wconf 81' lang='lat' dir='ltr'><strong>Ma-</strong></span> 
     </span>
    </p>
   </div>
   <div class='ocr_carea' id='block_1_94' title="bbox 511 5190 2096 5256">
    <p class='ocr_par' dir='ltr' id='par_1_94' title="bbox 511 5190 2096 5256">
     <span class='ocr_line' id='line_1_94' title="bbox 511 5190 2096 5256; baseline -0.003 -7"><span class='ocrx_word' id='word_1_733' title='bbox 511 5195 784 5256; x_wconf 81' lang='lat' dir='ltr'><strong>billonius,</strong></span> <span class='ocrx_word' id='word_1_734' title='bbox 820 5197 917 5249; x_wconf 89' lang='lat' dir='ltr'><strong>hoc</strong></span> <span class='ocrx_word' id='word_1_735' title='bbox 959 5190 1080 5247; x_wconf 73' lang='lat' dir='ltr'><strong>loco</strong></span> <span class='ocrx_word' id='word_1_736' title='bbox 1113 5196 1212 5247; x_wconf 81' lang='lat' dir='ltr'><strong>ista</strong></span> <span class='ocrx_word' id='word_1_737' title='bbox 1240 5194 1429 5246; x_wconf 79' lang='lat' dir='ltr'><strong>inserit</strong></span> <span class='ocrx_word' id='word_1_738' title='bbox 1455 5209 1469 5243; x_wconf 88' lang='lat'>:</span> <span class='ocrx_word' id='word_1_739' title='bbox 1505 5209 1523 5238; x_wconf 79' lang='lat' dir='ltr'><strong>t</strong></span> <span class='ocrx_word' id='word_1_740' title='bbox 1552 5190 1683 5243; x_wconf 65' lang='lat' dir='ltr'><strong>Erat</strong></span> <span class='ocrx_word' id='word_1_741' title='bbox 1709 5191 1854 5244; x_wconf 86' lang='lat' dir='ltr'><strong>enim</strong></span> <span class='ocrx_word' id='word_1_742' title='bbox 1888 5200 2015 5244; x_wconf 87' lang='lat' dir='ltr'><strong>tunc</strong></span> <span class='ocrx_word' id='word_1_743' title='bbox 2042 5191 2096 5244; x_wconf 86' lang='lat' dir='ltr'><strong>in</strong></span> 
     </span>
    </p>
   </div>
   <div class='ocr_carea' id='block_1_95' title="bbox 511 5260 2101 5329">
    <p class='ocr_par' dir='ltr' id='par_1_95' title="bbox 511 5260 2101 5329">
     <span class='ocr_line' id='line_1_95' title="bbox 511 5260 2101 5329; baseline -0.003 -11"><span class='ocrx_word' id='word_1_744' title='bbox 511 5265 629 5329; x_wconf 76' lang='lat' dir='ltr'><strong>ejus</strong></span> <span class='ocrx_word' id='word_1_745' title='bbox 652 5266 909 5318; x_wconf 75' lang='lat' dir='ltr'><strong>ruinitatu</strong></span> <span class='ocrx_word' id='word_1_746' title='bbox 942 5265 1265 5319; x_wconf 74' lang='lat' dir='ltr'><strong>venerabilis</strong></span> <span class='ocrx_word' id='word_1_747' title='bbox 1287 5262 1398 5315; x_wconf 83' lang='lat' dir='ltr'><strong>vita</strong></span> <span class='ocrx_word' id='word_1_748' title='bbox 1434 5270 1488 5314; x_wconf 85' lang='lat' dir='ltr'><strong>et</strong></span> <span class='ocrx_word' id='word_1_749' title='bbox 1514 5262 1729 5315; x_wconf 84' lang='lat' dir='ltr'><strong>nomine</strong></span> <span class='ocrx_word' id='word_1_750' title='bbox 1757 5262 1949 5329; x_wconf 77' lang='lat' dir='ltr'><strong>dignus</strong></span> <span class='ocrx_word' id='word_1_751' title='bbox 1978 5260 2101 5314; x_wconf 84' lang='lat' dir='ltr'><strong>Vul-</strong></span> 
     </span>
    </p>
   </div>
   <div class='ocr_carea' id='block_1_96' title="bbox 515 5330 2099 5403">
    <p class='ocr_par' dir='ltr' id='par_1_96' title="bbox 515 5330 2099 5403">
     <span class='ocr_line' id='line_1_96' title="bbox 515 5330 2099 5403; baseline -0.003 -14"><span class='ocrx_word' id='word_1_752' title='bbox 515 5335 880 5403; x_wconf 82' lang='lat' dir='ltr'><strong>fratnnus.qui</strong></span> <span class='ocrx_word' id='word_1_753' title='bbox 906 5346 1129 5388; x_wconf 76' lang='lat' dir='ltr'><strong>venerat</strong></span> <span class='ocrx_word' id='word_1_754' title='bbox 1157 5352 1184 5387; x_wconf 85' lang='lat' dir='ltr'><strong>a</strong></span> <span class='ocrx_word' id='word_1_755' title='bbox 1211 5336 1482 5387; x_wconf 81' lang='lat' dir='ltr'><strong>Senonum</strong></span> <span class='ocrx_word' id='word_1_756' title='bbox 1499 5331 1717 5385; x_wconf 71' lang='lat' dir='ltr'><strong>civitate</strong></span> <span class='ocrx_word' id='word_1_757' title='bbox 1741 5330 1981 5403; x_wconf 78' lang='lat' dir='ltr'><strong>pontifex</strong></span> <span class='ocrx_word' id='word_1_758' title='bbox 2012 5347 2099 5387; x_wconf 83' lang='lat' dir='ltr'><strong>eo-</strong></span> 
     </span>
    </p>
   </div>
   <div class='ocr_carea' id='block_1_97' title="bbox 517 5402 2103 5472">
    <p class='ocr_par' dir='ltr' id='par_1_97' title="bbox 517 5402 2103 5472">
     <span class='ocr_line' id='line_1_97' title="bbox 517 5402 2103 5472; baseline -0.003 -12"><span class='ocrx_word' id='word_1_759' title='bbox 517 5407 641 5460; x_wconf 73' lang='lat' dir='ltr'><strong>dem</strong></span> <span class='ocrx_word' id='word_1_760' title='bbox 667 5402 921 5461; x_wconf 73' lang='lat' dir='ltr'><strong>desiderii</strong></span> <span class='ocrx_word' id='word_1_761' title='bbox 953 5408 1165 5461; x_wconf 77' lang='lat' dir='ltr'><strong>fervens</strong></span> <span class='ocrx_word' id='word_1_762' title='bbox 1204 5418 1407 5465; x_wconf 88' lang='lat' dir='ltr'><strong>amore,</strong></span> <span class='ocrx_word' id='word_1_763' title='bbox 1443 5403 1650 5457; x_wconf 83' lang='lat' dir='ltr'><strong>scilicet</strong></span> <span class='ocrx_word' id='word_1_764' title='bbox 1678 5414 1735 5455; x_wconf 90' lang='lat' dir='ltr'><strong>ut</strong></span> <span class='ocrx_word' id='word_1_765' title='bbox 1765 5402 1975 5472; x_wconf 83' lang='lat' dir='ltr'><strong>aliquas</strong></span> <span class='ocrx_word' id='word_1_766' title='bbox 2004 5403 2103 5455; x_wconf 89' lang='lat' dir='ltr'><strong>Do-</strong></span> 
     </span>
    </p>
   </div>
   <div class='ocr_carea' id='block_1_98' title="bbox 522 5471 2101 5532">
    <p class='ocr_par' dir='ltr' id='par_1_98' title="bbox 522 5471 2101 5532">
     <span class='ocr_line' id='line_1_98' title="bbox 522 5471 2101 5532; baseline -0.002 -2"><span class='ocrx_word' id='word_1_767' title='bbox 522 5478 671 5530; x_wconf 84' lang='lat' dir='ltr'><strong>mino</strong></span> <span class='ocrx_word' id='word_1_768' title='bbox 708 5479 937 5531; x_wconf 77' lang='lat' dir='ltr'><strong>lucraret</strong></span> <span class='ocrx_word' id='word_1_769' title='bbox 967 5479 1194 5532; x_wconf 81' lang='lat' dir='ltr'><strong>animus.</strong></span> <span class='ocrx_word' id='word_1_770' title='bbox 1230 5496 1247 5527; x_wconf 85' lang='grc'>›</span> <span class='ocrx_word' id='word_1_771' title='bbox 1277 5474 1408 5528; x_wconf 78' lang='lat' dir='ltr'><strong>Vide</strong></span> <span class='ocrx_word' id='word_1_772' title='bbox 1433 5476 1599 5528; x_wconf 84' lang='lat' dir='ltr'><strong>vitam</strong></span> <span class='ocrx_word' id='word_1_773' title='bbox 1623 5471 2002 5527; x_wconf 74' lang='lat' dir='ltr'><strong>S.Vulframni</strong></span> <span class='ocrx_word' id='word_1_774' title='bbox 2034 5474 2101 5528; x_wconf 86' lang='lat' dir='ltr'><strong>ad</strong></span> 
     </span>
    </p>
   </div>
   <div class='ocr_carea' id='block_1_99' title="bbox 523 5545 2099 5671">
    <p class='ocr_par' dir='ltr' id='par_1_99' title="bbox 523 5545 2099 5671">
     <span class='ocr_line' id='line_1_99' title="bbox 523 5545 2099 5671; baseline -0.003 -70"><span class='ocrx_word' id='word_1_775' title='bbox 523 5550 869 5671; x_wconf 50' lang='lat' dir='ltr'><strong>ggpumuzio,</strong></span> <span class='ocrx_word' id='word_1_776' title='bbox 895 5549 1012 5603; x_wconf 77' lang='lat' dir='ltr'><strong>Act.</strong></span> <span class='ocrx_word' id='word_1_777' title='bbox 1040 5549 1140 5603; x_wconf 86' lang='lat' dir='ltr'><strong>SS.</strong></span> <span class='ocrx_word' id='word_1_778' title='bbox 1164 5546 1293 5602; x_wconf 89' lang='lat' dir='ltr'><strong>0rd.</strong></span> <span class='ocrx_word' id='word_1_779' title='bbox 1324 5545 1457 5600; x_wconf 85' lang='lat' dir='ltr'><strong>Ben.</strong></span> <span class='ocrx_word' id='word_1_780' title='bbox 1480 5561 1606 5599; x_wconf 55' lang='grc' dir='ltr'><strong>δερ.</strong></span> <span class='ocrx_word' id='word_1_781' title='bbox 1636 5560 1719 5607; x_wconf 80' lang='grc' dir='ltr'><strong>ιιι,</strong></span> <span class='ocrx_word' id='word_1_782' title='bbox 1748 5552 1889 5613; x_wconf 87' lang='lat' dir='ltr'><strong>part.</strong></span> <span class='ocrx_word' id='word_1_783' title='bbox 1916 5562 1953 5608; x_wconf 81' lang='grc' dir='ltr'><strong>ι,</strong></span> <span class='ocrx_word' id='word_1_784' title='bbox 1978 5560 2099 5615; x_wconf 85' lang='lat' dir='ltr'><strong>pag.</strong></span> 
     </span>
     <span class='ocr_line' id='line_1_100' title="bbox 560 5637 781 5671; baseline 0 0"><span class='ocrx_word' id='word_1_785' title='bbox 560 5655 569 5671; x_wconf 82' lang='lat'><strong>.</strong></span> <span class='ocrx_word' id='word_1_786' title='bbox 596 5639 647 5671; x_wconf 79' lang='grc' dir='ltr'><strong>ο.</strong></span> <span class='ocrx_word' id='word_1_787' title='bbox 679 5637 709 5671; x_wconf 88' lang='lat' dir='ltr'><strong>e</strong></span> <span class='ocrx_word' id='word_1_788' title='bbox 771 5662 781 5671; x_wconf 95' lang='lat'><strong>.</strong></span> 
     </span>
    </p>
   </div>
   <div class='ocr_carea' id='block_1_100' title="bbox 560 5619 781 5682">
    <p class='ocr_par' dir='ltr' id='par_1_100' title="bbox 560 5619 781 5682">
     <span class='ocr_line' id='line_1_101' title="bbox 560 5619 781 5682; baseline 0.009 -11"><span class='ocrx_word' id='word_1_789' title='bbox 560 5619 647 5682; x_wconf 74' lang='grc'><strong>55,</strong></span> <span class='ocrx_word' id='word_1_790' title='bbox 679 5630 781 5675; x_wconf 88' lang='lat' dir='ltr'><strong>etc.</strong></span> 
     </span>
    </p>
   </div>
   <div class='ocr_carea' id='block_1_101' title="bbox 594 5686 2105 5763">
    <p class='ocr_par' dir='ltr' id='par_1_101' title="bbox 594 5686 2105 5763">
     <span class='ocr_line' id='line_1_102' title="bbox 594 5686 2105 5763; baseline -0.002 -20"><span class='ocrx_word' id='word_1_791' title='bbox 594 5691 621 5729; x_wconf 72' lang='grc' dir='ltr'>δ</span> <span class='ocrx_word' id='word_1_792' title='bbox 646 5688 942 5763; x_wconf 78' lang='lat' dir='ltr'><strong>Ungcndus.</strong></span> <span class='ocrx_word' id='word_1_793' title='bbox 968 5691 1179 5763; x_wconf 27' lang='lat' dir='ltr'><strong>l‘liicrcx</strong></span> <span class='ocrx_word' id='word_1_794' title='bbox 1206 5688 1369 5763; x_wconf 73' lang='lat' dir='ltr'><strong>Datus</strong></span> <span class='ocrx_word' id='word_1_795' title='bbox 1393 5686 1525 5757; x_wconf 88' lang='lat' dir='ltr'><strong>ipsis</strong></span> <span class='ocrx_word' id='word_1_796' title='bbox 1550 5694 1713 5763; x_wconf 76' lang='lat' dir='ltr'><strong>notus</strong></span> <span class='ocrx_word' id='word_1_797' title='bbox 1742 5701 1849 5763; x_wconf 86' lang='lat' dir='ltr'><strong>non</strong></span> <span class='ocrx_word' id='word_1_798' title='bbox 1877 5696 1979 5747; x_wconf 88' lang='lat' dir='ltr'><strong>cst,</strong></span> <span class='ocrx_word' id='word_1_799' title='bbox 2005 5700 2105 5763; x_wconf 80' lang='lat' dir='ltr'><strong>nec</strong></span> 
     </span>
    </p>
   </div>
   <div class='ocr_carea' id='block_1_102' title="bbox 524 5758 2101 5829">
    <p class='ocr_par' dir='ltr' id='par_1_102' title="bbox 524 5758 2101 5829">
     <span class='ocr_line' id='line_1_103' title="bbox 524 5758 2101 5829; baseline -0.003 -15"><span class='ocrx_word' id='word_1_800' title='bbox 524 5761 668 5817; x_wconf 87' lang='lat' dir='ltr'><strong>illius</strong></span> <span class='ocrx_word' id='word_1_801' title='bbox 715 5758 955 5817; x_wconf 80' lang='lat' dir='ltr'><strong>meminit</strong></span> <span class='ocrx_word' id='word_1_802' title='bbox 996 5762 1183 5817; x_wconf 83' lang='lat' dir='ltr'><strong>Ericus</strong></span> <span class='ocrx_word' id='word_1_803' title='bbox 1210 5759 1391 5813; x_wconf 66' lang='lat' dir='ltr'><strong>Danite</strong></span> <span class='ocrx_word' id='word_1_804' title='bbox 1432 5773 1523 5811; x_wconf 77' lang='lat' dir='ltr'><strong>rex</strong></span> <span class='ocrx_word' id='word_1_805' title='bbox 1567 5758 1617 5810; x_wconf 91' lang='lat' dir='ltr'><strong>in</strong></span> <span class='ocrx_word' id='word_1_806' title='bbox 1665 5758 1885 5812; x_wconf 82' lang='lat' dir='ltr'><strong>historia</strong></span> <span class='ocrx_word' id='word_1_807' title='bbox 1926 5758 2101 5829; x_wconf 81' lang='lat' dir='ltr'><strong>gentis</strong></span> 
     </span>
    </p>
   </div>
   <div class='ocr_carea' id='block_1_103' title="bbox 2206 4615 3798 4687">
    <p class='ocr_par' dir='ltr' id='par_1_103' title="bbox 2206 4615 3798 4687">
     <span class='ocr_line' id='line_1_104' title="bbox 2206 4615 3798 4687; baseline -0.007 -12"><span class='ocrx_word' id='word_1_808' title='bbox 2206 4622 2369 4686; x_wconf 86' lang='lat' dir='ltr'><strong>Deus,</strong></span> <span class='ocrx_word' id='word_1_809' title='bbox 2415 4620 2521 4677; x_wconf 91' lang='lat' dir='ltr'><strong>nisi</strong></span> <span class='ocrx_word' id='word_1_810' title='bbox 2557 4635 2719 4684; x_wconf 86' lang='lat' dir='ltr'><strong>unus,</strong></span> <span class='ocrx_word' id='word_1_811' title='bbox 2762 4618 2855 4687; x_wconf 90' lang='lat' dir='ltr'><strong>qui</strong></span> <span class='ocrx_word' id='word_1_812' title='bbox 2888 4619 3097 4673; x_wconf 88' lang='lat' dir='ltr'><strong>creavit</strong></span> <span class='ocrx_word' id='word_1_813' title='bbox 3137 4615 3337 4671; x_wconf 62' lang='lat' dir='ltr'><strong>coelum</strong></span> <span class='ocrx_word' id='word_1_814' title='bbox 3384 4622 3441 4668; x_wconf 88' lang='lat' dir='ltr'><strong>et</strong></span> <span class='ocrx_word' id='word_1_815' title='bbox 3479 4622 3701 4676; x_wconf 88' lang='lat' dir='ltr'><strong>terram,</strong></span> <span class='ocrx_word' id='word_1_816' title='bbox 3737 4621 3798 4666; x_wconf 90' lang='lat' dir='ltr'><strong>et</strong></span> 
     </span>
    </p>
   </div>
   <div class='ocr_carea' id='block_1_104' title="bbox 2203 4700 3796 4781">
    <p class='ocr_par' dir='ltr' id='par_1_104' title="bbox 2203 4700 3796 4781">
     <span class='ocr_line' id='line_1_105' title="bbox 2203 4700 3796 4781; baseline -0.009 -12"><span class='ocrx_word' id='word_1_817' title='bbox 2203 4714 2388 4769; x_wconf 87' lang='lat' dir='ltr'><strong>omnia</strong></span> <span class='ocrx_word' id='word_1_818' title='bbox 2423 4728 2545 4781; x_wconf 60' lang='lat' dir='ltr'><strong>qua&quot;:</strong></span> <span class='ocrx_word' id='word_1_819' title='bbox 2585 4712 2639 4765; x_wconf 92' lang='lat' dir='ltr'><strong>in</strong></span> <span class='ocrx_word' id='word_1_820' title='bbox 2682 4711 2761 4765; x_wconf 87' lang='lat' dir='ltr'><strong>eis</strong></span> <span class='ocrx_word' id='word_1_821' title='bbox 2800 4717 2958 4775; x_wconf 90' lang='lat' dir='ltr'><strong>sunt;</strong></span> <span class='ocrx_word' id='word_1_822' title='bbox 3014 4723 3175 4779; x_wconf 88' lang='lat' dir='ltr'><strong>quem</strong></span> <span class='ocrx_word' id='word_1_823' title='bbox 3210 4706 3303 4775; x_wconf 93' lang='lat' dir='ltr'><strong>qui</strong></span> <span class='ocrx_word' id='word_1_824' title='bbox 3344 4718 3470 4761; x_wconf 88' lang='lat' dir='ltr'><strong>vera</strong></span> <span class='ocrx_word' id='word_1_825' title='bbox 3502 4702 3608 4758; x_wconf 90' lang='lat' dir='ltr'><strong>ﬁde</strong></span> <span class='ocrx_word' id='word_1_826' title='bbox 3642 4700 3796 4766; x_wconf 90' lang='lat' dir='ltr'><strong>colit,</strong></span> 
     </span>
    </p>
   </div>
   <div class='ocr_carea' id='block_1_105' title="bbox 2203 4793 3793 4872">
    <p class='ocr_par' dir='ltr' id='par_1_105' title="bbox 2203 4793 3793 4872">
     <span class='ocr_line' id='line_1_106' title="bbox 2203 4793 3793 4872; baseline -0.009 -12"><span class='ocrx_word' id='word_1_827' title='bbox 2203 4807 2370 4860; x_wconf 88' lang='lat' dir='ltr'><strong>vitam</strong></span> <span class='ocrx_word' id='word_1_828' title='bbox 2398 4804 2621 4859; x_wconf 89' lang='lat' dir='ltr'><strong>habebit</strong></span> <span class='ocrx_word' id='word_1_829' title='bbox 2660 4801 3083 4872; x_wconf 88' lang='lat' dir='ltr'><strong>sempiternam;</strong></span> <span class='ocrx_word' id='word_1_830' title='bbox 3121 4798 3277 4869; x_wconf 89' lang='lat' dir='ltr'><strong>cujus</strong></span> <span class='ocrx_word' id='word_1_831' title='bbox 3306 4812 3405 4868; x_wconf 85' lang='lat' dir='ltr'><strong>ego</strong></span> <span class='ocrx_word' id='word_1_832' title='bbox 3450 4809 3661 4856; x_wconf 91' lang='lat' dir='ltr'><strong>servus,</strong></span> <span class='ocrx_word' id='word_1_833' title='bbox 3691 4793 3793 4847; x_wconf 84' lang='lat' dir='ltr'><strong>ho-</strong></span> 
     </span>
    </p>
   </div>
   <div class='ocr_carea' id='block_1_106' title="bbox 2204 4887 3799 4961">
    <p class='ocr_par' dir='ltr' id='par_1_106' title="bbox 2204 4887 3799 4961">
     <span class='ocr_line' id='line_1_107' title="bbox 2204 4887 3799 4961; baseline -0.007 -9"><span class='ocrx_word' id='word_1_834' title='bbox 2204 4899 2292 4953; x_wconf 90' lang='lat' dir='ltr'><strong>die</strong></span> <span class='ocrx_word' id='word_1_835' title='bbox 2340 4896 2438 4952; x_wconf 84' lang='lat' dir='ltr'><strong>tibi</strong></span> <span class='ocrx_word' id='word_1_836' title='bbox 2494 4895 2781 4961; x_wconf 86' lang='lat' dir='ltr'><strong>testiﬁcor,</strong></span> <span class='ocrx_word' id='word_1_837' title='bbox 2833 4902 2894 4947; x_wconf 90' lang='lat' dir='ltr'><strong>ut</strong></span> <span class='ocrx_word' id='word_1_838' title='bbox 2946 4894 3015 4948; x_wconf 87' lang='lat' dir='ltr'><strong>ab</strong></span> <span class='ocrx_word' id='word_1_839' title='bbox 3052 4890 3261 4960; x_wconf 92' lang='lat' dir='ltr'><strong>antiqui</strong></span> <span class='ocrx_word' id='word_1_840' title='bbox 3311 4888 3518 4944; x_wconf 89' lang='lat' dir='ltr'><strong>erroris</strong></span> <span class='ocrx_word' id='word_1_841' title='bbox 3555 4887 3799 4941; x_wconf 83' lang='lat' dir='ltr'><strong>vanitate</strong></span> 
     </span>
    </p>
   </div>
   <div class='ocr_carea' id='block_1_107' title="bbox 2203 4976 3793 5060">
    <p class='ocr_par' dir='ltr' id='par_1_107' title="bbox 2203 4976 3793 5060">
     <span class='ocr_line' id='line_1_108' title="bbox 2203 4976 3793 5060; baseline -0.008 -16"><span class='ocrx_word' id='word_1_842' title='bbox 2203 5005 2367 5060; x_wconf 89' lang='lat' dir='ltr'><strong>quam</strong></span> <span class='ocrx_word' id='word_1_843' title='bbox 2398 4988 2687 5043; x_wconf 87' lang='lat' dir='ltr'><strong>coluerunt</strong></span> <span class='ocrx_word' id='word_1_844' title='bbox 2714 4993 2901 5055; x_wconf 88' lang='lat' dir='ltr'><strong>patres</strong></span> <span class='ocrx_word' id='word_1_845' title='bbox 2930 4984 3029 5049; x_wconf 89' lang='lat' dir='ltr'><strong>tui,</strong></span> <span class='ocrx_word' id='word_1_846' title='bbox 3061 4983 3280 5037; x_wconf 87' lang='lat' dir='ltr'><strong>tandem</strong></span> <span class='ocrx_word' id='word_1_847' title='bbox 3318 4978 3612 5049; x_wconf 80' lang='lat' dir='ltr'><strong>aliquando</strong></span> <span class='ocrx_word' id='word_1_848' title='bbox 3654 4976 3793 5033; x_wconf 79' lang='lat' dir='ltr'><strong>resi-</strong></span> 
     </span>
    </p>
   </div>
   <div class='ocr_carea' id='block_1_108' title="bbox 2202 5141 3714 5215">
    <p class='ocr_par' dir='ltr' id='par_1_108' title="bbox 2202 5141 3714 5215">
     <span class='ocr_line' id='line_1_109' title="bbox 2202 5141 3714 5215; baseline -0.001 -15"><span class='ocrx_word' id='word_1_849' title='bbox 2202 5148 2474 5201; x_wconf 87' lang='lat' dir='ltr'><strong>Danorum</strong></span> <span class='ocrx_word' id='word_1_850' title='bbox 2513 5161 2542 5198; x_wconf 90' lang='lat' dir='ltr'><strong>a</strong></span> <span class='ocrx_word' id='word_1_851' title='bbox 2572 5161 2631 5200; x_wconf 88' lang='lat' dir='ltr'><strong>se</strong></span> <span class='ocrx_word' id='word_1_852' title='bbox 2658 5144 2988 5215; x_wconf 88' lang='lat' dir='ltr'><strong>conscripta.</strong></span> <span class='ocrx_word' id='word_1_853' title='bbox 3017 5141 3255 5215; x_wconf 61' lang='lat' dir='ltr'><strong>Manum.</strong></span> <span class='ocrx_word' id='word_1_854' title='bbox 3281 5210 3294 5215; x_wconf 85' lang='lat'><strong>_</strong></span> <span class='ocrx_word' id='word_1_855' title='bbox 3650 5202 3714 5215; x_wconf 59' lang='grc' dir='ltr'><strong>η,</strong></span> 
     </span>
    </p>
   </div>
   <div class='ocr_carea' id='block_1_109' title="bbox 2275 5202 3793 5287">
    <p class='ocr_par' dir='ltr' id='par_1_109' title="bbox 2275 5202 3793 5287">
     <span class='ocr_line' id='line_1_110' title="bbox 2275 5202 3793 5287; baseline -0.009 -18"><span class='ocrx_word' id='word_1_856' title='bbox 2275 5229 2296 5256; x_wconf 76' lang='grc' dir='ltr'>ε</span> <span class='ocrx_word' id='word_1_857' title='bbox 2338 5215 2691 5287; x_wconf 63' lang='lat' dir='ltr'><strong>f&#39;ositesland.</strong></span> <span class='ocrx_word' id='word_1_858' title='bbox 2734 5202 2976 5287; x_wconf 78' lang='lat' dir='ltr'><strong>Adamus</strong></span> <span class='ocrx_word' id='word_1_859' title='bbox 3016 5210 3329 5287; x_wconf 85' lang='lat' dir='ltr'><strong>Bremensis</strong></span> <span class='ocrx_word' id='word_1_860' title='bbox 3366 5209 3493 5287; x_wconf 61' lang='lat' dir='ltr'><strong>libr.</strong></span> <span class='ocrx_word' id='word_1_861' title='bbox 3522 5221 3615 5287; x_wconf 44' lang='grc' dir='ltr'><strong>ἰν.</strong></span> <span class='ocrx_word' id='word_1_862' title='bbox 3650 5202 3793 5287; x_wconf 78' lang='lat' dir='ltr'><strong>Hist.</strong></span> 
     </span>
    </p>
   </div>
   <div class='ocr_carea' id='block_1_110' title="bbox 2206 5272 3791 5343">
    <p class='ocr_par' dir='ltr' id='par_1_110' title="bbox 2206 5272 3791 5343">
     <span class='ocr_line' id='line_1_111' title="bbox 2206 5272 3791 5343; baseline -0.01 -2"><span class='ocrx_word' id='word_1_863' title='bbox 2206 5286 2650 5343; x_wconf 77' lang='lat' dir='ltr'><strong>Fositcstandiam</strong></span> <span class='ocrx_word' id='word_1_864' title='bbox 2676 5286 2923 5341; x_wconf 78' lang='lat' dir='ltr'><strong>eamdem</strong></span> <span class='ocrx_word' id='word_1_865' title='bbox 2952 5299 3074 5339; x_wconf 89' lang='lat' dir='ltr'><strong>esse</strong></span> <span class='ocrx_word' id='word_1_866' title='bbox 3102 5283 3180 5336; x_wconf 91' lang='lat' dir='ltr'><strong>ait</strong></span> <span class='ocrx_word' id='word_1_867' title='bbox 3223 5295 3346 5337; x_wconf 88' lang='lat' dir='ltr'><strong>cum</strong></span> <span class='ocrx_word' id='word_1_868' title='bbox 3373 5278 3570 5332; x_wconf 86' lang='lat' dir='ltr'><strong>Farria</strong></span> <span class='ocrx_word' id='word_1_869' title='bbox 3596 5272 3791 5333; x_wconf 81' lang='lat' dir='ltr'><strong>insula,</strong></span> 
     </span>
    </p>
   </div>
   <div class='ocr_carea' id='block_1_111' title="bbox 2201 5347 3793 5430">
    <p class='ocr_par' dir='ltr' id='par_1_111' title="bbox 2201 5347 3793 5430">
     <span class='ocr_line' id='line_1_112' title="bbox 2201 5347 3793 5430; baseline -0.009 -19"><span class='ocrx_word' id='word_1_870' title='bbox 2201 5377 2315 5430; x_wconf 72' lang='lat' dir='ltr'><strong>qutr</strong></span> <span class='ocrx_word' id='word_1_871' title='bbox 2346 5359 2399 5411; x_wconf 87' lang='lat' dir='ltr'><strong>in</strong></span> <span class='ocrx_word' id='word_1_872' title='bbox 2438 5359 2569 5411; x_wconf 85' lang='lat' dir='ltr'><strong>ostio</strong></span> <span class='ocrx_word' id='word_1_873' title='bbox 2599 5358 2834 5430; x_wconf 68' lang='lat' dir='ltr'><strong>fluminis</strong></span> <span class='ocrx_word' id='word_1_874' title='bbox 2862 5354 3043 5430; x_wconf 77' lang='lat' dir='ltr'><strong>_Albia:</strong></span> <span class='ocrx_word' id='word_1_875' title='bbox 3092 5355 3482 5430; x_wconf 75' lang='lat' dir='ltr'><strong>longo_rccessu</strong></span> <span class='ocrx_word' id='word_1_876' title='bbox 3511 5347 3659 5430; x_wconf 66' lang='lat' dir='ltr'><strong>latet,</strong></span> <span class='ocrx_word' id='word_1_877' title='bbox 3684 5352 3793 5430; x_wconf 70' lang='lat' dir='ltr'><strong>etc.</strong></span> 
     </span>
    </p>
   </div>
   <div class='ocr_carea' id='block_1_112' title="bbox 2206 5414 3795 5500">
    <p class='ocr_par' dir='ltr' id='par_1_112' title="bbox 2206 5414 3795 5500">
     <span class='ocr_line' id='line_1_113' title="bbox 2206 5414 3795 5500; baseline -0.009 -17"><span class='ocrx_word' id='word_1_878' title='bbox 2206 5414 2253 5483; x_wconf 70' lang='grc' dir='ltr'><strong>ἐι</strong></span> <span class='ocrx_word' id='word_1_879' title='bbox 2279 5430 2381 5483; x_wconf 75' lang='lat' dir='ltr'><strong>sita</strong></span> <span class='ocrx_word' id='word_1_880' title='bbox 2410 5439 2484 5483; x_wconf 80' lang='lat' dir='ltr'><strong>est</strong></span> <span class='ocrx_word' id='word_1_881' title='bbox 2513 5430 2567 5481; x_wconf 87' lang='lat' dir='ltr'><strong>in</strong></span> <span class='ocrx_word' id='word_1_882' title='bbox 2599 5414 2825 5500; x_wconf 54' lang='lat' dir='ltr'><strong>conﬁnio</strong></span> <span class='ocrx_word' id='word_1_883' title='bbox 2852 5414 3549 5500; x_wconf 55' lang='lat' dir='ltr'><strong>Denarum_et_Fresonunt.</strong></span> <span class='ocrx_word' id='word_1_884' title='bbox 3574 5414 3795 5500; x_wconf 47' lang='lat' dir='ltr'><strong>Eadem</strong></span> 
     </span>
    </p>
   </div>
   <div class='ocr_carea' id='block_1_113' title="bbox 2208 5490 3799 5567">
    <p class='ocr_par' dir='ltr' id='par_1_113' title="bbox 2208 5490 3799 5567">
     <span class='ocr_line' id='line_1_114' title="bbox 2208 5490 3799 5567; baseline -0.012 -12"><span class='ocrx_word' id='word_1_885' title='bbox 2208 5500 2391 5555; x_wconf 86' lang='lat' dir='ltr'><strong>insula’</strong></span> <span class='ocrx_word' id='word_1_886' title='bbox 2414 5500 2480 5552; x_wconf 91' lang='lat' dir='ltr'><strong>ah</strong></span> <span class='ocrx_word' id='word_1_887' title='bbox 2511 5490 2917 5567; x_wconf 82' lang='lat' dir='ltr'><strong>archiepiscopo</strong></span> <span class='ocrx_word' id='word_1_888' title='bbox 2948 5494 3259 5567; x_wconf 78' lang='lat' dir='ltr'><strong>habitabilis</strong></span> <span class='ocrx_word' id='word_1_889' title='bbox 3302 5493 3444 5547; x_wconf 89' lang='lat' dir='ltr'><strong>facta</strong></span> <span class='ocrx_word' id='word_1_890' title='bbox 3481 5490 3707 5549; x_wconf 88' lang='lat' dir='ltr'><strong>dicitur,</strong></span> <span class='ocrx_word' id='word_1_891' title='bbox 3740 5493 3799 5538; x_wconf 88' lang='lat' dir='ltr'><strong>et</strong></span> 
     </span>
    </p>
   </div>
   <div class='ocr_carea' id='block_1_114' title="bbox 2210 5564 3752 5636">
    <p class='ocr_par' dir='ltr' id='par_1_114' title="bbox 2210 5564 3752 5636">
     <span class='ocr_line' id='line_1_115' title="bbox 2210 5564 3752 5636; baseline -0.006 -11"><span class='ocrx_word' id='word_1_892' title='bbox 2210 5571 2541 5625; x_wconf 82' lang='lat' dir='ltr'><strong>monasterio</strong></span> <span class='ocrx_word' id='word_1_893' title='bbox 2564 5564 3151 5623; x_wconf 81' lang='lat' dir='ltr'><strong>lleiloensi-illustrata.</strong></span> <span class='ocrx_word' id='word_1_894' title='bbox 3176 5564 3405 5619; x_wconf 59' lang='lat' dir='ltr'><strong>Manum.</strong></span> <span class='ocrx_word' id='word_1_895' title='bbox 3528 5631 3541 5636; x_wconf 93' lang='lat'><strong><em>_</em></strong></span> <span class='ocrx_word' id='word_1_896' title='bbox 3691 5633 3698 5636; x_wconf 15' lang='grc' dir='ltr'><strong>Α</strong></span> <span class='ocrx_word' id='word_1_897' title='bbox 3740 5626 3752 5636; x_wconf 32' lang='grc' dir='ltr'>ν</span> 
     </span>
    </p>
   </div>
   <div class='ocr_carea' id='block_1_115' title="bbox 2280 5631 3797 5706">
    <p class='ocr_par' dir='ltr' id='par_1_115' title="bbox 2280 5631 3797 5706">
     <span class='ocr_line' id='line_1_116' title="bbox 2280 5631 3797 5706; baseline -0.011 -12"><span class='ocrx_word' id='word_1_898' title='bbox 2280 5642 2305 5679; x_wconf 77' lang='grc' dir='ltr'><strong>σι</strong></span> <span class='ocrx_word' id='word_1_899' title='bbox 2340 5641 2471 5706; x_wconf 71' lang='lat' dir='ltr'><strong>Quae</strong></span> <span class='ocrx_word' id='word_1_900' title='bbox 2494 5642 2581 5696; x_wconf 91' lang='lat' dir='ltr'><strong>hic</strong></span> <span class='ocrx_word' id='word_1_901' title='bbox 2609 5649 2658 5692; x_wconf 85' lang='lat' dir='ltr'><strong>et</strong></span> <span class='ocrx_word' id='word_1_902' title='bbox 2695 5638 2833 5693; x_wconf 84' lang='lat' dir='ltr'><strong>infra</strong></span> <span class='ocrx_word' id='word_1_903' title='bbox 2867 5638 3079 5693; x_wconf 90' lang='lat' dir='ltr'><strong>uncinis</strong></span> <span class='ocrx_word' id='word_1_904' title='bbox 3102 5636 3309 5693; x_wconf 87' lang='lat' dir='ltr'><strong>inclusa</strong></span> <span class='ocrx_word' id='word_1_905' title='bbox 3334 5641 3481 5697; x_wconf 89' lang='lat' dir='ltr'><strong>sunt,</strong></span> <span class='ocrx_word' id='word_1_906' title='bbox 3512 5631 3706 5687; x_wconf 84' lang='lat' dir='ltr'><strong>desunt</strong></span> <span class='ocrx_word' id='word_1_907' title='bbox 3739 5631 3797 5679; x_wconf 88' lang='lat' dir='ltr'><strong>in</strong></span> 
     </span>
    </p>
   </div>
   <div class='ocr_carea' id='block_1_116' title="bbox 2212 5712 2349 5767">
    <p class='ocr_par' dir='ltr' id='par_1_116' title="bbox 2212 5712 2349 5767">
     <span class='ocr_line' id='line_1_117' title="bbox 2212 5712 2349 5767; baseline -0.022 -1"><span class='ocrx_word' id='word_1_908' title='bbox 2212 5712 2349 5767; x_wconf 79' lang='lat' dir='ltr'><strong>Mab.</strong></span> 
     </span>
    </p>
   </div>
  </div>
