4112 6650
255 525 348 582 τοι

958 522 1543 586 ΗᾹΟῙΟΟΒΑΡΙΙΙΟΔ.
1583 554 1653 563 --
1693 521 1849 578 ΠΤᾹ

1995 522 2477 580 WILLIBRORDI.
2517 556 2585 566 ——
2628 526 2754 581 LIB.
2792 525 2835 581 1.

3437 521 3544 580 7οέ

250 638 453 709 piscas,
499 646 555 691 et
599 635 832 692 credens
879 637 932 690 in
983 652 1150 691 unum
1195 637 1366 692 Deum
1412 637 1837 706 omnipotentem
1875 643 1919 698 Α
1948 638 2160 711 rantim]
2203 641 2524 712 ignorantia:
2567 641 2737 696 latere
2784 641 3019 706 sinebat,
3046 640 3138 696 sed
3173 649 3342 695 totam
3373 651 3540 692 eran-

252 729 561 803 |Dominum
613 741 858 784 nostrum
885 726 1067 785 Jesum
1094 728 1418 802 Christum],
1449 737 1504 783 et
1531 729 1658 783 vita:
1693 727 1840 782 fonte

249 825 581 897 baptizatus,
626 824 816 878 abluas
856 823 1040 878 omnia
1077 833 1302 893 peccata
1337 831 1449 888 tua,
1499 831 1552 878 et
1596 822 1840 893 projecta

247 918 396 974 omni
432 917 720 986 iniquitate
748 924 802 970 ct
844 914 1131 984 iujustitia,
1172 915 1431 984 deinceps
1466 930 1639 970 novus
1679 915 1843 968 homo

248 1009 403 1065 vivas
458 1009 513 1063 in
565 1007 711 1062 omni
762 1008 1092 1072 sobrietate,
1139 1005 1356 1074 justitia
1419 1015 1474 1062 et
1529 1005 1839 1060 sanctitate.

254 1102 367 1160 doc
394 1103 558 1175 188
597 1101 823 1167 faciens,
854 1118 978 1158 cum
1001 1101 1113 1156 Dee
1143 1109 1197 1155 et
1227 1101 1436 1154 sanctis
1469 1101 1588 1170 ejus
1617 1100 1842 1170 gloriam

251 1195 446 1270 [Mab.,
474 1193 665 1267 vitam]
695 1195 999 1264 possidebis
1042 1196 1453 1262 sempiternam.
1499 1191 1554 1245 Si
1586 1208 1720 1246 vero
1758 1205 1844 1246 me

249 1288 556 1345 contemnis
580 1285 723 1342 viam
760 1287 950 1344 salutis
986 1287 1082 1340 tibi
1111 1286 1508 1347 ostendentem,
1544 1285 1683 1338 scito
1725 1300 1845 1339 cer-

252 1382 462 1437 tissime
488 1379 632 1451 quod
660 1389 860 1435 aeterna
886 1378 1148 1449 supplicia
1180 1387 1234 1431 et
1274 1375 1568 1434 infcrnales
1593 1374 1845 1431 ﬂammas

253 1483 311 1530 tu
341 1489 465 1530 cum
514 1471 745 1534 diabolo,
795 1471 883 1526 cui
932 1472 1298 1540 obtemperas,
1351 1468 1717 1525 sustinebis.»
1763 1467 1846 1522 Ad

253 1567 370 1621 haec
419 1579 513 1618 rex
567 1563 798 1619 miratus
831 1561 1147 1632 respondit:
1183 1581 1200 1610 ‹
1236 1560 1406 1614 Video
1442 1570 1495 1613 te
1533 1561 1706 1614 minas
1750 1577 1847 1615 no—

255 1665 398 1712 stras
448 1672 554 1713 non
604 1657 895 1720 metuisse,
950 1663 1005 1708 et
1052 1655 1216 1708 veria
1266 1661 1360 1708 tua
1411 1669 1562 1718 esse,
1612 1653 1752 1707 sicut
1795 1661 1848 1707 et

253 1760 438 1816 opera.
474 1767 492 1799 ι
555 1747 667 1802 Etsi
721 1754 906 1801 autem
963 1745 1132 1800 nollet
1189 1744 1440 1802 veritatis
1500 1745 1846 1813 prmdieatori

254 1839 498 1903 credere,
553 1847 736 1898 tamen
790 1839 856 1893 ad
912 1838 1200 1908 Pippinum
1255 1837 1455 1894 ducem
1510 1836 1848 1892 Francorum

252 1944 379 1987 eum
415 1944 540 1985 cum
579 1929 784 1984 honore
824 1928 1054 1984 remisit.

323 2021 456 2077 Car.
504 2021 574 2077 XI
614 2020 785 2095 [Mab.
815 2020 938 2093 1n].
987 2020 1055 2076 In
1081 2019 1319 2076 Francia
1360 2020 1708 2093 Evongelium
1757 2038 1847 2078 ar—
1885 1991 1926 2051 Β

251 2111 779 2186 dentius'pra'dicat.
817 2114 901 2169 Ea:
927 2113 1116 2168 oblatis
1155 2113 1312 2168 donis
1346 2112 1613 2176 ecclesias,
1658 2114 1848 2184 ubique

256 2204 514 2261 ordinatis
541 2205 874 2276 presbyteris,
907 2203 1157 2274 wdiﬁcat.
1176 2234 1247 2244 —-
1268 2202 1370 2269 Qui
1405 2203 1460 2256 in
1487 2201 1604 2271 ejus
1634 2203 1850 2257 laetatus

257 2297 491 2354 adventu
534 2299 749 2370 rogavit
774 2313 897 2353 eum
950 2297 1221 2352 destinato
1252 2296 1404 2352 verbi
1437 2297 1533 2352 Dei
1576 2297 1726 2366 operi
1769 2297 1851 2350 in-

258 2390 495 2458 sistere,
536 2390 942 2460 eradicatisque
993 2389 1314 2446 idololatriae
1367 2389 1570 2460 spinis,
1621 2389 1849 2442 verbum

259 2482 355 2538 Dei
399 2482 666 2538 instanter
702 2498 805 2553 per
841 2481 960 2537 loca
998 2481 1210 2553 singula
1258 2495 1460 2537 serere.
1501 2480 1658 2548 Quod
1685 2481 1851 2535 etiam

258 2577 379 2646 pius
424 2575 751 2646 prmdicator
799 2573 946 2630 haud
994 2572 1235 2644 segniter
1279 2571 1506 2643 implere
1549 2567 1849 2645 satagebat,

256 2667 590 2724 circumiens
630 2681 822 2722 omnes
865 2665 1012 2720 illius
1045 2673 1208 2720 terra:
1239 2664 1509 2736 regiones,
1538 2677 1637 2733 per
1662 2663 1850 2727 urbes,

260 2757 441 2822 vicos,
497 2757 755 2824 castella,
801 2756 892 2811 ubi
941 2756 1094 2827 prius
1128 2754 1600 2827 evangelizaverat
1656 2752 1849 2827 [Mab.,

259 2848 711 2923 evangelizahat],
771 2849 1070 2905 exhortans
1130 2863 1320 2904 omnes
1381 2856 1652 2918 quatenus
1713 2846 1856 2901 bono

260 2943 428 3000 animi
449 2943 728 3015 proposito
750 2941 806 2998 in
828 2957 973 2998 verae
999 2940 1125 2998 ﬁdei
1155 2947 1546 3013 permanerent
1574 2938 1852 2997 ﬁrmitate.

265 3038 332 3093 Et
358 3035 487 3092 dum
520 3050 621 3106 per
662 3033 908 3108 singulos
949 3034 1066 3090 dies
1112 3047 1375 3088 numerus
1417 3031 1698 3088 crescebat
1727 3029 1860 3085 ﬁde-

263 3133 419 3198 lium,
447 3137 506 3187 et
531 3130 704 3201 major
731 3127 1073 3184 credentium
1103 3127 1264 3182 turba
1305 3126 1371 3181 ad
1397 3124 1550 3180 verbi
1576 3123 1672 3204 Dei
1699 3122 1858 3194 agni-

265 3227 468 3282 tionem
514 3221 841 3288 conﬂuebat,
873 3228 1158 3291 coeperunt
1196 3217 1435 3290 plurimi,
1471 3217 1598 3274 ﬁdei
1647 3217 1860 3272 fervore

266 3319 502 3386 incitati,
529 3316 859 3390 patrimonia
885 3331 982 3372 sua
1011 3315 1130 3372 viro
1158 3313 1254 3369 Dei
1281 3311 1498 3370 offerre.
1535 3311 1745 3380 Quibus
1770 3309 1860 3368 ille

267 3412 528 3484 acceptis,
557 3426 685 3466 mox
723 3407 984 3466 ecclesias
1024 3407 1079 3463 in
1117 3405 1200 3462 eis
1222 3403 1494 3460 :ediﬁcare
1527 3401 1712 3474 jussit,
1740 3409 1858 3458 sta—

269 3504 482 3574 tuitque
509 3517 610 3575 per
639 3517 735 3557 eas
777 3499 1019 3573 singulos
1064 3497 1439 3571 presbyteros,
1487 3503 1544 3552 et
1581 3493 1736 3551 verbi
1764 3493 1862 3550 Dei
1895 3535 1898 3538 .

268 3596 375 3653 sibi
409 3602 812 3666 cooperatores,
851 3600 1123 3662 quatenus
1164 3604 1338 3645 novus
1366 3589 1461 3648 Dei
1501 3587 1735 3663 populus
1765 3588 1866 3643 ha—

269 3692 443 3753 beret,
477 3701 586 3759 quo
623 3700 683 3741 se
716 3684 906 3741 diebus
948 3681 1104 3738 festis
1135 3687 1513 3752 congregaret,
1544 3679 1630 3735 vel
1662 3678 1867 3733 saluta-

271 3795 364 3839 res
387 3779 602 3835 audiret
631 3776 1050 3840 admonitiones,
1075 3774 1162 3830 vel
1201 3790 1234 3829 a
1287 3773 1486 3845 quibus
1517 3770 1659 3827 sacri
1690 3769 1868 3842 bapti-

273 3875 466 3931 smatis
489 3886 712 3928 munera
760 3871 1065 3940 acciperet,
1121 3877 1178 3923 et
1221 3865 1546 3924 Christianae
1591 3863 1870 3936 religionis

273 3969 488 4024 litteras
515 3963 734 4039 [Serius
759 3973 808 4018 et
837 3961 1073 4028 Mabill.,
1098 3957 1338 4032 regulas]
1380 3959 1665 4016 edisceret.
1697 3957 1763 4014 Et
1795 3957 1869 4012 ita

275 4059 362 4116 vir
386 4057 484 4114 Dei
525 4056 700 4129 magis
735 4070 800 4111 ac
831 4055 1004 4126 magis
1036 4055 1104 4111 de
1132 4053 1219 4110 die
1263 4053 1320 4108 in
1347 4051 1490 4108 diem
1510 4093 1525 4117 ,
1555 4050 1740 4105 divina
1778 4049 1872 4105 do—

277 4161 443 4210 nante
476 4151 676 4225 gratia,
709 4147 1049 4220 proﬁciebat.

348 4245 480 4303 Car.
520 4243 616 4301 XII
663 4242 834 4318 [Mab.
868 4241 1016 4314 xm].
1070 4240 1294 4297 Carolus
1352 4237 1632 4295 Martellus
1677 4235 1872 4291 multas

279 4349 455 4412 gentes
493 4336 700 4391 devicit.
749 4332 809 4391 S.
837 4332 1218 4389 Willibrordus
1267 4331 1327 4401 ﬁt
1376 4331 1646 4402 cpiscOpus
1691 4326 1875 4398 Traje-

281 4431 490 4489 ctensis.
509 4461 580 4472 —-
601 4429 842 4501 Contigit
867 4436 1048 4483 autem
1072 4426 1380 4498 Pippinum,
1410 4425 1602 4480 duceni
1631 4421 1874 4476 Franco-

287 4541 431 4591 rum,
450 4525 592 4579 diem
617 4522 790 4588 obire,
809 4528 864 4576 et
889 4519 1057 4574 ﬁlium
1087 4518 1203 4587 ejus
1224 4517 1480 4573 Carolum
1506 4531 1676 4586 regno
1701 4513 1877 4585 patris

287 4616 448 4688 potiri
467 4604 489 4681 ς’
533 4614 626 4684 qui
669 4612 868 4666 nniltas
905 4619 1096 4682 gentes
1141 4610 1372 4680 sceptris
1418 4608 1617 4679 adjecit
1643 4606 1879 4661 Franco-

287 4715 409 4763 rum
441 4725 454 4760 :
489 4707 632 4761 inter
681 4719 818 4776 quas
864 4704 1028 4759 etiam
1077 4718 1199 4758 cum
1242 4702 1505 4773 triumphi
1553 4699 1725 4771 gloria
1759 4698 1878 4752 Fri-

289 4800 448 4865 siam,
483 4797 694 4852 devicto
720 4794 1006 4861 Radbodo.
1035 4802 1264 4865 paterno
1307 4790 1678 4864 superaddidit
1709 4789 1880 4860 impe-

290 4890 390 4945 rio.
429 4888 488 4943 In
517 4903 623 4958 qua
663 4895 791 4941 tunc
819 4894 977 4957 gente
1006 4893 1228 4940 sanctus
1256 4883 1642 4939 Willibrordus
1675 4883 1884 4954 positus

291 4989 377 5037 est
417 4979 762 5052 prmdicator,
808 4977 1032 5048 sedique
1071 4976 1364 5047 episcopali
1406 4977 1460 5031 in
1503 4975 1753 5044 Trajecto
1795 4992 1886 5031 ca-

293 5074 451 5132 stello
507 5071 786 5144 delegatus
842 5081 927 5126 est
953 5083 1001 5124 ιι.
1061 5070 1164 5137 Qui
1225 5069 1415 5138 majori
1479 5069 1885 5142 evangelizandi

292 5167 580 5225 occasione
620 5172 866 5234 accepta,
903 5178 1077 5233 nuper
1105 5162 1284 5234 gladio
1313 5161 1632 5231 acquisitam
1671 5169 1886 5230 gentem

298 5273 458 5315 sacro
504 5258 832 5328 baptismate
881 5256 1101 5310 abluere
1151 5263 1379 5309 conatus
1427 5262 1528 5308 est.
1587 5253 1698 5307 Nec.
1736 5253 1891 5322 quid-

299 5365 462 5422 quam
495 5349 548 5403 in
575 5365 638 5402 ea
661 5349 859 5403 vetusti
887 5347 1112 5412 erroris,
1139 5361 1236 5400 nec
1265 5344 1502 5400 tenebris
1530 5343 1770 5417 [Surius,
1796 5359 1893 5395 nec

301 5439 572 5495 tenebras.
608 5437 775 5505 Mab.,
800 5439 999 5493 vetusti
1043 5437 1246 5492 erroris
1275 5436 1624 5490 tenebrarum
1653 5441 1707 5487 et
1741 5434 1890 5502 igno-

377 5611 403 5639 ιι
451 5597 517 5652 In
543 5598 784 5668 ijecto
825 5595 1041 5651 castello
1085 5596 1350 5668 delegatus
1394 5603 1489 5648 est.
1535 5593 1897 5668 Bedz_e__potius

307 5663 674 5725 accedendum
717 5668 996 5722 existimat
1045 5663 1412 5730 Mabillonius,
1466 5666 1557 5734 qui
1604 5663 1898 5718 Willihror—

308 5742 436 5796 dum
461 5740 771 5810 episcopum
798 5737 1392 5810 'l‘rajectopraifectuin
1415 5754 1444 5791 a
1476 5735 1900 5810 Pippinofuisse

311 5805 544 5866 affirmat
596 5805 716 5865 libr.
750 5827 800 5875 v,
850 5805 968 5880 cap.
1021 5805 1100 5864 l2:
1153 5809 1293 5880 Lege
1342 5805 1762 5878 ipsum’Mabill.
1813 5805 1902 5860 hic

313 5884 369 5938 in
402 5891 515 5939 not.

386 5953 412 5992 δ
435 5953 515 6007 Ad
542 5952 825 6024 quamdam
850 5950 1023 6024 rillam
1045 5950 1387 6024 lfala‘clirum
1419 5947 1898 6024 nomittc‘laiabillq

320 6023 400 6077 Ad
436 6019 718 6096 quamdam
765 6021 1037 6094 insulam].
1086 6020 1337 6075 Walacra
1384 6036 1479 6074 seu
1511 6019 1784 6074 Walacria
1837 6035 1901 6074 ex

1940 731 2108 803 gelica
2151 731 2270 786 luce
2307 731 2424 786 sine
2465 732 2723 789 dilatione
2761 731 3145 804 perfundebat,
3191 735 3266 785 ita
3295 738 3354 784 ut
3394 729 3447 783 iu
3473 742 3542 779 en

1938 825 2138 896 populo
2186 824 2367 880 subito
2406 826 2785 896 prepheticum
2839 826 2968 881 illud
3017 824 3333 894 impleretur
3385 820 3541 877 testi-

1943 919 2184 974 monium
2220 936 2235 974 :
2271 918 2339 973 Et
2366 920 2485 984 erit,
2513 921 2568 974 in
2603 918 2736 983 loco,
2761 919 2853 972 ubi
2887 919 3094 972 dicetur
3125 919 3200 972 eis
3234 933 3250 969 :
3287 915 3409 970 Non
3447 932 3540 984 po-

1941 1009 2098 1080 pulus
2119 1027 2239 1076 vos;
2275 1010 2480 1065 dicetur
2503 1011 2578 1065 eis
2601 1025 2618 1062 :
2645 1009 2775 1065 Filii
2799 1011 2896 1066 Dei
2922 1010 3136 1065 uiuentis
3161 1007 3336 1080 (Osca!
3361 1025 3396 1070 I,
3426 1006 3539 1076 l0).

1941 1103 2179 1158 Plurima
2201 1119 2416 1173 quoque
2445 1103 2626 1161 divina
2658 1103 2832 1158 virtus
2861 1101 2991 1157 fecit
3012 1116 3110 1171 per
3140 1115 3356 1156 servum
3384 1114 3542 1154 suum

1945 1196 2227 1250 miracula.
2279 1195 2432 1250 Licet
2478 1195 2628 1250 omni
2681 1193 3073 1249 miraculorum
3123 1191 3429 1262 Operationi
3487 1198 3547 1244 et

1944 1271 2221 1358 signorum
2262 1287 2564 1342 ostensioni
2613 1286 2980 1348 ministerium
3022 1283 3350 1355 evangelica:
3405 1297 3545 1354 pra:-

1945 1380 2230 1444 dicatiouis
2266 1378 2664 1448 praeferendum
2693 1381 2795 1444 sit;
2840 1387 3022 1433 tamen
3058 1393 3180 1448 qum
3218 1385 3368 1449 gesta
3417 1391 3542 1430 nar-

1947 1482 2157 1534 rantur,
2200 1473 2266 1525 ad
2296 1471 2526 1542 gloriam
2567 1472 2819 1526 donantis
2865 1471 2960 1524 Dei
3003 1486 3109 1526 non
3159 1470 3386 1525 tacenda
3422 1483 3547 1524 esse

1946 1577 2164 1627 censeo,
2207 1563 2300 1618 sed
2336 1564 2508 1634 magis
2551 1562 2692 1634 style
2732 1562 3029 1632 alliganda,
3072 1577 3142 1615 ne
3180 1569 3407 1632 pereant
3443 1574 3544 1630 po—

1949 1657 2111 1711 steris
2150 1657 2384 1721 saeculis,
2440 1671 2560 1726 qua:
2613 1655 2809 1726 priscis
2863 1653 3201 1724 temporibus
3254 1661 3375 1706 acta
3425 1664 3550 1705 esse

1951 1755 2272 1803 noscuntur.

2021 1839 2152 1895 CAP.
2186 1840 2299 1894 Xlll
2341 1839 2514 1912 {Mal}.
2562 1838 2700 1911 le].
2754 1838 2966 1892 Idolum
3001 1838 3306 1908 confringit.
3357 1834 3549 1890 Gladio

1953 1949 2228 2001 percussus
2256 1932 2330 1985 nil
2358 1931 2588 1987 la‘ditur.
2637 1929 2780 1984 Ultio
2806 1931 2986 1985 divino
3012 1930 3067 1984 in
3096 1944 3552 1998 percussorem.—

1955 2023 2202 2089 Quodam
2245 2023 2411 2094 igitur
2451 2033 2727 2094 tempore,
2772 2023 2899 2077 dum
2948 2021 3274 2077 venerabilis
3321 2021 3402 2074 vir
3447 2021 3555 2074 iter

1953 2115 2360 2186 evangelizandi
2392 2131 2543 2171 more
2569 2115 2729 2171 solito
2760 2122 2965 2185 ageret,
2994 2113 3144 2168 venit
3170 2113 3236 2166 ad
3259 2113 3551 2182 quamdam

1954 2207 2138 2260 villam
2175 2207 2515 2262 Walacbrum
2545 2206 2768 2262 nomine
2794 2207 2844 2272 ιι,
2875 2207 2928 2262 in
2959 2222 3068 2277 qua
3099 2206 3308 2274 antiqui
3344 2205 3553 2260 erroris

1957 2300 2159 2356 idolum
2199 2302 2465 2357 remansit
2495 2320 2508 2355 :
2540 2300 2632 2374 {ad
2666 2301 2812 2371 quod
2855 2308 3061 2356 statuto
3093 2311 3335 2368 tempore
3375 2300 3555 2354 omnis

1956 2389 2390 2461 congregabatur
2433 2391 2682 2460 populus,
2727 2390 2856 2447 illud
2905 2390 3092 2446 colens
3133 2405 3344 2445 summa
3392 2405 3555 2443 vene-

1958 2480 2210 2553 ratione].
2243 2482 2398 2550 Quod
2424 2498 2548 2538 cum
2580 2483 2665 2537 vir
2691 2483 2786 2538 Dei
2816 2483 2931 2538 zelo
2964 2482 3181 2537 fervens
3209 2481 3556 2552 confringere

1957 2572 2268 2646 [uiteretur,
2300 2591 2364 2631 ac
2394 2591 2592 2632 nomen
2621 2575 2803 2630 delere
2831 2577 2897 2631 de
2931 2577 3033 2633 sub
3065 2575 3254 2648 coelo},
3280 2585 3553 2643 pnescnte

1959 2666 2200 2737 ejusdem
2241 2668 2368 2724 idoli
2403 2669 2648 2736 custode,
2684 2669 2855 2726 nimio
2886 2667 3072 2725 furore
3109 2685 3404 2726 succensus
3442 2669 3557 2736 ille,

1958 2761 2117 2830 quasi
2155 2762 2247 2818 Dei
2277 2763 2361 2818 sui
2403 2761 2659 2832 iniuriam
2693 2761 3023 2828 vindicaret,
3055 2764 3110 2817 in
3148 2763 3352 2832 impetu
3393 2763 3560 2818 animi

1961 2853 2308 2920 insanientis,
2341 2854 2522 2926 gladio
2559 2862 2720 2925 caput
2761 2855 3063 2911 sacerdotis
3090 2853 3293 2909 Christi
3339 2871 3561 2925 percus-

1961 2945 2068 2999 sit:
2100 2945 2194 3001 sed
2226 2945 2338 3001 Deo
2385 2945 2716 3002 defendente
2761 2961 2980 3004 servum
3031 2962 3212 3011 suum,
3259 2948 3462 3003 nullam
3493 2965 3560 3003 ex

1963 3035 2074 3090 ictu
2125 3033 2376 3091 ferientis
2425 3035 2681 3092 laesuram
2734 3039 2999 3097 sustinuit
3044 3037 3239 3112 [Μαιιη
3287 3038 3558 3111 incurrit].

1965 3126 2111 3184 Socii
2151 3143 2281 3183 vero
2327 3129 2471 3185 illius
2511 3129 2621 3186 hoc
2661 3130 2933 3198 videntes,
2973 3132 3267 3203 pessimam
3299 3148 3562 3202 prmsum-

1963 3219 2204 3290 ptionem
2249 3219 2400 3292 impii
2440 3221 2678 3277 hominis
2717 3221 2941 3296 [morte]
2969 3223 3249 3279 vindicare
3273 3237 3566 3280 concurre-

1966 3323 2113 3366 runt.
2145 3312 2253 3368 Sed
2289 3329 2321 3368 a
2345 3313 2463 3368 viro
2486 3312 2583 3369 Dei
2619 3315 2709 3385 pio
2743 3316 2929 3371 animo
2956 3318 3025 3371 de
3049 3315 3305 3372 manibus
3351 3316 3564 3371 illorum

1967 3403 2229 3460 liberatus
2257 3415 2344 3461 est
2387 3420 2514 3462 reus
2560 3422 2625 3462 ac
2665 3407 2972 3463 dimissus:
3004 3407 3097 3478 qui
3147 3416 3329 3463 tamen
3372 3409 3566 3464 eodem

1963 3497 2053 3552 die
2095 3496 2429 3553 daemoniaco
2481 3498 2678 3568 spiritu
2727 3506 2984 3568 arreptus
3033 3507 3141 3564 est,
3182 3507 3239 3554 et
3282 3499 3370 3554 die
3406 3498 3568 3553 tertia

1965 3586 2255 3643 infelic'ter
2298 3588 2554 3644 miseram
2599 3589 2769 3644 vitam
2812 3588 3007 3644 ﬁnivit.
3052 3587 3121 3644 Et
3165 3591 3293 3660 quia
3335 3590 3422 3644 vir
3443 3589 3564 3656 Dei,

1960 3677 2116 3746 juxta
2139 3689 2468 3750 praeceptum
2493 3679 2729 3746 Domini,
2754 3695 2882 3736 snas
2911 3680 3140 3752 injurias
3160 3681 3346 3737 ulcisci
3373 3681 3570 3747 noluit,

1968 3771 2129 3824 citius
2159 3769 2388 3843 [tamen]
2427 3786 2458 3824 a
2485 3769 2717 3826 Domino
2750 3771 3059 3828 vindicatus
3087 3779 3194 3838 est,
3219 3772 3377 3842 juxta
3407 3772 3568 3827 illud:

1972 3862 2106 3916 Mihi
2177 3863 2487 3929 vindictam,
2531 3873 2580 3919 et
2622 3879 2718 3934 ego
2767 3863 3082 3932 retribuam,
3139 3865 3268 3919 dicit
3314 3864 3572 3921 Dominus

1971 3953 2152 4026 (Rom.
2189 3971 2286 4020 xu,
2325 3952 2443 4024 i9).

2049 4067 2212 4138 189
2231 4065 2361 4122 Car.
2393 4064 2511 4122 XIV
2542 4065 2710 4139 [Mab.
2738 4067 2852 4141 xv].
2881 4067 3036 4135 Quod
3061 4068 3278 4141 quidam
3303 4070 3393 4142 qui
3423 4087 3570 4126 serra

1954 4156 2074 4216 'Dei
2119 4159 2486 4226 maledixerat,
2533 4162 2618 4216 die
2656 4171 2865 4234 postera
2907 4162 3082 4233 periit.
3111 4193 3184 4202 —-
3207 4161 3328 4218 Alio
3356 4179 3575 4234 quoque

1976 4261 2220 4322 tempore
2258 4251 2364 4307 iter
2405 4251 2566 4309 beato
2593 4252 2713 4308 viro
2749 4252 2984 4308 faciente
3025 4253 3093 4308 ad
3129 4253 3420 4323 quamdam
3463 4269 3577 4310 suae

1976 4347 2200 4400 ditionis
2219 4345 2491 4411 cellulam,
2515 4361 2636 4415 qua:
2655 4361 2722 4401 ex
2746 4346 2964 4401 nomine
2984 4345 3401 4417 praeterﬂuentis
3422 4362 3577 4417 aqua:

1979 4435 2206 4491 Suestra
2242 4448 2264 4475 ε
2313 4437 2543 4501 dicitur,
2599 4444 2822 4507 propter
2871 4437 3254 4506 compendium
3305 4437 3578 4508 propioris

1979 4536 2082 4589 via:
2102 4549 2198 4605 per
2221 4542 2430 4606 segetes
2459 4533 2742 4604 cujusdam
2775 4532 2959 4587 divitis
2986 4541 3274 4604 angustam
3303 4531 3582 4588 subintra-

1982 4629 2060 4683 vit
2087 4629 2358 4683 semitam.
2402 4625 2558 4693 Quod
2583 4624 2900 4680 earumdem
2945 4633 3188 4696 segetum
3238 4632 3424 4680 custos
3462 4638 3581 4679 cer-

1905 4721 1957 4788 D
1984 4736 2141 4786 nens,
2175 4719 2345 4774 nimio
2375 4716 2594 4772 inﬂatus
2624 4715 2829 4782 furore,
2870 4715 3046 4770 virum
3075 4715 3172 4771 Dei
3201 4715 3581 4786 blasphemare

1984 4811 2167 4880 coepit.
2197 4808 2368 4876 Quem
2411 4807 2654 4863 convicia
2694 4807 2814 4860 viro
2843 4807 2936 4860 Dei
2974 4806 3296 4862 inferentem
3332 4822 3455 4861 cum
3495 4821 3584 4865 so-

1985 4903 2074 4964 cii,
2107 4901 2199 4971 qui
2226 4915 2348 4955 cum
2374 4915 2440 4956 eo
2485 4909 2662 4965 erant,
2690 4899 2969 4954 vindicare
3005 4897 3227 4964 vellent,
3253 4898 3370 4953 miti
3399 4899 3585 4954 animo

1989 4995 2084 5050 Dei
2128 4994 2360 5048 famulus
2403 5009 2498 5049 eos
2531 4993 2896 5063 compescuit,
2931 4990 3118 5048 nolens
3159 4989 3354 5064 [Mab.,
3405 4991 3584 5046 vindi-

1989 5103 2118 5141 care
2145 5086 2451 5140 voluerunt.
2479 5085 2626 5152 Quos
2655 5083 2934 5153 prohibuit
2962 5083 3046 5138 vir
3073 5082 3189 5148 Dei,
3218 5080 3586 5155 nolens,:etc.]

1992 5181 2224 5249 aliquem
2251 5195 2346 5233 sua
2385 5193 2552 5233 causa
2590 5177 2793 5246 perire,
2841 5175 2934 5246 qui
2960 5175 3188 5230 salutem
3226 5175 3448 5231 sitiebat
3471 5189 3590 5229 om-

1993 5275 2162 5328 nium.
2195 5274 2300 5327 Sed
2331 5288 2454 5328 cum
2489 5269 2684 5343 [Mab.,
2717 5277 2774 5324 et
2800 5269 2951 5342 dum]
2988 5269 3308 5326 insanientis
3341 5269 3583 5324 animum

1997 5366 2142 5419 nullo
2175 5365 2334 5418 mole
2378 5363 2549 5419 lenire
2572 5369 2778 5432 posset,
2807 5360 2944 5416 dans
2982 5361 3159 5417 locum
3201 5362 3296 5418 ine
3334 5362 3474 5432 ejus,
3499 5361 3589 5416 via

1996 5469 2102 5525 qua
2127 5456 2293 5519 venit,
2321 5467 2576 5508 reversus
2593 5460 2697 5507 est.
2727 5449 2835 5506 Sed
2858 5449 2945 5508 die
2965 5459 3183 5521 postera
3213 5451 3356 5508 idem
3381 5449 3594 5519 infelix,

1999 5590 2243 5659 quinque
2269 5589 2540 5644 Zelandia:
2580 5587 2773 5643 insulis
2793 5603 2923 5651 una,
2947 5587 3227 5659 basilicam
3255 5587 3419 5643 habet
3450 5588 3598 5643 nobi-

2002 5658 2105 5714 lem
2139 5660 2521 5715 Esternacensi
2567 5659 2897 5714 monasterio
2941 5658 3263 5729 subjectam.
3312 5659 3599 5714 Brovrerus

2003 5733 2126 5787 libr.
2155 5747 2233 5786 xu
2255 5730 2451 5784 Annal.
2481 5729 2697 5784 Trevir.

2078 5813 2099 5840 ε
2133 5801 2375 5857 Suestra.
2428 5799 2752 5855 Susterense
2801 5800 3194 5855 monasterium
3232 5799 3361 5853 olim
3413 5815 3598 5854 mona-

2005 5875 2253 5936 chorum,
2294 5887 2440 5928 nunc
2467 5871 2728 5926 nobilium
2769 5872 3155 5926 canonicarum
3186 5869 3396 5924 celebre
3435 5869 3595 5923 colle»

2006 5945 2172 6015 gium,
2202 5944 2256 5997 in
2285 5957 2424 6015 pago
2465 5940 2702 6015 Mosano,
2737 5941 2792 5994 in
2819 5941 3014 5997 ducatu
3057 5939 3369 6004 Juliacensi,
3405 5955 3436 5993 a
3459 5953 3598 6010 prte-

2007 6013 2291 6071 tertluente
2321 6013 2435 6069 rivo
2461 6013 2857 6084 cognominata.
