4112 6608
470 370 579 430 703

1332 377 1394 433 Β.
1434 378 1498 433 F.
1538 375 1768 433 ALBIM
1806 369 1950 432 SEU
1991 369 2270 428 ALCUINI
2309 370 2600 428 OPERUM
2635 371 2817 428 PARS
2857 369 2922 426 ν.

3668 366 3782 423 Ἱθι

466 491 564 562 qui
589 488 792 546 famulo
831 491 925 546 Dei
956 493 1199 549 convicia
1227 492 1412 549 dicere
1441 490 1624 566 [Μαὺ.
1663 492 1781 548 viro
1809 485 1911 546 Dei
1939 504 2069 545 con-
2096 487 2143 543 Α
2173 502 2495 558 memorque
2534 466 2830 543 Domi-nica:
2852 487 3137 557 jussitmis,
3178 489 3458 556 diSciptilis
3485 489 3599 545 suis
3627 505 3784 560 pr.e~

468 581 612 637 vicia
643 580 845 656 facere]
871 599 978 638 non
1005 585 1316 652 abhorruit,
1356 583 1580 658 [multis
1603 583 1985 647 cernentibus,
2016 582 2070 635 in

468 676 662 732 eodem
686 673 850 749 loco]
876 679 1154 748 repentina
1189 686 1366 733 morte
1397 679 1579 749 periit.

541 765 669 823 Car.
722 766 817 828 XV
861 767 1045 842 [Hab.
1080 769 1231 843 HL]
1260 770 1466 843 Aquam
1492 770 1702 826 dulcem
1733 788 1761 824 e
1786 778 1935 841 petra
1969 768 2069 824 eli—

469 863 564 916 cit.
586 891 658 902 ——
681 860 820 918 Cum
846 864 933 918 vir
955 863 1068 920 Deo
1104 862 1300 934 plenus
1323 872 1550 936 propter
1577 863 1905 935 evangelica:
1929 878 2074 933 prm-

469 954 764 1012 dicationis
801 956 1120 1013 instantiam
1161 957 1279 1014 loca
1324 958 1644 1014 circumiret
1681 955 1951 1012 maritima
1980 953 2074 1028 [in

467 1046 708 1121 eisdem]
753 1063 912 1119 aqua
960 1049 1136 1106 dulcis
1186 1051 1476 1122 penuriam
1530 1050 1862 1122 patiebatur.
1915 1045 2076 1114 Quod

467 1137 611 1194 dum
650 1141 923 1197 cernebat
956 1156 1086 1198 suos
1125 1141 1531 1197 commilitones
1565 1149 1789 1212 promer
1819 1140 2075 1195 ardorem

467 1229 593 1287 sitis
613 1231 859 1302 graviter
879 1231 1178 1298 sustinere,
1203 1239 1403 1287 vocato
1425 1246 1536 1286 uno
1553 1246 1622 1286 ex
1650 1231 1777 1295 illis,
1817 1229 2076 1301 praecepit

465 1321 521 1376 ei
547 1320 694 1376 intra
713 1321 1014 1378 tentorium
1042 1337 1202 1378 suum
1228 1320 1432 1378 fossam
1459 1321 1676 1393 aperire
1702 1335 1949 1392 parvam,
1981 1318 2074 1372 ubi

471 1420 693 1469 secreto
739 1412 866 1469 fixis
907 1411 1142 1486 genibus
1173 1414 1371 1470 orabat
1405 1413 1608 1478 Deum,
1643 1419 1702 1466 ut
1740 1411 1834 1483 qui
1876 1408 2078 1482 populo

472 1519 588 1560 suo
606 1520 806 1576 aquam
827 1504 883 1560 in
910 1504 1130 1562 deserto
1155 1505 1414 1578 produxit
1439 1505 1507 1562 de
1533 1511 1690 1575 petra
1709 1500 1909 1575 (Exod.
1938 1517 2073 1567 xvn,

475 1595 644 1651 Nam.
692 1594 809 1669 xx),
845 1596 1023 1652 servis
1057 1597 1173 1653 suis
1211 1597 1403 1652 eadem
1436 1594 1814 1651 misericordia
1845 1593 1914 1648 de
1947 1605 2073 1645 are-

472 1702 609 1745 nosa
635 1696 783 1746 terra
821 1704 1021 1760 aquam
1057 1690 1407 1762 produceret.
1453 1689 1558 1757 Qui
1609 1703 1736 1744 mox
1783 1687 2074 1744 exauditus

466 1788 580 1847 est,
602 1795 729 1836 nam
755 1780 940 1838 subito
968 1780 1090 1838 fons
1112 1782 1416 1838 dulcissimi
1447 1782 1659 1853 saporis
1684 1780 1889 1838 fossam
1918 1792 1944 1820 ι
1975 1781 2077 1834 im-

469 1845 673 1943 plebat.
702 1872 860 1941 Quod
888 1875 972 1931 sui
1001 1885 1313 1942 cernentes,
1361 1845 1566 1947 gratias
1612 1875 1848 1947 agebant
1876 1873 2072 1948 μὴὸ..
2111 1845 2154 1904 Β

467 1962 732 2040 egerunt]
767 1965 1125 2036 omnipotenti
1166 1965 1302 2032 Deo,
1349 1967 1444 2037 qui
1480 1974 1729 2022 sanctum
1768 1981 1925 2022 suum
1959 1981 2076 2020 ma-

469 2054 773 2124 gnifieavit,
825 2065 882 2112 et
918 2071 1044 2112 eum
1073 2057 1334 2112 exaudire
1355 2057 1608 2128 dignatus
1634 2063 1719 2111 est
1750 2073 1763 2110 :
1791 2056 2076 2111 bibebant-

473 2163 581 2219 que
611 2163 786 2219 usque
816 2149 886 2204 ad
913 2149 1244 2214 satietatem,
1277 2163 1575 2218 secumque
1607 2146 1676 2203 ad
1702 2147 2076 2219 pmdestinati

471 2242 688 2300 itineris
717 2243 1100 2299 necessitatem
1119 2283 1135 2310 ,
1185 2249 1451 2313 quantum
1479 2239 1735 2298 sufﬁcere
1764 2238 2072 2307 videbatur,

468 2343 693 2408 portare
722 2337 1010 2392 curabant.

541 2425 675 2483 CAP.
707 2426 826 2482 XVI
857 2425 1040 2500 [Μαιι.
1071 2427 1244 2500 xvu].
1289 2426 1477 2482 Vinum
1507 2428 1843 2498 multiplicat.
1873 2457 1944 2466 —-
1971 2425 2076 2482 lte-

471 2536 597 2577 rum
617 2531 843 2578 sanctus
862 2522 956 2578 Dei
980 2524 1257 2591 sacerdos,
1284 2523 1338 2578 in
1364 2523 1600 2593 quodam
1626 2522 1744 2579 loco
1765 2524 1867 2578 iter
1884 2538 2072 2595 agens,

471 2615 608 2671 vidit
646 2617 1020 2672 mendicantes
1070 2617 1260 2688 inepes
1301 2618 1611 2683 duodecim,
1645 2618 1850 2688 pariter
1891 2627 2078 2688 postu-

473 2707 649 2764 lantes
683 2708 787 2764 sibi
839 2708 1043 2780 aliquid
1088 2726 1120 2765 a
1159 2697 1616 2781 praetereuntibus
1660 2712 1837 2766 solatii
1878 2711 2075 2785 [dari].

473 2799 644 2868 Quos,
667 2809 727 2854 ιιι
747 2809 867 2857 erat
888 2801 1229 2869 mitissimus,
1243 2803 1481 2874 benigno
1493 2803 1706 2872 aspexit
1720 2803 1918 2867 animo,
1956 2805 2077 2858 uni-

473 2907 584 2964 que
606 2906 674 2948 ex
698 2893 813 2948 suis
841 2895 1120 2948 mandavit
1157 2894 1450 2964 specialem
1477 2908 1633 2949 suum
1666 2893 1961 2949 flasconcm
1988 2909 2079 2950 su-

472 3000 650 3051 mere,
677 3002 742 3040 ac
765 2985 1096 3057 pauperibus
1121 2986 1355 3042 miscere
1386 2985 1652 3058 [Miscere
1675 3003 1772 3056 pro
1803 2984 2031 3041 fundere
2055 2985 2074 3058 ]

471 3077 698 3135 Christi.
741 3077 818 3133 Es
847 3093 957 3149 quo
981 3092 1172 3134 omnes
1197 3077 1274 3133 illi
1300 3077 1586 3134 duodecim
1622 3092 1795 3147 usque
1819 3077 1888 3132 ad
1914 3079 2079 3133 satie—

474 3179 647 3227 tatem
672 3169 933 3226 bibebant
958 3187 972 3224 :
1003 3183 1062 3226 et
1085 3169 1285 3224 mirum
1327 3169 1382 3223 in
1417 3169 1664 3235 modum,
1693 3168 1800 3224 illis
1825 3169 2076 3224 abcunti-
2101 3199 2151 3260 ε

471 3262 602 3330 bus,
644 3277 713 3319 ex
748 3263 956 3333 optimo
996 3261 1124 3318 vino
1169 3261 1359 3327 llasco,
1396 3260 1464 3316 de
1501 3277 1612 3332 quo
1649 3261 1785 3316 tanti
1830 3262 2082 3317 biberant

474 3357 747 3422 homines,
776 3353 832 3429 [a
865 3354 1140 3428 ministro]
1187 3355 1440 3410 inventus
1478 3361 1565 3409 est
1604 3354 1816 3424 plenus,
1843 3363 1905 3409 ut
1929 3362 2077 3410 ante.

477 3451 594 3509 Hoc
620 3459 919 3523 comperto,
951 3449 1349 3506 benedicehant
1374 3463 1565 3504 omnes
1589 3448 1879 3504 Dominum
1909 3448 2078 3503 Deum

477 3555 728 3600 nostrum
780 3541 977 3616 [Hab.,
1036 3541 1327 3596 Dominum
1358 3537 1592 3612 Iesum],
1626 3541 1872 3595 dicentes
1901 3557 1912 3592 :
1944 3538 2084 3594 Vere

484 3635 765 3705 impletum
793 3641 881 3690 est
922 3634 977 3688 in
1021 3631 1212 3698 nobis,
1249 3631 1395 3701 quod
1435 3630 1489 3684 in
1513 3629 1808 3700 Evangelio
1837 3630 2024 3687 dicitu.
2068 3647 2082 3683 ;

478 3725 638 3792 Date,
666 3737 716 3780 et
737 3724 956 3780 dabitur
981 3723 1123 3779 vobis
1152 3725 1170 3795 (
1198 3721 1329 3777 Luc.
1362 3720 1584 3794 vl,"58).

550 3818 680 3875 Car.
706 3817 849 3873 XVII
889 3816 1062 3890 [Μαὸ.
1093 3815 1276 3889 xvm].
1311 3816 1518 3870 Rursus
1543 3818 1717 3870 vinum
1745 3815 2080 3885 multiplicat.

481 3941 556 3954 --
574 3910 738 3968 Venit
781 3925 999 3981 quoque
1030 3911 1116 3964 vir
1139 3916 1362 3964 sanctus
1397 3908 1466 3963 ad
1490 3923 1651 3962 suum
1681 3907 1932 3962 visitandi
1962 3924 2085 3976 gra-

477 4005 557 4059 tia
587 4003 1000 4071 monasterium,
1025 4011 1083 4058 et
1106 4010 1229 4074 post
1253 4001 1530 4056 orationes
1563 4001 1631 4057 ad
1671 3998 1874 4065 Deum,
1909 4007 1968 4055 et
1994 4014 2084 4054 sa-

478 4097 770 4155 lutationes
809 4097 1068 4164 fratrum,
1115 4105 1172 4152 et
1210 4095 1611 4151 admonitiones
1641 4093 1922 4164 paciﬁcas,
1971 4093 2081 4147 cir—

481 4193 730 4251 cumiens
757 4193 965 4265 singula
1002 4193 1235 4248 fratrum
1267 4191 1598 4257 habitacula,
1650 4191 1694 4247 si
1725 4190 1854 4261 quid
1893 4190 1946 4245 in
1979 4189 2085 4246 illis

481 4283 881 4340 eruendandum
912 4285 1125 4349 fuisset,
1178 4283 1301 4354 pius
1347 4291 1533 4354 pastor
1573 4283 1862 4352 explorare
1891 4280 2080 4337 voluit.

485 4374 714 4429 intravit
740 4389 958 4446 quoque
986 4373 1196 4447 [Malm
1231 4382 1360 4430 tunc
1386 4374 1607 4437 accidit,
1643 4382 1703 4426 ut
1727 4372 1998 4446 intraret]
2030 4372 2084 4426 in

481 4464 784 4530 cellarium,
811 4465 864 4520 in
899 4480 1008 4536 quo
1031 4465 1302 4520 modicum
1328 4465 1439 4519 vini
1475 4465 1680 4533 reperit
1707 4463 1762 4518 in
1787 4479 1918 4519 vase
1944 4462 2083 4536 [ld.,

2172 579 2448 649 cipientis,
2491 595 2560 633 ne
2587 579 2674 634 cui
2704 578 3203 650 transﬂgurationis
3223 581 3450 651 gloriam
3477 589 3603 636 ante
3626 581 3807 637 diem.

2173 671 2594 726 resurrectionis
2627 686 2742 745 sua:
2774 672 3042 737 dicerent,
3087 673 3346 744 prazcepit
3387 672 3564 727 eidem
3611 669 3786 729 cells-

2173 765 2282 830 rio,
2329 777 2399 819 ne
2426 764 2515 819 cui
2547 763 2896 832 miraculum,
2944 765 3090 837 quod
3125 767 3337 822 viderat
3365 765 3384 839 [
3410 765 3583 829 Mab.,
3626 765 3805 837 quod.

2174 853 2478 928 cernebat],
2506 863 2636 910 ante
2655 857 2801 911 diem
2828 857 3012 914 obitus
3037 858 3119 913 sui
3149 858 3408 914 ediceret.
3512 883 3526 897 ι

2245 948 2378 1004 Car.
2408 945 2574 1003 XVIII
2605 946 2779 1021 {Mal};
2813 948 2954 1023 XIX].
2982 948 3170 1006 Simile
3203 949 3545 1006 miraculum.
3568 981 3638 993 --
3665 951 3787 1012 Sed

2174 1045 2232 1095 et
2263 1037 2411 1093 aliud
2445 1039 2585 1095 huic
2613 1038 2792 1096 simile
2835 1055 2936 1111 per
2983 1041 3102 1112 ejus
3141 1039 3580 1099 benedictionem
3628 1044 3782 1102 Deus

2175 1127 2430 1185 Christus
2449 1139 2708 1201 operatus
2733 1139 2818 1186 est
2841 1131 3188 1188 miraculum.
3216 1131 3550 1191 Perveniens
3582 1150 3782 1193 servus

2177 1220 2274 1277 Dei
2314 1237 2438 1276 cum
2473 1221 2638 1278 sociis
2674 1220 2745 1278 ad
2785 1223 3007 1280 domum
3052 1225 3337 1296 cujusdam
3386 1225 3548 1281 amici
3581 1227 3692 1293 sui,
3720 1234 3786 1283 et

2175 1313 2452 1387 paulisper
2474 1314 2701 1385 cupiens
2726 1315 2782 1370 in
2808 1315 2971 1371 domo
3013 1314 3199 1372 dilecti
3235 1316 3383 1388 longi
3414 1317 3654 1375 laborem
3684 1320 3782 1374 iti-

2177 1405 2328 1460 neris
2365 1403 2664 1462 refectione
2701 1405 2963 1472 allevare,
3003 1405 3454 1478 patremfamilias
3489 1407 3622 1465 nihil
3662 1409 3778 1466 vini

2179 1497 2382 1554 habere
2409 1496 2696 1569 comperit.
2723 1496 2971 1568 Quatuor
2994 1515 3128 1570 ergo
3161 1500 3406 1559 modicos
3430 1499 3697 1558 llascones
3721 1501 3777 1571 ⁵,

2177 1607 2316 1663 quos
2340 1599 2553 1646 tantum
2580 1591 2636 1647 in
2663 1592 2876 1649 itineris
2898 1593 3152 1649 solatium
3190 1609 3378 1651 secum
3397 1595 3516 1667 ejus
3538 1596 3674 1652 socii
3699 1595 3784 1653 fe-

2179 1682 2398 1750 rebant,
2420 1683 2585 1755 jussit
2612 1681 2796 1738 aﬂ‘erri
2825 1702 2840 1739 :
2871 1699 3076 1756 eosque
3117 1685 3176 1742 in
3199 1684 3320 1756 ejus
3356 1689 3574 1744 nomine
3607 1690 3779 1748 bene-

2179 1773 2342 1840 dixit,
2389 1775 2562 1846 quiin
2585 1775 2836 1833 convivio
2864 1778 3092 1848 nuptiali
3127 1794 3302 1851 aquas
3326 1783 3596 1838 convertit
3619 1783 3792 1855 ιω

2179 1866 2236 1922 in
2256 1864 2486 1941 vinum[
2516 1866 2663 1924 Mal).
2693 1909 2708 1935 ,
2738 1870 2830 1941 qui
2862 1870 2916 1925 in
2945 1870 3092 1928 Cana
3125 1871 3350 1930 Galilete
3380 1889 3553 1946 aquas
3579 1877 3636 1932 in
3667 1876 3785 1935 vini

2180 1973 2433 2030 saporem
2479 1958 2758 2034 mutavit]
2782 1961 2806 2033 ·(
2825 1959 2988 2018 Iona.
3017 1961 3102 2036 ιι).
3141 1964 3210 2018 Ει
3233 1966 3433 2021 mirum
3473 1967 3529 2023 in
3555 1968 3780 2025 modum

2177 2060 2304 2123 post
2342 2052 2775 2108 benedictionem
2829 2052 2850 2126 [
2880 2052 3006 2120 Id.,
3049 2065 3174 2125 post
3210 2055 3606 2115 benedictionis
3650 2077 3782 2134 grao

2178 2141 2348 2215 tiam]
2374 2143 2532 2213 quasi
2575 2143 2935 2215 quadraginta
2968 2145 3070 2200 viri
3109 2160 3178 2201 ex
3206 2145 3314 2204 illis
3354 2147 3655 2221 lagunculis
3691 2167 3788 2208 us-

2178 2250 2286 2308 que
2309 2237 2380 2291 ad
2400 2236 2708 2292 satietatem
2729 2235 3005 2305 bibebant,
3030 2248 3232 2296 etcum
3255 2257 3454 2314 magna
3478 2245 3785 2316 gratiarum

2180 2333 2396 2388 actiune
2441 2330 2548 2386 sibi
2601 2331 2741 2387 laetis
2786 2331 3021 2388 invicem
3068 2334 3267 2390 animis
3312 2337 3608 2393 dicebant:
3640 2336 3790 2395 Vere

2180 2425 2444 2480 Dominus
2469 2421 2630 2478 .lesus
2654 2424 2744 2479 hic
2774 2424 3050 2495 implevit,
3079 2426 3224 2496 quod
3255 2427 3310 2482 in
3337 2427 3630 2500 Evangelia
3657 2444 3789 2500 pro-

2179 2516 2346 2578 misit,
2373 2515 2588 2570 dieens:
2617 2513 2724 2581 Qui
2743 2515 2907 2571 credit
2928 2518 2982 2571 in
3007 2534 3108 2584 me,
3139 2534 3298 2589 opera
3315 2560 3330 2584 ,
3357 2535 3478 2590 qua
3505 2537 3598 2591 ego
3621 2521 3787 2591 facio,

2181 2619 2233 2666 et
2258 2611 2369 2682 ipse
2395 2610 2578 2680 faciet,
2607 2619 2656 2665 et
2688 2609 2895 2681 majora
2923 2611 3112 2666 horum
3136 2612 3295 2682 faciet
3321 2613 3505 2686 (Ioan.
3531 2631 3642 2682 xw,
3668 2616 3786 2682 l2).

2251 2703 2380 2759 CAP.
2410 2701 2534 2758 XIX
2561 2701 2745 2775 {Mhi}.
2786 2720 2856 2758 xx
2949 2701 3371 2761 Contumeliosus
3399 2709 3454 2761 in
3483 2709 3653 2763 virum
3687 2708 3790 2763 Dei

2179 2796 2434 2851 divinitus
2482 2796 2723 2868 punitur,
2772 2799 3027 2868 ptenitens
3078 2815 3200 2854 uero
3249 2800 3522 2856 liberatur.
3547 2831 3618 2842 -
3644 2801 3786 2865 Per,-

2182 2890 2327 2946 rexit
2379 2890 2522 2945 idem
2584 2899 2809 2946 sanctus
2861 2891 3189 2961 praedicator
3244 2894 3480 2963 quodam
3535 2903 3789 2966 tempore

2182 2994 2334 3036 more
2376 2980 2536 3035 solito
2561 2981 2634 3036 ob
2671 2981 3077 3054 evangelizandi
3103 2983 3337 3052 gratiam
3379 3001 3502 3042 cum
3556 2985 3773 3043 festina-

2182 3073 2332 3129 tione
2361 3073 2418 3127 in
2439 3072 2708 3138 Frisium;
2759 3081 2816 3128 et
2848 3083 3073 3146 propter
3098 3075 3338 3132 laborem
3377 3079 3480 3134 vi:e
3509 3081 3564 3135 in
3600 3081 3781 3152 pratis

2181 3163 2465 3236 cujusdam
2512 3164 2696 3221 divitis
2746 3165 3026 3237 paululum
3057 3167 3231 3224 lassos
3268 3169 3574 3228 refocillare
3611 3188 3790 3244 equos

2183 3257 2419 3314 volebat.
2451 3256 2599 3326 Quos
2623 3259 2778 3315 dives
2803 3259 2897 3316 ille
2932 3261 2988 3316 in
3013 3263 3190 3332 pratis
3211 3262 3326 3319 suis
3352 3266 3504 3334 pasci
3531 3281 3788 3335 cernens,

2183 3349 2454 3421 superbiae
2505 3351 2698 3422 spiritu
2732 3365 2904 3424 equos
2948 3354 3157 3409 caedere
3197 3355 3387 3424 capit,
3427 3364 3483 3411 et
3511 3371 3542 3412 e
3568 3359 3790 3428 pascuis

2184 3441 2427 3513 abigere.
2471 3441 2646 3510 Quem
2673 3443 2758 3499 vir
2784 3444 2882 3500 Dei
2926 3446 3314 3516 placidissimis
3344 3450 3528 3506 verbis
3557 3451 3791 3522 alloqui—

2186 3545 2298 3603 tur,
2326 3536 2513 3591 dicens
2545 3555 2558 3590 :
2590 3554 2610 3588 ι
2634 3536 2830 3594 Desine
2851 3540 3009 3596 nobis
3039 3539 3257 3614 [frater]
3280 3540 3533 3611 injuriam
3556 3543 3735 3600 facere
3771 3565 3807 3598 :-

2186 3645 2293 3685 non
2322 3630 2468 3684 enim
2494 3640 2717 3702 propter
2745 3631 3022 3688 laesionem
3048 3635 3146 3699 tui,
3177 3636 3273 3691 sed
3301 3647 3524 3708 propter
3549 3641 3793 3704 necessie

2187 3727 2355 3775 tatem
2385 3723 2580 3787 nostri,
2613 3724 2680 3779 ad
2709 3725 2900 3780 horam
2935 3726 2990 3782 in
3023 3726 3108 3782 bis
3140 3730 3358 3798 pascuis
3389 3730 3673 3800 quiescere
3691 3747 3792 3790 vu-

2185 3814 2406 3870 luimus.
2438 3815 2610 3870 Instat
2635 3818 2793 3873 nobis
2813 3833 2951 3889 opus
2975 3818 3073 3874 Dei
3102 3823 3493 3892 peragendum,
3534 3823 3691 3894 cujus
3727 3832 3791 3880 tu

2184 3924 2404 3980 quoque
2443 3911 2750 3966 mercedem
2798 3912 3003 3968 habere
3039 3914 3268 3984 poteris,
3287 3914 3345 3982 si
3375 3931 3499 3980 nos,
3524 3925 3791 3985 quantum

2187 4001 2254 4054 ad
2285 4008 2338 4055 te
2360 4002 2621 4069 pertinet,
2663 3999 2945 4075 [benigno]
2993 4005 3270 4076 adjuveris
3316 4007 3500 4063 animo
3533 4027 3546 4062 :
3580 4023 3795 4065 memor

2187 4090 2332 4146 illius
2359 4089 2578 4148 Domini
2621 4094 2792 4148 nostri
2819 4092 2950 4150 Jesu
2975 4094 3179 4152 Christi
3205 4097 3534 4157 dulcissima:
3554 4100 3787 4170 promis-

2186 4186 2356 4243 sionis
2385 4206 2399 4242 :
2432 4185 2536 4253 Qui
2560 4204 2649 4242 vos
2680 4188 2886 4259 recipit,
2915 4206 2996 4245 me
3026 4190 3207 4262 recipit
3234 4204 3253 4243 :
3279 4201 3328 4246 et
3353 4193 3446 4262 qui
3469 4210 3551 4249 me
3581 4196 3787 4266 recipit.

2186 4280 2370 4350 recipit
2397 4296 2516 4336 eum
2542 4280 2635 4354 qui
2661 4299 2742 4336 me
2771 4283 2910 4338 misit
2949 4284 2967 4356 (
2991 4283 3183 4338 Matth.
3213 4300 3271 4350 κ,
3312 4285 3383 4341 40
3407 4284 3448 4357 ).
3478 4285 3587 4343 Sed
3615 4290 3793 4361 magis

2189 4383 2372 4430 mente
2395 4373 2626 4447 paciﬁca
2656 4375 2938 4431 nobiscum
2977 4377 3135 4448 quasi
3165 4379 3376 4434 amicus
3403 4380 3635 4451 teipsum
3662 4382 3794 4437 refi-

2187 4467 2364 4532 ciens,
2419 4465 2817 4536 aliquantulum
2858 4467 3021 4534 bibe,
3065 4469 3329 4539 nobisque
3371 4479 3553 4542 empto
3595 4473 3795 4529 itinere

483 4556 539 4611 in
568 4571 676 4611 uno
695 4554 886 4628 dolio],
906 4555 962 4610 in
987 4555 1133 4626 quod
1160 4571 1317 4610 suum
1340 4551 1732 4610 benedictionis
1757 4555 1932 4626 gratia
1956 4570 2080 4610 cum
2108 4575 2162 4636 ι)
2189 4561 2561 4632 pergentibus,
2578 4569 2633 4616 tu
2656 4576 2688 4615 a
2711 4561 2823 4617 Deo
2837 4561 3175 4626 benedictus,
3199 4574 3474 4619 revertere
3488 4566 3540 4620 in
3567 4566 3790 4622 domum

481 4649 732 4706 oratione
782 4649 1011 4704 immisit
1055 4649 1331 4714 baculum,
1385 4657 1442 4702 et
1488 4649 1677 4704 exivit.
1734 4646 1842 4704 Sed
1889 4649 2080 4704 eadem

489 4751 648 4799 nocte
683 4744 738 4798 in
773 4758 841 4798 eo
877 4743 994 4814 ipso
1041 4742 1264 4798 vasculo
1289 4743 1472 4796 vinum
1521 4757 1771 4797 crescere
1817 4743 2004 4813 cmpit,
2032 4752 2088 4798 et

489 4833 857 4906 superefl'undi
889 4834 1035 4889 vasis
1071 4834 1317 4904 margine
1357 4831 1468 4906 [ld.
1488 4874 1505 4898 ,
1536 4833 1607 4888 ita
1639 4841 1698 4888 ut
1730 4834 2087 4904 superfunde-

491 4935 576 4980 ret
613 4925 758 4980 vasis
797 4923 1144 4997 marginem].
1181 4924 1293 4979 Hoc
1322 4923 1582 4980 cellarius
1609 4939 1860 4989 cernens,
1909 4925 2086 4994 inspe-

493 5027 610 5073 rata
646 5018 976 5073 abundantia
1017 5016 1427 5088 obstupefactus
1453 5025 1556 5081 est,
1589 5032 1689 5071 nec
1713 5016 1894 5072 celare
1918 5018 2083 5071 aude-

487 5111 600 5176 bat,
649 5112 794 5183 quod
839 5110 1019 5167 divina
1063 5110 1436 5166 misericordia
1475 5127 1575 5181 per
1603 5111 1746 5166 servi
1786 5111 1870 5164 sui
1919 5111 2084 5166 bene-

485 5205 779 5260 dictionem
805 5203 920 5274 geri
948 5204 1330 5274 cognoscebat.
1348 5201 1602 5257 Crastino
1632 5217 1791 5256 mane
1816 5202 2080 5267 cucurrit,

490 5304 549 5352 et
573 5302 701 5350 ante
721 5295 890 5365 pedes
910 5293 1082 5362 sancti
1108 5293 1290 5350 Patris
1315 5310 1374 5349 se
1403 5302 1756 5364 prosternens
1785 5291 2080 5347 conﬁteba—

490 5401 580 5444 tur
606 5388 734 5458 quid
763 5387 1008 5442 vidisset.
1036 5386 1138 5454 Qui
1169 5402 1318 5442 more
1343 5385 1503 5442 solito
1531 5386 1643 5440 Deo
1671 5386 1875 5455 gratius
1896 5399 2081 5454 agens,

559 5515 586 5542 ι
611 5500 919 5557 Dulciuimi
939 5500 1145 5571 saporis
1157 5499 1390 5571 fossam.
1426 5518 1445 5548 ι
1475 5497 1676 5571 Eadem
1707 5497 1970 5571 cisterna,
2000 5496 2084 5571 in-

490 5571 610 5639 quit
651 5571 806 5627 Joan.
853 5567 1012 5628 Beka'
1046 5571 1100 5624 in
1144 5567 1347 5625 Chron.
1396 5584 1541 5624 nunc
1589 5568 1660 5639 in,
1691 5567 1972 5639 territorio
2017 5567 2084 5639 de

493 5636 804 5714 ileylingelo
827 5649 1077 5712 patenter
1103 5642 1434 5714 ostenditur,
1472 5638 1686 5714 qugab
1711 5636 2084 5714 inquilinjsjl-

489 5707 969 5771 iic'haﬁitantibus
1005 5712 1266 5768 modei‘uo
1301 5707 1543 5781 tempore
1578 5708 1778 5763 i’uteus
1807 5707 1864 5762 S.
1911 5707 2083 5762 Willi-

492 5783 675 5840 brordi
701 5784 921 5839 dicitur.
958 5803 976 5836 ι
1013 5782 1238 5839 Mum"

562 5856 593 5896 δ
621 5853 857 5909 Medicas
881 5854 1156 5923 ﬂaccones.
1195 5854 1351 5924 Apud
1385 5850 1771 5913 Mabillonium,
1821 5849 2077 5915 modicas,

2190 4661 2359 4706 tuam.
2395 4671 2414 4704 ι
2448 4651 2539 4706 llle
2563 4662 2745 4707 autem
2786 4652 2840 4707 in
2871 4653 3078 4707 malitia
3106 4655 3380 4724 pertinax,
3411 4655 3600 4711 nolens
3631 4657 3791 4725 paci-

2188 4743 2306 4799 ticis
2333 4744 2436 4798 viri
2465 4741 2563 4798 Dei
2590 4743 2773 4800 verbis
2811 4746 3184 4814 acquiescere.
3225 4746 3322 4801 sed
3360 4745 3610 4801 convicia
3640 4747 3794 4818 inge-

2188 4835 2419 4898 minans,
2450 4835 2741 4905 opprobria
2766 4835 3053 4906 j‘aculans:
3094 4854 3114 4887 ι
3144 4836 3224 4891 Τιι
3272 4854 3380 4903 me,
3419 4837 3614 4908 inquit,
3653 4837 3791 4894 hor-

2189 4927 2322 4982 taris
2352 4927 2559 4991 bibere,
2584 4934 2639 4980 et
2658 4942 2850 4996 pacem
2873 4941 3051 4982 tecum
3096 4927 3239 4984 inire
3273 4949 3284 4983 :
3312 4930 3452 4985 scito
3479 4929 3791 4985 certissime

2185 5018 2331 5088 quod
2365 5026 2543 5073 tecum
2573 5018 2760 5073 bibere
2802 5033 2903 5089 pro
2940 5017 3112 5074 nihilo
3148 5020 3345 5074 habeo.
3383 5040 3402 5071 ι
3436 5020 3784 5090 Rapiensque

2184 5123 2253 5164 ex
2283 5107 2400 5177 ejus
2427 5123 2523 5164 ore
2551 5109 2779 5163 verbum
2811 5109 2913 5163 hoc
2937 5109 3023 5164 vir
3051 5108 3147 5164 Dei
3179 5127 3191 5163 :
3226 5129 3245 5160 ι
3284 5109 3344 5164 Si
3368 5126 3474 5165 non
3501 5109 3658 5177 velis,
3683 5095 3784 5177 ait,

2187 5215 2400 5255 mecum
2427 5201 2636 5266 bibere,
2664 5216 2771 5255 non
2796 5199 2940 5254 bibe.
2969 5221 2987 5251 ι
3024 5200 3091 5255 Ει
3114 5203 3304 5256 statim
3344 5211 3556 5273 paratis
3596 5203 3782 5270 sociis,

2185 5292 2426 5363 perrexit
2454 5293 2596 5346 viam
2639 5307 2813 5347 suam.
2843 5290 2936 5346 Ille
2961 5307 3176 5364 quoque
3217 5303 3529 5360 contumax,
3561 5297 3782 5352 domina

2185 5397 2340 5439 suam
2363 5380 2655 5438 festinabat
2681 5383 2854 5448 adire,
2885 5385 2981 5439 sed
3011 5393 3158 5440 totus
3195 5386 3377 5442 subito
3402 5387 3492 5442 siti
3519 5389 3778 5457 ardebat;

2185 5516 2383 5576 genere
2413 5500 2696 5576 feminino,
2743 5516 2982 5576 quove:
3009 5503 3173 5572 βαδεο
3209 5503 3408 5559 ibidem
3450 5521 3667 5576 semper
3691 5523 3787 5563 su-

2186 5573 2374 5647 mitur,
2398 5587 2467 5625 an
2491 5571 2557 5626 ab
2582 5572 2707 5647 ipso
2720 5571 2978 5647 glcuino,
3013 5571 3082 5626 an
3126 5589 3190 5628 ex
3222 5575 3430 5630 incuria
3457 5571 3785 5647 scriptoris?

2185 5643 2413 5716 Codices
2455 5640 2931 5716 certe'__dill‘_erunt,
2979 5651 3153 5713 prout
3189 5653 3341 5716 patet
3384 5663 3447 5701 ex
3502 5640 3603 5702 ha'c
3645 5648 3778 5708 edit,

2183 5713 2532 5854 Quegrgetani.
2582 5713 2705 5768 Vid.
2748 5713 2891 5769 hanc
2919 5712 3107 5770 vocem
3145 5712 3206 5770 in
3241 5712 3523 5774 Glossario
3565 5717 3630 5772 D.
3675 5719 3780 5780 Du-

2187 5799 2286 5838 can
2359 5824 2372 5837 .

2187 5799 2372 5838 (δίωκε.
