4112 6650
325 505 437 559 ’ἴθι-’3

1028 502 1614 560 IIAGIOGRAPIIICA.
1647 533 1717 544 --
1759 503 1915 558 VITA
1955 501 2018 556 S.
2061 498 2542 557 WILLIBRORDI.
2577 533 2647 542 ——
2677 501 2802 556 UB.
2841 504 2882 558 l.

3507 509 3615 563 706

325 619 657 690 cupiensque
702 617 980 673 ardentem
1021 618 1363 673 stomachum
1405 618 1532 672 vino
1571 615 1913 688 refrigerare,
1951 621 1994 677 Α
2024 614 2334 668 necessaria
2365 629 2554 685 rapere
2575 615 2801 682 solebat,
2831 626 2885 672 et
2909 621 2961 672 in
2981 619 3156 690 ignem
3176 620 3408 675 mittere.
3437 619 3612 692 [Mab.

326 727 410 775 ts,
459 709 604 780 quod
629 708 746 762 viro
773 707 871 762 Dei
915 708 1157 763 convicia
1207 708 1454 779 ingessit,
1491 708 1602 762 viui
1647 708 1921 778 potionem

330 801 572 870 recipere
618 814 726 856 non
754 796 969 854 valebat
1001 796 1206 870 [.llub.,
1233 796 1429 870 noluit]
1458 814 1474 852 :
1499 797 1586 870 [et
1614 797 1707 868 qui
1732 812 1922 867 pacem

327 911 450 952 cum
475 909 632 951 servo
656 895 750 948 Dei
778 893 1078 948 voluntarie
1117 892 1354 965 noluit],
1398 907 1616 962 poenam
1658 891 1713 945 in
1742 891 1920 960 seipso

328 985 636 1042 necessarie
675 985 1173 1041 sustinuit..Voeati
1217 994 1343 1041 sunt
1370 985 1589 1051 medici,
1631 985 1724 1056 qui
1772 983 1920 1038 sitim

325 1077 606 1143 sedarent,
663 1085 759 1131 aut
805 1077 1119 1133 facultatem
1179 1085 1384 1149 aegroto
1429 1077 1651 1133 bibendi
1696 1083 1919 1147 praesta-

331 1177 471 1223 rent.
507 1166 856 1223 Anhelabant
895 1168 1126 1234 viscera,
1175 1168 1270 1224 sed
1307 1183 1417 1224 non
1454 1167 1559 1222 fuit
1586 1167 1679 1237 qui
1709 1174 1917 1238 guttam

330 1258 442 1313 vini
472 1257 806 1319 fervescenti,
817 1257 1058 1330 pulmoni
1081 1259 1364 1316 infundere
1383 1259 1660 1314 valuisset.
1677 1259 1918 1314 Tandem

331 1347 622 1420 aliquando
650 1346 847 1422 [Μήνη
897 1349 1033 1407 Sero
1080 1346 1322 1422 tandem]
1347 1348 1671 1420 pmnitentia
1721 1348 1920 1404 ductus

331 1440 442 1507 ille,
474 1442 530 1497 in
554 1441 790 1512 seipsum
817 1457 1070 1500 reversus
1098 1451 1204 1509 est,
1236 1453 1291 1499 et
1321 1445 1649 1516 agnoscebat
1666 1453 1914 1501 sanctum

326 1529 738 1588 Willibrordum
775 1547 898 1588 esse
938 1549 1098 1604 quem
1131 1533 1468 1600 offenderat;
1516 1535 1787 1606 illiusque,
1819 1552 1916 1590 an-

326 1621 543 1676 helante
566 1622 784 1693 spiritu,
827 1624 1052 1693 optabat
1079 1624 1332 1679 reditum.
1360 1623 1464 1693 Qui
1502 1626 1750 1696 sequenti
1773 1641 1916 1681 anno

325 1718 517 1774 eadem
539 1733 790 1774 reversus
815 1725 900 1774 est
921 1718 1027 1783 via,
1053 1719 1492 1790 praecognitoque
1515 1719 1749 1774 adventu
1773 1719 1915 1790 ejus,

324 1809 518 1864 obvius
562 1809 614 1864 ei
664 1809 830 1864 homo
871 1819 1106 1880 :egrotus
1149 1810 1336 1866 venire
1375 1808 1710 1884 festinabat[
1739 1809 1914 1879 Hab.,

323 1906 560 1972 aegrotus
578 1897 874 1971 pervenit],
909 1898 1123 1969 culpam
1165 1899 1432 1956 confitens
1459 1917 1635 1966 suam,
1665 1908 1724 1955 et
1751 1913 1914 1970 quam

2023 704 2317 778 mittebat].
2361 706 2505 774 Quin
2554 709 2722 764 etiam
2766 711 3084 780 parvulum,
3143 714 3287 768 inter
3335 715 3616 783 amplexus

2021 805 2306 865 parentum
2357 808 2710 868 pausantem,
2765 800 2870 855 illis
2921 803 3347 867 dormientibus,
3394 805 3514 858 tulit
3559 814 3615 860 et

2022 888 2076 943 in
2104 890 2281 958 ignem
2311 890 2555 960 projecit.
2584 890 2688 947 Sel
2717 895 2899 964 vagitu
2929 897 3153 952 infantis
3187 907 3441 968 parentes
3468 899 3616 952 esci-

2022 981 2115 1034 tati
2143 981 2313 1052 [Mab.
2336 983 2628 1055 suscitati],
2660 986 2747 1040 vix
2773 987 3057 1054 parvulum
3082 990 3148 1043 de
3178 991 3429 1044 incendio
3453 1006 3612 1046 erue-

2019 1079 2168 1136 runt,
2193 1079 2248 1127 et
2269 1073 2434 1128 multa
2459 1075 2664 1130 atrocia
2684 1077 2875 1132 eadem
2899 1077 3102 1134 familia
3130 1095 3160 1133 a
3184 1079 3416 1136 nefando
3451 1083 3553 1152 Spll
3569 1084 3612 1136 i-

2019 1171 2076 1216 tu
2097 1177 2354 1235 perpessa
2377 1174 2492 1220 est:
2519 1181 2617 1222 nec
2637 1182 2670 1222 a
2692 1169 2932 1239 quolibet
2951 1172 3394 1243 presbyterorum
3417 1176 3610 1244 evpelli

2022 1250 2215 1322 [Mab.,
2245 1253 2463 1325 depelli]
2489 1256 2688 1325 potuit,
2731 1256 2903 1312 donec
2929 1259 3014 1312 vir
3048 1267 3271 1315 sanctus
3308 1260 3617 1316 Williimor-

2017 1341 2142 1406 dus,
2170 1355 2200 1394 a
2233 1342 2626 1412 patrefamilias
2658 1345 2981 1416 postulatus,
3013 1364 3210 1418 aquam
3250 1350 3357 1404 illis
3401 1352 3618 1408 benedi-

2017 1441 2159 1487 ctam
2187 1433 2406 1504 direxit,
2432 1436 2755 1506 percipiens
2781 1452 3000 1494 omnem
3036 1439 3230 1496 domus
3260 1441 3404 1497 illius
3435 1443 3617 1515 supelo

2018 1522 2254 1578 lectilem
2279 1522 2424 1579 foras
2447 1524 2664 1591 efferre,
2712 1535 2769 1582 et
2814 1543 2954 1599 aqua
2985 1528 3078 1584 illa
3112 1533 3364 1604 aspergi,
3410 1533 3611 1603 prasvi-

2018 1616 2153 1671 dens
2199 1616 2254 1670 in
2284 1617 2478 1686 spiritu
2504 1619 2721 1676 domum
2765 1619 2995 1677 ﬂammis
3018 1626 3445 1680 consumendum
3467 1641 3610 1683 esse.

2016 1705 2227 1773 Quibus
2254 1705 2328 1759 ita
2349 1707 2539 1777 gestis,
2564 1724 2791 1764 vacuam
2817 1711 3035 1767 domum
3064 1729 3094 1767 a
3125 1713 3243 1767 loco
3263 1713 3445 1769 lectuli
3471 1715 3614 1784 ignis

2017 1794 2240 1861 invasit,
2275 1804 2553 1870 totamque
2577 1801 2928 1871 consumpsit.
2959 1801 3142 1858 Altera
3166 1818 3295 1858 vero
3319 1805 3372 1858 in
3400 1818 3466 1859 eo
3490 1805 3612 1861 loco

2017 1902 2145 1942 cum
2167 1889 2598 1946 sanctiﬁcatione
2627 1907 2781 1962 aqua:
2811 1893 3111 1951 benedicta:
3156 1894 3446 1964 tedilieata,
3473 1896 3612 1953 nihil

325 1990 632 2061 patiebatur
658 2004 873 2062 pinnam
899 1973 1170 2061 aperiens,
1198 2000 1255 2047 et
1281 2007 1382 2064 pro
1417 2007 1605 2047 amore
1628 1991 1832 2048 Christi
1856 2007 1916 2048 se
1953 1975 1992 2032 ll
2018 1979 2214 2036 exinde
2235 1980 2480 2051 pristina:
2504 1984 2818 2039 tentationis
2842 1986 2987 2056 passi
3005 1994 3133 2041 sunt
3157 1986 3210 2041 in
3225 2002 3291 2042 ea
3319 2002 3333 2042 :
3361 1989 3454 2042 sed
3483 2004 3610 2045 cum

325 2085 462 2139 solvi
492 2085 906 2154 deprecabatur.
940 2083 1110 2152 Quem
1138 2085 1223 2140 vir
1248 2084 1344 2140 Dei
1385 2085 1760 2142 misericordia
1800 2100 1917 2141 mo—

326 2183 413 2230 tus
453 2173 699 2237 absOlvit,
731 2172 990 2243 deditque
1018 2173 1096 2228 illi
1139 2189 1263 2228 cum
1293 2173 1670 2231 benedictione
1713 2173 1782 2232 de
1819 2189 1920 2230 suo

324 2260 509 2321 bibere
535 2263 724 2321 calice.
766 2262 869 2332 Qui
896 2280 1022 2320 mox
1065 2264 1346 2321 absolutus
1372 2265 1625 2333 bibebat,
1652 2276 1708 2320 et
1752 2281 1920 2322 sanus

325 2354 379 2409 in
417 2370 572 2410 suam
603 2371 857 2411 reversus
880 2364 966 2412 est
997 2357 1239 2412 domum.

395 2446 526 2502 Car.
572 2446 671 2501 XX
699 2445 869 2520 [Hab.
904 2448 1044 2520 nt].
1079 2448 1336 2504 Honiales
1364 2467 1398 2504 α
1425 2457 1566 2520 peste
1609 2448 1816 2505 liberat.
1849 2480 1919 2491 —-

325 2538 421 2592 list
443 2539 497 2593 in
523 2538 848 2595 Treverensi
871 2541 1094 2596 civitate
1115 2542 1504 2597 monasterium
1531 2542 1834 2612 puellarum
1865 2556 1918 2608 ι,

325 2631 468 2700 quod
521 2632 857 2701 temporibus
903 2634 1048 2688 beati
1080 2633 1415 2689 Willibrordi
1462 2635 1700 2705 episcopi
1748 2635 1920 2704 pestis

328 2719 591 2778 acerrima
615 2725 830 2780 invasit.
863 2724 1029 2797 Cujus
1069 2727 1365 2781 acerbitate
1397 2727 1581 2782 multa:
1603 2740 1671 2781 ex
1711 2726 1922 2783 ancillis

317 2810 420 2866 Dei
463 2813 838 2869 moriebantur
879 2812 1100 2887 [Mab.,
1152 2824 1381 2872 mortua:
1428 2816 1641 2890 sunt]:
1669 2817 1920 2888 quaedam

323 2919 459 2959 vero
491 2903 653 2976 longo
679 2905 1018 2963 infirmitatis
1059 2905 1246 2962 dolore
1265 2908 1524 2978 jacebant
1572 2907 1625 2962 in
1667 2909 1866 2964 lectulo
1899 2923 1917 2965 ε

325 3003 540 3052 cetera:
585 3010 718 3052 vero
745 2997 915 3051 nimio
944 3004 1156 3054 terrore
1193 2998 1446 3065 turbate,
1499 2998 1655 3070 quasi
1682 3013 1922 3069 praesen-

327 3097 441 3144 tem
465 3097 700 3145 mortem
722 3089 1056 3146 metuebant.
1092 3089 1162 3146 Et
1181 3094 1309 3162 quia
1348 3106 1518 3163 prope
1537 3101 1622 3148 est
1646 3091 1922 3165 praedicta

321 3179 540 3234 civitati
586 3180 763 3236 sancti
800 3180 906 3236 viri
949 3182 1371 3247 monasterium,
1416 3182 1561 3253 quod
1617 3181 1922 3254 appellatur

329 3269 629 3328 Esteruaeo
654 3271 704 3339 '°,
733 3273 788 3327 in
814 3288 923 3344 quo
947 3288 1120 3344 usque
1144 3273 1305 3329 hodie
1325 3282 1548 3329 sanctus
1593 3274 1682 3330 ille
1708 3274 1920 3344 requie-

330 3360 436 3420 scit
468 3335 728 3435 corpore,
759 3376 816 3420 et
831 3335 972 3434 -ejus
1003 3335 1208 3435 posteri
1252 3382 1320 3420 ex
1358 3365 1595 3438 legitima
1623 3335 1920 3423 traditione
1941 3335 1992 3400 ο

321 3455 528 3522 Patris,
558 3463 613 3511 et
634 3455 1000 3527 piissimorum
1025 3457 1228 3526 pietate
1256 3473 1444 3529 regum
1473 3465 1660 3513 tenere
1687 3474 1918 3515 noscun-

332 3556 464 3604 tur:
492 3550 612 3606 ideo
670 3550 930 3604 antedicti
967 3547 1194 3606 femina:
1237 3551 1589 3618 monasterii,
1639 3551 1921 3607 audientes

328 3649 577 3696 sanctum
600 3640 778 3696 virum
807 3636 934 3696 illuc
954 3641 1160 3708 venire,
1202 3642 1388 3696 statim
1414 3643 1680 3698 miserunt
1698 3642 1922 3713 legatio-

332 3750 454 3800 nes,
495 3735 838 3807 postulantes
874 3750 999 3791 cum
1025 3751 1131 3790 nou
1163 3737 1385 3791 tardare
1408 3737 1612 3792 venire.
1627 3736 1743 3806 Qui
1776 3738 1920 3793 beati

322 3825 478 3881 Petri
519 3825 781 3896 principis
807 3825 1176 3897 apostolorum
1202 3827 1493 3884 mitissimo
1521 3828 1710 3884 doctus
1735 3845 1922 3886 exem-

331 3916 438 3988 plo,
477 3917 547 3973 de
579 3915 752 3987 Joppc
785 3916 856 3972 ob
895 3913 1178 3972 viduarum
1221 3915 1422 3974 Christi
1469 3917 1783 3989 petitionem
1834 3933 1922 3975 ve—

334 4007 533 4062 nientis
588 4007 862 4080 Lyddam,
900 4015 960 4062 ut
1009 4016 1253 4063 sanctam
1296 4011 1587 4064 suscitaret
1635 4008 1922 4064 Tabitham

331 4096 470 4167 (Act.
497 4097 596 4166 ιχ),
629 4097 860 4152 festinus
883 4099 1052 4161 venit,
1083 4099 1270 4153 audito
1301 4100 1572 4155 desiderio
1599 4100 1923 4156 ancillarum

331 4189 569 4254 Christi,
614 4190 683 4245 ad
726 4190 862 4244 illas.
897 4189 1088 4260 [.lfab.,
1123 4207 1230 4246 non
1263 4191 1434 4262 piguit
1460 4193 1649 4248 venire
1678 4196 1747 4249 ad
1779 4192 1922 4265 illas]

331 4283 402 4340 Et
420 4284 666 4350 veniens,
717 4300 841 4340 mox
877 4284 1031 4355 191
1063 4286 1118 4340 in
1153 4287 1345 4341 eodem
1379 4288 1711 4342 monasterio
1757 4290 1924 4345 missa

335 4386 434 4442 pro
464 4371 693 4429 infirmis
720 4373 1012 4438 celebrata,
1044 4390 1243 4444 aquam
1279 4376 1573 4441 benedixit,
1608 4394 1717 4449 qua
1743 4386 1797 4433 et
1824 4379 1921 4435 doi-

331 4477 453 4518 mos
494 4462 707 4518 illarum
750 4465 960 4536 aspergi
987 4465 1172 4536 jussit,
1219 4475 1277 4522 et
1312 4470 1706 4538 :egrotantibus
1733 4480 1926 4541 potan-

337 4559 459 4611 dam
502 4557 823 4612 transmisit.
870 4557 1002 4624 Qua:
1041 4559 1174 4626 cito,
1219 4559 1401 4616 divina
1443 4562 1680 4618 donante
1720 4565 1926 4620 miseri-

320 4649 542 4712 «cordia,
572 4651 912 4713 convaluere,
947 4665 1048 4705 nec
1073 4650 1192 4706 ulbe
1222 4651 1275 4706 in
1306 4666 1374 4707 eo
1414 4653 1748 4709 monasterio
1784 4671 1922 4725 prte-

337 4739 480 4792 dicta
504 4747 657 4808 peste
679 4739 874 4794 exinde
905 4739 1295 4794 moriebantur.
1840 4739 1842 4741 ’

409 4826 539 4883 CAP.
565 4827 687 4883 XXI
707 4827 879 4899 [Mab.
901 4828 1063 4900 uti].
1091 4828 1357 4901 Malignus
1378 4831 1592 4901 spiritus
1615 4849 1706 4904 per
1730 4849 1923 4904 aquam

336 4918 657 4973 benedictum
691 4937 723 4973 a
757 4919 912 4973 domo
942 4919 1177 4990 pellitur.
1215 4950 1287 4962 -—
1315 4921 1552 4993 Contigit
1578 4924 1794 4979 cuidam
1825 4941 1919 4995 pa-

339 5007 644 5064 trifamilias
675 5017 731 5062 et
751 5008 933 5064 domui
974 5024 1086 5064 sua:
1113 5010 1231 5064 dira
1261 5011 1608 5068 dmmoniacae
1653 5014 1921 5069 illusionis

342 5101 586 5163 tentatio.
614 5101 688 5156 ita
711 5109 770 5156 ut
797 5111 982 5171 aperte
1027 5101 1293 5173 malignus
1335 5104 1387 5158 in
1414 5105 1532 5175 ejus
1562 5107 1722 5161 domo
1765 5105 1923 5176 spiri-

341 5204 426 5248 tus
463 5208 529 5248 ex
559 5194 790 5249 horrore
816 5201 872 5247 et
908 5192 1187 5249 maleﬁciis
1235 5196 1483 5251 habitare
1512 5207 1922 5269 agnosceretur.

342 5283 476 5340 Nam
521 5284 700 5340 subito
737 5285 907 5348 cibos,
959 5284 1042 5338 vel
1086 5285 1431 5352 vestimenta,
1463 5286 1548 5340 vel
1582 5288 1688 5343 alia
1733 5290 1920 5345 domui

410 5408 438 5437 ι
469 5393 851 5449 Monasterium
880 5394 1195 5464 puellarum.
1231 5395 1519 5452 Browerus
1555 5399 1701 5454 hunc
1744 5399 1920 5454 locum

341 5468 406 5521 de
434 5466 764 5538 monasterio
805 5465 1118 5538 llorreensi,
1167 5469 1220 5521 in
1270 5469 1386 5538 ipsa
1429 5469 1564 5523 urbe
1615 5467 1924 5526 Trevircnsi

341 5539 468 5601 situ,
516 5537 907 5601 interpretatur
938 5535 1129 5590 Annal.
1160 5535 1369 5593 Trevir.
1401 5539 1524 5594 libr.
1568 5555 1664 5594 vtt.
1713 5541 1924 5596 Subdu-

343 5609 481 5681 bitat
507 5606 847 5681 Maltillouius
887 5621 956 5681 an
1005 5623 1112 5681 non
1142 5608 1547 5681 intelligendum
1575 5612 1646 5664 sit
1670 5613 1737 5665 de
1765 5611 1924 5666 Pala-

344 5677 475 5733 tiolo
496 5677 827 5751 monasterio
855 5677 1495 5751 ol_i_m__\'irgi_rtum,fttunc
1521 5682 1825 5751 collegiata.
1859 5684 1931 5738 At

345 5763 475 5803 vero
498 5746 818 5819 Palatiolum
851 5745 1063 5819 (llodie
1100 5745 1366 5819 Pfaltzel)
1410 5766 1516 5806 una
1548 5745 1688 5808 hora
1705 5752 1776 5807 ab
1796 5753 1932 5808 urbe

346 5819 414 5873 ad
434 5818 716 5874 sinistrum
743 5817 974 5872 Museum
1003 5817 1190 5883 littus,
1224 5817 1355 5876 non'
1377 5822 1428 5875 in
1461 5822 1578 5883 ipsa
1609 5823 1828 5879 civitate
1851 5824 1926 5880 si-

343 5899 460 5946 tum
493 5897 594 5955 est,
640 5897 699 5944 ut
741 5896 972 5943 testatur
1005 5888 1200 5945 illustr.
1249 5890 1312 5945 D.
1355 5891 1420 5947 de
1454 5888 1744 5951 llontheim
1789 5894 1928 5951 Hist.

1947 4699 1997 4756 D

2019 2071 2167 2127 omni
2205 2073 2597 2144 tranquillitate
2633 2083 2691 2132 et
2729 2077 2916 2147 quiete
2962 2078 3244 2149 degentes,
3288 2087 3345 2135 et
3381 2078 3614 2136 Domino

2019 2165 2228 2237 gratias
2263 2175 2486 2238 agentes
2529 2177 2710 2236 erant,
2758 2171 2853 2242 qui
2901 2171 3022 2228 illos
3058 2187 3158 2244 per
3182 2188 3401 2230 servum
3453 2187 3615 2230 suum

2020 2262 2291 2318 redimere
2320 2261 2577 2335 dignatus
2602 2270 2724 2332 est.

2090 2352 2220 2410 Ctr.
2262 2353 2408 2410 XXII
2454 2352 2625 2428 [Ιώ.
2673 2353 2857 2429 unt].
2912 2354 3198 2426 Pippinum
3241 2355 3497 2428 baptizat,
3553 2367 3608 2413 et

2017 2441 2165 2499 illius
2203 2443 2440 2514 futuram
2460 2443 2834 2501 sublimitatem
2875 2447 3139 2518 praedicit.
3166 2477 3238 2488 —-
3264 2447 3410 2504 [lem
3470 2464 3612 2520 quo-

2018 2551 2127 2606 que
2161 2535 2250 2590 vir
2282 2535 2394 2592 Deo
2419 2535 2671 2593 amabilis
2707 2539 2953 2607 quaedam
2982 2539 3300 2608 prophetico
3331 2541 3609 2610 przedixe-

2022 2633 2107 2680 rat
2130 2625 2349 2695 spiritu,
2389 2641 2511 2697 qum
2534 2635 2660 2698 post
2694 2642 2879 2682 rerum
2927 2637 3154 2684 eventus
3179 2644 3304 2683 vera
3342 2630 3611 2699 probavit.

2018 2714 2325 2785 Baptiaavit
2347 2715 2493 2771 enim
2533 2715 2822 2788 Pippinum
2863 2719 3037 2774 lilium
3067 2719 3402 2777 Francorum
3426 2721 3616 2778 fortis-

2019 2809 2146 2866 simi
2174 2809 2327 2866 ducis
2371 2808 2574 2880 Caroli,
2601 2820 2817 2884 patrem
2856 2815 3018 2886 hujus
3051 2816 3374 2872 nobilissimi
3401 2819 3609 2885 Caroli,

2018 2902 2111 2972 qui
2135 2903 2298 2959 modo
2329 2918 2456 2960 cum
2481 2904 2774 2976 triumphis
2807 2907 3062 2964 maximis
3094 2917 3150 2962 et
3180 2911 3327 2964 omni
3349 2909 3615 2983 dignitate

2019 2983 2412 3066 gloriosissime
2456 2994 2794 3052 Francorum
2851 2998 3332 3070 regit'imperium.
3386 2999 3464 3058 De
3504 3019 3618 3075 quo

2018 3082 2248 3154 Pippino
2281 3084 2444 3144 Patre
2476 3085 2594 3156 ejus
2623 3088 2768 3144 idem
2805 3098 3030 3147 sanctus
3065 3093 3152 3148 vir
3197 3109 3440 3166 praesaga
3479 3111 3617 3156 voce

2019 3190 2204 3229 curant
2226 3175 2506 3246 discipulis
2518 3179 2633 3233 suis
2657 3180 2912 3250 praedixit
2939 3181 3042 3239 hoc
3067 3184 3388 3241 vaticinium
3413 3205 3428 3241 :
3453 3205 3474 3240 ι
3495 3187 3615 3246 Sci-

2020 3275 2155 3334 tote,
2183 3268 2454 3337 inquiens,
2476 3271 2621 3341 quod
2649 3271 2752 3328 iste
2768 3271 2947 3330 infans
2977 3275 3228 3333 sublimis
3246 3278 3354 3334 erit
3380 3279 3536 3338 valde
3558 3289 3618 3339 et

2019 3361 2307 3429 gloriosus,
2327 3371 2383 3416 et
2402 3363 2644 3420 omnium
2670 3365 3090 3435 prmee'dentium
3106 3368 3444 3427 Francorum
3465 3372 3618 3430 duci.

2020 3453 2325 3523 husmajor.
2354 3475 2374 3508 ι
2401 3454 2572 3524 Hujus
2585 3456 2768 3528 itaque
2789 3457 3032 3514 vaticinii
3052 3460 3258 3516 veritas
3276 3462 3478 3519 nostris
3490 3462 3615 3535 pro-

2020 3545 2150 3600 bata
2175 3553 2261 3600 est
2281 3547 2654 3618 temporibus,
2680 3563 2783 3604 nec
2803 3563 2942 3619 opus
2977 3557 3066 3605 est
3089 3550 3418 3609 testimoniis
3459 3567 3609 3610 asse-

2021 3636 2136 3706 qui,
2159 3636 2307 3706 quod
2333 3637 2502 3693 totius
2525 3638 2674 3710 regni
2706 3642 2954 3709 agnoscit
2987 3643 3306 3697 auctoritas.
3339 3642 3425 3698 S.t
3452 3659 3612 3698 nam-

2023 3741 2130 3797 que
2158 3727 2339 3785 omnis
2382 3729 2634 3801 p0pu1us,
2660 3731 2860 3800 quibus
2896 3732 3270 3790 nobilissimus
3301 3735 3476 3790 vietor
3526 3751 3621 3792 ee-

2022 3819 2265 3876 lebratur
2311 3821 2634 3892 triumphis,
2672 3810 2756 3878 vel
2806 3832 3070 3895 quantum
3119 3828 3390 3882 terminos
3438 3829 3614 3884 nostri

2022 3910 2216 3983 [Mrb.,
2245 3913 2464 3968 termini
2488 3913 2661 3971 nostri
2693 3914 3003 3988 imperium]
3031 3915 3282 3973 dilatavit
3317 3919 3528 3989 imperii
3564 3931 3614 3989 ε,

2024 4005 2105 4061 vel
2155 4021 2317 4076 quam
2348 4007 2539 4062 devote
2567 4006 2934 4066 Christianam
2971 4010 3026 4065 in
3071 4024 3238 4082 regno
3273 4027 3372 4067 suo
3403 4027 3614 4082 praepa-

2025 4097 2166 4152 ravit
2186 4096 2525 4167 religionem,
2551 4097 2636 4153 vel
2658 4099 2788 4168 quid
2807 4114 2908 4170 pro
2929 4099 3243 4157 defensione
3278 4113 3480 4158 sanetre
3505 4104 3610 4159 Ee-

2025 4187 2203 4242 clesim
2216 4187 2312 4242 Dei
2326 4188 2468 4259 apud
2485 4196 2779 4246 extraneas
2791 4191 3038 4248 exercuit
3055 4200 3264 4263 gentes.
3285 4193 3416 4260 Quae
3431 4195 3615 4252 ornnia

2025 4279 2219 4334 melius
2236 4278 2413 4334 oculis
2435 4278 2654 4350 probari
2679 4295 2842 4350 quam
2874 4282 3059 4338 verbis
3087 4284 3348 4355 explicari
3379 4296 3608 4356 queunt.

2093 4368 2224 4424 CAP.
2268 4367 2436 4424 XXIII
2486 4368 2658 4441 [Hab.
2696 4371 2871 4444 xnv].
2913 4373 3072 4428 Dote:
3117 4376 3234 4447 ejus
3278 4386 3328 4430 et
3371 4379 3608 4433 uirtutes.

2025 4457 2187 4514 Obiit.
2253 4459 2502 4532 Sepultus
2544 4461 2850 4530 Epternaci.
2891 4463 3111 4521 "lustre
3153 4467 3492 4522 miraculum.
3541 4497 3614 4510 —--

2024 4549 2152 4605 Fuit
2187 4565 2319 4607 vero
2367 4551 2470 4606 iste
2522 4552 2609 4606 vir
2652 4562 2906 4622 sanctus,
2967 4559 3114 4612 omni
3147 4558 3413 4629 dignitate
3466 4577 3606 4630 pra:-

2023 4641 2238 4705 clarus,
2294 4649 2504 4698 statura
2558 4643 2788 4710 decens,
2847 4639 3001 4701 vultu
3053 4647 3422 4717 honorabilis,
3473 4649 3615 4706 facie

2027 4742 2305 4799 venustus,
2331 4734 2495 4789 corde
2528 4733 2704 4801 lautus,
2735 4738 2966 4793 consilio
3005 4740 3244 4811 sapiens,
3279 4757 3374 4797 ore
3411 4741 3616 4811 jucun-

2023 4825 2146 4888 dus,
2177 4825 2417 4882 moribus
2443 4827 2796 4896 compositus,
2824 4839 2879 4883 et
2902 4830 2956 4884 in
2980 4821 3128 4885 omni
3160 4846 3327 4902 opere
3352 4833 3448 4888 Dei
3477 4843 3622 4890 stre-

2025 4932 2184 4972 nuus.
2233 4917 2400 4986 Cujus
2443 4929 2626 4974 autem
2669 4922 2946 4989 patientia;
2983 4931 3150 4989 esset,
3192 4941 3259 4979 ex
3297 4935 3425 4981 ante
3457 4925 3622 4983 dictis

2025 5006 2142 5077 ejus
2162 5009 2330 5080 gestis
2355 5010 2676 5070 ostenditur.
2708 5010 2978 5079 Quantam
2994 5031 3124 5070 vero
3137 5015 3390 5072 habuerit
3412 5015 3616 5087 (Μαι.

2024 5099 2106 5154 vel
2165 5107 2422 5169 quantam
2487 5095 2782 5176 habuisset]
2833 5103 3156 5161 industriam
3191 5107 3257 5162 in
3315 5106 3614 5180 Evangelia

2021 5190 2224 5246 Christi
2249 5189 2613 5260 pmdicmdo,
2634 5191 2722 5247 vel
2744 5193 2981 5263 qualiter
3007 5195 3156 5250 illum
3180 5197 3243 5251 in
3268 5212 3436 5268 opere
3475 5215 3615 5267 prae-

2025 5280 2243 5336 dicandi
2264 5281 2447 5338 divina
2473 5282 2741 5352 adjuvcrit
2779 5286 2977 5354 gratia,
3009 5301 3116 5342 non
3160 5302 3385 5344 necesse
3418 5299 3501 5344 est
3523 5306 3616 5346 no-

2026 5393 2234 5474 Trevir.
2263 5403 2392 5477 tam.
2436 5393 2481 5459 l,
2513 5411 2631 5477 pag.
2663 5395 2753 5460 25,
2779 5399 3140 5455 verosimilior
3165 5418 3294 5473 ergo
3321 5412 3406 5458 est
3446 5405 3618 5460 inter-

2026 5465 2256 5535 pretatio
2286 5465 2548 5519 Bt‘oweri.
3229 5465 3256 5473 ⁷

2096 5537 2126 5574 ι)
2158 5532 2964 5620 Quodappellatur‘Euernuco.
3001 5540 3178 5620 .lioilie
3211 5541 3617 5620 Epternarense

2033 5607 2539 5685 monasteriutn._dc
2562 5608 2715 5685 eujtts
2739 5610 2968 5685 origine,
2995 5608 3205 5685 jurihus
3231 5607 3285 5670 εἰ
3306 5617 3617 5685 acquisitin-

2030 5677 2208 5739 nibus,
2239 5675 2700 5741 secularisatione,
2747 5694 2808 5733 ac
2832 5675 3179 5736 restitutione
3211 5685 3277 5737 ad
3305 5675 3613 5746 Benedicti-

2032 5761 2130 5802 nos
2165 5747 2386 5801 consule
2411 5747 2606 5802 illustr.
2633 5748 2690 5806 D.
2728 5749 2796 5803 ab
2827 5748 3112 5807 llontheim
3145 5751 3280 5809 llist.
3306 5755 3466 5811 Trev.
3491 5765 3534 5812 t.
3571 5758 3610 5811 Ι.

2104 5828 2126 5856 ο
2151 5814 2336 5898 Ιγρδεςὶ
2367 5818 2593 5898 imperii.
2623 5818 2704 5898 Ex_
2725 5820 2808 5874 his
2837 5821 3263 5898 verbisintelligi
3287 5841 3446 5898 posse
3464 5828 3614 5882 vide-

2032 5895 2121 5940 tur
2145 5885 2448 5962 Alemanni
2481 5888 2619 5945 haec
2658 5891 2824 5946 vitam
2859 5893 3162 5962 scripsisse,
3207 5885 3332 5950 dum
3363 5911 3612 5955 morare-

2033 5966 2122 6014 tur
2141 5959 2199 6013 in
2227 5956 2478 6013 Francia.
