4112 6590
497 368 600 424 707

1356 367 1418 423 Β.
1456 368 1521 423 F.
1558 368 1786 425 ALBINI
1824 368 1961 429 SEU
2004 372 2285 428 ALCl’lNl
2322 374 2610 432 OPERUM
2648 376 2829 433 PARS
2863 376 2928 432 ν.

3672 387 3784 441 703

491 495 611 542 stro
642 485 897 557 prosequi
944 486 1107 557 stylo,
1137 488 1284 555 quod
1325 487 1495 541 totius
1540 487 1721 558 pepuli
1770 487 2083 543 testimonio
2116 496 2157 553 Α
2190 491 2258 546 tis
2286 493 2578 549 aedificavit
2606 503 2663 551 et
2696 496 2986 553 dedicavit.
3042 496 3148 553 Sed
3184 509 3241 555 et
3289 500 3413 556 miri
3444 503 3624 559 odoris
3668 503 3785 559 fra-

490 574 896 646 comprohatur.
921 572 1091 629 Porro
1132 573 1250 642 ejus
1282 584 1496 630 secreta
1541 577 1888 633 conversatio
1914 579 1968 631 in
1999 578 2082 631 vi-

492 666 638 735 giliis
660 675 717 721 ct
766 666 1129 731 orationibus,
1170 668 1226 721 in
1268 666 1490 736 jejuniis
1535 677 1591 723 et
1616 668 1963 737 psalmodiis,
2013 683 2080 722 ex

492 757 618 813 vitae
643 759 935 814 sanctitate
971 764 1025 813 et
1061 760 1342 831 signorum
1370 761 1682 816 ostensione
1712 760 1936 832 intelligi
1986 762 2081 815 da—

489 859 599 903 tur.
650 847 985 909 Cbaritatcm
1038 850 1250 906 scilicet
1298 851 1551 905 assiduus
1592 833 1747 905 labor
1800 851 2074 914 ostendit,

487 957 650 1010 quem
672 942 915 1012 quotidie
941 957 1041 1011 pro
1057 940 1260 997 Christi
1282 944 1503 998 nomine
1526 944 1805 998 sustinuit.
1837 945 2078 1014 Denique

486 1034 571 1088 vir
593 1042 814 1088 sanctus
840 1034 1093 1089 omnibus
1123 1032 1315 1088 diebus
1339 1034 1465 1110 vitae
1494 1028 1684 1089 sumain
1707 1034 1890 1089 divino
1910 1033 2077 1105 proli-

485 1125 639 1180 eiens
690 1140 884 1195 opere,
933 1123 1047 1181 Deo
1083 1124 1335 1180 amabilis
1376 1132 1433 1180 et
1472 1128 1621 1179 omni
1666 1126 1865 1196 populo
1890 1134 2079 1194 gratus

485 1213 685 1287 [Mab.,
723 1213 1050 1288 placabilis],
1097 1217 1435 1286 temporibus
1464 1215 1644 1271 Caroli
1693 1217 1924 1287 antiqui,
1968 1217 2079 1272 for-

484 1309 679 1364 ‘issimi
719 1307 1053 1362 Francorum
1085 1307 1261 1373 ducis,
1299 1322 1467 1362 senex
1514 1316 1570 1361 et
1611 1308 1803 1377 plenus
1845 1309 1900 1363 in
1927 1311 2076 1366 omni

480 1397 812 1469 perfectione
838 1398 1051 1453 dierum
1080 1409 1129 1465 ι,
1154 1398 1433 1469 appositus
1458 1406 1543 1453 est
1570 1398 1637 1453 ad
1682 1406 1868 1469 patres
1913 1418 2041 1455 suos
2059 1444 2075 1467 ,

480 1490 830 1563 multiplicem
870 1491 1071 1546 laboris
1095 1492 1180 1547 sui
1226 1486 1465 1546 fructum
1504 1500 1827 1563 accepturus
1855 1511 1885 1549 a
1920 1496 2031 1550 Deo
2056 1538 2071 1563 ,

478 1584 737 1639 saeculum
763 1585 867 1639 hoc
891 1584 1205 1653 relinquens
1236 1578 1433 1657 [Hab.,
1459 1584 1735 1641 hominem
1766 1588 1919 1643 exuit
1946 1603 2072 1643 cum

476 1675 719 1748 seculo],
747 1683 809 1731 ut
855 1675 1057 1731 omium
1084 1675 1405 1747 possideret,
1437 1674 1715 1732 Christum
1747 1676 1906 1750 ιω
1956 1679 2072 1734 sine

477 1765 584 1821 fine
617 1767 670 1821 in
709 1776 912 1823 :cterna
960 1766 1134 1838 gloria
1173 1769 1391 1823 visurus
1419 1783 1433 1822 :
1463 1768 1519 1823 in
1554 1769 1710 1840 cujus
1737 1770 2029 1827 dilectione
2050 1812 2065 1837 ,

2183 584 2392 651 grantia
2426 585 2668 640 omnium
2699 587 3015 657 perfuderat
3043 604 3240 656 nares,
3285 601 3347 646 ut
3368 596 3649 666 perspicue
3694 596 3783 652 in«

2184 668 2554 740 telligeretur,
2619 676 2688 730 ad
2746 679 3039 748 exsequias
3090 681 3192 735 viri
3249 683 3421 739 sancti
3472 686 3779 756 angelicum

2182 767 2396 818 venisse
2426 767 2813 823 ministerium.

2252 855 2380 909 CAP.
2408 856 2573 912 XXIV
2592 857 2760 931 [Μαι.
2790 860 2966 936 nm].
2991 864 3180 919 Anima
3208 866 3273 921 ab
3290 867 3489 938 angelis
3512 869 3567 925 in
3587 871 3775 928 calum

2178 954 2439 1014 portatur.
2504 947 2771 1004 Miracula
2819 953 2891 1007 ad
2920 955 3019 1007 viri
3045 960 3214 1009 sancti
3244 975 3455 1028 corpus.
3475 990 3545 1000 ——-
3574 960 3680 1017 Sed
3718 975 3773 1019 et

2178 1039 2395 1092 cuidam
2435 1041 2691 1112 religioso
2732 1046 2905 1100 Sancti
2946 1045 3052 1099 viri
3101 1046 3368 1119 discipulo
3416 1051 3627 1123 longius
3667 1068 3755 1123 po

2177 1130 2304 1195 sito,
2348 1131 2403 1184 in
2454 1133 2704 1188 oratione
2748 1136 3025 1207 vigilanti,
3065 1138 3250 1195 obitus
3303 1142 3449 1197 illius
3493 1144 3768 1201 revelatus

2176 1230 2279 1276 est.
2352 1224 2487 1278 Nam
2538 1224 2741 1283 vidisse
2791 1245 2851 1285 se
2887 1232 3193 1288 testabatur
3250 1235 3491 1290 animam
3534 1240 3766 1294 sanctis-

2177 1314 2297 1367 simi
2326 1314 2503 1370 Patris
2538 1318 2619 1372 sui
2662 1334 2785 1373 cum
2832 1332 3025 1393 magna
3055 1322 3277 1380 luminis
3324 1321 3593 1392 claritate,
3639 1343 3763 1384 cum

2176 1420 2411 1459 consona
2467 1410 2777 1464 canentium
2816 1411 2997 1479 laude,
3047 1417 3117 1470 ab
3140 1418 3403 1488 angelicis
3437 1420 3774 1478 exercitibus

2174 1496 2242 1549 ad
2283 1496 2544 1553 C(l'lul‘um
2592 1511 2759 1571 regna
2806 1504 3035 1572 portari.
3088 1505 3235 1561 Multi
3279 1525 3496 1581 quoque
3538 1511 3769 1567 fratrum

2173 1588 2360 1643 testati
2389 1599 2535 1656 sunt,
2572 1594 2769 1647 crebro
2797 1610 2857 1650 se
2902 1612 3067 1667 super
3092 1597 3373 1667 lectulum,
3404 1602 3459 1656 in
3484 1617 3593 1672 quo
3641 1605 3772 1659 hea-

2173 1685 2281 1730 tam
2321 1679 2561 1736 animam
2587 1699 2685 1739 suo
2712 1684 2961 1740 Creatori
2998 1686 3252 1755 reddidit,
3292 1690 3541 1747 mirabile
3566 1693 3770 1749 vidisse

2172 1766 2375 1835 lumen,
2420 1774 2911 1847 suavissimamque
2953 1778 3140 1835 adonis
3182 1779 3484 1837 dulcissimi
3530 1785 3769 1841 sensisse

472 1862 714 1932 quandiu
744 1862 1031 1916 nobiscum
1076 1862 1311 1927 vixerat,
1350 1860 1598 1918 laborare
1644 1878 1751 1917 non
1793 1863 2064 1919 cessabat.
2099 1850 2146 1910 Β
2171 1862 2531 1936 fragrantiam
2564 1887 2577 1922 :
2608 1878 2669 1924 ut
2699 1872 2924 1927 omnino
2965 1873 3051 1928 his
3079 1874 3251 1946 signis
3287 1875 3622 1940 crederetur.
3653 1894 3769 1934 cm—

473 1954 573 2011 Die
601 1956 831 2027 septima
859 1955 1064 2010 mensis
1078 1954 1418 2021 Novembris,
1437 1956 1490 2011 id
1509 1962 1616 2023 est,
1636 1972 1714 2011 vn
1728 1956 1854 2013 ldus
1868 1956 2069 2031 μίσει,

470 2048 559 2104 die
586 2058 741 2104 scito
776 2047 911 2105 Nov.
945 2048 1001 2104 id
1034 2057 1121 2103 est
1139 2064 1235 2103 vm
1256 2046 1432 2120 ldus],
1463 2061 1531 2103 ex
1551 2049 1657 2105 hac
1675 2049 2070 2122 peregrinatio-

472 2164 542 2203 ne
562 2148 629 2205 ad
644 2158 962 2222 perpetuam
977 2148 1231 2220 migravit
1252 2148 1485 2219 patriam
1505 2146 1625 2215 luet
1644 2147 1889 2220 sepultus
1905 2158 1990 2204 est
2010 2149 2067 2204 in

470 2244 803 2300 monasterio
824 2242 1150 2313 Epternaco,
1181 2242 1328 2312 quod
1358 2240 1475 2313 ipse
1496 2240 1629 2308 Deo,
1651 2248 1712 2295 ut
1739 2239 1951 2313 prmfati
1975 2258 2067 2299 su-

469 2352 612 2401 mus,
659 2340 1063 2390 construxerat.
1102 2330 1179 2387 lbi
1209 2346 1379 2401 usque
1408 2331 1595 2398 hodie,
1623 2330 1804 2387 divina
1839 2347 2065 2404 operan-

467 2441 522 2484 te
548 2426 954 2491 misericordia,
986 2424 1141 2496 signa
1168 2431 1225 2479 et
1256 2423 1521 2479 sanitates
1548 2422 1617 2478 ad
1645 2423 1822 2479 sancti
1851 2423 1945 2479 Dei
1976 2439 2064 2479 sa-

464 2519 702 2576 cerdotis
730 2518 986 2589 reliquias
1016 2515 1135 2572 lleri
1162 2530 1270 2572 non
1303 2524 1541 2572 cessant.
1602 2514 1684 2571 Ex
1729 2515 1926 2587 quibus
1963 2516 2061 2572 ali-

464 2630 570 2685 qua
626 2615 755 2671 huic
802 2620 1003 2668 nostra:
1056 2611 1126 2668 de
1176 2626 1243 2667 eo
1302 2610 1547 2667 historiae
1587 2604 1919 2679 subjicienda
1966 2625 2059 2666 es-

463 2723 522 2764 se
550 2707 961 2773 azstimavimus,
1017 2705 1073 2761 in
1107 2704 1335 2777 gloriam
1376 2713 1432 2760 et
1470 2703 1686 2760 laudem
1719 2704 1929 2759 Domini
1961 2721 2059 2761 no-

462 2801 563 2857 stri
600 2797 728 2856 Iesu
769 2798 995 2864 Christi,
1020 2796 1113 2868 qui
1152 2791 1271 2852 haec
1306 2810 1404 2868 per
1446 2795 1589 2851 servi
1618 2794 1701 2849 sui
1750 2794 2056 2864 patrocinia

465 2890 666 2962 saepius
693 2888 911 2960 operari
936 2887 1192 2958 dignatus
1219 2893 1324 2942 est.
1356 2883 1524 2956 (Μαι.
1566 2884 1696 2941 CAP.
1737 2886 1889 2958 xxv.)
1914 2884 2057 2943 Con-

458 2979 636 3037 ditum
664 2988 750 3036 est
778 2977 1087 3034 venerabile
1114 2992 1317 3047 corpus
1352 2977 1407 3031 in
1438 2977 1779 3048 sarcophago
1815 2992 2055 3033 marmo-

459 3088 575 3140 reo,
603 3074 697 3146 qui
716 3073 953 3143 primum
981 3072 1079 3126 toti
1109 3070 1207 3127 Dei
1236 3069 1425 3127 famuli
1450 3070 1665 3141 corpori
1701 3070 1857 3141 quasi
1893 3071 2054 3126 dimi-

456 3168 548 3224 dio
593 3164 748 3239 pedis
794 3164 1013 3221 brevior
1068 3163 1321 3219 inventus
1362 3170 1477 3227 est,
1511 3160 1771 3217 fratribus
1820 3162 1891 3216 ob
1948 3162 2051 3216 hoc

2170 1953 2335 2011 testes
2364 1956 2541 2013 locum
2569 1958 2947 2031 frequentasse
2975 1962 3170 2035 [Παίου
3206 1965 3577 2041 frequentem]
3596 1970 3765 2037 cives,

2170 2043 2225 2099 in
2251 2060 2359 2116 quo
2382 2058 2572 2103 sancta
2615 2050 2799 2105 anima
2844 2053 3099 2124 migravit
3126 2055 3197 2110 ad
3250 2055 3539 2113 Dominum
3567 2056 3766 2131 [Μαίη.

2171 2140 2241 2195 ad
2282 2139 2609 2216 Christum].
2662 2143 2833 2216 (Μαι.
2887 2146 3017 2203 Cu».
3063 2148 3259 2221 xxvn.)
3311 2150 3418 2205 Per
3454 2154 3764 2207 unctionem

2167 2250 2383 2307 quoque
2404 2237 2528 2302 olei,
2556 2239 2701 2309 quod
2725 2255 2889 2310 supra
2917 2256 3118 2312 corpus
3137 2244 3311 2299 sancti
3331 2244 3512 2300 lucere
3536 2245 3764 2310 solebat,

2170 2327 2324 2381 multi
2357 2327 2581 2393 inﬁmi,
2615 2330 2726 2386 Deo
2752 2331 2988 2388 donante
3026 2339 3084 2386 et
3138 2332 3262 2389 ﬁdei
3308 2334 3527 2391 illorum
3567 2352 3764 2408 coope-

2165 2425 2341 2485 rante,
2363 2420 2535 2475 curati
2561 2430 2705 2476 sunt.
2730 2422 3062 2479 Poenitentes
3073 2439 3290 2496 quoque
3303 2426 3503 2498 saepius
3523 2427 3593 2482 ad
3610 2441 3766 2481 eam-

2165 2512 2289 2567 dem
2310 2513 2593 2569 venientes
2634 2514 2941 2582 ecclesiam,
2972 2517 3196 2573 circulis
3240 2517 3435 2575 ferreis
3468 2534 3621 2575 more
3667 2534 3764 2574 so-

2163 2602 2260 2661 lito
2302 2605 2648 2672 circumdati,
2696 2608 2870 2678 ruptis
2916 2608 3137 2665 circulis
3180 2610 3363 2666 subito
3400 2612 3619 2667 vincula
3659 2625 3761 2666 sua

2162 2696 2401 2753 resoluta
2428 2706 2718 2752 senserunt
2770 2697 2965 2772 [Μήνη
2993 2698 3413 2769 Pmnitentibus,
3443 2710 3574 2767 etc.,
3626 2700 3752 2756 vin-

2160 2790 2282 2847 cula
2310 2790 2548 2847 resoluta
2578 2790 2750 2865 sunt].
2779 2792 2947 2864 Cujus
2978 2794 3076 2861 rei,
3115 2793 3295 2850 adhuc
3316 2794 3370 2849 in
3391 2795 3626 2852 ecclesia
3649 2796 3760 2851 cir-

2161 2881 2270 2937 culi
2290 2882 2610 2951 pendentes,
2654 2890 2825 2939 testes
2849 2892 2996 2940 sunt.

2237 2973 2395 3045 193
2434 2974 2564 3029 Car.
2611 2973 2755 3028 XXV
2789 2975 2961 3049 [Mab.
3005 2976 3224 3052 xxvm].
3260 2976 3569 3051 Paralytica
3596 2995 3760 3034 sana-

2160 3079 2267 3124 tur.
2313 3100 2385 3109 —-
2426 3068 2681 3137 Quaedam
2738 3086 2870 3125 vero
2926 3072 3124 3127 mulier
3172 3072 3501 3146 paralytica,
3545 3081 3756 3144 septem

2161 3162 2321 3217 annis
2349 3160 2546 3233 [Malr.,
2573 3161 2820 3231 pluribus
2855 3161 3037 3235 annis]
3065 3164 3275 3234 magnis
3296 3165 3537 3219 cruciata
3561 3162 3757 3218 dolori-

456 3262 613 3317 valde
641 3258 1011 3325 contristatis,
1064 3266 1122 3314 et
1163 3257 1363 3327 sapius
1398 3256 1761 3312 tractantibus
1791 3254 1902 3329 [Id.
1952 3273 2051 3313 sa:-
2081 3248 2127 3309 C
2160 3255 2279 3320 bus,
2308 3255 2360 3308 in
2396 3263 2605 3309 tantum
2637 3263 2921 3324 grassante
2943 3255 3133 3309 eadem
3168 3256 3487 3326 quotidiana
3526 3253 3755 3310 inﬁrmi-

459 3355 583 3424 pius
642 3348 956 3423 suspensis]
1025 3350 1119 3405 ubi
1193 3358 1380 3419 aptum
1443 3356 1633 3404 sancto
1691 3348 1907 3417 corpori
1970 3348 2053 3401 in-

456 3447 707 3504 venirent
761 3444 1031 3501 locellum.
1085 3440 1193 3500 Sed
1255 3443 1395 3500 miro
1454 3445 1658 3510 modo,
1711 3441 1894 3498 divina
1949 3442 2049 3499 do-

454 3550 619 3596 nante
682 3541 917 3611 pietate,
980 3539 1232 3593 inventus
1292 3545 1377 3592 est
1440 3537 1619 3593 subito
1680 3538 2055 3609 sarculihagus

454 3639 609 3686 tanto
671 3631 774 3685 viri
840 3628 935 3684 Dei
1000 3628 1215 3699 corpori
1273 3627 1525 3699 longior,
1581 3636 1784 3699 quanto
1833 3629 2051 3685 brevior

452 3731 579 3778 ante
642 3721 912 3793 apparuit.
980 3719 1051 3775 Et
1104 3721 1159 3775 in
1212 3735 1279 3776 eo
1339 3720 1441 3774 viri
1502 3719 1599 3775 Dei
1668 3735 1868 3791 corpus
1925 3737 2049 3775 cum

453 3812 669 3885 hymnis
707 3809 1024 3884 psalmodiis
1067 3820 1124 3866 et
1151 3811 1301 3866 omni
1334 3811 1541 3865 honore
1589 3809 1909 3875 condentes,
1958 3825 2046 3864 sc-

449 3905 721 3976 pelicrunt
748 3901 881 3958 illud
908 3904 963 3958 in
1000 3902 1242 3958 Ecclesia
1272 3900 1486 3973 pnefati
1514 3901 1867 3965 monasterii,
1899 3901 2047 3971 quod

450 3999 541 4054 ille
564 4014 811 4053 summus
847 3995 942 4051 Dei
980 3995 1237 4051 sacerdos
1263 3996 1319 4050 in
1349 3996 1557 4050 honore
1579 4001 1782 4049 sancta:
1809 3992 2048 4047 Trinita-

520 4130 547 4157 ι
574 4115 769 4171 Plenus
795 4114 1020 4168 dierum.
1053 4113 1258 4183 Nempe
1292 4127 1464 4183 annos
1492 4110 1767 4183 octoginta
1799 4118 1854 4183 et
1877 4127 2044 4183 unum

447 4194 1081 4258 przetcrgressus,_prout
1114 4181 1228 4258 ipse
1276 4182 1537 4258 Alcuiuus
1580 4182 1770 4258 scribit
1810 4181 1951 4258 infra
1983 4182 2045 4235 li-

449 4253 548 4315 bro
571 4275 631 4323 η,
651 4253 756 4313 seu
781 4258 835 4311 in
864 4253 984 4311 \‘i'ta
1016 4253 1239 4311 metrica
1270 4270 1389 4325 cap.
1417 4256 1512 4319 2t,
1542 4253 1632 4309 ubi
1666 4254 1738 4307 ita
1771 4254 1917 4307 canit
1946 4272 1957 4307 :

574 4386 653 4435 Bis
675 4392 852 4435 octena
878 4386 989 4445 pius
1013 4384 1284 4443 complevit
1310 4383 1463 4430 lustra
1490 4381 1729 4431 sacerdos

567 4448 671 4498 ’l‘er
694 4439 947 4509 quater'et
971 4439 1171 4509 menses
1194 4460 1206 4504 ;
1233 4460 1313 4493 me
1348 4447 1734 4509 sisjamiamque
1752 4439 2043 4498 Novembris

572 4507 744 4561 Idibus
766 4510 959 4558 octonis
976 4521 1040 4557 cu
1056 4508 1091 4557 li
1116 4511 1347 4567 migravit
1371 4508 1430 4555 ad
1456 4507 1634 4555 aulam.

448 4607 890 4664 Mabilloniusoh
926 4606 1044 4660 hmc
1068 4606 1231 4660 verba
1262 4603 1421 4671 hujus
1451 4604 1629 4659 ultimi
1656 4619 1849 4659 versus
1880 4623 1892 4659 :
1925 4604 2039 4659 ldi-

2157 3352 2267 3399 tate
2288 3341 2484 3399 alnicta
2508 3353 2611 3409 est,
2629 3352 2689 3398 ut
2712 3345 2858 3399 omni
2886 3345 3258 3400 membrorum
3272 3343 3448 3402 ofﬁcio
3470 3346 3752 3411 destituta,

2154 3436 2334 3493 alieno
2362 3444 2607 3491 uteretur
2633 3437 2963 3503 ministerio,
3011 3446 3069 3494 et
3108 3438 3166 3493 in
3214 3437 3332 3493 solo
3374 3438 3755 3495 tantummodo

2153 3527 2470 3599 pectusculo
2506 3528 2593 3582 vix
2622 3528 2888 3583 anhelans
2923 3529 3150 3599 spiritus
3199 3529 3435 3600 suspiria
3477 3529 3618 3585 fessa
3666 3545 3748 3586 re-

2154 3622 2412 3677 traheret.
2441 3620 2569 3676 Hacc
2594 3635 2624 3675 a
2646 3621 2963 3692 propinquis
2989 3621 3058 3676 ad
3084 3620 3393 3690 ecclesiam,
3410 3622 3501 3678 ubi
3528 3629 3752 3680 sanctus

2154 3716 2247 3773 Dei
2274 3718 2583 3788 requiescit,
2608 3716 2903 3782 ferebatur,
2927 3732 3097 3788 prope
3121 3716 3372 3772 locellum
3399 3716 3749 3789 reliquiarum

2152 3809 2272 3878 ejus
2299 3811 2496 3881 posita.
2538 3810 2669 3877 Qun:
2720 3808 2919 3882 [Mab.,
2948 3808 3257 3882 positaque]
3311 3809 3364 3865 in
3400 3809 3592 3865 eodem
3628 3810 3752 3865 loco

2152 3903 2288 3958 fusis
2342 3901 2631 3973 lacrymis,
2666 3901 2955 3971 deprecata
3006 3911 3093 3956 est
3141 3915 3239 3971 per
3296 3901 3749 3957 intercessionem

2151 3996 2327 4051 sancti
2366 3995 2451 4049 sui
2504 3993 2710 4058 famuli,
2738 3993 2979 4048 divinam
3020 3994 3071 4049 ei
3121 3994 3368 4050 misereri
3398 3994 3749 4052 clementiam

2152 4109 2301 4181 ginta
2330 4107 2893 4181 adjiciantur,_p_rodit
2921 4122 3096 4181 annus
3125 4109 3364 4179 "itaque
3386 4109 3615 4181 proinde
3646 4126 3747 4164 an-

2151 4178 2254 4235 nus
2282 4182 2463 4234 obitus
2489 4180 2661 4233 sancti
2692 4178 3023 4234 Willibrordi
3058 4178 3408 4235 collocandus
3431 4190 3534 4236 est.
3562 4180 3745 4234 Mahil-

2150 4252 2328 4307 Ionius
2349 4252 2566 4320 quidem
2600 4250 2653 4303 in
2680 4252 2824 4305 notis
2850 4250 2917 4304 ad
2950 4251 3091 4305 hanc
3130 4253 3308 4307 Vitam
3348 4253 3521 4309 sancti
3570 4252 3743 4309 Willi-

2148 4324 2330 4377 hrordi
2360 4322 2569 4375 obitum
2593 4322 2785 4375 statuit
2814 4336 2956 4376 anno
2986 4321 3113 4388 759,
3142 4331 3360 4379 secutus
3390 4321 3741 4379 Theofridum

2151 4392 2404 4449 abbatem
2450 4392 2928 4464 Eptcrnacensem,
2982 4394 3076 4463 qui
3121 4395 3257 4448 vixit
3308 4410 3435 4453 szec.
3474 4411 3558 4455 x1;
3600 4395 3741 4449 hanc.

2149 4475 2330 4519 tamen
2385 4480 2541 4519 suam
2620 4464 2946 4519 sententiam
3023 4466 3265 4521 correxit
3331 4474 3463 4521 tom.
3526 4466 3569 4521 ll
3627 4465 3743 4525 An-

2149 4535 2255 4590 nal.
2284 4537 2417 4590 Ben.
2454 4535 2575 4588 libr.
2609 4549 2723 4597 xxi,
2768 4552 2917 4589 num.
2958 4534 3048 4601 64,
3080 4538 3173 4591 ubi
3195 4539 3404 4593 obitum
3432 4538 3531 4593 viri
3562 4539 3737 4602 sancti

2146 4606 2314 4662 refert
2341 4606 2407 4661 ad
2436 4621 2634 4659 annum
2672 4607 2768 4660 7M
2803 4606 2889 4661 vel
2918 4608 3347 4663 antecedentem.
3397 4608 3580 4664 Credit
3605 4623 3739 4661 vero

448 4682 547 4735 bus
587 4680 805 4741 octenis,
855 4677 1236 4748 corrigendum
1286 4647 1407 4731 esse
1453 4684 1640 4731 censet
1686 4677 1831 4732 hunc
1860 4677 2037 4731 locum
2070 4647 2120 4708 θ
2146 4680 2229 4733 vir
2271 4678 2659 4734 celeberrimus
2702 4677 2991 4748 Alcuinum
3032 4695 3156 4733 cum
3207 4687 3397 4735 sancto
3455 4679 3738 4735 Bonil'acio

445 4752 701 4807 editionis
721 4748 1067 4818 Quercetani,
1085 4749 1175 4819 ubi
1201 4748 1397 4819 legitur
1426 4764 1441 4801 :
1471 4748 1569 4801 Die
1600 4749 1820 4819 septima
1844 4750 2038 4802 mensis

452 4819 733 4877 Novembr.
770 4822 825 4877 id
858 4829 963 4887 est,
1012 4836 1088 4874 vn
1141 4818 1291 4873 ldus.
1321 4820 1398 4873 Ac
1432 4819 1613 4889 potius
1661 4818 1923 4889 adrlidcm
1974 4819 2039 4872 li-

448 4895 667 4948 brorum
684 4908 815 4949 mss.
840 4892 1125 4963 legendum
1151 4907 1164 4943 :
1198 4890 1297 4945 Die
1312 4888 1673 4963 sextoptensis
1702 4888 2035 4963 Novembris,

447 4964 501 5016 id
532 4974 630 5029 est,
668 4981 767 5020 vm
792 4960 944 5019 Idus.
974 4961 1074 5018 Cui
1110 4962 1329 5017 lectioni
1378 4960 1709 5032 sull‘ragatur
1744 4960 2034 5032 llrahanus

449 5035 527 5107 in,
555 5035 975 5107 Martyrologio;
1008 5033 1259 5107 quamvis
1301 5032 1393 5107 alii
1446 5031 1813 5107 Mar’tyrologi,
1863 5031 2035 5087 Wan-

446 5103 741 5171 delbertus,
768 5103 1067 5167 Usuardus,
1096 5103 1215 5159 Ado
1239 5112 1297 5176 et
1320 5103 1704 5176 MarterIOgia
1730 5103 2034 5176 Romanum

446 5185 501 5231 ct
531 5176 957 5243 Bcnedictinum,
984 5189 1088 5231 nec
1116 5190 1222 5231 non
1238 5174 1560 5231 Kalendaria
1580 5174 1950 5230 ecclesiastica
1974 5174 2030 5230 S.

451 5247 784 5304 Willibrordi
813 5247 1051 5304 natalem
1086 5246 1228 5301 diem
1251 5262 1325 5301 vn
1351 5245 1475 5301 ldus
1500 5244 1835 5302 Novembres
1857 5245 2035 5301 consi-

483 5329 634 5375 nent.

446 5336 665 5445 "Suria
687 5398 989 5471 perpetuam
1014 5388 1537 5471 migrauitpatrﬁrm:
1644 5386 2031 5471 Willibrgrdus

444 5477 588 5516 anno
637 5458 813 5516 artatis
848 5458 1128 5516 tricesimo
1178 5458 1358 5526 tertio,
1411 5459 1615 5515 Christi
1647 5473 1779 5513 vero
1821 5458 1926 5514 690
1974 5461 2029 5515 in

442 5530 673 5587 Frisiam
704 5531 939 5602 trajecit,
972 5539 1033 5585 ut
1059 5546 1222 5601 supra
1248 5532 1453 5587 dictum
1483 5539 1585 5585 est.
1618 5529 1677 5584 In
1709 5529 1908 5602 Frisia,
1932 5546 2031 5600 per

441 5619 615 5660 annos
657 5601 1049 5684 quinquaginta
1101 5602 1485 5728 ἐπεδίωςὶοηί
1514 5616 1760 5685 .operam
1816 5601 2027 5656 dedisse

441 5683 648 5728 certum
686 5684 771 5728 cst
808 5690 875 5728 ex
910 5681 1067 5728 eiust.
1138 5673 1169 5726 7
1199 5683 1371 5728 sancti
1396 5672 1656 5728 Bomfaen
1696 5673 1764 5727 ad
1794 5670 2027 5728 Stepha-

441 5683 648 5729 certum
674 5670 771 5731 'cst
807 5670 875 5729 ex
905 5670 1067 5744 epist.
1101 5670 1169 5728 97
1199 5674 1371 5729 sancti
1396 5670 1656 5729 Bonifaeii
1696 5673 1764 5727 ad
1794 5670 2027 5744 Stepha-

440 5762 570 5816 num
606 5760 823 5816 papam,
874 5743 948 5801 ibi
982 5763 1052 5816 εᾉι
1095 5745 1198 5812 Qui
1225 5760 1321 5814 per
1358 5744 1427 5799 50
1476 5759 1647 5798 annos
1695 5743 2021 5813 praedicans,

438 5814 721 5885 praafatain
750 5825 962 5885 gentem
987 5814 1286 5872 Fresonum
1324 5816 1559 5871 maxima
1588 5831 1654 5869 ex
1695 5823 1848 5884 parte
1894 5830 2024 5869 cou-

439 5889 600 5942 vcrtit
636 5888 702 5942 ad
732 5888 910 5942 lidcm.
950 5908 969 5940 ›
1020 5887 1419 5959 Quinquaginta
1457 5887 1501 5941 si
1529 5887 1801 5940 sexcentis
1852 5902 2019 5939 nona-

2145 4766 2248 4805 non
2279 4750 2417 4804 bene
2445 4750 2767 4804 convenire:
2799 4747 3012 4805 Alcuini
3058 4750 3203 4805 enim
3235 4750 3448 4806 calculo
3475 4752 3733 4815 admisso,

2143 4822 2242 4886 ait,
2274 4837 2380 4875 non
2428 4821 2531 4874 nisi
2559 4819 2627 4875 48
2656 4820 2783 4874 anni
2822 4820 2889 4875 ad
2918 4821 3362 4891 praedicationem
3387 4823 3561 4876 sancti
3596 4820 3733 4875 Wil-

2144 4892 2368 4947 librordi
2402 4898 2640 4954 restant;
2671 4908 2796 4945 nam
2836 4891 2883 4946 si
2913 4891 2983 4946 ab
3027 4892 3186 4948 annis
3226 4893 3403 4949 aetatis
3429 4894 3490 4949 8i
3523 4892 3735 4948 subtra-

2144 4963 2343 5017 hantur
2371 4964 2497 5017 anni
2525 4963 2705 5017 aetatis
2730 4978 2837 5033 qua
2862 4963 3014 5017 venit
3039 4965 3092 5017 in
3113 4960 3373 5029 Frisiam,
3404 4965 3613 5019 scilicet
3632 4961 3730 5029 53,

2143 5035 2209 5089 ad
2238 5034 2681 5104 prmdicationem
2704 5049 2809 5088 non
2840 5042 3052 5089 restant
3080 5035 3181 5089 nisi
3208 5036 3298 5091 48.

2214 5106 2414 5160 Verum
2449 5105 2649 5159 nullam
2678 5105 2765 5160 hic
2805 5120 2927 5160 esse
2953 5104 3377 5175 discrepantiam
3408 5119 3625 5167 censeo.
3680 5105 3727 5162 si

2139 5176 2207 5229 ad
2239 5185 2474 5247 mentem
2506 5176 2718 5231 Alcuini
2748 5190 2923 5230 annus
2954 5178 3267 5247 trigesimus
3301 5177 3495 5233 tertius
3521 5178 3724 5241 anatis,

2136 5264 2245 5317 quo
2274 5248 2329 5320 in
2356 5246 2589 5302 Frisiam
2622 5248 2802 5320 venit,
2817 5246 3167 5317 computetur
3191 5264 3316 5304 cum
3343 5251 3501 5304 annis
3529 5250 3695 5320 praedi
3722 5287 3733 5295 -

2136 5319 2394 5385 cationis;
2421 5325 2483 5391 et,
2501 5334 2677 5391 annus
2720 5319 2903 5374 obitus
2926 5326 3197 5374 statuatur
3222 5336 3400 5375 annus
3422 5319 3694 5391 octuagesi

2135 5405 2258 5443 mus
2286 5390 2557 5444 secundus
2590 5390 2839 5458 inceptus
2871 5398 2966 5444 aut
2989 5392 3226 5445 nondum
3254 5392 3574 5461 completus.
3602 5390 3717 5447 Sin'

2135 5476 2265 5531 ergo
2304 5461 2432 5515 anni
2475 5461 2676 5524 aetatis,
2720 5460 2938 5530 quando
2983 5471 3206 5518 sanctus
3253 5460 3635 5519 Willihrordus
3669 5463 3720 5515 in

2134 5532 2309 5586 Frisia
2333 5532 2630 5601 praedicare
2661 5532 2826 5604 erepit
2849 5531 3073 5601 triginta
3102 5533 3209 5588 duo
3228 5534 3481 5604 completi
3510 5551 3521 5586 :
3548 5548 3725 5588 annus

2132 5604 2330 5676 atatis,
2353 5618 2461 5671 quo
2496 5602 2779 5676 completis
2829 5604 3052 5676 omnino
3100 5602 3375 5676 octoginta
3404 5619 3514 5661 uno
3565 5604 3724 5676 annis

2130 5674 2290 5739 obiit,
2340 5674 2749 5759 octuagefimus
2788 5674 3441 5759 secundus._§ulitractis
3475 5690 3605 5759 ergo
3651 5674 3725 5730 ab

2129 5760 2273 5799 anno
2315 5744 2497 5799 obitus
2523 5745 2595 5801 82
2613 5744 2770 5816 annis
2794 5745 3058 5800 adventus
3082 5745 3171 5810 5‘2,
3203 5757 3413 5803 restant
3431 5744 3564 5805 anni
3584 5761 3718 5816 pm

2129 5816 2415 5871 dicationis
2464 5816 2554 5868 50.
2603 5815 2819 5884 Optime
2848 5830 2979 5884 ergo
3021 5818 3319 5873 concordat
3347 5815 3600 5875 calculus,
3621 5818 3717 5871 Al-

2127 5888 2270 5941 cuini
2294 5902 2419 5940 cum
2439 5887 2739 5942 assertione
2768 5890 2943 5940 sancti
2970 5885 3255 5943 Bonifacii.
