4112 6656
2022 100 2449 117 λῃῴδῆβ--Ῠ

548 425 653 480 7H

1407 433 1468 489 Β.
1510 433 1571 488 F.
1605 427 1834 488 ALBINI
1872 425 2002 481 SEU
2046 424 2319 483 ALCUINI
2360 424 2643 480 OPERUM
2675 424 2855 481 PARS
2892 422 2955 479 γ,

3714 426 3818 479 7H

549 536 703 593 Licet
740 552 838 609 per
868 539 1045 595 totius
1064 540 1212 598 orbis
1245 542 1517 599 Ecclesias
1548 540 1835 598 conveniat
1869 541 2016 595 omni
2044 555 2135 610 po—
2163 546 2208 603 Α
2241 549 2443 610 quanto
2473 540 2777 595 tiducialius
2804 541 3177 609 deprecamur,
3205 550 3353 595 tanto
3381 542 3540 598 e'tius
3566 545 3821 600 exaudie-

547 629 675 701 pulo
696 626 1008 686 Christiano
1034 640 1348 688 sanctorum
1378 631 1516 688 festa
1543 631 1847 696 celebrare,
1872 630 2130 686 victorias

549 722 769 778 laudare
817 720 1010 793 [vitam
1057 722 1281 795 imitari]
1313 741 1326 776 :
1364 730 1421 778 et
1442 722 1569 793 quia
1595 722 1650 777 in
1681 737 1898 778 omnem
1930 729 2132 776 terram

548 812 717 867 exivit
764 827 932 869 sonus
977 828 1184 881 eorum,
1214 822 1270 871 et
1301 814 1355 868 in
1411 812 1547 869 ﬁnes
1582 813 1731 871 orbis
1774 822 1937 868 terrae
1963 812 2133 867 verba

548 921 757 971 eorum,
784 905 838 959 in
861 906 1009 961 omni
1033 914 1180 962 terra
1201 920 1436 963 consona
1467 913 1787 961 cunctorum
1834 905 2132 961 viventium

550 1010 680 1051 voce
714 995 964 1050 laudandi
995 1002 1151 1061 sunt;
1194 1004 1372 1051 tamen
1400 994 1533 1051 locis
1569 996 1622 1051 in
1653 994 1879 1065 singulis
1910 1003 2136 1065 propter

550 1084 977 1141 familiaritatem
1025 1085 1439 1141 cohabitationis
1476 1083 1764 1153 cujuslibet
1806 1085 2044 1149 illorum,
2078 1092 2135 1141 et

547 1187 766 1250 propter
788 1177 1134 1249 praesentiam
1162 1187 1476 1233 sanctarum
1527 1178 1874 1247 reliquiarum
1891 1219 1906 1242 ,
1931 1193 2051 1248 qua:
2077 1177 2132 1232 in

547 1271 800 1327 solatium
828 1270 934 1326 illis
960 1270 1047 1326 vel
1076 1270 1181 1324 illis
1206 1270 1525 1325 condonata:
1562 1278 1689 1325 sunt
1713 1270 2129 1336 habitatoribus,

547 1362 769 1432 speciali
794 1360 1027 1433 quadam
1054 1361 1404 1417 veneratione
1437 1360 1579 1429 apud
1621 1361 1769 1416 cives
1812 1377 1939 1417 suos
1975 1360 2133 1416 fami-

548 1454 738 1508 liarius
789 1452 1146 1509 honorantur.
1178 1451 1349 1522 Igitur
1389 1450 1557 1505 Roma
1586 1452 1737 1515 urbs,
1768 1451 1917 1507 orbis
1945 1460 2128 1522 caput,

546 1544 827 1599 beatorum
859 1540 1229 1612 apostolorum
1253 1540 1399 1596 Petri
1427 1549 1482 1595 et
1512 1540 1662 1596 Pauli
1680 1541 1972 1611 specialius
1997 1558 2133 1612 quo-

547 1635 835 1693 dammodo
864 1633 1271 1706 gloriosissimis
1305 1633 1519 1689 lzetatur
1550 1633 1857 1703 triumphis.
1886 1632 2039 1689 Unde
2062 1634 2130 1688 ad

544 1729 792 1784 eamdem
828 1735 887 1782 et
935 1734 1123 1797 gentes
1170 1734 1229 1782 et
1261 1725 1468 1797 populi,
1504 1742 1630 1781 eum
1663 1727 1859 1781 devoto
1892 1725 2131 1796 pectoris

543 1818 740 1885 cilicio,
770 1818 1011 1889 quotidie
1046 1825 1408 1881 concurrunt,
1439 1826 1497 1872 ut
1540 1817 1731 1889 majori
1760 1817 1961 1887 quique
1986 1816 2131 1886 apud

2237 646 2379 686 mur.
2444 630 2576 687 Fide
2615 632 2758 687 enim
2809 633 2993 686 omnia
3044 633 3436 705 impetrantur,
3464 637 3623 693 sicuti
3662 637 3824 708 hujus

2236 720 2340 774 viri
2387 721 2738 787 sanctissimi,
2767 720 2921 790 cujus
2964 722 3125 778 hodie
3175 722 3429 780 festivum
3488 726 3824 786 celebramus

2186 833 2196 841 -
2235 812 2400 877 diem,
2431 811 2736 867 certissima
2764 823 2890 867 ante
2924 814 3113 870 oculos
3142 815 3406 872 habemus
3437 818 3704 889 exempla,
3728 821 3823 890 qui

2237 915 2364 955 mox
2390 901 2460 955 ab
2487 899 2711 956 infantia
2740 917 2855 967 sua,
2887 918 2985 973 per
3011 903 3173 959 ﬁdem
3207 905 3316 960 Deo
3354 906 3566 977 placere
3594 918 3817 966 conten.

2236 988 2334 1044 dit.
2367 989 2503 1046 Nam
2538 994 2792 1061 patriam,
2823 997 3203 1064 cognationem
3229 1007 3284 1052 et
3322 999 3545 1064 amicos,
3577 998 3822 1059 fervente

2236 1077 2343 1137 ﬁde
2363 1121 2377 1147 ,
2400 1096 2503 1152 pro
2547 1098 2734 1138 amore
2763 1083 2857 1137 Dei
2888 1086 3194 1156 dereliquit,
3226 1097 3443 1143 terrena
3473 1092 3820 1161 contempsit,

2235 1178 2296 1223 ut
2341 1170 2580 1226 etelestia
2625 1173 2950 1242 acquireret.
2973 1174 3180 1231 Idcirco
3212 1193 3467 1249 magnum
3497 1179 3701 1237 laboris
3734 1180 3822 1239 sui

2234 1259 2467 1315 fructum
2528 1262 2757 1331 invenit,
2802 1272 2859 1317 et
2913 1265 3112 1321 multas
3156 1269 3480 1338 populorum
3526 1272 3715 1328 turbas
3745 1273 3817 1328 ad

2233 1351 2511 1409 Christum
2555 1356 2827 1411 convertit
2874 1376 2886 1410 :
2948 1365 3000 1410 et
3063 1358 3327 1428 plurimos
3375 1377 3711 1433 paganorum
3747 1363 3819 1420 ab

2231 1447 2439 1503 erroris
2462 1449 2744 1519 iniquitate
2764 1451 2981 1515 avertit,
2996 1465 3054 1506 et
3074 1452 3253 1506 divina
3278 1464 3603 1523 cooperante
3621 1455 3815 1526 gratia,

2233 1538 2375 1593 ﬁlios
2398 1539 2513 1606 im,
2539 1540 2679 1594 ﬁlios
2710 1538 2838 1595 fecit
2864 1555 2985 1596 esse
3011 1541 3415 1598 misericordiae.
3449 1543 3663 1600 Inferna
3690 1559 3821 1602 con-

2232 1629 2415 1686 clusit.
2447 1630 2645 1686 etelum
2672 1632 2871 1702 aperit,
2896 1633 3156 1703 plurimas
3182 1637 3488 1705 peragravit
3518 1647 3738 1709 gentes,
3762 1647 3824 1696 ut

2231 1737 2421 1777 omnes
2442 1724 2498 1776 in
2525 1722 2669 1776 viam
2698 1724 2943 1779 veritatis
2968 1726 3262 1782 adduceret
3292 1747 3304 1781 :
3336 1744 3437 1784 nec
3463 1731 3566 1785 sibi
3600 1731 3701 1802 ipsi
3727 1747 3822 1803 pe-

2230 1815 2441 1886 percit;
2487 1815 2712 1885 populos
2740 1817 2909 1871 adivit
2962 1816 3193 1886 feroces,
3240 1820 3284 1873 si
3337 1818 3476 1875 forte
3519 1837 3819 1893 purpureas

545 1915 736 1969 beatos
760 1913 1031 1983 apostolos
1060 1912 1183 1967 ﬁdei
1215 1910 1653 1981 compunctione,
1672 1911 1755 1965 vel
1780 1925 1873 1964 sua
1900 1907 2133 1965 deﬂeant
2167 1900 2208 1958 Β
2239 1907 2483 1977 martyrii
2520 1922 2754 1962 coronas
2788 1907 3096 1964 inveniret;
3123 1924 3282 1981 quem
3336 1910 3480 1966 Deus
3517 1913 3587 1966 ob
3626 1912 3821 1969 multo-

544 2006 795 2071 crimina,
832 2005 915 2059 vel
965 2005 1203 2062 caelestis
1251 2005 1378 2060 vita:
1431 2004 1814 2059 abundantiori
1871 2017 1998 2073 spe,
2028 2003 2131 2057 sili

547 2097 753 2153 aditum
787 2097 987 2168 aperiri
1028 2099 1343 2168 deposcant.
1402 2097 1704 2153 Mediolana
1760 2099 1887 2154 olim
1939 2098 2133 2153 civitas

544 2191 841 2263 imperialis
880 2200 1068 2249 sancto
1122 2192 1411 2247 Ambrosio
1456 2193 1657 2263 gaudet
1701 2190 2005 2248 defensore.
2036 2191 2131 2246 Al-

542 2298 640 2352 pes
666 2284 984 2340 Acunumia:
1007 2283 1140 2357 [Al.,
1157 2283 1442 2356 Δεξιυηίιεῖ
1471 2296 1496 2324 ι
1521 2293 1836 2339 sanctorum
1867 2283 2131 2338 Thebaea-

539 2391 659 2431 rum
714 2375 925 2431 felicius
972 2376 1267 2446 sanguine,
1320 2391 1484 2444 quam
1542 2373 1754 2447 [nivali]
1801 2376 2129 2446 proceritate

536 2468 867 2524 enitantur.
903 2468 1122 2523 Beatius
1161 2466 1392 2525 fecunda
1447 2466 1691 2522 Pictavia
1740 2468 1884 2523 beati
1934 2466 2126 2522 Hilarii

536 2561 810 2632 pontiﬁcis
856 2548 1101 2631 reliquiis
1146 2562 1407 2627 exsultat,
1441 2577 1605 2633 quam
1656 2563 2027 2617 venditionum
2069 2572 2129 2619 et

536 2654 872 2725 emptionum
899 2652 1241 2717 alteratione,
1272 2654 1327 2707 in
1352 2654 1549 2723 quibus
1574 2667 1718 2723 smpe
1744 2663 1993 2707 versatur
2024 2652 2127 2707 ini-

538 2746 740 2815 quitas.
804 2746 947 2815 Quid
998 2754 1082 2812 te,
1122 2745 1391 2802 Turonica
1441 2746 1666 2812 civitas,
1699 2748 1919 2816 loquar,
1954 2747 2126 2802 muris

539 2842 757 2912 quidem
796 2841 1020 2913 parvula
1067 2849 1123 2894 et
1170 2841 1559 2910 despectibilis,
1582 2842 1676 2896 sed
1703 2843 1877 2899 sancti
1905 2842 2122 2897 Martini

535 2931 853 3002 patrociniis
899 2946 1095 3003 magna
1134 2940 1197 2987 et
1252 2930 1572 2987 laudabilis?
1624 2929 1758 2998 Quis
1805 2942 2025 3003 propter
2067 2942 2123 2989 te

533 3022 731 3079 adierit
760 3022 847 3077 te?
871 3021 1063 3079 Nonne
1081 3031 1311 3094 propter
1337 3022 1482 3078 illius
1512 3024 1819 3079 certissima
1865 3025 2120 3099 suffragia

535 3117 708 3173 uirbte
737 3115 807 3169 ad
846 3125 897 3169 te
933 3112 1211 3171 conﬂuunt
1234 3115 1698 3173 christianorum?
1746 3116 1940 3173 Omnia
1968 3118 2124 3174 Pari-

531 3213 694 3265 siacae
742 3208 980 3264 civitatis
1036 3209 1383 3274 suburbana,
1413 3210 1587 3263 sancti
1646 3208 1888 3280 Dionysii
1935 3210 1985 3276 δ,
2033 3212 2119 3267 vel

2233 2014 2354 2052 rum
2390 1998 2626 2052 servavit
2664 1998 2918 2066 salutem,
2946 2008 3213 2071 quatenus
3258 2001 3447 2072 majori
3482 2003 3818 2073 praedicatio-

2230 2091 2318 2145 nis
2369 2088 2538 2161 gloria
2598 2091 2984 2158 honoraretur,
3035 2108 3199 2163 quam
3259 2093 3306 2148 si
3359 2094 3510 2149 solus
3555 2096 3819 2167 martyrio

2231 2192 2608 2238 coronaretur.
2638 2184 2692 2238 In
2717 2199 2852 2253 pace
2889 2185 3113 2254 quievit,
3148 2186 3274 2255 quia
3307 2186 3361 2240 in
3389 2202 3484 2258 spe
3528 2186 3814 2245 laboravit.

2232 2276 2409 2329 Vitam
2437 2278 2642 2331 invenit
2684 2285 2967 2343 aeternam,
2994 2277 3123 2347 quia
3164 2278 3516 2347 temporalem
3568 2280 3814 2352 reliquit;

2231 2372 2388 2425 nobis
2413 2372 2646 2437 ablatus,
2676 2372 2881 2443 angelis
2906 2372 3164 2428 sociatus.

2301 2462 2382 2517 il.
2436 2460 2800 2517 Patrocinium
2842 2466 3012 2518 sancti
3053 2464 3404 2521 Willibrordi.
3438 2463 3639 2520 Gloria.
3676 2498 3743 2509 ---
3771 2467 3815 2523 Ο

2229 2556 2539 2609 beatissime
2569 2555 2773 2610 Christi
2802 2557 3081 2621 sacerdos,
3109 2572 3177 2612 ne
3228 2573 3328 2611 nos
3370 2559 3712 2630 derelinquas
3735 2560 3817 2617 la-

2228 2646 2484 2702 borantes
2512 2650 2567 2701 in
2602 2649 2783 2711 terris,
2814 2650 2907 2703 sed
2942 2650 3192 2719 precibus
3226 2650 3333 2704 tuis
3359 2651 3423 2705 de
3468 2651 3620 2706 caelis
3665 2651 3814 2723 adju-

2225 2754 2355 2793 vare
2382 2756 2487 2795 non
2522 2756 2564 2793 c.
2586 2756 2722 2794 $385.
2750 2742 2872 2795 Vita
2897 2750 2989 2797 tua
3010 2743 3151 2813 apud
3184 2742 3430 2798 homines
3457 2760 3673 2815 semper
3691 2761 3815 2816 pro-

2224 2829 2349 2884 bata
2411 2831 2511 2884 fuit
2562 2848 2661 2902 pro
2722 2833 2830 2887 Deo
2868 2851 2882 2885 :
2922 2835 3032 2888 sint
3083 2849 3275 2903 preces
3328 2843 3432 2891 tum
3467 2838 3606 2907 apud
3643 2836 3812 2893 Deum

2223 2937 2439 2993 semper
2472 2923 2692 2979 intenta:
2714 2939 2813 2993 pro
2839 2925 3173 2981 hominibus.
3201 2926 3482 2981 Meditatio
3520 2936 3607 2982 tua
3633 2926 3733 2983 fuit
3754 2931 3811 2984 in

2224 3015 2341 3087 iege
2374 3015 2587 3071 Domini
2614 3015 2702 3070 die
2740 3032 2806 3071 ac
2838 3025 3032 3073 nocte:
3064 3018 3185 3074 ideo
3212 3019 3354 3073 sicut
3378 3020 3555 3087 palma
3584 3017 3813 3078 ﬂoruisti

2224 3108 2278 3163 in
2300 3110 2460 3164 domo
2487 3108 2721 3163 Domini.
2755 3107 2911 3165 Sicut
2955 3112 3148 3165 cedrus
3204 3111 3394 3168 Libani
3440 3113 3812 3183 multiplieasti

2224 3199 2363 3254 ﬁlios
2385 3210 2522 3263 tuos,
2552 3201 2643 3270 qui
2671 3202 2736 3254 ad
2768 3208 2821 3255 te
2851 3210 2959 3256 tota
2984 3204 3179 3257 mentis
3204 3203 3505 3261 intentione
3530 3205 3769 3264 clamant
3793 3226 3807 3263 :

532 3299 706 3354 sancti
730 3296 988 3353 Germani
1034 3297 1337 3369 magniﬁcis
1369 3259 1754 3366 'jucundantur
1781 3259 2034 3367 Jauxiliis,
2062 3311 2119 3356 et
2146 3259 2194 3323 ο
2222 3301 2279 3347 ω
2316 3294 2437 3348 illos
2464 3295 2552 3365 pia
2593 3296 2985 3353 ίηῐθτοθεείσηε
3021 3297 3276 3367 adiuvare
3307 3301 3565 3370 ἀίὲηετίε·
3601 3300 3837 3387 senm;

533 3392 756 3448 festivos
799 3389 1012 3446 illorum
1062 3390 1179 3446 dies
1228 3390 1425 3461 majori
1471 3390 1791 3461 populorum
1840 3393 2120 3449 celebrant

532 3481 855 3553 frequentia.
884 3480 1021 3536 Tota
1050 3480 1343 3553 Campania
1371 3499 1493 3538 eum
1522 3485 1734 3554 populis
1758 3486 1873 3540 suis
1892 3495 2120 3556 propter

530 3574 836 3645 Remigium
880 3573 1246 3629 venerabilem
1291 3576 1722 3644 pmdicatorem,
1752 3579 1820 3632 ad
1848 3578 2117 3634 Rhemen—

530 3680 646 3722 sem
674 3666 898 3722 festinat
934 3666 1144 3729 urbem,
1177 3668 1318 3736 apud
1350 3682 1469 3721 eam
1517 3669 1671 3738 quasi
1720 3670 1976 3739 presenti
2027 3684 2117 3742 pa-

534 3771 693 3815 trono
724 3774 822 3812 sua
852 3766 978 3812 vota
1020 3757 1276 3812 ferentes.
1318 3757 1410 3811 Sic
1460 3759 1637 3813 divina
1685 3760 1972 3815 clementia
2016 3762 2113 3815 toti

532 3850 804 3907 consuluit
832 3850 1065 3916 mundo,
1086 3848 1222 3903 dans
1248 3848 1473 3918 singulis
1498 3850 1791 3918 provinciis
1826 3851 1907 3905 vel
1946 3868 2114 3921 popu-

531 3944 618 4008 lis,
645 3958 751 4014 quo
778 3942 997 4011 speciali
1017 3943 1313 4011 gauderent
1338 3951 1587 4011 patrono.

600 4037 665 4092 li.
708 4033 887 4089 Sancti
923 4033 1250 4088 Willibrordi
1282 4033 1485 4090 labores
1512 4036 1805 4106 apostolici.
1842 4068 1914 4077 ——
1950 4037 2113 4093 Nobis

530 4143 660 4184 vero
684 4126 1011 4183 sanctissimi
1064 4125 1399 4181 Willibrordi
1430 4143 1533 4181 non
1574 4126 1755 4181 intima
1796 4128 2114 4197 perdonavit

533 4221 756 4285 auxilia,
784 4221 878 4275 sed
906 4216 1165 4290 praeclara
1195 4228 1250 4272 et
1278 4218 1509 4287 gloriosa
1556 4220 1784 4275 contulit
1835 4218 2109 4291 suffragia.

528 4312 872 4368 Gaudeamus
894 4352 924 4376 ,.
967 4310 1303 4365 dilectissimi
1356 4309 1571 4372 fratres,
1632 4311 1684 4365 in
1742 4311 2010 4377 Domino,
2058 4321 2112 4366 et

527 4404 789 4475 spirituali
812 4403 1151 4474 jucunditate
1182 4402 1448 4464 laetemur,
1482 4402 1573 4471 qui
1608 4403 1762 4456 nobis
1796 4402 1869 4455 tal
1891 4419 1956 4455 -m
1990 4403 2111 4456 vitae

526 4498 843 4569 perdonavit
886 4498 1183 4560 doctorem,
1230 4494 1387 4565 195
1428 4494 1652 4564 justitim
1697 4503 2105 4563 praeceptorem,

2219 3401 2341 3442 mus
2382 3396 2535 3442 tuum
2584 3387 2739 3442 nobis
2782 3389 3211 3447 clementissime
3252 3390 3494 3467 [adessq
3525 3394 3809 3460 auxilium.

2218 3477 2311 3547 qui
2336 3479 2442 3532 tuis
2465 3479 2814 3535 devotissime
2840 3482 3108 3537 instamus
3132 3481 3343 3539 ofﬁciis.
3377 3483 3423 3540 0
3452 3484 3576 3539 felix
3603 3486 3806 3552 anima,

2217 3584 2338 3637 qua:
2368 3569 2552 3625 saeculi
2601 3571 2818 3628 labores
2863 3573 3221 3643 dereliquisti,
3256 3584 3311 3631 et
3363 3576 3639 3632 caelestem
3683 3593 3809 3634 cum

2216 3658 2534 3728 multiplicis
2564 3663 2782 3717 sudoris
2817 3666 2895 3718 tui
2926 3665 3105 3722 fructu
3143 3668 3385 3737 requiem
3433 3668 3681 3739 intrasti;
3728 3680 3812 3724 ta-

2218 3751 2362 3806 lenta
2393 3753 2491 3808 tibi
2521 3756 2814 3810 commissa
2850 3755 3246 3826 multiplicasti,
3272 3761 3495 3829 praemia
3539 3762 3807 3830 promissa

2216 3845 2504 3915 accepisti!
2557 3845 2615 3900 In
2664 3862 2834 3918 pauca
2888 3848 3061 3904 ﬁdelis
3107 3849 3254 3904 fuisti
3300 3851 3353 3905 in
3413 3853 3607 3916 terris,
3644 3868 3806 3925 supra

2216 3939 2384 3993 multa
2417 3940 2747 3994 constitutus
2773 3941 3023 4011 gloriaris
3062 3944 3116 3997 in
3152 3943 3325 3999 etelis.
3356 3944 3561 4000 Gaudia
3593 3946 3807 4004 Domini

2215 4028 2314 4084 Dei
2340 4030 2441 4095 tui,
2466 4045 2587 4098 qua:
2609 4047 2823 4101 semper
2846 4033 3068 4102 Optasti,
3098 4048 3313 4103 semper
3338 4036 3536 4091 habere
3565 4038 3805 4106 coepisu.

2214 4119 2291 4175 Te
2346 4122 2645 4187 continuis,
2690 4137 2723 4176 ο
2760 4122 2945 4188 Pater,
2986 4124 3376 4193 prosequimur
3424 4125 3706 4193 laudibus,
3746 4137 3802 4184 tu

2212 4219 2370 4275 nobis
2422 4219 2656 4274 assiduis
2692 4220 2957 4273 auxiliare
3006 4222 3280 4288 precibus.
3321 4222 3606 4279 Credimus
3655 4236 3709 4281 te
3747 4228 3802 4281 in

2212 4310 2504 4378 praesentia
2551 4309 2763 4364 Domini
2812 4309 2906 4366 Dei
2953 4311 3029 4364 tui
3077 4313 3261 4368 omnia
3299 4330 3457 4384 posse
3486 4319 3801 4387 impetrare,

2212 4419 2332 4472 quae
2361 4404 2575 4472 poscis;
2617 4404 2742 4458 dum
2774 4413 2923 4459 tanta
2948 4406 3171 4475 potuisti
3196 4408 3251 4461 in
3278 4413 3563 4479 praesentia
3616 4424 3802 4468 nostra

2212 4514 2309 4566 per
2338 4497 2457 4565 ejus
2485 4496 2715 4567 gratiam
2744 4496 2958 4553 ellicere
3004 4498 3285 4553 miracula.
3329 4500 3408 4555 Tu
3459 4504 3620 4559 modo
3665 4506 3801 4561 civis

527 4589 901 4645 unanimitatis
926 4596 1125 4641 nostrae
1152 4596 1462 4650 auctorem;
1511 4587 1601 4655 qui
1648 4601 1748 4640 nos
1795 4586 1849 4639 in
1875 4587 1979 4641 hoc
2014 4602 2105 4640 sa-
2135 4626 2183 4684 υ
2212 4590 2551 4659 angelorum,
2583 4598 2640 4642 tu
2693 4589 2873 4646 socius
2911 4599 3240 4655 sanctorum,
3272 4600 3330 4647 tu
3360 4592 3516 4649 hctus
3542 4611 3665 4651 cum
3695 4597 3800 4652 illis

525 4682 890 4738 cratissimum
917 4680 1056 4734 ovile
1080 4678 1427 4749 congregavit
1450 4685 1506 4731 et
1538 4678 1756 4746 pietatis
1793 4679 2103 4747 magisterio

522 4775 772 4831 erudivit.
816 4771 1060 4828 Gaudeat
1096 4779 1152 4824 et
1200 4769 1482 4826 nobiscum
1517 4770 1695 4825 omnis
1723 4769 1988 4837 populus,
2011 4770 2103 4839 qui

525 4866 593 4920 ad
642 4862 890 4918 natalitia
940 4860 1264 4917 sanctissimi
1309 4858 1486 4915 Patris
1529 4860 1690 4916 hodie
1728 4862 2023 4927 concurrit,
2051 4872 2107 4916 et

522 4954 721 5027 vigiliis
768 4954 1055 5025 apostolici
1109 4953 1212 5008 viri
1257 4955 1344 5022 pia
1374 4954 1662 5009 devotione
1693 4954 1961 5008 interesse
1991 4964 2103 5009 stu-

520 5048 668 5110 duit,
698 5047 838 5100 etin
890 5045 1174 5115 praesentia
1224 5042 1437 5098 Domini
1480 5044 1649 5099 nostri
1696 5042 1826 5099 Jesu
1876 5044 2102 5108 Christi,

522 5146 576 5192 et
624 5143 937 5191 sanctorum
995 5135 1345 5205 angelorum,
1379 5142 1434 5188 et
1480 5135 1779 5191 beatissimi
1830 5136 2105 5206 pontiﬁcis

523 5238 668 5282 stare
707 5227 1045 5296 satagebant.
1091 5224 1303 5289 Nullus,
1332 5226 1821 5290 obsecro,dubitet
1867 5228 1920 5280 in
1972 5226 2098 5291 ﬁde,

525 5336 625 5375 nec
650 5323 715 5375 de
739 5320 910 5374 venite
939 5319 1225 5390 largitione
1253 5318 1489 5380 haesitet,
1519 5334 1619 5372 nec
1653 5320 1718 5374 de
1758 5322 1859 5390 pize
1882 5321 2099 5389 petitio-

523 5415 607 5469 nis
645 5413 823 5466 fructu
861 5421 915 5465 et
951 5412 1164 5476 eﬁ‘ectu,
1190 5413 1279 5482 qui
1318 5414 1473 5467 nobis
1507 5414 1666 5469 talem
1712 5417 1981 5470 concessit
2006 5432 2100 5485 pa-

523 5516 759 5561 tronum.
790 5504 938 5558 Illius
964 5520 1061 5557 nos
1103 5505 1356 5573 precibus
1390 5506 1639 5560 concedit
1678 5507 1944 5570 examliri,
1971 5507 2097 5576 quia

592 5675 616 5702 ι
639 5660 808 5735 ΔΑιιῃεε
835 5660 1162 5735 Acunumiw,
1196 5662 1247 5717 id
1275 5671 1359 5718 est
1397 5663 1678 5729 Penninat,
1717 5668 1979 5735 proxima
2005 5666 2102 5722 Se-

521 5732 705 5802 dunis,
736 5732 791 5785 in
834 5730 1033 5801 quibus
1073 5732 1353 5802 Agaunum
1404 5730 1791 5791 monasterium
1835 5736 1934 5793 SS.
1974 5738 2097 5792 MM.

522 5801 874 5858 Thebreorum
899 5801 1142 5871 reliquiis
1161 5803 1492 5860 decoratum.
1519 5806 1746 5863 ΜΑιηωη

593 5875 619 5913 δ
650 5872 802 5927 llunc
832 5872 1008 5927 locum
1038 5874 1246 5928 notavit
1284 5874 1554 5931 Adrianus
1599 5877 1856 5941 Valesius,
1890 5879 1944 5931 iu
1997 5877 2104 5934 dis-

2209 4684 2478 4738 rantieum
2518 4698 2715 4738 novum
2764 4686 3057 4740 cantabis:
3100 4683 3250 4742 Sicut
3281 4687 3595 4751 audivimus,
3627 4690 3701 4744 ita
3747 4702 3797 4745 et

2209 4775 2435 4829 vidimus
2482 4772 2674 4845 (Psal.
2731 4791 2903 4838 xuii,
2956 4776 3045 4848 9).
3103 4775 3256 4831 Beati
3311 4779 3403 4849 qui
3454 4779 3690 4835 habitant
3741 4782 3797 4836 in

2207 4868 2366 4921 domo
2394 4878 2506 4930 tua,
2540 4866 2782 4933 Domine,
2809 4870 2864 4921 in
2899 4868 3151 4923 sa'culum
3179 4872 3362 4925 strculi
3406 4870 3700 4930 laudabunt
3745 4883 3798 4931 te

2209 4955 2384 5029 (Psal.
2439 4973 2683 5022 Lxxxut,
2722 4958 2800 5031 5).
2841 4959 2935 5026 Et,
2982 4956 3255 5015 Videbitur
3295 4961 3437 5019 Deus
3478 4965 3695 5020 deorum
3739 4967 3795 5021 in

2212 5049 2344 5104 Sion
2373 5049 2537 5123 (Ibid.
2568 5049 2645 5122 8).
2678 5050 2844 5121 Cujus
2869 5050 3026 5106 beata
3058 5053 3196 5110 visio
3218 5054 3375 5123 plena
3411 5065 3495 5110 est
3540 5054 3789 5123 felicitas,

2204 5142 2345 5195 sicut
2371 5142 2483 5209 ipsa
2510 5139 2728 5197 Veritas
2757 5141 2808 5196 in
2848 5141 3139 5213 Evangelia
3167 5153 3398 5200 testatur
3423 5145 3610 5203 dicens
3639 5167 3652 5201 :
3688 5147 3793 5214 Ou;

2203 5242 2379 5285 autem
2405 5233 2576 5304 diligit
2611 5250 2712 5295 me,
2739 5233 2988 5304 diligetur
3026 5252 3059 5288 a
3108 5232 3272 5291 Patre
3307 5255 3445 5303 meo,
3471 5249 3517 5294 et
3546 5256 3640 5308 ego
3669 5241 3791 5295 dili-

2203 5341 2324 5394 gam
2353 5342 2493 5388 eum,
2518 5335 2567 5377 et
2593 5325 2941 5394 manifestabo
2964 5330 3012 5383 ei
3038 5329 3293 5400 meipsum
3329 5329 3510 5404 (Joan.
3536 5349 3645 5397 Ην,
3673 5334 3786 5405 2i).

2203 5415 2258 5468 ln
2289 5414 2443 5482 cujus
2472 5417 2785 5473 dulcissima
2820 5419 3106 5476 dilectione
3142 5424 3245 5477 iste
3286 5436 3509 5480 sanctus
3556 5427 3691 5482 vixit
3733 5429 3788 5483 in

2208 5508 2425 5568 mundo.
2454 5507 2573 5564 ideo
2609 5509 2663 5562 in
2691 5508 2809 5578 ejus
2836 5520 3058 5580 aspectu
3085 5512 3298 5569 lzetatur
3326 5516 3379 5571 in
3407 5516 3568 5573 emit).

2208 5669 2871 5738 ceptationeDebasilieis
2910 5688 3030 5738 cap.
3078 5675 3112 5731 8
3157 5676 3416 5735 adversus
3453 5677 3606 5733 Joan.
3646 5679 3789 5736 Lau-

2210 5742 2418 5817 noium,
2450 5742 2541 5807 qui
2579 5743 2865 5817 basilicam
2889 5743 2946 5817 ὃ.
2980 5742 3221 5817 Dionysii
3273 5747 3479 5804 tumulo
3519 5749 3783 5807 illustrem

2212 5811 2351 5933 iraira
2375 5815 2728 5936 mturtlzislurbis
2748 5814 3034 5871 Parisiacae
3051 5811 3305 5886 primitus
3320 5820 3593 5875 conditam
3618 5821 3786 5878 fuisse

2212 5896 2240 5932 a
2307 5898 2420 5936 rma
2464 5898 2491 5933 a
2527 5924 2537 5934 .
2589 5900 2639 5936 ο.

2211 5896 2537 5936 alurmanat.
2566 5896 2639 5939 ιο.
