4112 6606
256 265 365 324 713

964 273 1543 333 HAGlOCRAPIllCA.
1586 307 1655 315 —
1691 274 1850 335 VITA
1888 280 1943 336 S.
1990 282 2469 344 WILLIBRORDI.
2507 319 2575 330 —
2614 288 2739 347 LIB.
2778 290 2839 346 ll.

3422 294 3522 351 7N

288 470 302 483 .
325 378 418 485 ιγ.
458 379 759 485 Imitandus
786 399 819 485 a
851 384 1119 485 nobis;—-
1156 386 1369 485 Videte,
1399 387 1598 485 fratres
1635 390 1839 446 charis-
1869 397 1910 456 Α
1943 396 2099 467 stigia
2148 398 2267 468 ejus
2319 400 2657 472 corrigamus
2703 419 2718 456 :
2755 410 3024 471 quatenus
3078 404 3169 472 qui
3222 406 3527 461 sanctitatis

254 473 405 562 simi,
439 481 643 542 quanta
677 473 845 544 gloria
874 482 958 530 est
996 474 1164 531 Deum
1197 479 1369 547 sequi.
1399 477 1503 534 iste
1531 494 1632 549 pro
1661 494 1848 536 amore
1953 486 2071 558 ejus
2111 489 2391 559 sequimur
2433 491 2698 562 exempla,
2725 492 3075 548 beatitudinis
3129 495 3422 551 sortiamur
3469 505 3531 554 et

253 560 463 619 Christi
493 564 724 634 patriam
767 568 1114 636 contempsit,
1141 568 1630 639 peregrinationem
1662 571 1843 642 elegit,

252 654 474 709 divitias
501 654 683 712 smculi
719 658 872 727 parvi
902 659 1201 729 pendebat,
1235 671 1608 732 paupertatem
1654 662 1843 719 volun-

1948 579 2193 648 praemia,
2218 595 2319 651 per
2342 595 2485 646 eum,
2518 583 2610 652 qui
2650 581 2799 637 illum
2824 584 3122 649 coronavit,
3151 593 3206 639 et
3230 600 3330 641 nos
3368 583 3527 655 adju~

1948 668 2118 735 vabit,
2146 669 2332 727 Jesum
2361 670 2636 728 Christum
2658 673 2943 729 Dominum
2981 684 3248 740 nostrum,
3273 676 3366 746 qui
3401 692 3527 733 cum

250 745 643 848 tarieamavit.
671 747 738 848 fit
762 752 1130 848 cognovimus,
1146 752 1362 848 qualem
1378 753 1637 809 honorem
1652 764 1838 825 postea
1944 759 2106 816 Patre
2133 768 2188 817 et
2211 761 2415 831 Spiritu
2438 774 2627 821 saneto
2650 764 2784 820 vivit
2808 773 2864 822 et
2890 776 3080 839 regnat
3100 767 3154 822 in
3185 745 3365 840 gloria-
3384 783 3526 826 sem-

252 835 469 929 hahuiti
499 836 641 893 inter
684 839 956 908 homines,
992 842 1087 896 sed
1122 842 1316 897 melior
1341 852 1427 898 est
1450 844 1640 915 gloria,
1671 860 1835 914 quam
1940 852 2170 929 piterna.
2198 852 2392 909 Amen.

248 928 586 987 aetemaliter
608 931 847 1001 possidet
882 936 1024 989 Inter
1053 935 1292 1006 angelos.
1317 935 1487 1007 Hujus
1509 938 1834 993 sanctissimi

248 1018 496 1076 doctoris
522 1036 622 1078 nos
648 1024 895 1096 exempla
926 1026 991 1079 de
1041 1024 1266 1097 ignaviae
1296 1035 1513 1098 torpore
1553 1028 1839 1096 susciteut,

246 1120 312 1168 ut
340 1114 486 1183 quod
524 1115 582 1170 in
632 1116 726 1170 illo
769 1118 1161 1188 prmdicamus,
1191 1120 1515 1193 impleamus
1552 1123 1607 1178 in
1660 1125 1834 1181 nobis.

248 1201 474 1276 Agones
500 1205 646 1262 illius
669 1207 872 1263 laboris
903 1207 1206 1276 laudamus,
1233 1212 1351 1268 vias
1385 1222 1600 1269 nostras
1641 1214 1695 1269 in
1744 1228 1841 1271 ve-

275 1369 3102 1402 HW

1944 983 2176 1071 Explica
2203 985 2341 1071 liber
2379 989 2868 1071 primum-promito
2903 990 3438 1071 gradiens-sermone,
3460 989 3528 1043 de

2016 1057 2141 1120 vita,
2163 1072 2228 1110 ac
2245 1057 2544 1124 virtutibus,
2571 1057 2819 1129 obituque
2852 1057 3021 1115 sancti
3064 1060 3394 1115 Willibrordt'
3443 1076 3528 1114 ar-

2016 1125 2343 1196 chiepiscopr'.

1412 1512 1713 1590 LIBER
1790 1511 2354 1600 SECUNDUS,

1126 1682 1302 1736 QUEM
1348 1681 1657 1728 ALCUINUS
1697 1682 1921 1727 METRO
1959 1679 2243 1726 STUDENS
2284 1677 2665 1727 COMPOSUIT.

1700 1782 2073 1804 Μ

662 1852 1009 1925 ιθθ-ιεη
1040 1846 1431 1909 PR/EFA'TIO.

242 1992 391 2050 Ecce
413 1990 521 2045 tuis
540 1988 690 2061 parvi
714 1986 877 2054 votis,
900 1988 1209 2043 venerande
1232 1986 1505 2049 sacerdos,

318 2084 428 2142 Cor
450 2083 578 2155 quia
604 2086 671 2139 de
698 2098 829 2138 vero
855 2082 1030 2138 fervet
1058 2096 1248 2138 amore
1277 2078 1434 2137 mihi.

239 2174 526 2233 Pontificis
553 2172 733 2245 magni
757 2169 1091 2228 Willibrordi
1118 2179 1177 2227 et
1201 2167 1456 2243 praesulis
1487 2166 1618 2223 almi

320 2265 679 2342 [Percurrens
704 2263 876 2321 titulis
904 2263 1105 2335 inclyta
1132 2270 1282 2334 gesta
1308 2258 1480 2333 citis.)

242 2358 330 2416 Sit
355 2360 486 2415 licet
516 2358 760 2426 inferior,
793 2357 1086 2427 strepitans
1117 2371 1243 2412 cum
1276 2366 1555 2411 murmure
1573 2365 1758 2416 rauco.

316 2452 463 2508 Illius
489 2450 721 2522 egregiis
746 2464 926 2505 sermo
961 2462 1114 2505 meus
1138 2446 1352 2502 meritis
1382 2462 1396 2499 :

242 2541 479 2599 Protulit
511 2542 580 2598 ad
626 2540 887 2611 templum
911 2538 1137 2605 Christi,
1182 2535 1531 2594 Willibrorde
1551 2532 1830 2599 sacerdos,

319 2629 512 2686 Nostra
540 2628 671 2686 ‘ides
694 2638 935 2685 vestrum
958 2642 1126 2698 parva
1152 2627 1362 2682 minuta
1386 2634 1593 2681 tamen.

245 2721 382 2790 Quae
409 2736 541 2792 rogo
561 2721 826 2793 suscipias
846 2721 1162 2783 clementer,
1188 2725 1373 2774 mente
1390 2717 1647 2787 benigna,

321 2812 754 2883 Criminibusque
775 2814 910 2867 meis
933 2826 1115 2882 posce,
1138 2824 1347 2881 precor,
1379 2808 1613 2863 veniam.

245 2902 366 2961 Non
392 2911 519 2961 sunt
551 2904 710 2976 digna
736 2903 841 2958 tuis
873 2901 1083 2957 meritis
1111 2915 1233 2957 mea
1262 2912 1510 2965 munera,
1540 2894 1757 2970 praesul,

320 2995 422 3064 Qui
450 3012 643 3067 regnas
670 2996 865 3051 summi
891 2994 1044 3051 dives
1070 2994 1125 3048 in
1149 3007 1276 3048 arce
1294 2990 1403 3064 poli
1429 3009 1443 3045 :

246 3085 315 3145 Ni
346 3089 467 3161 pius
493 3088 545 3143 in
575 3087 778 3158 templo
800 3087 944 3143 Deus
963 3100 1074 3142 aera
1093 3085 1301 3141 minuta
1326 3084 1591 3140 ferentem

319 3180 620 3238 Laudasset
643 3179 880 3245 viduam,
917 3192 1037 3248 quae
1066 3189 1163 3232 sua
1186 3182 1313 3231 vota
1340 3172 1506 3231 dedit.

248 3272 385 3332 Era
407 3274 615 3330 minuta
638 3271 747 3329 duo
772 3270 973 3327 diversi
1001 3267 1255 3341 ponderis
1281 3267 1411 3333 ista,

327 3367 527 3424 Sancte
550 3364 713 3422 Pater
735 3364 958 3436 supplex
987 3362 1043 3417 in
1077 3371 1170 3416 tua
1194 3360 1392 3431 templa
1421 3358 1559 3416 fero.

256 3456 365 3516 Sed
390 3458 542 3530 prius
565 3456 683 3513 haec
707 3453 840 3528 [Al.,
879 3452 983 3529 ais]
1008 3450 1203 3509 retinet
1244 3448 1425 3522 planis
1465 3449 1824 3506 numismati-

1555 3538 1749 3615 [σανὶς.

316 3641 597 3699 Posterius
623 3640 717 3697 sed
737 3638 850 3710 jam
885 3630 1121 3694 Pierium
1154 3634 1359 3691 rutilat.

247 3734 386 3791 Sunt
409 3733 500 3805 qui
531 3733 585 3787 in
606 3730 721 3802 lege
748 3745 903 3786 sacra
926 3729 1066 3799 pilos
1090 3726 1365 3799 pellesque
1393 3738 1681 3797 caprarum

316 3826 398 3881 Ad
427 3827 516 3897 pia
544 3833 686 3880 tecta
716 3823 812 3879 Dei
839 3821 979 3879 ferre
1001 3820 1262 3891 iubentur
1280 3834 1438 3877 onus.

243 3918 364 3974 Non
389 3927 567 3973 tamen
594 3916 694 3971 hos
720 3913 899 3985 sperni
917 3910 1085 3982 jussit
1106 3909 1196 3966 lex
1217 3917 1404 3965 sancta
1432 3907 1714 3975 Tonantis,

316 4008 423 4065 Sed
448 4015 599 4080 grate
626 4006 873 4076 accipere
894 4018 1045 4059 mens
1074 4003 1162 4074 pia
1188 4016 1309 4074 quae
1334 4001 1542 4058 tulerit.

241 4100 337 4158 Sic
376 4117 484 4157 non
515 4097 885 4171 magniloquas
912 4095 1112 4169 quaeris
1187 4094 1351 4151 Pater
1391 4094 1615 4165 optime,
1658 4108 1826 4166 gazas

1362 4184 1495 4258 [At.,
1524 4184 1749 4258 grates],

319 4282 427 4339 Sed
455 4298 587 4341 vero
613 4281 852 4340 calidum
880 4285 1071 4351 pectus
1095 4291 1279 4334 amore
1300 4291 1505 4331 meum.

521 4423 919 4508 INCIPIT
971 4422 1515 4503 NARBATIO.
1562 4381 1566 4384 ’

762 4577 989 4635 CAPUT
1013 4574 1305 4632 PRIMUM.

248 4702 403 4774 Quod
432 4702 610 4757 beatus
661 4697 1038 4774 Willibrordus
1063 4694 1127 4749 de
1157 4693 1436 4774 Britannia
1458 4691 1553 4762 uel,
1566 4690 1823 4747 Hibernia

770 4767 1060 4822 Franciam
1087 4766 1326 4820 venisset.

318 4886 555 4944 Venerat
577 4882 818 4940 occiduis
846 4879 1066 4950 quidam
1093 4878 1159 4934 de
1184 4877 1381 4934 finibus
1400 4876 1571 4941 orbis,

248 4978 347 5035 Vir
369 4978 569 5032 virtute
600 4980 812 5045 potens,
847 4970 1029 5026 divino
1055 4969 1244 5041 plenus
1264 4982 1469 5032 amore,

256 5070 362 5127 Ore
390 5083 582 5139 sagax,
602 5074 659 5121 et
683 5071 867 5120 mente
898 5063 1048 5134 vigil,
1074 5070 1130 5118 et
1155 5061 1392 5118 fervidus
1417 5067 1564 5125 actu,

248 5162 331 5219 Ad
362 5169 437 5227 te,
470 5155 801 5227 temporibus
825 5152 1057 5225 Pippini,
1079 5152 1306 5208 Francia
1329 5151 1492 5218 felix;

250 5252 419 5321 Quem
446 5249 543 5305 tibi
562 5247 675 5318 jam
700 5246 885 5320 genuit
907 5244 1135 5300 fecunda
1162 5242 1441 5299 Britannia
1466 5250 1661 5307 mater,

250 5346 525 5415 Doetaque
551 5339 773 5396 nutrivit
797 5337 992 5395 studiis
1019 5335 1115 5391 sed
1132 5334 1389 5392 Hibernia
1419 5334 1610 5399 sacris,

252 5435 479 5490 Nomine
510 5428 891 5493 Willbrordus,
924 5424 1134 5482 meritis
1157 5425 1437 5481 vivacibus
1465 5422 1640 5479 almus
1668 5472 1675 5476 .

254 5527 357 5596 Qui
385 5524 672 5597 peregrina
692 5529 883 5593 petens
908 5517 1123 5576 Domini
1150 5517 1408 5573 deductus
1442 5529 1643 5581 amore,

256 5619 475 5675 Semina
504 5621 777 5687 perpetua:
809 5610 1034 5682 cupiens
1065 5609 1306 5667 coelestia
1331 5609 1457 5663 viae

257 5712 542 5782 Spargere,
571 5722 677 5781 qua
702 5719 858 5760 rarus
881 5702 1057 5758 fuerat
1086 5703 1235 5772 prius
1258 5700 1442 5759 accola
1468 5699 1637 5757 verbi.

694 5799 961 5859 Ρλτιοι.
995 5796 1098 5860 Cl.

1851 3208 1900 3274 C

1863 1845 1910 1907 Β
1939 1844 2109 1912 Quem
2130 1862 2257 1904 mox
2274 1848 2535 1920 Pippiuus
2557 1847 2891 1905 Francorum
2917 1857 3097 1905 rector
3119 1850 3381 1909 honestus

1938 1935 2199 2008 Suscipit,
2229 1948 2395 2010 atque
2425 1940 2574 1994 illum
2601 1940 2842 1995 sitientia
2869 1956 2995 1996 rura
3028 1941 3209 2012 rigare

1934 2029 2041 2087 Per
2056 2031 2172 2088 loca
2197 2032 2470 2087 mandavit
2484 2032 2597 2101 jam
2627 2031 2859 2103 singula,
2889 2047 3014 2089 rore
3040 2049 3295 2104 superno,

1933 2123 2271 2199 Auxiliisque
2291 2123 2386 2180 Dei
2413 2122 2675 2180 famulum
2698 2124 2938 2179 ﬁrmavit
2960 2124 3226 2182 honestis.

2580 2232 2808 2289 CAPUT
2844 2232 2910 2287 Π.

1936 2322 2179 2392 Qualiter
2204 2325 2342 2379 idem
2356 2326 2434 2380 vir
2448 2324 2546 2380 Dei.
2568 2326 2623 2378 in
2649 2341 2801 2396 opere
2830 2326 3163 2396 prtrdicandi
3186 2328 3514 2399 profecisset.

2005 2412 2097 2469 ille
2125 2413 2236 2470 Deo
2260 2413 2476 2486 plenus,
2506 2414 2688 2470 lumen
2718 2415 2784 2470 de
2816 2414 3023 2471 lumine
3053 2414 3292 2483 Christo,

1932 2503 2054 2561 Jam
2075 2519 2424 2577 quascunque
2445 2505 2549 2577 piis
2576 2505 2890 2577 peragravit
2916 2506 3194 2578 gressibus
3224 2508 3408 2574 urbes,

1936 2595 2032 2652 Vel
2063 2596 2306 2662 castella,
2337 2611 2518 2664 casas,
2545 2596 2629 2651 vel
2648 2597 2906 2667 compita,
2937 2612 3151 2669 semper
3177 2599 3375 2670 ubique

1935 2687 2149 2757 Sparsit
2183 2686 2507 2761 evangelicae
2533 2688 2718 2743 radios
2741 2702 2838 2758 per
2857 2696 3074 2759 pectora
3097 2689 3252 2745 lucis.

1933 2775 2225 2832 Multorum
2251 2777 2425 2834 donec
2450 2777 2573 2832 fidei
2595 2778 2684 2847 pia
2710 2775 2927 2832 flamma
2954 2778 3172 2846 reluxit,

1934 2869 2015 2926 Ex
2046 2885 2155 2925 nox
2194 2884 2339 2925 caeca
2384 2867 2573 2940 procul
2610 2868 2704 2923 illa
2749 2867 2986 2925 decessit
3035 2870 3104 2925 ab
3128 2869 3263 2927 urbe
3309 2869 3510 2947 [Mab.,

3062 2959 3245 3032 [illo...
3262 2962 3443 3036 orbe],

1932 3052 2295 3124 Quotidieque
2317 3058 2484 3107 ruunt
2502 3050 2769 3107 Idolorum
2794 3048 2919 3106 fana
2941 3049 3191 3121 profana,

1935 3144 2005 3202 Et
2031 3143 2211 3217 populi
2239 3142 2491 3200 Christus
2512 3142 2805 3198 resonabat
2828 3144 2882 3198 in
2908 3157 3003 3198 ore
3026 3142 3220 3200 fidelis.

2543 3252 2775 3309 CAPUT
2812 3254 2899 3309 Ill.

1928 3348 2207 3421 Quomodo
2245 3344 2525 3421 Ifippiuus,
2561 3349 2671 3401 dua:
2732 3345 3088 3421 Francorum,
3133 3349 3373 3421 eumdem
3420 3350 3511 3421 fa.

1997 3416 2449 3491 mulumUChristi
2486 3416 2709 3471 Romam
2736 3418 3037 3485 direxisset,
3071 3432 3131 3474 ut
3161 3416 3510 3491 archiepisco-

1996 3505 2096 3558 pus
2124 3488 2479 3544 ordinaretur.

1996 3579 2255 3636 Crescere
2278 3578 2540 3649 Pippinus
2580 3581 2709 3635 dum
2743 3579 2957 3635 viderat
2982 3579 3218 3652 inclytus
3246 3588 3437 3639 auctor

1926 3671 2224 3729 Ecclesium
2252 3668 2475 3735 Christi,
2506 3671 2633 3727 ﬁdei
2669 3679 2724 3727 et
2753 3671 3065 3727 venerabile
3087 3672 3309 3737 donum,

1927 3766 2286 3839 Congaudens
2303 3764 2533 3819 nimium
2560 3763 2653 3818 tali
2683 3763 2904 3819 doctore
2938 3762 3152 3828 salutis,

1929 3860 2008 3915 Ac
2037 3858 2231 3914 melius
2260 3866 2433 3924 ratus,
2454 3856 2618 3912 citius
2644 3869 2706 3912 se
2733 3856 2951 3912 mittere
2980 3856 3208 3912 Romam

1927 3955 2265 4028 Praecipuum
2291 3953 2417 4009 ﬁdei
2440 3966 2769 4023 praeconem,
2786 3960 3054 4023 quatenus
3078 3951 3227 4006 illum

1927 4049 2121 4107 Pastor
2145 4047 2472 4118 apostolicus
2499 4045 2742 4101 firmaret
2763 4046 2818 4099 in
2848 4044 3037 4100 ordine
3055 4044 3250 4113 primo,

1929 4141 2088 4206 Esset
2120 4150 2181 4195 ut
2205 4138 2458 4195 Ecclesiae
2481 4139 2702 4208 praesul,
2729 4149 3083 4204 summusque
3112 4137 3365 4190 sacerdos

2535 4250 2763 4308 CAPUT
2800 4250 2887 4305 IV.

1931 4347 2086 4414 Quod
2133 4346 2451 4414 beatissimo,
2476 4342 2762 4414 apostolico
2803 4340 2984 4414 Sergio
3011 4357 3177 4414 papa:
3222 4340 3279 4395 in
3310 4342 3511 4398 visione

2002 4416 2390 4480 ostendebatur,
2424 4412 2946 4467 B.'Willibr0ra'um
3004 4412 3226 4465 Romam
3285 4414 3512 4478 venisse,

2001 4498 2049 4541 et
2101 4494 2157 4539 ut
2188 4502 2305 4539 cum
2336 4486 2474 4539 omni
2507 4483 2703 4536 honore
2732 4482 2883 4535 illum
2938 4482 3196 4535 debuisset
3227 4484 3509 4553 suscipere.

1852 4579 1909 4641 Ῑ)
2003 4597 2336 4655 Pontificalis
2367 4612 2527 4667 apex,
2551 4595 2714 4651 Petro
2749 4594 3101 4665 dignissimus
3129 4595 3328 4661 haeres,

1932 4690 2163 4749 Sanctus
2190 4688 2537 4760 apostolicam
2569 4687 2742 4742 tenuit
2766 4694 2893 4740 tunc
2923 4684 3143 4755 Sergius
3167 4685 3371 4752 aulam,

1931 4781 2025 4835 Vir
2056 4781 2228 4835 bonus
2256 4784 2312 4830 et
2333 4776 2595 4845 prudens,
2622 4774 2751 4828 nulli
2780 4774 2980 4842 pietate
3000 4774 3292 4839 secundus,

1930 4870 2071 4926 Ante
2092 4870 2235 4925 diem
2264 4876 2512 4939 quartam
2545 4865 2687 4920 facta
2713 4871 2796 4921 est
2816 4864 2904 4919 cui
2928 4864 3066 4919 visio
3091 4873 3274 4928 nocte,

1930 4961 2106 5028 Quam
2134 4960 2218 5013 vir
2240 4958 2480 5012 venisset
2506 4955 2734 5011 Romam
2770 4952 3065 5026 praeclarus
3085 4953 3153 5009 ad
3174 4952 3345 5009 illum.

1931 5050 2168 5123 Angelus
2202 5064 2235 5103 e
2261 5047 2400 5104 coelo
2418 5047 2646 5101 veniens
2673 5044 2995 5115 praedixerat
3019 5041 3096 5097 illi
3124 5059 3137 5096 :

1930 5146 2072 5202 Ecce
2097 5145 2209 5199 Deo
2235 5143 2457 5206 charus,
2478 5145 2734 5209 properat
2754 5137 2894 5191 hanc
2932 5136 3130 5204 hospes
3156 5133 3225 5188 ad
3250 5135 3437 5193 urbem

1931 5237 1976 5293 Δ
1999 5237 2137 5291 duce
2155 5232 2487 5288 Francorum
2516 5229 2717 5283 missus
2744 5229 2845 5282 sub
2874 5241 3099 5281 munere
3122 5225 3292 5299 largo.

1932 5327 2087 5383 Hunc
2126 5334 2181 5380 tu
2205 5330 2387 5380 mente
2406 5321 2493 5393 pia
2520 5320 2711 5376 saltem
2739 5326 2972 5373 tractare
2999 5324 3295 5380 memento,

1932 5420 2004 5477 Et
2030 5434 2155 5474 mox
2193 5416 2503 5488 pontificem
2528 5427 2739 5469 summo
2764 5409 3008 5467 sacrabis
3033 5409 3257 5465 honore.

1933 5509 1978 5565 Α
2014 5518 2066 5565 te
2091 5522 2209 5578 quae
2228 5506 2430 5576 cupiet,
2451 5502 2628 5572 capiat
2651 5516 2865 5573 quoque
2892 5501 3029 5555 dona
3060 5500 3334 5555 sacerdos.

1935 5602 2043 5657 Iste
2064 5599 2177 5654 Deo
2205 5599 2375 5654 sociat
2401 5594 2717 5666 populorum
2744 5592 2911 5647 millia
2936 5589 3121 5647 multa.

1939 5693 2176 5762 Angelus
2202 5692 2289 5748 his
2317 5690 2475 5747 dictis
2495 5688 2619 5745 calli
2649 5686 2912 5744 remeavit
2936 5683 3001 5738 ad
3024 5681 3221 5737 aulam.

3000 5776 3078 5838 23
