4112 6616
520 395 624 451 713

1142 501 1370 559 CAPUT
1401 499 1464 553 V.

523 602 797 668 Quomodo
845 600 994 654 illum
1025 599 1164 652 idem
1206 597 1388 668 beatus
1409 611 1546 668 papa
1572 593 1860 668 lignoriﬁce
1906 601 2104 668 tracta-

591 675 685 736 t‘if,
723 679 773 724 et
801 671 1045 725 ordinato
1083 683 1270 722 nomen
1293 663 1544 737 impos-uit
1587 663 1848 729 Clemens,
1877 671 1925 716 et
1951 663 2105 717 donis

591 744 832 796 ditasset.

591 854 798 910 Annuit
819 853 1081 924 angelicis
1109 850 1329 906 monitis
1357 865 1480 906 mox
1503 864 1642 920 papa
1667 849 1882 914 beatus,

522 947 699 1014 Atque
724 944 819 998 Dei
847 943 1104 996 famulum
1133 939 1387 994 tractavit
1411 947 1596 995 mente
1616 938 1872 1008 benigna.

524 1036 594 1090 Ut
619 1034 796 1090 fuerat
815 1034 1022 1104 jussus,
1045 1031 1409 1101 compleverat
1434 1030 1616 1084 omnia
1643 1036 1948 1099 promptus,

519 1124 951 1194 Pontiﬁcemque
977 1122 1126 1177 illum
1155 1135 1352 1191 magno
1372 1119 1612 1175 sacravit
1630 1119 1865 1180 honore,

1357 384 1417 439 Β.
1461 384 1523 439 F.
1565 381 1793 438 ALBlNl
1833 380 1965 438 SEU
2006 378 2285 437 ALCUINI
2325 377 2612 435 OPEBUM
2653 375 2830 432 PARS
2872 374 2933 428 Ὗ.

2137 494 2192 554 Α

3687 361 3792 416 716

2834 485 3060 542 CAPUT
3099 484 3167 538 Χ.

2207 580 2360 646 Quod
2385 579 2758 635 ll’illibrordus
2783 576 3100 646 Fresonilms
3123 572 3412 644 pra‘dicare
3439 584 3670 646 reversus
3692 577 3793 635 est,

2497 667 2688 720 eosque
2713 648 2783 703 ad
2805 648 2963 716 ﬁdem
2998 643 3197 700 Christi
3223 643 3497 696 convertit.

2276 744 2429 800 Tunc
2451 743 2538 796 vir
2563 741 2906 811 evangelicus
2930 753 3183 793 remeans
3200 732 3586 790 Willibrordus
3612 740 3669 787 et
3691 731 3798 786 illis

2207 837 2386 893 Verba
2415 836 2596 890 ferens
2611 835 2760 898 vitae,
2790 848 2948 888 sacro
2973 840 3030 887 et
3050 830 3374 900 baptismate
3395 826 3576 891 tinxit,

2211 928 2356 996 Quos
2379 928 2504 986 ﬁdei
2533 927 2692 984 donis
2725 928 2901 998 primo
2933 940 3088 981 sacer
3112 923 3306 978 imbuit
3333 921 3515 988 almis,

2209 1019 2279 1074 Et
2304 1018 2397 1074 lux
2422 1029 2538 1075 orta
2562 1017 2665 1074 fuit
2689 1017 2950 1074 residenti
2975 1016 3171 1070 mortis
3208 1016 3264 1069 in
3291 1013 3482 1068 umbra

2211 1109 2442 1182 Jamque
2461 1109 2550 1166 diu
2573 1110 2808 1183 populo;
2840 1125 3004 1165 verus
3035 1109 3115 1164 sol
3149 1107 3399 1164 Christus
3426 1106 3627 1176 ubique

520 1216 753 1273 Nomine
779 1215 1114 1270 Clementem
1164 1212 1338 1283 patria
1386 1208 1582 1281 [Hab.,
1609 1208 1812 1280 patrio]
1840 1206 2113 1277 iussitque
2211 1199 2418 1270 Eluxit,
2447 1201 2628 1258 subito
2653 1202 2896 1259 tenebris
2920 1200 3240 1257 cedentibus
3265 1199 3422 1254 atris.

1831 1315 2012 1354 vocari
2024 1338 2038 1364 ,

1831 1315 1893 1354 vo

522 1402 591 1456 Et
612 1414 947 1471 quzecunque
973 1397 1109 1467 petit
1131 1401 1352 1451 sanctus
1371 1393 1502 1459 sibi,
1533 1391 1760 1449 tradidit
1790 1299 1893 1456 i[lli,

521 1491 762 1547 Plurima
801 1497 1119 1545 sanctorum
1153 1493 1422 1556 praestans
1449 1484 1498 1540 ei
1521 1484 1658 1540 dona
1683 1483 1918 1552 piorum.

1138 1593 1369 1651 CAPUT
1400 1592 1492 1650 Vl.

525 1690 678 1758 Quod
707 1691 785 1747 vir
803 1689 902 1744 Dei
931 1688 1177 1758 remeavit
1202 1688 1258 1740 in
1282 1685 1590 1758 Eranciam,
1621 1695 1668 1758 et
1702 1686 1960 1758 instanter
1991 1699 2119 1738 run-

787 1761 884 1815 etis
913 1756 1258 1828 Euangelium
1293 1755 1486 1811 Christi
1509 1757 1835 1827 praedicavit.

593 1874 691 1930 His
720 1873 858 1929 actis
887 1869 1104 1925 Domini
1134 1867 1368 1923 famulus
1393 1865 1659 1923 remeavit
1684 1863 1755 1920 ad
1789 1865 1980 1921 orbem

521 1965 880 2029 Francorum,
903 1962 1129 2018 veniens
1153 1961 1402 2015 ﬁrmatus
1428 1974 1652 2014 munere
1673 1973 1889 2014 summo

523 2059 591 2113 Et
618 2065 764 2114 totus
791 2057 1058 2128 gaudens,
1084 2053 1316 2124 populus
1347 2061 1477 2107 tunc
1500 2052 1698 2122 accipit
1725 2050 1892 2115 illum.

523 2147 772 2204 Flumina
799 2143 1054 2201 melliﬂua
1071 2144 1296 2214 cupiens
1315 2143 1540 2199 haurire
1564 2142 1760 2198 salutis
1783 2161 1796 2196 :

526 2239 658 2308 Quae
681 2239 845 2293 Pater
857 2236 1112 2309 egregius
1133 2233 1347 2290 cunctis
1370 2233 1711 2304 impenderat
1735 2233 1898 2296 ultro,

524 2331 672 2387 Rore
699 2328 883 2402 rigans
908 2341 1106 2399 supero
1131 2335 1455 2382 cunctorum
1479 2332 1704 2396 pectora
1725 2323 1950 2380 Christi.

525 2421 594 2476 Et
621 2434 947 2492 quocunque
979 2417 1104 2489 plus
1127 2417 1384 2472 veniebat
1420 2414 1561 2472 forte
1590 2415 1867 2481 sacerdos,

525 2511 842 2568 Auxiliante
866 2511 977 2566 Deo
1004 2510 1212 2566 fructus
1239 2509 1502 2580 carpebat
1523 2522 1789 2566 amoenos.

530 2601 867 2674 [Catholicae
891 2601 1014 2658 ﬁdei
1043 2601 1219 2656 donec
1245 2600 1566 2671 impleverat
1588 2601 1755 2655 urbes

526 2693 818 2766 Agnitione
845 2693 965 2760 Dei,
995 2691 1173 2758 villas,
1214 2699 1377 2761 atque
1397 2688 1620 2761 oppida,
1652 2703 1797 2743 rura.
1824 2686 1845 2760 3

1135 2801 1366 2858 CAPUT
1402 2799 1517 2856 VII.

639 2896 796 2964 Quod
833 2893 1157 2952 Fresonibus
1178 2904 1225 2950 et
1248 2893 1417 2948 Danis
1451 2893 1742 2964 pra'dicare
1763 2889 1998 2946 tentabat

600 3009 712 3067 Nec
734 3010 822 3068 his
843 3019 1135 3068 contentus
1155 3008 1492 3065 Francorum
1521 3005 1744 3072 ﬁnibus,
1770 3004 1912 3060 ultra

544 3102 815 3177 Spargere
850 3103 946 3159 sed
969 3111 1189 3158 tentans
1215 3100 1380 3156 divini
1408 3099 1616 3155 semina
1640 3097 1812 3162 verbi,

534 3195 804 3253 Gentibus
825 3193 1051 3264 antiquo
1083 3193 1255 3262 captis
1280 3204 1467 3246 errore
1484 3188 1812 3253 Fresonum,

533 3286 634 3343 Vel
660 3284 848 3350 Danis,
879 3283 1110 3337 multum
1133 3279 1332 3351 populo
1352 3293 1452 3351 per
1481 3278 1639 3334 smcla
1679 3277 1868 3342 feroci,

533 3377 683 3444 Quos
713 3385 844 3430 tunc
870 3373 1016 3429 haud
1042 3371 1219 3442 potuit
1244 3369 1426 3445 (reges
1464 3369 1588 3440 quia
1617 3366 1757 3422 forte
1789 3365 2055 3421 scelestos

533 3467 614 3524 Illi
641 3466 880 3522 habuere
909 3460 1145 3534 quidem)
1186 3461 1254 3519 ad
1289 3459 1414 3516 ﬁdei
1443 3464 1767 3515 convertere
1792 3456 2014 3512 donum.

1125 3571 1354 3630 CAPUT
1393 3570 1526 3628 Vlll.

539 3692 694 3758 Quod
731 3691 939 3762 aliquos
989 3687 1268 3762 baptizavit
1297 3702 1362 3741 ea:
1385 3685 1491 3740 illis
1523 3687 1580 3740 in
1611 3702 1721 3762 ειη,
1746 3696 1802 3762 et
1821 3682 2023 3756 aliquid
2057 3699 2128 3738 st-

758 3754 981 3833 gnorum
1011 3754 1212 3829 faciens
1243 3774 1476 3813 reversus
1496 3766 1570 3811 est
1603 3754 1911 3810 Franciam.

607 3873 717 3930 Sed
746 3872 888 3928 Deus
915 3870 1264 3940 omnipotens
1294 3869 1507 3924 animas
1533 3868 1833 3924 donaverat
1852 3866 1956 3926 illi.

535 3965 802 4023 Gentibus
823 3978 890 4020 ex
919 3962 1052 4033 ipsis
1076 3961 1306 4031 aliquas,
1332 3968 1388 4015 et
1414 3961 1551 4015 mira
1571 3960 1781 4030 peregit

537 4057 754 4128 Perque
774 4069 932 4111 suum
964 4067 1182 4108 servum
1203 4053 1450 4123 quadam
1478 4070 1490 4105 :
1522 4051 1692 4120 quiin
1716 4065 1848 4120 pace
1874 4065 2130 4106 reversus

539 4147 621 4202 Ad
643 4144 902 4216 populum
926 4141 1142 4198 Domini
1173 4147 1428 4210 spectans
1459 4139 1771 4208 regionibus
1793 4138 1914 4194 istis

537 4237 711 4292 Janua
734 4242 1032 4306 perpetuat,
1063 4229 1283 4288 Christo
1305 4229 1600 4301 pandente,
1623 4229 1814 4286 salutis

538 4330 678 4384 Dum
699 4336 846 4384 esset
863 4333 1050 4396 aperta
1075 4323 1181 4395 piis
1206 4324 1449 4388 monitis,
1479 4323 1574 4378 sed
1617 4337 1834 4393 semper
1860 4323 2062 4394 ubique

537 4417 821 4474 Firmabat
841 4423 1068 4471 cunctos
1091 4431 1106 4480 ;
1136 4412 1401 4484 Pippinus
1423 4421 1669 4482 tempora
1692 4414 1815 4467 vitae

537 4509 832 4569 Praesentis
857 4507 1157 4579 complens,
1184 4506 1380 4563 Carolo
1402 4520 1500 4562 sua
1527 4520 1696 4578 regna
1722 4504 2002 4577 relinquit.

1166 4618 1395 4676 CAPUT
1429 4619 1500 4675 ιχ

543 4740 700 4808 Quod
719 4737 962 4808 Carolus,
984 4737 1472 4810 Francorumdux,
1495 4747 1698 4810 gentem
1718 4737 2010 4796 Fresonum
2033 4741 2132 4797 sibi

1217 4808 1459 4879 subjecit.

613 4921 716 4989 Qui
749 4935 876 4976 mox
907 4919 1164 4975 nobiliter
1189 4917 1400 4990 regales
1426 4918 1851 4988 rexitbabenas,

539 5013 896 5085 Ampliﬁcans
924 5011 1086 5078 ﬁnes,
1117 5020 1309 5083 gentes
1335 5010 1641 5080 superando
1669 5012 1959 5083 triumphis

541 5103 837 5171 Externas,
867 5102 1034 5158 etiam
1054 5102 1196 5158 bello
1222 5101 1462 5171 vicitque
1485 5101 1777 5169 Fresones,

544 5199 614 5254 Et
640 5199 840 5253 ferrata
877 5211 1042 5266 super
1071 5195 1190 5250 illos
1227 5203 1488 5266 carpenta
1519 5196 1757 5266 subegit,

542 5293 621 5348 De
644 5291 895 5346 manibus
927 5289 1124 5343 tulerat
1153 5289 1346 5342 borum
1370 5303 1586 5357 quoque
1615 5286 1767 5342 frena
1806 5288 2016 5342 tributi.

616 5418 640 5444 ιι
671 5405 730 5528 lii
751 5412 852 5485 est,
884 5402 1229 5466 monasteria,
1257 5400 1457 5456 Mabill.
1485 5411 1540 5456 ct
1563 5401 1817 5474 Ducange
1848 5401 2027 5458 Gloss.
2062 5404 2143 5459 iu-

616 5491 656 5528 .1.
736 5484 870 5528 aun.

543 5478 1034 5598 ﬁlliolld‘iilllineustos.
1084 5542 1329 5598 Licentia
1352 5541 1566 5612 poetica
1610 5543 1805 5599 mcdize
1859 5544 2144 5600 Iatinitatis

544 5616 662 5670 dua:
691 5615 910 5686 syllaba)
938 5616 1151 5683 priores
1182 5614 1238 5667 in
1268 5629 1402 5668 voce
1426 5613 1557 5686 idoli
1583 5615 1991 5686 corripiuntur,
2021 5632 2143 5671 cum

543 5682 768 5757 produci
805 5682 1036 5740 debeant
1062 5702 1074 5738 :
1107 5686 1246 5739 sicut
1265 5686 1428 5757 etiam
1449 5682 1780 5757 Prudentius
1807 5695 1863 5739 et
1894 5685 2150 5741 Walafri-

2146 1836 2196 1895 B

2151 3197 2200 3260 C

2824 1291 3052 1350 CAPUT
3092 1291 3131 1345 Χ
3144 1291 3182 1344 l.

2218 1383 2372 1450 Quod
2409 1385 2456 1438 ei
2485 1383 2632 1439 sedes
2679 1382 2990 1454 episwpalis
3034 1384 3090 1437 in
3128 1382 3398 1454 Trajector
3425 1380 3638 1454 castello
3676 1378 3808 1434 data

2381 1463 2477 1520 est,
2506 1467 2555 1508 et
2575 1452 2715 1524 quod
2739 1471 2832 1525 per
2855 1452 2981 1508 loco
3008 1453 3333 1524 presbyteros
3366 1453 3642 1522 disposuit.

2289 1545 2443 1601 Tunc
2471 1546 2596 1602 data
2618 1544 2862 1616 pontiﬁci
2891 1554 2977 1602 est
3005 1544 3254 1614 Trajeeto
3277 1545 3436 1600 sedes
3464 1545 3519 1600 in
3543 1544 3697 1608 urbe,

2219 1633 2287 1693 Et
2317 1653 2448 1709 gens
2473 1647 2586 1693 tota
2615 1628 2780 1694 Simul
2801 1637 3104 1693 Fresonum
3132 1638 3385 1693 subditur
3406 1637 3506 1701 illi,

2220 1730 2468 1786 Disceret
2495 1738 2555 1784 ut
2580 1742 2774 1799 magno
2799 1727 2919 1783 ﬁdei
2945 1729 3271 1784 documenta
3311 1727 3585 1783 ministro.

2223 1820 2348 1874 Mox
2369 1825 2682 1875 constructa
2709 1815 2824 1873 Deo
2848 1817 3139 1887 viguerunt
3162 1813 3362 1887 templa
3382 1815 3633 1886 perenni,

2219 1911 2324 1966 Per
2353 1909 2472 1966 loca
2499 1916 2627 1965 sunt
2645 1907 2806 1980 positi
2832 1918 2889 1965 et
2915 1909 3168 1966 doctores
3195 1909 3363 1964 multa
3390 1909 3598 1975 fideles,

2219 2003 2322 2070 Qui
2352 2010 2601 2075 regerent
2625 2000 2905 2073 populum,
2932 2001 3058 2056 vitae
3087 2001 3180 2072 qui
3204 1999 3371 2056 verba
3401 2000 3683 2066 docerent,

2222 2093 2323 2163 Qui
2347 2093 2616 2164 baptisma
2638 2092 2854 2160 darent,
2882 2093 3007 2149 caeli
3030 2093 3121 2163 qui
3143 2107 3283 2163 pane
3305 2094 3555 2149 cibarent
3581 2109 3599 2159 ;

2221 2187 2302 2244 Ne
2326 2187 2478 2258 plebs
2513 2186 2768 2244 esuriens
2795 2201 2827 2242 a
2858 2203 2918 2244 se
2941 2186 3128 2257 jejuna
3159 2187 3387 2252 rediret,

2224 2278 2331 2336 Sed
2353 2280 2565 2336 cunctis
2588 2278 2840 2336 Christus
2865 2286 3050 2350 potas,
3077 2278 3234 2334 cibus
3259 2287 3407 2334 esset
3433 2278 3738 2335 abundans.

2733 2370 2897 2442 193
2925 2369 3155 2428 CAPUT
3191 2371 3306 2426 xu.

2227 2465 2383 2532 Quod
2407 2466 2738 2521 devotissime
2760 2466 2974 2522 verbum
3009 2465 3109 2520 Dei
3140 2483 3235 2536 per
3267 2463 3445 2522 omnia
3477 2464 3596 2521 loca
3619 2465 3819 2535 pra'di-

2756 2553 2880 2592 care
2911 2537 3214 2608 festinabat.

2298 2627 2413 2686 Hoc
2439 2645 2576 2701 opus
2595 2629 2700 2687 hoc
2729 2630 2909 2687 fuerat
2926 2630 3189 2700 praeclaro
3209 2631 3439 2702 praesule
3468 2647 3709 2703 semper,

2227 2720 2468 2778 Plurima
2490 2723 2633 2793 quod
2655 2722 2826 2778 ferret
2852 2726 3160 2779 animarum
3187 2721 3336 2778 lucra
3363 2723 3621 2789 Tonanti,

2227 2811 2298 2866 Et
2324 2811 2554 2868 Domino
2585 2812 2653 2869 ad
2678 2827 2869 2870 servos
2895 2823 3161 2870 remeanu
3191 2823 3507 2869 occurreret
3527 2813 3693 2879 ultro,

2229 2903 2582 2975 Multiplicata
2613 2902 2799 2961 ferens
2816 2904 3071 2962 manibus
3100 2906 3350 2976 utrisque
3376 2906 3602 2961 talenta.

2229 2993 2441 3050 Circuit
2468 2994 2674 3051 idcirco
2702 2994 2831 3066 vigil
2855 2995 2959 3051 hoc
2985 2996 3253 3051 tutamine
3279 2995 3539 3050 mandras
3571 3007 3626 3062 ι,

2229 3085 2550 3144 Nominibus
2573 3085 2788 3142 meritis
2811 3094 2876 3142 ut
2901 3086 3106 3144 Christi
3129 3098 3355 3160 augeret
3372 3088 3537 3154 ovile,

2231 3177 2300 3232 Et
2325 3191 2660 3247 quocunque
2680 3176 2802 3246 pius
2830 3178 3073 3248 perrexit
3095 3192 3274 3250 prteco
3296 3179 3512 3245 salutis,

2230 3267 2421 3323 Gratia
2441 3268 2761 3324 celsithroni
2783 3284 3005 3340 semper
3032 3272 3297 3340 praevenit
3321 3278 3564 3337 euntem,

2229 3358 2496 3417 Effectum
2517 3359 2772 3418 tribuens
2801 3357 2961 3416 factis
2988 3363 3280 3432 verbisque
3311 3363 3574 3418 docentis.

2824 3451 3056 3509 CAPUT
3095 3453 3232 3509 Xlll.

2235 3541 2394 3612 Quod
2420 3560 2526 3599 non
2550 3545 2732 3599 omnia
2753 3561 2871 3615 qua!
2895 3545 3033 3669 idiem
3059 3546 3300 3616 pontifex
3323 3545 3468 3615 fecit,
3497 3563 3647 3603 versu
3669 3564 3829 3602 enar-

2719 3649 2722 3652 ~
2827 3631 2929 3669 ran
2969 3633 3001 3669 a
3038 3627 3229 3669 essent.

2719 3649 2722 3652 η
2827 3627 3001 3670 randa
3038 3627 3229 3670 essent.

2302 3706 2542 3763 Plurima
2565 3720 2772 3777 perque
2801 3721 2960 3762 suum
2992 3704 3124 3763 fecit
3157 3707 3420 3764 miracula
3450 3725 3694 3776 servum,

2232 3797 2363 3865 Quae
2391 3813 2539 3853 nunc
2559 3812 2670 3853 non
2697 3797 2854 3852 libuit
2878 3813 3042 3854 versu
3080 3815 3408 3868 percurrere
3433 3811 3631 3857 cuncta
3659 3821 3672 3856 :

2236 3887 2345 3943 Sed
2369 3887 2604 3942 strictim
2627 3888 2876 3957 quaedam
2896 3898 3214 3961 properanti
3239 3901 3461 3963 tangere
3490 3893 3722 3964 plectro,

2235 3978 2305 4033 Et
2333 3978 2501 4050 gestis
2527 3978 2712 4034 titulos
2735 3981 2926 4049 paucis
2955 3981 3241 4054 praeﬁgere
3267 3985 3462 4050 musis,

2234 4070 2317 4126 Ad
2339 4085 2673 4143 prosamque
2694 4086 2876 4126 meum
2895 4071 3157 4128 lectorem
3184 4078 3406 4131 mittere
3429 4079 3685 4148 primam,

2233 4162 2352 4218 lllic
2379 4163 2623 4218 inveniet
2633 4175 2749 4231 3am
2770 4161 2984 4232 plenius
3008 4166 3192 4220 omnia
3216 4175 3396 4238 gesta,

2236 4253 2524 4311 Pontiﬁcis
2547 4253 2728 4326 magni
2757 4253 2996 4309 studium
3015 4295 3030 4322 ,
3063 4255 3386 4313 documenta
3413 4261 3684 4332 magistri,

2236 4343 2586 4417 Progeniem,
2649 4345 2817 4401 vitam
2845 4385 2862 4412 ,
2918 4361 3142 4416 mores,
3191 4359 3515 4422 mentesque
3567 4351 3836 4426 benignas

2816 4435 3012 4509 [Mab.,
3045 4449 3398 4512 mentemque
3421 4444 3757 4519 benignam].

2239 4527 2611 4602 Devotumque
2637 4530 2751 4587 Deo
2774 4546 2993 4602 semper
3017 4547 3114 4590 cor
3139 4535 3392 4591 omnibus
3413 4536 3587 4604 boris,

2239 4619 2475 4694 Legibus
2500 4621 2559 4676 in
2579 4622 2752 4679 sacris
2778 4623 3049 4680 meditans
3078 4633 3379 4698 noctesque
3405 4629 3650 4701 diesque.

2823 4713 3057 4772 CAPUT
3095 4716 3235 4772 XIV.

2239 4805 2394 4872 Quod
2420 4805 3008 4885 confringentifamulo
3045 4808 3144 4864 Dei
3178 4808 3371 4885 [Mab.,
3403 4810 3561 4885 Quod
3592 4815 3830 4885 confrin-

2308 4893 2436 4952 gens
2450 4876 2684 4952 [animus
2697 4877 2796 4932 Dei
2803 4877 2820 4950 J
2845 4878 3029 4947 fanum
3051 4876 3338 4949 quoddam,
3359 4876 3538 4952 gladio
3559 4901 3590 4937 α
3605 4876 3835 4952 quodam

2306 4947 2500 5071 Yedili)
2525 4947 2581 5027 in
2615 4957 2777 5029 caput.
2803 4947 3084 5032 percussus
3112 4991 3126 5015 ,
3155 4952 3245 5006 sed
3291 4947 3402 5008 De'o
3428 4947 3739 5024 defendente
3762 4956 3838 5011 nil

2330 5034 2516 5071 (esurit
2541 5027 2650 5071 ictu
2679 5017 2914 5071 ferientis
2937 5030 3122 5071 sensit.

2330 5034 2516 5073 casune
2541 5018 2650 5072 ictu
2677 5017 2914 5088 ferientis
2937 5021 3122 5074 sensit.

2309 5107 2454 5162 Ecce
2481 5106 2596 5163 Deo
2619 5107 2819 5164 cbarus
2842 5110 3042 5178 praesul
3061 5110 3177 5182 jam
3203 5121 3448 5185 tempore
3477 5115 3714 5186 quodam

2243 5199 2513 5254 Tentabat
2539 5215 2637 5269 per
2651 5215 2712 5256 se
2739 5201 3012 5272 quoddam
3036 5202 3383 5276 confringere
3413 5205 3623 5275 fanum,

2240 5288 2357 5346 Hoc
2384 5306 2622 5346 cernens
2651 5291 2778 5347 idoli
2808 5300 2997 5350 custos
3028 5294 3082 5361 1³,
3116 5311 3416 5354 succensus
3453 5299 3509 5353 in
3542 5299 3651 5367 ira,

2246 5413 2423 5488 torum
2479 5407 2815 5488 carminibus
2871 5419 3168 5488 occurrunt
3215 5414 3576 5488 castigatione
3627 5416 3792 5488 digna
3819 5459 3836 5486 ,

2247 5477 2407 5556 si_ad
2459 5477 2757 5556 severioris
2816 5480 3084 5556 prosodire
3142 5481 3292 5556 leges
3349 5477 3530 5539 dmnia
3585 5477 3842 5545 revocare

2247 5547 2400 5627 velis.
2439 5547 2576 5627 _lluc
2621 5547 2834 5627 spectat
2879 5547 3505 5627 observatio'Scaligeri
3559 5557 3616 5611 in
3664 5558 3758 5612 lib.
3798 5577 3837 5614 Il

2249 5618 2498 5699 ᾼυερῃὶἱ,
2529 5633 2649 5687 cap.
2690 5620 2752 5674 ‘2]
2790 5639 2800 5674 :
2840 5638 2858 5670 ι
2910 5620 3239 5699 liabebant_,
3299 5618 3473 5696 inquit
3501 5667 3514 5692 ,
3563 5628 3840 5698 peculiare

2247 5687 2429 5742 Latini
2459 5699 2654 5757 poetae,
2707 5701 2767 5744 ut
2819 5706 2925 5745 non
2957 5693 3129 5746 solum
3181 5687 3397 5751 Graecas
3451 5687 3842 5756 declinationes

546 5754 648 5835 dus
680 5756 1418 5835 Strabocorrcptasecunda
1448 5754 1602 5809 idlila
1637 5755 1931 5835 dixerunt.
1961 5757 2149 5835 Sedet
2251 5758 2306 5812 in
2331 5754 2535 5813 Graecis
2569 5760 2920 5835 negligerent,
2981 5761 3073 5816 sed
3101 5773 3156 5817 et
3197 5769 3556 5835 quantitatem
3590 5771 3663 5823 ita
3693 5754 3843 5828 ever-

548 5827 653 5881 alia
682 5827 849 5883 multa
875 5827 930 5882 in
957 5826 1198 5894 Alcuini,
1253 5824 1594 5897 aliorumque
1634 5825 1776 5884 illius
1834 5827 1934 5884 aevi
1982 5829 2151 5899 scrip-

2251 5837 2450 5897 terent,
2489 5839 2549 5885 ut
2574 5841 2804 5890 accentu
2848 5831 2996 5889 illam
3025 5831 3238 5893 tantum
3260 5839 3587 5896 metirentur
3617 5881 3628 5895 .
3668 5860 3689 5893 ι
