4112 6596
317 370 423 427 7ιῖ

312 489 709 558 Pontificisque
734 504 789 543 ea.
800 495 896 557 put
918 488 1094 558 gladio
1120 491 1392 559 percussit
1424 499 1602 545 acuto.

313 582 424 636 Sed
446 582 531 635 vir
554 580 858 650 praecipuus
882 596 983 633 ncc
1006 582 1199 644 sensit,
1234 596 1336 635 nec
1361 581 1479 637 leve
1510 581 1722 637 vulnus.

311 673 491 740 Quem
518 671 741 727 voluere
762 670 846 726 sui
867 670 1097 725 comites
1116 671 1366 726 occidere
1387 672 1571 726 statim
1604 691 1617 725 :

240 826 245 829 μ
311 764 476 820 llunc
498 772 681 819 tamen
705 763 907 832 eripuit
937 763 1084 817 mitis
1113 762 1179 817 de
1207 771 1379 817 morte
1408 763 1686 818 sacerdos.

312 857 420 925 Qui
441 856 545 912 luit
572 864 823 926 arreptus
849 856 1081 911 miseras
1110 870 1236 910 mox
1269 866 1433 910 tenuo
1468 871 1683 925 poenas,

310 949 555 1019 Postque
583 950 700 1004 dies
722 956 906 1003 ternas
928 947 1097 1002 vitam
1128 946 1304 1002 finivit
1332 962 1595 1001 amaram.

315 1042 519 1113 Sicque
538 1057 663 1097 suos
693 1048 911 1097 sanctos
938 1038 1195 1096 Christus
1220 1038 1501 1093 ulciscitur
1526 1038 1687 1097 ultro.

926 1172 1156 1230 CAPUT
1181 1170 1299 1226 XV.

315 1289 438 1358 Qad
472 1290 705 1358 quidam,
737 1288 827 1359 qui
873 1304 1018 1344 servo
1050 1288 1147 1369 Dei
1178 1285 1556 1352 maledixerat,
1588 1286 1672 1342 die
1698 1296 1909 1358 postera

1009 1370 1186 1431 perm.

388 1476 513 1549 Egit
534 1476 638 1530 iter
661 1474 937 1547 quondam
963 1474 1305 1530 venerandus
1331 1473 1469 1529 forte
1496 1473 1691 1531 viator.

314 1570 455 1639 Quia
476 1584 535 1624 se
560 1583 656 1640 per
688 1575 900 1638 segetes
926 1568 1145 1637 propior
1168 1566 1282 1638 jam
1318 1568 1513 1621 semita
1545 1566 1699 1620 duxit

312 1665 454 1721 Cum
481 1664 645 1719 sociis
666 1663 855 1728 etiam,
877 1661 1055 1718 tenuit
1073 1676 1209 1733 quas
1236 1661 1393 1715 dives
1419 1675 1620 1714 avarus
1658 1676 1671 1713 :

314 1755 418 1811 Cui
441 1763 687 1827 segetum
707 1762 890 1809 custos
915 1752 1110 1809 callem
1138 1752 1427 1823 prohibere
1453 1752 1693 1816 volebat,

314 1846 556 1904 Plurima
582 1846 932 1904 conclamans
965 1853 1158 1900 sancto
1186 1844 1426 1899 convitia
1450 1842 1657 1909 verbis,

313 1937 431 1993 Nec
455 1954 567 1993 non
589 1936 823 2009 augebat
850 1934 1011 1992 factis
1036 1934 1328 2005 opprobria
1358 1933 1514 1989 diris.

314 2031 421 2100 Qui
455 2032 678 2087 divertit
706 2032 831 2094 iter,
860 2044 966 2099 qua
997 2044 1057 2084 se
1090 2028 1177 2083 via
1202 2026 1415 2098 publica
1443 2031 1748 2081 monstrat:

314 2127 439 2182 Mox
460 2126 605 2199 perit
629 2123 818 2180 infelix
844 2125 1025 2180 elusor
1053 2121 1171 2177 luce
1192 2121 1453 2187 secunda,

313 2219 451 2276 Tam
478 2221 605 2293 quia
626 2232 735 2273 non
756 2217 939 2272 timuit
962 2231 1121 2271 servo
1150 2215 1475 2271 maledicere
1496 2212 1718 2270 Christi.

909 2351 1140 2409 CAPUT
1180 2351 1319 2411 XVI.

315 2466 560 2534 Qualiter
594 2465 790 2536 fontem
826 2464 1030 2519 orando
1053 2464 1118 2519 de
1150 2461 1307 2518 arida
1343 2461 1529 2517 tellure
1571 2462 1902 2533 produxerit.

383 2579 524 2634 Dum
546 2578 733 2634 divina
746 2578 871 2648 pius
893 2577 1139 2633 caelestis
1169 2576 1378 2633 semina
1400 2578 1527 2632 vita:

314 2670 583 2742 Spargere
602 2670 921 2742 permultas
947 2678 1335 2740 properaverat
1352 2670 1536 2725 accola
1566 2678 1761 2735 terras,

312 2763 569 2819 Pervenit
592 2777 697 2833 qua
722 2761 801 2817 nil
840 2762 1058 2817 steriles
1086 2762 1196 2817 nisi
1230 2762 1403 2833 gignit
1430 2777 1647 2817 arenas.

308 2856 607 2915 lnfecunda
633 2856 736 2912 soli
764 2857 979 2927 species
1004 2869 1174 2925 prope
1200 2855 1381 2911 littora
1410 2858 1588 2926 ponti,

311 2949 433 3018 Qua
467 2965 569 3004 nec
591 2947 763 3004 dulcis
781 2961 937 3017 aqua:
964 2946 1186 3002 inventa
1208 2954 1296 3002 est
1321 2947 1633 3003 sitientibus
1664 2948 1828 3003 unda.

311 3038 410 3095 Vir
428 3038 654 3108 cupiens
682 3044 904 3093 sanctus
927 3035 1092 3091 sociis
1122 3049 1446 3091 succurrere
1467 3036 1649 3103 fessis,

309 3130 556 3190 Iusserat
579 3139 641 3186 ut
681 3129 929 3186 facerent
964 3129 1109 3183 intra
1133 3129 1357 3185 tectoria
1388 3128 1585 3201 [Mab.,
1640 3130 1901 3203 tentoria]

1583 3220 1827 3294 [fossam

310 3319 430 3390 Quo
455 3319 624 3385 facto,
651 3317 848 3390 praesul
881 3316 1058 3374 solum
1083 3332 1143 3373 se
1164 3314 1436 3373 clauserat
1464 3317 1637 3383 intus,

309 3412 380 3469 Et
396 3413 625 3485 genibus
651 3410 777 3467 fixis
802 3411 1071 3482 lacrymas
1096 3409 1355 3465 fundebat
1381 3425 1600 3465 amaras

308 3505 453 3562 Ante
488 3505 683 3570 Deum,
723 3502 936 3560 dulcem
975 3518 1083 3571 quo
1120 3517 1247 3559 mox
1276 3518 1526 3559 meruere
1551 3504 1647 3560 sed
1676 3505 1901 3573 undam,

308 3598 577 3655 Produxit
597 3597 779 3653 subito
800 3595 1010 3650 fontem
1041 3595 1197 3666 prius
1222 3595 1378 3652 arida
1401 3595 1585 3663 tellus,

310 3693 389 3749 De
415 3707 525 3762 quo
544 3690 803 3761 pOtabant
832 3690 966 3744 socii
990 3703 1285 3760 secumque
1306 3688 1576 3754 ferebant,

310 3783 548 3857 lndiguit
573 3789 837 3853 quantum
856 3781 1072 3836 steriles
1087 3781 1175 3835 via
1196 3790 1374 3851 empta
1393 3796 1492 3855 per
1520 3796 1697 3853 agros.

882 3919 1113 3978 CAPUT
1152 3919 1318 3977 XVII.

312 4036 589 4106 Quomodo
623 4052 689 4092 ea:
709 4035 823 4106 eius
850 4034 1205 4089 benedictione
1223 4034 1460 4106 ﬂascana
1483 4034 1592 4088 uini
1622 4035 1678 4089 in
1698 4034 1902 4090 duode—

766 4105 867 4160 cim
890 4121 1145 4176 pauperes
1179 4105 1453 4175 sufﬁceret.

379 4220 685 4278 Occurrere
702 4219 801 4275 Dei
832 4216 1035 4274 famulo
1065 4224 1150 4272 ter
1176 4215 1315 4272 forte
1343 4219 1596 4286 quaterni

309 4313 626 4371 Panniculis
655 4311 839 4366 miseri
869 4309 1076 4373 vestiti,
1098 4318 1157 4364 et
1181 4308 1337 4378 panis
1363 4310 1545 4379 egeni,

310 4405 459 4473 Quos
486 4405 609 4476 pius
635 4411 697 4458 ut
716 4402 875 4465 vidit,
898 4409 1078 4456 motus
1096 4401 1301 4470 pietate
1332 4401 1626 4465 sacerdos;

308 4497 471 4556 Ferte
494 4510 699 4560 meam,
719 4493 880 4560 dixit,
906 4492 1222 4557 llasconem,
1254 4491 1391 4548 ferte
1421 4492 1684 4560 ministri,

308 4589 377 4646 Et
405 4588 632 4648 miscete
660 4584 793 4640 viris
822 4584 1005 4639 illam:
1037 4584 1343 4641 benedictio
1371 4584 1575 4639 Christi

310 4680 573 4737 Sullicere
593 4679 652 4736 in
675 4686 819 4735 totos
841 4676 1005 4732 faciat
1024 4675 1333 4748 largissime
1355 4673 1546 4748 [Mab.,
1565 4674 1898 4749 largissima]

1614 4769 1823 4843 [credo.

306 4868 487 4926 Turba
508 4867 732 4923 bibebat
755 4881 926 4922 ovans
952 4870 1217 4936 quantum
1246 4863 1349 4919 sibi
1386 4863 1618 4933 quisque
1661 4862 1897 4930 volebat,

305 4959 500 5017 Flasco
521 4968 703 5017 tamen
726 4956 905 5014 fuerat
926 4956 1137 5011 meliori
1166 4955 1327 5026 plena
1346 4953 1577 5011 falerno.

873 5084 1105 5144 CAPUT
1143 5085 1329 5142 XVIII.

305 5203 446 5262 Item
473 5203 705 5277 qualiter
736 5216 801 5255 ea:
822 5199 941 5271 ejus
967 5198 1324 5254 benedictione
1350 5199 1527 5253 vinum
1548 5200 1606 5254 in
1635 5218 1771 5271 cupa
1791 5218 1903 5258 ere-

1010 5278 1197 5326 sceret.

378 5394 620 5450 Venerat
632 5389 701 5445 ad
720 5385 1011 5459 quamdam
1036 5385 1229 5441 cellam
1248 5386 1578 5443 venerabilis
1607 5386 1824 5459 hospes.

308 5486 575 5545 Omnibus
601 5481 860 5537 Ecclesia:
889 5479 1050 5533 rebus
1075 5476 1190 5547 jam
1210 5479 1315 5533 rite
1340 5479 1579 5548 peractis

306 5576 593 5636 Fratribus
618 5581 674 5629 et
700 5572 861 5627 solito
886 5571 1142 5625 mandata
1175 5584 1325 5626 more
1354 5570 1548 5638 salute,

308 5671 507 5730 Omnia
533 5665 870 5739 perspiciens
899 5678 1071 5717 sacras
1098 5662 1288 5718 sedilia
1315 5663 1482 5719 cellae.

308 5762 627 5837 Ingrediens
652 5759 820 5815 etiam
849 5756 1015 5813 sociis
1045 5755 1268 5811 cellaria
1287 5758 1497 5826 paucis,

307 5857 367 5914 in
393 5870 499 5928 qua
529 5852 641 5910 sola
670 5862 861 5922 parum
883 5848 999 5907 vini
1031 5847 1119 5904 vix
1145 5855 1316 5905 tunna
1346 5849 1589 5917 tenebat,

989 374 1572 432 liAGlOGRAPHlCA.
1614 406 1682 417 —
1721 376 1884 431 V'lTA
1924 377 1981 431 S.
2026 375 2509 433 WlLLlBRORDl.
2550 406 2619 415 —
2660 375 2790 432 LlB.
2828 375 2895 430 ll.

1933 492 1986 551 Δ
2014 489 2186 557 Quam
2208 490 2411 545 Christi
2437 488 2668 544 famulus
2699 488 2890 544 baculo
2912 486 3193 543 benedixit
3218 487 3468 552 honesto,

3494 372 3599 425 7l3

2009 580 2181 647 Quem
2209 580 2459 635 manibus
2488 595 2703 649 semper
2731 587 2953 633 sanctus
2977 587 3197 647 portare
3223 577 3450 631 solebat.

2009 673 2177 729 Nocte
2199 680 2461 742 sequente
2481 688 2692 727 merum
2718 672 2812 726 sed
2844 686 2991 735 mox,
3021 668 3271 726 mirabile
3301 671 3449 725 dictu
3474 670 3488 723 !

2010 764 2173 820 Solus
2203 766 2257 819 in
2279 766 2394 818 aede
2421 778 2650 818 manens
2674 772 2922 817 servator
2944 776 3196 816 crescere
3216 760 3373 825 vidit,

2009 856 2192 911 Donec
2212 854 2465 911 mellitluo
2481 854 2747 924 completa
2769 862 2853 907 est
2873 859 3091 907 nectare
3116 860 3305 905 tunna.

2010 948 2123 1005 Hoc
2152 949 2305 1003 laetus
2336 948 2520 1004 retulit
2546 946 2857 1003 venerando
2896 945 3056 1000 Patre
3080 944 3277 1001 silente
3302 941 3501 1015 [Mab.,
3529 944 3604 997 si-

3282 1034 3523 1106 [lentor].

2010 1131 2109 1187 Cui
2141 1133 2260 1203 pius
2288 1132 2515 1186 antistes
2540 1130 2762 1185 dederat
2791 1138 3057 1199 praecepta
3081 1126 3319 1191 tacendi,

2014 1226 2198 1297 Usque
2235 1225 2379 1280 diem
2400 1224 2612 1291 mortis,
2645 1222 2839 1279 nolens
2862 1223 2966 1279 sibi
2994 1234 3240 1293 qurere
3268 1218 3502 1274 laudem.

2602 1360 2831 1418 CAPUT
2862 1359 3004 1416 XIX.

2012 1477 2150 1533 Item
2186 1475 2415 1546 qualiter
2444 1490 2509 1528 ea:
2551 1472 2904 1546 benedictione
2952 1470 3186 1546 ejusdem
3217 1468 3599 1546 νὺξ-ῥείθρῳ-

2083 1539 2335 1617 άναρἱια
2366 1545 2464 1599 υἰτὶ
2486 1561 2552 1617 ea:
2585 1555 2814 1617 quatuor
2849 1539 3169 1611 ﬁasc'onibus
3194 1540 3413 1595 modicis
3439 1539 3599 1592 bibis-

2085 1616 2199 1673 sent
2222 1633 2386 1686 usque
2423 1616 2491 1669 ad
2522 1616 2841 1669 satietatem.

2089 1752 2183 1807 Vir
2198 1752 2302 1807 fuit
2329 1752 2384 1806 in
2410 1750 2609 1821 populo
2633 1750 2814 1821 largus
2836 1764 2937 1820 pro
2965 1748 3215 1822 gentibus
3237 1747 3459 1818 hospes,

1937 1847 1988 1908 B
2015 1846 2224 1916 Saepius
2260 1844 2556 1915 hospitium
2585 1844 2740 1913 cujus
2761 1844 2967 1899 intrare
2981 1844 3193 1899 solebat

2012 1937 2274 2008 Egregius
2302 1935 2519 2006 praesul,
2541 1942 2729 2004 partes
2748 1935 2877 1990 dum
2906 1935 3060 1991 venit
3083 1936 3141 1989 in
3169 1933 3310 1989 illas.

2010 2028 2151 2082 Ecce
2175 2026 2265 2081 die
2291 2026 2527 2096 quadam
2553 2024 2806 2090 veniens,
2836 2024 2913 2080 nil
2936 2024 3197 2095 praescius
3226 2022 3347 2093 ejus

2010 2116 2108 2172 Vir
2126 2117 2229 2173 fuit
2253 2117 2520 2173 adventus
2544 2132 2559 2181 ;
2591 2130 2697 2185 qua
2718 2123 2942 2186 propter
2962 2114 3155 2185 pocula
3184 2114 3301 2168 vini

2009 2207 2126 2265 Non
2156 2208 2348 2264 habuit
2373 2208 2541 2263 charo
2566 2208 2823 2263 veniente
2852 2214 3075 2277 repente
3102 2206 3384 2277 magistro.

2009 2301 2123 2358 Hoc
2141 2301 2307 2355 Pater
2334 2313 2658 2370 agnoscens,
2678 2298 2843 2369 jussit
2868 2298 2975 2355 sibi
3005 2296 3147 2353 ferre
3174 2305 3492 2367 quaternas,

2009 2394 2117 2449 Per
2138 2394 2253 2448 loca
2273 2407 2410 2463 quas
2436 2389 2592 2462 pueri
2621 2405 2809 2447 secum
2833 2399 3057 2461 portare
3079 2388 3348 2455 solebant,

2009 2484 2302 2539 Flascones
2327 2484 2536 2553 pariter
2558 2480 2820 2547 modicas,
2843 2479 3125 2537 benedixit
3148 2488 3204 2535 et
3222 2480 3433 2549 inquit:

2007 2574 2164 2631 Nunc
2184 2575 2411 2630 miscete
2430 2572 2653 2644 quidem
2683 2573 2865 2639 nobis,
2883 2572 3193 2629 benedictio
3216 2569 3422 2627 Christi

2007 2666 2241 2737 Augebit
2264 2665 2475 2731 vinum,
2496 2664 2682 2729 credo,
2702 2664 2903 2734 pietate
2924 2662 3177 2735 benigna.

2010 2753 2104 2810 Sic
2132 2754 2236 2809 fuit
2258 2762 2314 2810 et
2340 2752 2565 2819 factum,
2581 2752 2695 2823 jam
2721 2754 2807 2809 bis
2827 2752 2991 2809 simul
3020 2768 3149 2809 ecce
3177 2752 3361 2807 viceni

2009 2847 2257 2917 Namque
2285 2845 2439 2901 fuere
2459 2846 2563 2902 viri
2584 2846 2849 2914 convivas,
2875 2844 3005 2900 vina
3032 2844 3307 2919 bibentes.

2010 2936 2224 2994 Sufficit
2240 2937 2327 2993 his
2355 2936 2561 2992 Christi
2572 2951 2671 3007 per
2698 2936 2901 2992 donum
2922 2935 3072 3003 potio
3091 2934 3325 2991 cunctis.

2596 3065 2825 3123 CAPUT
2891 3065 3013 3121 XX.

2011 3178 2089 3236 De
2118 3181 2345 3251 quodam
2384 3190 2624 3251 protervo
2655 3180 2834 3251 divite,
2860 3180 2951 3249 qui
2976 3195 3095 3233 cum
3120 3177 3320 3251 {amulo
3341 3176 3440 3232 Dei
3460 3179 3605 3251 bibe.

2082 3249 2139 3306 re
2181 3249 2445 3317 renuit,“
2480 3260 2593 3321 post
2621 3250 2797 3306 volens
2823 3292 2838 3318 ,
2873 3266 2979 3304 non
3008 3250 3203 3322 potuit,
3236 3249 3397 3304 donec
3443 3249 3509 3304 ab
3535 3263 3599 3305 eo

2079 3322 2352 3377 absolutus
2377 3332 2531 3378 esset.

2078 3461 2279 3517 Lassus
2302 3460 2409 3517 iter
2435 3459 2651 3516 Domini
2675 3459 2909 3516 famulus
2932 3457 3170 3516 faciebat
3192 3468 3460 3527 amatum,

2004 3548 2274 3610 imbribus
2295 3551 2552 3609 :ethereis
2581 3553 2805 3622 cupiens
2836 3558 2950 3608 sata
2992 3552 3101 3606 lata
3126 3552 3323 3622 rigare.

2005 3643 2171 3698 Prata
2191 3642 2316 3713 pius
2335 3641 2531 3713 praesul
2552 3641 2833 3712 cujusdam
2856 3641 3043 3697 divitis
3063 3642 3234 3697 intrat

2005 3733 2142 3789 Cum
2170 3732 2335 3788 sociis
2356 3732 2630 3789 modicum
2652 3730 2812 3788 lassis
2833 3731 3182 3802 requiescere
3204 3739 3438 3805 tempus.

2003 3823 2224 3881 Caedere
2248 3823 2417 3894 ccepit
2444 3839 2614 3896 equos
2643 3824 2834 3897 virgis,
2862 3833 2918 3880 et
2943 3821 3160 3899 abigere
3187 3826 3383 3897 pratis.

2004 3917 2177 3984 Quem
2196 3917 2320 3987 pius
2343 3914 2633 3988 alloquitur
2658 3915 2857 3971 blando
2875 3930 3130 3975 sermone
3156 3915 3411 3972 sacerdos
3435 3933 3448 3969 :

2003 4008 2229 4075 Desine,
2251 4022 2456 4079 quaeso,
2485 4007 2594 4063 tuis
2614 4022 2713 4063 nos
2734 4023 2881 4066 nunc
2906 4006 3177 4078 depellere
3211 4008 3405 4078 pratis,

2005 4102 2117 4160 Sed
2139 4101 2310 4174 magis
2331 4099 2400 4157 ad
2428 4111 2646 4156 nostras
2668 4100 2855 4171 epulas
2881 4101 3109 4158 conviva
3134 4100 3344 4166 venito,

2005 4198 2074 4251 Et
2098 4196 2224 4252 bibe
2253 4194 2560 4259 nobiscum,
2591 4192 2763 4249 simus
2792 4210 3009 4269 quoque
3028 4210 3247 4265 semper
3273 4193 3457 4250 amici.

2004 4288 2307 4359 Respondit
2334 4286 2486 4343 dives
2500 4284 2705 4343 furiosa
2735 4294 2919 4341 mente
2947 4285 3215 4357 superbus
3239 4302 3255 4339 :

2003 4380 2139 4437 Nolo
2159 4389 2281 4435 tuas
2307 4378 2519 4449 epulas,
2545 4384 2727 4434 tecum
2756 4386 2945 4447 potare
2974 4392 3187 4433 recuso.

2003 4475 2124 4530 Mox
2150 4474 2333 4544 rapuit
2358 4470 2555 4543 praesul
2578 4470 2801 4528 verbum
2830 4469 2898 4525 de
2922 4485 3056 4525 voce
3082 4469 3352 4539 loquentis
3377 4488 3391 4524 :

1927 4576 1983 4637 Ῑ)
2007 4565 2067 4621 Si
2104 4573 2292 4637 potare
2315 4579 2482 4635 negas
2508 4578 2721 4619 mecum
2746 4562 2926 4631 modo,
2951 4578 3061 4617 non
3088 4560 3236 4629 bibe,
3261 4577 3467 4633 quaeso.

2005 4656 2103 4711 His
2129 4655 2293 4711 dictis
2315 4655 2530 4711 Domini
2560 4653 2795 4710 famulus
2822 4664 3142 4725 perrexerat
3167 4654 3334 4720 ultro,

2002 4750 2180 4820 Atque
2197 4750 2414 4804 domum
2444 4749 2598 4805 dives
2620 4749 2898 4819 propriam
2927 4747 3208 4820 repedavit
3235 4748 3490 4818 iniquus:

2003 4841 2175 4909 Quem
2198 4842 2319 4896 sitis
2335 4840 2635 4897 inﬂammat
2655 4840 2824 4895 nimio
2846 4840 3062 4897 fervore
3081 4849 3307 4913 repente
3330 4858 3346 4906 ;

2001 4930 2108 5000 Qui
2135 4934 2364 4987 miscere
2392 4931 2580 4988 furens
2605 4930 2835 4988 famulos
2862 4932 2966 4987 sibi
2992 4933 3120 4986 vina
3143 4932 3404 5005 rogabat,

2000 5026 2291 5096 Accipiens
2317 5024 2567 5091 calicem,
2599 5025 2695 5080 sed
2718 5024 2798 5079 nil
2825 5026 3047 5081 sorbere
3067 5024 3304 5081 valebat.

2001 5117 2241 5172 Ardebat
2267 5116 2462 5171 sitiens
2482 5117 2819 5182 stomachus,
2844 5118 2939 5172 sed
2965 5116 3157 5187 pocula
3182 5115 3381 5173 Bacchi

2003 5207 2258 5278 Respuit,
2283 5216 2339 5262 et
2357 5215 2504 5262 totus
2529 5206 2763 5262 ﬂammis
2786 5206 3013 5262 ardebat
3039 5206 3269 5261 anhelis.

2004 5299 2116 5356 Nec
2144 5300 2314 5354 valuit
2333 5300 2617 5369 quisquam
2640 5298 2886 5355 medicus
2908 5298 3155 5355 relevare
3182 5298 3448 5365 laborem,

2003 5390 2187 5447 Donec
2209 5390 2327 5458 ipse
2346 5390 2516 5444 miser
2543 5387 2756 5457 culpam
2786 5389 3043 5459 cognovit
3062 5388 3323 5459 iniquam,

2001 5480 2181 5549 Atque
2207 5478 2302 5533 Dei
2324 5477 2514 5533 famuli
2543 5492 2612 5532 ex
2633 5476 2777 5533 dicto
2806 5485 3073 5532 tormenta
3100 5476 3311 5532 luisset.

2005 5574 2240 5644 Optabat
2264 5573 2502 5629 reditum
2530 5581 2865 5644 quapropter
2888 5572 3138 5643 praesulis
3163 5572 3312 5627 almi.

2004 5666 2245 5721 Venerat
2270 5667 2387 5736 ipse
2413 5680 2602 5729 senex,
2625 5664 2763 5720 alter
2788 5665 2916 5720 dum
2946 5674 3173 5722 venerat
3196 5682 3392 5725 annus.

2003 5759 2102 5814 Cui
2130 5758 2298 5812 miser
2324 5756 2581 5823 occurrit,
2600 5770 2817 5827 ptenam
2840 5757 3122 5813 confessus
3142 5774 3407 5828 amaram,

2005 5851 2103 5912 Cui
2128 5852 2249 5927 pius
2281 5849 2503 5909 indulsit
2530 5848 2794 5923 quidquid
2811 5850 3162 5911 commiserat
3180 5850 3236 5909 in
3265 5865 3352 5920 se,
