4112 6590
517 375 626 436 ’119
1351 364 1415 422 Β.
1457 364 1522 421 F.
1562 361 1795 420 ALBINI
1835 359 1969 418 SEU
2009 356 2141 414 ALC

2189 354 2287 412 'INI
2325 349 2616 413 OPEBUM
2655 346 2836 405 PARS
2872 347 2939 404 Υ.
3705 336 3813 392 720

522 494 685 567 199
709 492 885 561 Atque
911 502 1074 544 manu
1102 483 1324 558 propria
1349 493 1537 555 potum
1560 488 1878 555 porrexerat
1906 478 2040 549 ipse.
2140 477 2191 539 Α
2218 472 2555 567 {raucorum
2578 457 3211 567 ducibdstquosnssecula
3233 456 3392 567 longi.
3427 454 3686 511 tulerunt.

518 547 783 655 6537110:
797 547 1064 646 sanatus,
1095 547 1315 633 fastidia
1347 547 1506 647 longa
1532 547 1862 645 relinquens,
1925 547 1940 549 ⁷
2220 561 2321 618 llic
2343 567 2495 633 reget
2516 557 2804 629 imperium
2833 554 2964 611 felix
2987 550 3221 609 feliciter
3240 547 3410 616 istud,

515 638 806 750 gemmeus
832 638 1063 732 calicem
1087 668 1249 744 pleno
1275 685 1336 726 se
1358 638 1563 741 proluit
1587 638 1707 722 ore:
1848 638 1857 640 ⁷
2217 653 2465 709 Dilatans
2493 650 2633 706 fines
2661 648 2875 718 magnis
2900 645 3033 701 hinc
3060 643 3189 700 inde
3219 638 3534 710 triumphis.

1113 782 1341 842 CAPUT
1359 727 1520 838 ‘XXL
2217 742 2339 799 Non
2364 756 2501 813 opus
2529 748 2617 797 est
2640 737 2844 842 nostris
2873 736 3004 792 illud
3036 740 3350 842 monstrare
3375 727 3675 842 Canimnis,

522 883 801 952 Quomodo
821 881 880 937 in
907 879 1145 952 Treveris
1165 878 1379 952 cinith
1400 875 1600 952 orando
1624 882 1819 952 pestem
1842 870 2121 926 imminen-
2220 834 2378 904 Qum
2400 841 2521 923 ιθίον
2541 831 2690 888 veris
2718 829 3026 952 θθῗδξῗίῗ
3286 822 3539 896 ιθίιυθ¹ί⁸⁶

823 962 926 1007 tem
955 950 1020 1006 ab
1056 948 1264 1005 ancillis
1298 946 1495 1003 Christi
1530 937 1825 1001 amovisset.
2785 939 3017 999 CAPUT
3055 937 3247 995 XXIV.

591 1070 694 1130 Est
716 1068 959 1137 antiqua,
989 1074 1182 1138 potens
1208 1063 1381 1119 muris
1407 1070 1464 1117 et
1490 1061 1732 1117 turribus
1761 1058 1943 1129 ampla

2459 1035 2541 1091 De
2570 1033 2803 1089 moribus
2833 1040 2880 1087 et
2906 1030 2972 1086 de
2996 1030 3141 1085 obitu
3169 1026 3342 1084 sancti
3371 1023 3573 1082 Patris.

524 1163 671 1219 Urbs
699 1160 973 1225 Treveris,
1004 1172 1106 1215 nec
1130 1173 1239 1213 non
1266 1156 1440 1213 sacris
1462 1154 1797 1210 circumdata
1824 1149 1997 1215 cellis,
2294 1149 2394 1205 Vir
2420 1147 2523 1203 fuit
2550 1146 2655 1203 iste
2678 1145 2797 1213 Dei,
2824 1144 3064 1215 patiens,
3091 1142 3424 1207 moderatus,
3462 1138 3754 1203 honestus,

524 1258 583 1314 In
615 1255 812 1326 quibus
840 1253 1051 1309 unatim
1086 1248 1411 1322 populorum
1442 1248 1602 1303 turba
1627 1246 1843 1317 piorum
2225 1241 2465 1297 Moribus
2490 1239 2766 1311 egregius,
2795 1244 2853 1293 et
2884 1235 2941 1291 in
2966 1234 3118 1292 omni
3144 1241 3402 1290 strenuus
3428 1236 3574 1297 actu,

526 1324 801 1403 Laudibus
834 1343 1117 1416 invigilant
1146 1340 1383 1406 Domini,
1412 1346 1682 1407 nocteque
1705 1336 1922 1406 dieque.
2225 1335 2403 1392 Corde
2430 1334 2575 1404 pius,
2602 1332 2796 1387 humili
2816 1331 2991 1397 mitis,
3018 1329 3332 1402 rigidusque
3357 1324 3613 1397 superbo,

528 1440 638 1494 llas
663 1439 806 1492 inter
836 1434 1017 1490 fuerat
1039 1446 1322 1490 sacrarum
1347 1429 1487 1486 cella
1513 1443 1786 1494 sororum,
2227 1427 2448 1484 Solator
2472 1426 2713 1493 miseris,
2744 1433 2801 1481 et
2824 1426 2983 1495 ineps
3012 1423 3138 1488 sibi,
3169 1420 3324 1477 dives
3351 1418 3562 1491 egenis.

527 1529 678 1597 Quas
706 1526 887 1583 subito
914 1524 1145 1579 nimium
1174 1521 1457 1594 quassavit
1484 1520 1656 1591 pestis
1689 1518 1907 1582 acerba,
2228 1519 2334 1587 Qui
2358 1525 2648 1589 postquam
2678 1516 2805 1571 vita:
2829 1515 3043 1570 meritis
3078 1512 3355 1585 perfectus
3382 1513 3439 1565 in
3468 1508 3651 1574 annis,

528 1620 613 1675 Ex
636 1618 748 1673 vita
775 1618 881 1672 hac
905 1615 1089 1686 rapuit
1116 1629 1215 1685 per
1241 1628 1403 1684 quam
1438 1627 1587 1669 mors
1611 1611 1800 1667 ultima
1823 1608 2054 1675 multas;
2227 1611 2323 1667 Bis
2351 1619 2547 1667 octena
2572 1610 2698 1680 pius
2722 1606 3015 1679 complevit
3043 1607 3217 1662 lustra
3244 1602 3522 1668 sacerdos,

532 1710 847 1767 Semineces
877 1709 1124 1778 quaedam
1147 1708 1310 1779 longo
1330 1706 1555 1776 iacuere
1590 1706 1809 1770 dolore;
2232 1704 2344 1760 Ter
2369 1711 2565 1773 quater
2601 1709 2659 1757 et
2686 1715 2939 1768 menses,
2967 1696 3176 1755 mensis
3197 1696 3315 1767 jam
3337 1698 3564 1767 jamque
3601 1689 3829 1747 Novemo

534 1802 737 1858 Terror
757 1802 949 1857 mortis
973 1808 1090 1855 erat
1115 1800 1335 1865 nimius,
1363 1800 1459 1857 sed
1486 1808 1542 1855 et
1568 1800 1821 1855 omnibus
1854 1798 2027 1855 idem.’
2158 1834 2211 1899 Β
3603 1782 3761 1857 [bris.

534 1896 673 1967 Spes
703 1894 803 1948 fuit
825 1893 881 1947 in
910 1890 1114 1946 famulo
1141 1889 1369 1957 Christi,
1396 1898 1624 1945 vocatus
1652 1898 1709 1945 et
1736 1889 1827 1945 ille
2158 1880 2210 1899 ⁶’
2233 1887 2414 1946 Idibus
2435 1887 2667 1954 octenis,
2692 1884 2819 1941 caeli
2846 1883 3101 1957 migravit
3126 1883 3195 1939 ad
3223 1880 3427 1945 aulam,

535 1988 671 2045 Cum
699 1984 954 2055 lacr‘ymis
973 1982 1136 2037 citius
1162 1980 1322 2037 fessis
1352 1995 1675 2037 succurrere
1704 1981 1889 2037 rebus.
2234 1980 2480 2036 Cmtibus
2508 1978 2769 2052 angelicis
2791 1974 3040 2047 junctus,
3069 1973 3385 2030 caelestibus
3404 1968 3626 2042 hymnis

536 2080 608 2135 At
634 2077 757 2148 pius
792 2074 882 2129 ille
906 2073 1070 2128 Pater
1091 2072 1385 2143 complevit
1411 2081 1539 2129 vota
1565 2087 1815 2129 sororum
2233 2071 2561 2129 Collaudans
2593 2069 2875 2127 Christum
2902 2081 3121 2139 semper
3145 2064 3267 2121 sine
3295 2066 3404 2120 line
3430 2063 3645 2120 beatus.

534 2168 864 2233 Adveniens,
893 2166 1016 2221 illas
1035 2162 1290 2233 jamnec
1316 2179 1442 2235 spes
1469 2164 1611 2219 alma
1637 2163 1849 2228 fefellit,
2812 2179 3045 2238 CAPUT
3081 2177 3250 2234 xxv,

538 2259 929 2360 ῗᾱθτθξδίδυῗ
951 2256 1123 2360 ἔξωιῆ
1303 2255 1474 2360 ﬁsus
1502 2256 1697 2360 acerb}?
1718 2254 1974 2360 ’θξθδδίίν
2239 2275 2397 2360 Quod
2427 2276 2617 2360 fratres
2635 2273 2851 2360 Patrem
2875 2271 3179 2356 sepelientes
3206 2264 3846 2360 sarcoph‘agumquod

537 2350 606 2406 Et
635 2349 865 2405 Domino
894 2346 1108 2403 laudem
1136 2345 1373 2401 reddunt
1391 2360 1491 2417 pro
1519 2346 1723 2415 sospite
1743 2345 1879 2399 vita.

2245 2338 2284 2344 ἡ
2310 2338 2517 2403 breuius
2542 2347 2715 2417 fuerat
2743 2338 2950 2414 corpori
2974 2342 3107 2413 ejus,
3137 2340 3313 2396 subito
3332 2338 3403 2394 ad
3427 2338 3606 2411 aptam
3628 2352 3843 2393 mensu-

1129 2456 1359 2514 CAPUT
1395 2456 1560 2513 XXI],
2314 2435 2431 2477 tam
2456 2416 2770 2488 pratelatur.

542 2555 697 2623 Quod
745 2564 906 2610 totam
952 2552 1167 2605 domum
1214 2549 1450 2623 ejusdem
1504 2546 1909 2623 Pntﬁsfamjliaa
1955 2562 1989 2600 α
2024 2544 2140 2623 ἐκ-
2312 2533 2486 2601 Quem
2517 2530 2714 2588 fratres
2743 2531 2925 2587 studio
2953 2537 3222 2586 curarunt
3248 2527 3483 2584 condere
3509 2530 3699 2581 sancto

614 2564 697 2611 tod
745 2564 906 2610 totam
952 2564 1167 2605 domum
1214 2564 1450 2619 ejusdem
1497 2564 1909 2672 rams'ammas
1955 2564 1989 2600 α
2037 2564 2140 2599 au-
2312 2564 2486 2601 uucm
2517 2564 2714 2588 ιιαιιευ
2743 2564 2925 2587 omum
2953 2564 3222 2586 uua-uu-
3248 2564 3483 2584 w-uww
3509 2564 3699 2581 σαι-ων

614 2628 827 2681 rissima
866 2622 1121 2679 damonis
1166 2621 1453 2676 tentatione
1519 2619 1741 2673 iberaret
1784 2616 1974 2691 [Mab.,
2016 2615 2144 2669 libe-
2241 2623 2591 2692 psalmodiis,
2621 2624 2858 2696 hymnis,
2884 2637 3082 2695 magno
3109 2636 3234 2677 cum
3262 2618 3442 2696 laudis
3470 2619 3700 2673 honore.

620 2695 835 2771 νἀεδειξὶο
2247 2692 2898 2788 Sarcophagumvbrevius
2926 2692 3106 2769 fuerat
3131 2713 3226 2770 sed
3251 2692 3479 2782 corpore
3500 2707 3700 2771 Patris,

618 2812 785 2868 Tecta
813 2810 1005 2865 domus
1036 2805 1212 2878 Patris
1244 2802 1530 2874 ευὶυεάῧω
1559 2811 1804 2873 ιθῐηρονθ
1834 2799 2005 2855 mum
2243 2806 2304 2863 In
2333 2822 2439 2877 quo
2470 2814 2598 2862 tunc
2623 2806 2826 2862 fratres
2852 2804 3144 2861 voluerunt
3166 2802 3402 2859 condere
3424 2813 3645 2871 corpus.

551 2904 763 2975 Stepius
796 2901 1017 2957 incursu
1050 2903 1320 2954 vexantur
1345 2894 1608 2951 ἀωωοηίε
1633 2893 1761 2959 θιτίι
2247 2898 2441 2955 Ellecti
2468 2898 2698 2953 nimium
2728 2898 2935 2965 tristes,
2960 2896 3214 2952 mirabile
3235 2894 3419 2951 dictu!

551 2996 790 3067 Spiritus
817 3001 873 3049 et
906 2990 1073 3048 variis
1102 2990 1252 3045 dirus
1280 2987 1581 3043 terroribus
1610 2984 1759 3039 illam
2248 2990 2392 3047 Ecce
2412 2999 2637 3061 repente
2656 2989 2795 3061 lapis
2824 3004 2885 3046 se
2911 2989 3185 3061 protelare
3214 2988 3392 3045 locelli

547 3089 881 3159 Torquebat,
912 3098 1054 3138 vano
1078 3098 1180 3139 nec
1199 3081 1313 3151 jam
1344 3080 1728 3150 phantasmate
1758 3083 2003 3140 tantum;
2250 3082 2449 3154 Coepit,
2473 3092 2530 3140 et
2556 3082 2625 3139 ad
2653 3082 2890 3143 formam
2911 3098 2971 3139 se
3001 3083 3209 3154 aptavit
3230 3079 3479 3154 corporis
3496 3077 3644 3134 almi.

551 3179 661 3236 Sed
686 3176 875 3233 nocuit
910 3173 1141 3253 multum
1170 3169 1478 3226 manifestis
1509 3167 1728 3239 publice
1749 3166 1937 3237 gestis,
2177 3193 2227 3257 ο
2824 3191 3055 3257 οΑΡυ-Ῑ·
3094 3196 3265 3256 XXVI

548 3272 823 3327 Multoties
847 3252 1097 3324 manibus
1123 3273 1307 3335 raptas
1332 3270 1643 3332 vestesque,
1668 3261 1929 3329 cibosque
2178 3236 2227 3257 ν
2262 3304 2325 3335 ρ,
2347 3302 2484 3335 μην,
2509 3302 2632 3335 ..ὡς
2661 3236 3357 3335 ηληήῇἰῖυίκῐῖ
3385 3294 3642 3335 mnum;

550 3292 823 3327 muliones
848 3292 1097 3324 manum:
1124 3292 1182 3321 ra
1226 3292 1307 3320 sua
1338 3292 1643 3332 vcascaquc,
1668 3292 1929 3329 uwaquc
2570 3302 2583 3314 .
2620 3302 2632 3315 ,
2803 3305 2818 3317 ,
3119 3300 3131 3312 ,
3628 3294 3642 3310 ,

550 3360 808 3430 Injiciens
830 3356 1097 3421 ﬂammis;
1129 3292 1396 3409 hiantem
1424 3360 1583 3407 nocte
1603 3351 1880 3422 jacentem
2252 3304 2325 3359 Et
2345 3302 2484 3375 quad
2509 3318 2630 3357 mm
2660 3300 2840 3357 Odor“
2868 3300 3167 3427 Ῐταξξξξξξξα
3194 3308 3360 3355 mam
3384 3301 3665 3370 “verum
3694 3292 3857 3349 “de.

552 3452 851 3525 Amplexus
878 3452 1024 3506 inter
1053 3447 1249 3504 tulerat
1274 3447 1355 3502 vis
1380 3446 1496 3501 dira
1523 3452 1837 3517 parentum,

556 3483 851 3525 ειιιιμιῠιυδ
879 3483 1015 3506 sum:
1055 3483 1249 3504 summa
1282 3483 1355 3502 ua
1380 3483 1496 3501 uua
1524 3483 1837 3517 fulvi-suun.
2797 3488 2810 3500 _
2963 3487 2974 3498 _
3013 3486 3026 3499 ,
3309 3485 3321 3498 .

556 3547 721 3603 Visus
754 3546 811 3602 in
840 3544 1125 3599 ardentem
1147 3539 1455 3612 plorantem
1482 3538 1701 3592 mittere
1735 3549 1951 3606 pyram,
2264 3488 2877 3612 Aﬁlfiﬁ‘jﬁfgris

2254 3582 2546 3638 Ambrosio
2571 3579 2862 3636 ecclesiam
2889 3576 3168 3647 perfundit
3192 3583 3414 3633 nectare
3444 3582 3636 3639 totam,

2256 3672 2552 3742 Perspicue
2575 3669 2876 3739 angelicam
2898 3675 3210 3724 monstrans
3236 3666 3453 3723 venisse
3474 3670 3755 3720 catervam

2258 3766 2341 3822 Ad
2370 3765 2551 3821 Patris
2570 3761 2807 3819 cilicium
2830 3760 2967 3817 lastis
2994 3759 3351 3816 concentibus
3378 3756 3526 3813 almi.

558 3635 670 3693 Sed
693 3634 784 3689 vix
808 3640 1029 3705 ereptus
1054 3629 1305 3686 manibus
1332 3628 1399 3684 de
1423 3635 1597 3682 morte
1623 3640 1865 3681 suorum.

558 3728 713 3785 Hanc
742 3735 949 3798 pestem
972 3723 1156 3780 nullus
1179 3723 1357 3794 potuit
1383 3735 1581 3777 sanare
1608 3718 1884 3784 sacerdos,

558 3822 744 3877 Donec
770 3820 889 3889 ipse
922 3818 1020 3873 Dei
1046 3816 1279 3871 famulus
1310 3830 1340 3869 a
1369 3822 1526 3885 patre
1553 3820 1775 3883 rogatus

560 3872 999 3983 llane'pﬁreeibus
1024 3918 1237 3981 pestem
1259 3872 1465 3963 sanctis
1492 3872 1763 3977 purgavit,
1792 3913 1847 3960 et
1873 3904 1946 3958 illi
2812 3873 3045 3931 CAPUT
3086 3872 3300 3930 XXV"-

562 4005 794 4061 Nomine
822 4003 924 4059 sub
946 4000 1149 4057 Christi
1179 3998 1523 4055 benedictam
1553 3998 1781 4052 miserat
1810 3996 2031 4050 undam.
2265 3991 2419 4059 Quod
2450 3990 2561 4047 Deo
2590 3999 2835 4071 operante
2872 3990 3021 4071 signa
3063 3985 3566 4070 hucusquesoleant
3596 3984 3738 4055 ﬁeri,
3777 3983 3869 4038 ubi

563 4098 833 4155 Przescius
865 4103 919 4152 et
945 4108 1129 4149 rerum
1155 4090 1351 4162 przesul
1378 4090 1707 4161 praedixerat
1734 4088 1833 4152 illi,

2619 4059 2832 4116 sanctus
2862 4061 2940 4115 vir
2968 4075 3184 4131 corpore
3214 4059 3504 4131 requiescit.

563 4190 719 4258 Quod
747 4190 941 4246 domus
970 4186 1062 4242 illa
1089 4194 1246 4240 vetus
1268 4182 1500 4239 ﬂammis
1528 4184 1597 4237 ab
1622 4182 1780 4237 hoste
1809 4180 2005 4235 fuisset
2334 4177 2442 4232 Iste
2477 4175 2641 4231 Pater
2681 4181 2927 4239 sanctus,
2964 4182 3175 4243 pastor,
3200 4169 3540 4242 patriarcha,
3585 4166 3864 4233 sacerdos,

561 4282 948 4341 Consumenda
969 4280 1123 4353 prius
1156 4296 1169 4331 :
1198 4293 1269 4333 ne
1298 4286 1375 4342 te,
1401 4290 1555 4347 rogo,
1586 4282 1792 4330 terreat
1819 4274 1982 4344 ignis,
2265 4269 2326 4325 la
2351 4268 2567 4340 prepria
2596 4274 2793 4339 pausat
2814 4264 2944 4321 felix
2972 4264 3276 4321 Asternaco
3303 4260 3466 4328 cella,

565 4374 853 4431 Construis
879 4379 1077 4443 optatae
1102 4369 1297 4425 melius
1326 4368 1426 4423 tibi
1450 4375 1592 4423 tecta
1621 4366 1834 4431 salutis,
2267 4362 2325 4418 In
2353 4362 2570 4417 laudem
2599 4360 2848 4426 Domini,
2879 4373 3041 4431 quam
3066 4356 3182 4428 jam
3212 4361 3600 4412 construxerat
3621 4353 3736 4424 ipse

566 4467 699 4534 Qua:
728 4464 944 4522 munire
967 4463 1079 4519 cito
1102 4461 1391 4517 benedicto
1420 4458 1569 4514 fonte
1595 4466 1888 4514 memento.
2269 4455 2327 4511 In
2357 4470 2464 4527 qua
2492 4455 2648 4527 signa
2670 4454 2813 4509 Deus
2841 4450 3006 4507 faciet
3035 4463 3179 4506 nunc
3206 4461 3384 4519 usque
3407 4445 3618 4501 salutis.

562 4556 697 4613 Post
718 4557 953 4631 donante
979 4551 1093 4609 Deo
1123 4552 1396 4623 serpentis
1423 4559 1579 4621 peste
1604 4550 1845 4615 carebis,
2197 4555 2249 4619 ι)
2272 4546 2355 4602 Ex
2381 4547 2487 4602 olei
2510 4554 2653 4601 tactu
2678 4544 2833 4599 multi
2862 4550 3129 4599 sanantur
3148 4537 3366 4613 zegroti,

564 4654 637 4711 Et
664 4660 757 4707 tua
781 4656 895 4704 tota
918 4626 1113 4702 domus
1144 4651 1321 4698 tecum
1358 4643 1614 4717 gaudebit
1638 4650 1837 4697 amata.
2272 4637 2425 4707 Quod
2457 4636 2598 4695 solet
2624 4634 2692 4690 ad
2718 4650 2917 4706 corpus
2942 4633 3127 4705 magni
3151 4631 3336 4687 lucere
3362 4626 3597 4701 patroni.

566 4743 763 4803 Omnia
789 4755 915 4795 mox
940 4736 1114 4809 patris
1143 4735 1486 4806 complentur
1510 4736 1566 4789 in
1585 4735 1774 4790 ordine
1802 4733 1973 4801 dicta,
2274 4732 2504 4789 Vincula
2531 4738 2858 4801 rumpuntur
2882 4743 2981 4800 per
3012 4742 3071 4783 se
3096 4724 3517 4798 properantibus
3546 4720 3691 4785 illuc,

566 4837 651 4895 Ex
668 4837 797 4891 hinc
824 4836 969 4891 nulla
999 4836 1217 4891 domum
1243 4833 1421 4905 tetigit
1447 4832 1677 4888 tentatio
1704 4831 1844 4897 talis,
2275 4825 2379 4893 Qui
2409 4840 2507 4881 sua
2533 4837 2655 4878 cum
2681 4821 2938 4891 lacrymis
2966 4819 3194 4875 veniunt
3222 4816 3364 4872 mala
3389 4815 3622 4870 crimina
3646 4811 3778 4866 nem

570 4928 679 4987 Sed
704 4930 844 4984 bene
875 4942 1102 4982 securus
1131 4927 1336 4982 mansit
1362 4925 1637 4980 habitator
1663 4924 1719 4978 in
1750 4923 1859 4977 illa.
2278 4918 2348 4973 Et
2368 4917 2477 4971 laeti
2506 4913 2755 4979 redeunt,
2781 4912 2999 4968 Christo
3026 4912 3285 4974 donante,
3315 4908 3497 4963 soluti.

1148 5041 1378 5098 CAPUT
1414 5038 1599 5096 XXIII.
2818 5026 3047 5084 CAPUT
3085 5020 3318 5081 XXVIII.

575 5161 730 5227 Quod
758 5161 837 5214 vir
865 5158 962 5212 Dei
990 5156 1170 5212 Caroli
1212 5156 1361 5210 ducis
1397 5152 1730 5227 Francorum
1773 5153 1946 5224 filium
1992 5152 2174 5223 Pippi-
2279 5146 2432 5215 Quod
2458 5145 2637 5201 htmen
2657 5142 3052 5227 swpe'eernitur
3077 5157 3256 5227 supra.
3277 5134 3525 5227 lectulum
3546 5132 3636 5187 ubi
3661 5142 3873 5188 sanctus

792 5210 1169 5298 nuntiari—viast
1194 5227 1432 5296 futurum
1455 5227 1501 5280 ei
1520 5210 1835 5296 praedixerat
1862 5210 2104 5296 regnum:
2284 5210 2320 5215 w
2730 5210 2741 5216 ⁷
2796 5210 3171 5269 Willibrordus
3207 5210 3352 5264 obiit.

646 5343 755 5397 lste
783 5342 879 5396 Dei
906 5348 1126 5396 sanctus
1152 5339 1478 5411 praedixerat
1509 5348 1632 5393 ante
1662 5337 1862 5406 futura,
2347 5334 2515 5403 Inque
2544 5331 2664 5386 loco
2688 5329 2885 5395 sancti,
2922 5342 3030 5399 quo
3059 5333 3209 5382 stant
3240 5338 3394 5381 sacra
3424 5319 3641 5386 lectula,
3672 5316 3871 5384 Patris,

581 5436 712 5502 Qua:
731 5442 854 5504 post
882 5441 1110 5488 eventus
1134 5448 1315 5487 rerum
1346 5431 1506 5487 modo
1534 5446 1661 5485 vera
1690 5430 1974 5500 probabat.
2282 5426 2491 5496 Saepius
2514 5424 2800 5480 aetherium
2825 5422 3007 5477 lumen
3034 5420 3250 5476 venisse
3277 5417 3516 5482 videtur,

581 5525 827 5596 Namque
855 5525 1008 5581 ducis
1040 5523 1218 5580 Caroli
1245 5523 1533 5594 Pippinum
1562 5523 1780 5578 nomine
1808 5531 1996 5578 natum
2281 5518 2383 5573 Hic
2402 5517 2529 5587 quia
2553 5514 2827 5587 pontificis
2854 5514 3109 5585 linquens
3131 5511 3402 5584 ergastula
3433 5514 3614 5570 carnis

584 5620 656 5676 Ut
681 5620 842 5675 Pater
869 5620 1079 5689 optavit
1110 5632 1267 5674 sacro
1298 5616 1621 5686 baptismate
1645 5615 1826 5682 tinxit,
2283 5612 2519 5684 Spiritus
2549 5620 2695 5666 astra
2719 5610 2855 5682 petit
2874 5610 3087 5664 meritis
3114 5606 3393 5662 vivacibus
3416 5596 3549 5675 alta,

583 5711 661 5767 De
690 5727 797 5782 quo
829 5711 1107 5781 discipulis
1134 5709 1387 5780 praedixit
1421 5708 1545 5762 talia
1585 5716 1737 5764 vates
1769 5726 1781 5762 :
2282 5705 2418 5761 Cum
2447 5702 2665 5758 Christo
2695 5711 2749 5757 et
2777 5702 2984 5758 sanctis
3013 5699 3277 5755 fruiturus
3304 5697 3422 5753 luce
3450 5699 3699 5769 perenni,

590 5800 854 5858 Omnibus
883 5803 986 5858 iste
1015 5802 1137 5857 aliis
1159 5800 1320 5857 fuerit
1348 5798 1631 5855 sublimior
1660 5799 1837 5855 infans
2286 5795 2436 5865 Quod
2474 5794 2565 5849 lux
2598 5793 2959 5859 demonstrat,
2990 5793 3182 5849 crebro
3213 5805 3428 5863 quoque
3456 5790 3699 5847 cernitur
3732 5786 3875 5849 istic.
