4112 6582
563 324 669 382 7ἓό
1379 327 1439 383 Β.
1482 328 1541 384 F.
1584 326 1811 385 ALBINI
1848 330 1980 388 SEU
2019 328 2296 387 ALCUlNl
2336 325 2621 385 OPERL‘M
2660 326 2837 382 PARS
2876 325 2962 381 VI.
3738 319 3839 374 72$

564 444 688 498 llaec
715 444 805 499 ubi
832 444 1095 513 pensabat
1121 444 1410 515 praedictus
1435 446 1596 501 corde
1626 446 1900 511 sacerdos,
2172 448 2223 506 Α
2253 444 2360 499 Sed
2392 443 2533 499 Deus
2557 444 2901 511 omnipotens
2928 446 3144 495 sanctos
3172 438 3264 509 qui
3296 435 3421 504 jure
3450 435 3770 508 triumphat,

632 534 864 604 Conjicit
888 551 954 591 ex
984 537 1147 593 rebus
1171 539 1285 592 visa
1317 553 1549 608 superna
1580 540 1753 593 novis.
2323 535 2365 589 Τ
2372 534 2570 603 rophea
2600 529 2868 588 concessit
2895 530 3042 585 clara
3065 545 3165 586 suo
3192 528 3392 585 famulo
3414 541 3462 582 α.

561 628 860 698 Respondit
888 630 1105 685 tandem
1130 630 1341 685 mulieri
1374 631 1498 685 talia
1522 638 1697 695 vates,
2251 627 2424 683 Ellicit
2451 635 2505 683 et
2530 627 2773 696 quaedam
2799 624 3110 680 miserantis
3134 622 3306 694 gratia
3335 619 3561 683 Christi,

631 718 934 788 lnspirante
960 719 1093 785 Deo,
1128 719 1331 775 famine
1351 721 1591 776 veridico
1619 740 1631 773 :
2321 720 2425 776 Per
2450 719 2709 773 famulum
2744 734 2873 773 vere
2909 716 3062 787 signa
3092 715 3352 785 stupenda
3386 729 3543 769 suum

559 806 640 863 Tu
670 809 866 866 mulier
890 809 1075 864 lunam
1098 811 1276 866 vidisti
1304 827 1552 867 crescere
1580 828 1824 883 parvam,
2250 810 2361 866 Nec
2389 811 2572 866 decuit
2600 810 2779 865 modio
2806 807 3062 863 abscondi
3094 815 3202 861 tam
3232 806 3377 861 clara
3408 805 3653 867 lucerna,

629 902 696 956 Et
718 910 828 957 tota
853 902 1063 971 impleri
1095 918 1298 958 cornua
1323 902 1442 959 luce
1467 920 1627 959 nova.
2322 902 2429 957 Nec
2457 902 2723 957 thalamos
2754 902 2939 957 subter
2963 900 3292 968 subjicienda
3324 898 3442 953 fuit.

557 992 651 1047 Illa
680 1001 839 1047 nocte.
867 992 987 1046 viro
1020 991 1206 1048 forsan
1235 996 1525 1049 commixta
1558 993 1730 1062 fuisti,
2250 994 2357 1049 Sed
2390 993 2635 1064 ponenda
2664 993 2835 1064 magis
2862 1007 3025 1061 super
3053 989 3278 1060 vestigia
3307 989 3459 1055 tecti,

628 1085 759 1152 Quae
788 1100 1018 1156 generas
1047 1094 1162 1141 toto
1189 1086 1369 1140 lumen
1399 1086 1451 1140 in
1479 1087 1612 1142 orbe
1640 1102 1860 1144 novum.
2321 1085 2613 1157 Spargeret
2639 1094 2699 1139 ut
2725 1085 2896 1139 lucem
2926 1083 3085 1136 altius
3112 1082 3198 1136 illa
3230 1081 3393 1151 piam.

553 1174 818 1232 Parvulus
846 1193 911 1232 ex
941 1187 1116 1241 utero,
1145 1178 1358 1243 mulier,
1387 1178 1481 1233 tibi
1511 1179 1751 1234 nascitur
1781 1178 1981 1244 infans,
2248 1176 2378 1245 Qum
2405 1187 2585 1232 tamen
2617 1176 2761 1231 haud
2789 1174 2943 1229 libuit
2965 1173 3204 1229 currenti
3236 1181 3458 1241 tangere
3484 1169 3710 1241 plectro,

626 1266 725 1336 Qui
756 1270 965 1324 meritis
996 1283 1224 1338 magnus
1258 1271 1457 1326 crescit
1486 1269 1820 1327 honorificis.
2317 1270 2517 1340 Inclyta
2550 1269 2633 1324 vel
2669 1268 2842 1323 musis
2866 1268 3017 1337 signa
3047 1266 3260 1336 aperire
3288 1264 3443 1320 meis.

552 1357 659 1415 Iste
685 1359 790 1413 erit
815 1358 1050 1415 eximius
1075 1359 1287 1425 doctor,
1319 1360 1623 1431 przesulque
1653 1360 1889 1427 futurus,
2250 1360 2457 1416 Sullicit
2485 1360 2694 1430 hocque
2724 1368 2905 1413 tamen
2937 1357 3151 1429 [vitam]
3181 1371 3508 1427 cognoscere
3536 1356 3727 1426 patris,

625 1450 979 1521 Splendescet
1001 1458 1188 1506 nostro
1223 1451 1415 1508 lucifer
1438 1452 1571 1507 orbe
1594 1468 1785 1509 novus.
2319 1451 2471 1518 Quod
2500 1451 2676 1521 placet
2699 1450 2989 1505 altithrono
3021 1464 3240 1519 semper
3265 1448 3465 1517 ubique
3495 1448 3686 1518 magis.

551 1541 622 1596 Et
646 1558 780 1612 quos
815 1555 955 1599 caeca
987 1546 1140 1614 prius
1172 1544 1396 1615 pepulos
1425 1544 1597 1616 caligo
1628 1546 1869 1612 tenebat,
2247 1539 2369 1595 Vita
2397 1540 2493 1597 Dei
2520 1536 2705 1595 famuli
2730 1539 2914 1594 multis
2938 1540 3183 1610 exempla
3210 1538 3403 1594 salutis

626 1635 857 1692 lrradiat
884 1639 1080 1693 summi
1109 1636 1226 1695 luce
1254 1640 1363 1709 poli
1388 1654 1604 1711 supera.
2316 1632 2575 1698 Praebuit,
2601 1639 2657 1685 et
2684 1632 2839 1685 testis
2868 1632 3105 1701 pectoris
3129 1632 3305 1688 omnis
3338 1640 3475 1687 erat.

550 1727 746 1783 Omnia
771 1729 985 1785 vatidici
1014 1730 1354 1801 complentur
1383 1730 1436 1785 in
1467 1732 1659 1788 ordine
1687 1732 1857 1799 dicta,
2246 1724 2385 1781 Huic
2411 1723 2611 1781 famulo
2639 1724 2841 1779 Christi
2871 1738 3024 1794 reges
3053 1722 3401 1789 famulantur,
3427 1735 3482 1778 et
3512 1723 3662 1778 illum

621 1817 689 1872 Et
715 1834 896 1875 rerum
925 1832 1151 1876 eventus
1176 1824 1386 1877 somnia
1418 1839 1544 1878 vera
1574 1825 1786 1894 probat.
2171 1801 2220 1861 Β
2312 1816 2417 1872 Per
2439 1818 2671 1887 patriam
2699 1815 2928 1887 p0pulus
2951 1823 3094 1870 totus
3115 1831 3299 1871 amore
3324 1814 3471 1871 colit.

548 1907 804 1965 Nascitur
825 1920 988 1981 atque
1014 1928 1148 1982 puer
1174 1914 1358 1977 matri,
1391 1924 1446 1968 et
1475 1915 1796 1984 baptismate
1817 1914 1928 1971 loto
2242 1910 2335 1966 Vir
2365 1908 2467 1964 fuit
2495 1910 2597 1965 iste.
2624 1908 2721 1963 Dei
2750 1910 2991 1982 patiens,
3024 1909 3333 1964 moderatus
3352 1952 3366 1974 ,
3386 1909 3687 1989 honestus,

618 2003 879 2074 Imposuit
905 2005 1197 2063 Willbrord
1226 2023 1422 2063 nomen
1454 2008 1656 2063 habere
1684 2016 1858 2078 pater.
2314 2004 2551 2060 Moribus
2577 2003 2859 2074 egregius,
2890 2002 3038 2056 mitis
3063 2009 3117 2055 et
3145 2016 3239 2055 ore
3266 2002 3406 2073 pius.

546 2094 711 2165 Cujus
738 2098 871 2162 vita,
902 2097 1058 2165 fides,
1085 2114 1286 2164 mores,
1318 2100 1582 2165 doctrina,
1609 2098 1883 2155 Camoanis
2240 2097 2476 2153 Plurima
2501 2098 2592 2166 qui
2622 2102 2908 2165 postquam
2939 2091 3179 2162 perfecto
3204 2093 3342 2146 dona
3379 2092 3563 2148 labore

618 2185 759 2241 Olim
786 2188 983 2258 quippe
1008 2188 1109 2243 fuit
1134 2190 1495 2258 praetitulatus
1524 2190 1622 2245 eis.
2309 2189 2675 2254 Commeruit,
2712 2187 2929 2243 Christo
2953 2186 3269 2257 perficiente
3298 2185 3400 2240 sibi
3431 2203 3443 2238 :

546 2275 665 2331 Mox
693 2287 849 2346 pater
876 2280 1124 2351 egregius
1152 2280 1405 2351 linquens
1433 2282 1572 2336 mala
1600 2282 1794 2352 gaudia
1821 2283 2031 2350 mundi,
2240 2281 2359 2337 Mox
2390 2280 2597 2335 meritis
2617 2320 2631 2344 ,
2660 2280 2815 2334 annis
2835 2319 2850 2345 ,
2881 2288 2992 2333 tota
3015 2286 3070 2332 et
3097 2279 3299 2350 pietate
3328 2278 3598 2349 repletus,

617 2370 684 2423 Et
711 2372 918 2425 servire
944 2371 1078 2438 Deo,
1104 2382 1306 2439 mente,
1334 2390 1519 2437 manu,
1548 2375 1774 2445 cupiens
1803 2395 1814 2429 :
2310 2372 2626 2442 Tranquillo
2656 2372 2869 2427 tandem
2897 2371 2951 2424 in
2982 2386 3115 2441 pace
3140 2371 3348 2442 quievit
3374 2386 3565 2426 ovans.

544 2457 832 2515 Caelestem
864 2462 1082 2532 rapiens
1111 2472 1224 2519 tota
1249 2464 1530 2520 dulcedine
1560 2464 1748 2529 vitam,
2240 2467 2478 2539 Spiritus
2502 2464 2782 2522 aetheriam
2811 2462 2966 2519 lzntus
2996 2464 3246 2535 migravit
3274 2464 3337 2519 ad
3369 2462 3546 2518 aulam
3564 2504 3579 2527 ,

618 2552 685 2606 Et
708 2568 767 2609 se
790 2554 1038 2610 cmnobio
1066 2555 1288 2610 tradidit
1315 2557 1428 2627 ipse
1452 2572 1628 2611 sacro.
2309 2554 2515 2614 Gaudia
2546 2572 2668 2611 cum
2696 2556 2901 2611 sanctis
2922 2552 3036 2623 jam
3066 2555 3182 2610 sine
3210 2553 3315 2609 fine
3347 2564 3555 2610 tenens.

542 2642 831 2700 Fratribus
860 2644 1147 2715 adjunctus
1175 2646 1312 2701 vixit
1340 2648 1459 2702 sine
1487 2649 1719 2704 crimine
1745 2648 1937 2715 frater,
2238 2652 2447 2724 Corpus
2474 2652 2527 2706 in
2554 2650 2785 2706 ecclesia
2809 2656 3073 2705 curarunt
3099 2647 3333 2703 condere
3360 2647 3557 2703 fratres
3576 2689 3591 2711 ,

614 2732 734 2790 Jam
760 2735 1007 2806 patiens,
1038 2736 1290 2803 humilis,
1318 2746 1604 2809 promptus
1632 2741 1684 2794 in
1727 2756 1886 2798 omne
1914 2743 2115 2798 bonum
2309 2744 2440 2811 Quae
2471 2751 2782 2799 constructa
2808 2740 2975 2795 maris
3004 2748 3111 2795 stat
3138 2754 3305 2820 prope
3331 2738 3638 2798 littoribus:

542 2822 793 2883 Posthaec
823 2836 1003 2883 mente
1031 2843 1186 2885 sacer
1214 2828 1447 2884 famulus
1476 2832 1680 2901 majora
1718 2842 1958 2899 secutus,
2237 2835 2414 2906 Atque
2443 2844 2653 2890 sacrata
2686 2833 2780 2887 Dei
2811 2832 3044 2905 genitrix
3076 2831 3376 2886 clarissima
3404 2830 3607 2885 Christi

617 2916 943 2974 Theoricam
972 2920 1197 2989 cupiens
1227 2921 1374 2977 solus
1402 2923 1553 2978 adire
1579 2925 1723 2978 viam
2309 2927 2535 2983 Nomine
2560 2924 2842 2996 fulgescit,
2872 2921 3037 2995 Virgo
3069 2922 3269 2987 Maria,
3302 2930 3393 2977 tuo
3426 2941 3440 2976 :

542 3006 762 3077 Incipit,
789 3008 1039 3065 undisoni
1072 3012 1216 3065 inter
1238 3015 1611 3083 promontoria
1640 3017 1812 3085 ponti,
2239 3019 2296 3074 ln
2332 3034 2438 3091 quo
2470 3025 2521 3073 te
2553 3016 2753 3073 nostris
2776 3016 2914 3070 bene
2938 3014 3213 3071 credimus
3238 3028 3359 3069 esse
3388 3012 3627 3069 futuram

616 3098 731 3166 Qua
758 3100 875 3156 loca
905 3103 1183 3172 reperiens
1210 3120 1446 3177 congrua
1474 3108 1635 3165 corde
1663 3125 1763 3163 suo
1798 3128 1810 3163 :
2308 3111 2525 3165 Auxilio
2556 3108 2807 3180 precibus
2826 3149 2841 3173 ,
2873 3121 3089 3178 semper
3114 3106 3323 3161 honore
3352 3114 3563 3176 potens.

544 3191 602 3246 ln
632 3193 832 3262 quibus
859 3194 1113 3250 aetherios
1141 3199 1313 3267 possit
1340 3198 1629 3269 decerpere
1660 3201 1820 3259 flores
2160 3189 2209 3253 C
2239 3202 2317 3257 Tu
2348 3202 2535 3258 mundi
2562 3203 2725 3257 vitam
2747 3244 2762 3267 ,
2794 3198 2925 3257 totis
2954 3211 3010 3255 tu
3040 3201 3232 3271 gaudia
3265 3200 3458 3263 scolis,

615 3285 683 3338 Et
710 3285 898 3340 mundi
925 3288 1073 3342 curis
1099 3288 1235 3345 liber
1264 3290 1455 3345 abesse
1483 3293 1637 3348 malis
1670 3313 1683 3347 :
2315 3297 2395 3352 Tu
2424 3311 2607 3367 regem
2642 3295 2763 3350 coeli
2785 3337 2799 3361 ,
2831 3304 2887 3349 tu
2913 3294 3200 3348 Dominum
3228 3304 3390 3363 atque
3421 3291 3589 3347 Deum

541 3373 733 3431 Totius
762 3378 852 3432 hic
879 3378 1028 3435 solus
1057 3384 1317 3454 transegit
1346 3394 1587 3456 tempora
1614 3389 1758 3454 vitae,
2245 3389 2463 3443 Ventris
2491 3390 2545 3443 in
2572 3388 2808 3458 hospitio
2838 3388 3111 3459 genuisti,
3142 3386 3292 3455 virgo
3313 3386 3567 3455 perennis
3597 3402 3611 3438 :

614 3467 784 3525 Nocte
813 3471 900 3527 die
930 3473 1141 3543 magnis
1163 3475 1457 3543 proficiens
1486 3480 1713 3533 meritis.
2314 3480 2395 3534 Tu
2420 3479 2579 3535 nobis
2600 3480 2853 3550 precibus
2879 3478 3141 3533 auxiliare
3165 3478 3293 3533 tuis.

542 3556 783 3615 Plurima
809 3575 1099 3632 perpessus
1127 3568 1394 3634 serpentis
1421 3569 1561 3623 bella
1594 3569 1832 3637 nefandi,
2241 3571 2522 3644 Carmiger
2552 3572 2803 3627 indoctus
2830 3572 3031 3627 cecinit
3059 3571 3156 3626 hos
3184 3570 3409 3626 Alcuine
3440 3585 3661 3637 versus,

600 3649 721 3740 Qui
750 3652 891 3711 solet
912 3653 967 3709 in
992 3664 1211 3711 sanctos
1237 3671 1385 3710 arma
1412 3674 1629 3715 movere
1658 3675 1775 3715 sua.
2315 3665 2438 3730 tlui,
2470 3679 2600 3736 rogo
2618 3705 2631 3729 ,
2661 3664 2889 3734 quisque
2920 3662 3067 3734 legas
3088 3704 3102 3729 ,
3137 3664 3245 3731 die,
3275 3664 3532 3718 miserere
3561 3663 3719 3716 Deus.

615 3822 643 3849 ι
683 3809 848 3877 Mab.,
879 3812 1142 3869 Concessit
1173 3816 1371 3881 famulo
1398 3818 1542 3875 clara
1574 3822 1809 3890 trapluca
1835 3841 1951 3881 suo.

545 3998 3822 4033 Μ

1157 4186 1729 4303 ΒΕΔΤῙ
1807 4190 2452 4306 ιμίΔασι
2524 4188 3178 4304 ALBINI

1732 4558 2658 4718 ALCUINI

1649 4807 1945 4868 CAROLI
2009 4808 2267 4869 MAGNI
2325 4808 2713 4870 MAGISTRI

970 4969 1437 5135 OPERUM
1541 4974 1840 5133 PARS
2469 5042 2707 5069 ---
2813 4978 3387 5136 (lAlllllNll.

1530 5317 1688 5387 201
1742 5329 2238 5408 MONITUM
2304 5331 2825 5411 PIUEVIUM.

618 5548 745 5628 Quae
782 5552 869 5608 hic
915 5554 1229 5628 exhibemus
1267 5553 1422 5628 beati,
1446 5556 1653 5610 Aleuini
1682 5555 1958 5628 Carmina,
1995 5557 2129 5610 varii
2158 5564 2209 5623 ι)
2239 5555 2357 5610 loco
2384 5550 2534 5628 cimus
2567 5554 2627 5607 D.
2656 5552 2922 5610 Cateliuot
2946 5555 2998 5610 in
3036 5572 3134 5611 suo
3162 5558 3289 5628 ms.)
3328 5556 3498 5627 Tt'ojtr
3533 5556 3782 5613 incendia
3804 5595 3820 5619 ,

545 5623 757 5699 ᾳρῐξετῦεξ
785 5635 908 5699 sunt
930 5666 974 5699 ,_
974 5627 1231 5681 nimirum
1261 5626 1671 5699 Inscriptiones,
1706 5627 2129 5699 Epigrammata,
2237 5644 2343 5699 non
2375 5626 2737 5699 Argonautas,
2768 5642 2874 5680 non
2902 5630 3150 5697 aprinum
3180 5623 3340 5699 caput
3373 5648 3383 5682 :
3419 5623 3524 5685 non
3554 5629 3824 5684 celebrem

548 5688 867 5767 Epitaphia,
910 5695 1220 5767 Aﬁnigmata
1242 5738 1255 5761 ,
1298 5688 1667 5752 Salutationes
1697 5688 1763 5753 et'
1784 5688 1870 5752 his
1911 5688 2125 5752 similia.
2237 5688 2523 5767 Herculem
2552 5705 2645 5750 aut
2676 5688 2949 5766 Ulyssem,
2979 5701 3055 5753 uti
3089 5688 3383 5764 Homerus;
3419 5717 3525 5756 non
3551 5700 3822 5764 1Eneam,

551 5781 571 5812 ε
600 5761 720 5819 Non
746 5766 888 5823 canit
916 5761 1131 5831 quidém
1159 5776 1316 5829 poeta
1347 5777 1528 5824 noster
1558 5770 1652 5837 (ita
1678 5768 2004 5838 praefabatur
2028 5770 2131 5824 hoc
2238 5768 2312 5822 uti
2342 5766 2630 5837 Virgilius;
2679 5761 2786 5823 uo'n
2815 5767 2953 5823 bella
2982 5777 3240 5841 gestaque
3275 5761 3433 5827 fortia
3467 5761 3822 5843 antiquorum
