4112 6582
622 362 728 424 727

833 480 974 539 Ecce
1001 486 1310 538 transactus
1338 476 1493 534 labor
1518 487 1603 534 est
1629 476 1755 543 dici,

835 570 1052 643 Nosque
1080 578 1135 627 te
1161 572 1262 625 tuti
1290 584 1476 626 sumus
1505 578 1807 634 annuente;

835 664 918 723 En
946 666 1046 722 tibi
1074 672 1258 738 grates
1284 665 1497 736 agimus
1521 678 1788 734 perennes

1122 754 1359 827 Tempus
1386 755 1441 810 in
1469 769 1648 809 omne.

837 845 980 902 Solis
1009 847 1295 904 abscessus
1322 847 1574 901 tenebras
1603 843 1837 910 reduxit,

837 936 934 991 Ille
948 935 1028 992 sol
1040 951 1139 991 nos
1150 934 1383 991 inradiat
1394 933 1488 1008 [F.
1499 975 1512 1000 ,
1528 932 1779 1006 inradiet]
1794 946 2068 998 coruscus,

838 1027 985 1082 Luce
1011 1028 1103 1097 qui
1131 1026 1277 1082 fulva
1302 1025 1450 1081 fovet
1476 1025 1791 1097 angelorum

1120 1116 1352 1190 Agmina
1379 1125 1586 1173 sancta.

836 1210 1061 1268 leitus
1086 1209 1272 1267 lumen
1302 1210 1522 1267 rutilum
1551 1208 1795 1273 retunde,

837 1302 907 1359 Et
931 1301 1054 1373 fuga
1082 1302 1280 1359 mentis
1308 1302 1499 1373 tepidae
1523 1301 1777 1357 tenebras
1802 1317 1816 1355 :

835 1394 1021 1453 Simus
1048 1394 1284 1462 accensi,
1313 1403 1374 1452 ut
1399 1395 1516 1451 face
1543 1391 1804 1467 spiritalis

1119 1486 1350 1543 Vascula
1380 1486 1532 1543 lucis.

835 1576 985 1645 Quas
1011 1576 1125 1633 dies
1151 1576 1336 1647 culpas
1359 1576 1622 1633 hodierna
1649 1573 1807 1638 texit,

837 1667 1055 1725 Christe
1082 1670 1259 1726 deleto
1286 1669 1408 1741 pius
1435 1677 1600 1740 atque
1627 1666 1777 1723 mitis
1805 1682 1821 1721 :

833 1759 1035 1818 Pectus
1058 1769 1115 1816 et
1136 1776 1275 1831 puro
1298 1760 1485 1817 rutilet
1508 1759 1688 1815 nitore

1122 1851 1389 1923 Tempore
1414 1852 1613 1909 noctis.

835 1944 923 2001 Sit
942 1944 1131 2017 procul
1158 1944 1332 2009 luxus,
1361 1942 1548 2015 procul
1571 1942 1750 1999 omnis
1775 1941 1968 2007 honor,

831 2034 1009 2107 Atque
1035 2034 1355 2106 phantasma
1385 2032 1699 2105 speciesque
1722 2029 1970 2103 pulchra,

833 2127 986 2185 biens
1010 2129 1106 2185 sed
1130 2128 1353 2185 inermis
1376 2126 1554 2183 valeat
1579 2138 1845 2197 supernos

1117 2220 1351 2277 Cernere
1377 2220 1545 2276 cives.

835 2308 914 2369 Te
938 2311 1111 2368 Deum
1141 2325 1356 2381 semper
1378 2310 1610 2382 vigilans
1638 2307 1882 2379 requirat

833 2400 1047 2473 Cogitet
1073 2402 1286 2459 cunctis
1314 2400 1552 2458 resoluta
1581 2399 1748 2464 curis,

834 2494 1062 2558 Actibus
1090 2493 1300 2550 cunctis
1328 2500 1493 2565 queat
1518 2501 1579 2548 ut
1604 2490 1825 2565 placere

1120 2589 1238 2645 Rex
1266 2588 1364 2645 tibi
1393 2601 1626 2646 summe.

836 2679 1045 2739 Muniat
1052 2680 1307 2744 frontem,
1324 2679 1463 2747 loca,
1476 2678 1589 2735 sive
1598 2675 1777 2735 cordis
1787 2671 1880 2749 [F.
1891 2717 1904 2742 ,
1919 2670 2108 2748 corda]

834 2774 1031 2832 Sermo
1056 2773 1293 2839 divinus,
1319 2771 1499 2830 crucis
1526 2779 1583 2828 et
1607 2781 1872 2840 tropaeum

835 2869 1154 2927 Daemonum
1180 2866 1365 2924 vafros
1393 2866 1577 2939 abigat
1604 2862 1895 2935 meandros

1120 2958 1248 3016 Sive
1279 2959 1517 3030 rapinas.

835 3050 1099 3122 Membra,
1129 3068 1250 3125 quae
1276 3060 1427 3109 casta
1453 3050 1701 3108 dabimus
1723 3047 1909 3112 cubili,

833 3147 1091 3220 Prompta
1115 3152 1447 3218 consurgant
1466 3157 1601 3214 opus
1624 3141 1694 3198 ad
1716 3141 1992 3203 diurnum,

833 3238 967 3309 Quae
985 3255 1140 3297 stium
1159 3238 1421 3296 mundum
1438 3236 1589 3291 venit
1602 3247 1723 3291 esse
1741 3231 2023 3304 templum,

1122 3327 1358 3401 Spiritus
1384 3325 1577 3383 almus.

834 3420 995 3489 Quod
1012 3423 1136 3494 pius
1159 3430 1331 3477 totum
1356 3420 1565 3476 habitet
1587 3433 1688 3489 per
1711 3429 1883 3474 aevum
1914 3429 1933 3473 :

834 3513 993 3573 Hunc
1016 3529 1119 3573 nec
1140 3514 1381 3573 oﬂ'endat
1402 3513 1593 3569 vitium
1620 3513 1843 3582 luesque
1869 3526 1885 3565 :

837 3607 950 3667 Sed
973 3616 1135 3667 vocet
1157 3609 1285 3665 vita:
1312 3607 1577 3679 probitas,
1603 3605 1830 3677 ﬁatque;

1121 3697 1330 3756 Mansio
1355 3706 1530 3770 grata.

839 3789 949 3847 Sed
960 3790 1046 3847 via
1056 3792 1291 3861 prodens
1303 3788 1421 3863 [F.,
1433 3786 1714 3861 prudens],
1728 3786 1816 3843 via
1831 3785 2003 3855 fortis,
2018 3796 2169 3845 arcta

837 3877 991 3938 Iusta
1016 3895 1112 3937 seu
1134 3881 1328 3947 solers,
1354 3881 1491 3938 bene
1516 3887 1832 3950 temperata-

839 3970 1010 4042 Hujus
1032 3979 1094 4027 ut
1118 3987 1310 4028 cursus
1333 3986 1655 4044 peragamus
1679 3970 1779 4027 aevi

1125 4063 1368 4120 Tramite
1397 4071 1567 4121 recto.

842 4152 950 4210 Sex
975 4151 1089 4210 dies
1109 4150 1287 4222 iustos
1315 4169 1604 4226 operamur
1627 4164 1800 4222 actus,

842 4244 1085 4318 Septimo
1104 4254 1328 4317 captent
1352 4247 1533 4303 animo
1558 4247 1795 4318 quietem
1820 4266 1836 4304 :

842 4334 967 4393 Sint
992 4334 1047 4391 in
1071 4343 1265 4392 octavo
1292 4337 1531 4394 rediviva
1555 4338 1713 4395 nobis

1124 4425 1333 4483 Gaudia
1361 4427 1505 4484 vitm.

842 4515 1041 4574 Gloria:
1066 4516 1279 4574 laudem
1308 4520 1393 4589 pia
1420 4519 1698 4589 plenitudo

845 4607 929 4664 Sit
951 4608 1102 4667 Patri
1126 4609 1225 4666 soli
1253 4608 1371 4684 [F.,
1400 4610 1580 4685 Filio],
1614 4613 1711 4669 tibi
1750 4612 2092 4689 Spintusque

846 4698 1068 4771 Sancte,
1092 4705 1183 4775 qui
1212 4705 1356 4760 trino
1380 4706 1533 4762 vehis
1554 4706 1693 4761 alma
1720 4721 1933 4779 sceptra

1129 4792 1358 4851 Nomine
1384 4797 1548 4853 solus.

1026 4922 1815 5002 INSCRIPTIONES

1193 5051 1371 5096 SACRI
1412 5051 1679 5097 CODICIS.

1394 5153 1458 5209 Il.

637 5262 917 5337 Inscriptio
937 5267 1075 5337 sacri
1097 5263 1648 5337 codicisVallicellani,
1665 5284 1729 5323 ea:
1748 5267 1962 5325 Barom'i
1981 5278 2120 5325 tomo
2135 5268 2220 5325 IX

957 5334 1146 5390 Annal.
1178 5336 1379 5392 Eccles.
1409 5337 1478 5392 ad
1509 5355 1704 5392 annum
1734 5338 1836 5395 778
1862 5352 1905 5393 ιι.

639 5444 865 5502 Nomine
889 5444 1193 5504 Pandecten
1223 5448 1442 5519 proprio
1467 5449 1705 5506 vocitare
1730 5460 2001 5509 memento

710 5535 823 5591 Hoc
851 5551 1046 5607 corpus
1069 5551 1303 5604 sacrum,
1331 5538 1517 5604 lector,
1548 5538 1603 5595 in
1626 5556 1722 5595 ore
1748 5548 1857 5597 tuo.

712 5679 736 5708 ι
778 5667 1005 5723 Exstant
1040 5670 1093 5725 hi
1122 5686 1311 5727 versus
1338 5674 1406 5729 ad
1433 5672 1631 5729 calcem
1663 5674 1863 5730 codicis
1899 5672 1999 5729 SS.
2024 5674 2221 5733 Biblio-

640 5753 761 5813 runt
784 5738 1121 5795 bibliothecae
1142 5740 1516 5808 Vallicellame,
1540 5745 1629 5813 qui
1655 5746 1961 5800 universam
1985 5746 2218 5802 divinam

644 5807 977 5873 Scriptor-am
1005 5827 1032 5864 e
1060 5814 1436 5871 vetustioribus
1467 5831 1529 5871 ac
1559 5807 1857 5873 verioribus
1887 5814 2122 5873 fontibus
2153 5819 2219 5872 ab

1444 360 1506 417 B.
1545 360 1611 417 ιε’.
1647 357 1894 418 ALBlNl:
1915 357 2047 416 SEU
2089 354 2367 413 ALCUINI
2405 356 2691 415 OPERUM
2730 356 2911 414 PARS
2948 356 3035 413 VI.

2231 475 2282 532 Α
2312 470 2465 538 Quod
2490 486 2634 527 nunc
2659 486 2688 527 a
2720 471 2906 527 multis
2932 478 3150 527 constat
3175 469 3506 527 Bibliotheca
3531 468 3678 527 dicta
3704 487 3720 526 :

3790 355 3897 412 728

2382 562 2610 618 Nomine
2633 578 2740 618 non
2766 561 3006 633 proprio,
3033 568 3095 616 ut
3114 560 3298 632 lingua
3320 559 3542 633 Pelasga
3570 561 3747 618 docet.

2312 656 2479 727 inque
2505 655 2609 711 hoc
2632 655 2778 710 dicta
2803 653 2900 709 Dei
2926 653 3233 709 conduntur
3256 653 3482 724 mystica
3506 651 3725 716 summi,

2382 747 2460 803 De
2479 746 2677 818 quibus
2697 745 2949 818 egregius
2969 753 3119 801 vates
3141 746 3196 799 in
3215 759 3310 800 ore
3325 744 3473 800 canit
3487 742 3660 819 (Paul.
3676 740 3900 813 cum):

2315 839 2411 896 list
2434 839 2568 895 mihi
2593 840 2679 895 lex
2702 838 2918 894 Domini
2943 838 3116 894 dulcis
3139 854 3302 910 super
3324 838 3505 894 omnia
3529 838 3709 905 mella,

2382 930 2616 988 Charior
2647 939 2809 1003 atque
2836 933 2954 987 auri
2985 932 3151 988 millia
3180 932 3347 988 multa
3373 947 3553 1004 super.

2314 1019 2581 1077 Strenuus
2606 1021 2748 1078 hanc
2774 1021 2989 1077 Domini
3016 1021 3249 1081 famulus
3273 1024 3543 1080 custodiet
3570 1038 3777 1092 arcem,

2382 1113 2481 1171 Cui
2511 1128 2721 1170 merces
2747 1115 2871 1171 cmli
2901 1129 3098 1187 perpes
3127 1115 3181 1170 in
3212 1130 3339 1173 arce
3367 1124 3567 1172 manet.

2312 1204 2527 1261 Codicis
2553 1205 2700 1261 illius
2727 1214 2861 1276 quot
2884 1215 3013 1262 sunt
3036 1206 3091 1262 in
3116 1221 3343 1278 corpore
3368 1216 3558 1265 sancto

2382 1295 2620 1367 Depicta:
2648 1295 2841 1352 formis
2866 1294 3120 1354 litterulas
3144 1297 3342 1364 variis;

2312 1386 2586 1446 Hercedes
2611 1390 2830 1456 habeat,
2856 1389 3075 1448 Christo
3100 1392 3353 1459 donante,
3378 1406 3479 1463 per
3498 1407 3673 1449 aevum

2382 1482 2491 1543 Tot
2510 1480 2738 1539 Carolus
2765 1498 2885 1548 rex,
2913 1483 3007 1554 qui
3032 1483 3273 1541 scribere
3288 1484 3619 1556 jussiteum.

2312 1572 2441 1633 llzec
2465 1577 2624 1633 dator
2646 1585 2883 1632 aeternus
2908 1584 3248 1644 cunctorum,
3273 1576 3509 1644 Christe,
3537 1578 3819 1641 honorum,

2383 1666 2604 1723 Munera
2634 1668 2701 1723 de
2724 1667 2881 1723 donis
2906 1668 3091 1738 accipe
3118 1676 3305 1724 sancta
3333 1668 3463 1724 tuis.

2313 1757 2447 1829 Quae
2471 1757 2569 1814 tibi
2596 1757 2791 1813 devoto
2815 1757 3042 1815 Carolus
3068 1774 3162 1815 rex
3193 1768 3413 1831 pectore
3440 1759 3664 1832 supplex

2382 1847 2629 1906 Nominis
2655 1847 2724 1903 ad
2750 1846 2964 1905 laudem
2990 1846 3188 1906 obtulit
3214 1863 3342 1907 ecce
3369 1850 3470 1906 tui.

2312 1936 2486 2007 Quem
2517 1945 2610 1992 tua
2638 1937 2918 2008 perpetuis
2945 1944 3231 1996 conservet
3258 1941 3450 1997 dextra
3480 1940 3692 2006 diebus,

2386 2027 2459 2087 Ut
2483 2027 2609 2085 felix
2639 2036 2820 2085 tecum
2846 2028 2997 2085 vivat
3025 2030 3081 2086 in
3108 2044 3235 2087 arce
3262 2030 3390 2102 poli.

2792 2143 2954 2199 Aliud
2982 2160 3195 2200 carmen
3220 2144 3432 2200 ibidem.

2314 2233 2442 2293 Haec
2453 2233 2633 2293 divina
2649 2234 2748 2293 tibi
2762 2234 2916 2308 [Ed.,
2928 2234 3048 2311 Dei]
3061 2236 3272 2308 placeat
3284 2235 3585 2309 Scriptura,
3596 2246 3904 2308 precamur,

2386 2326 2650 2385 Sensibus
2671 2335 2835 2399 atque
2855 2326 3051 2396 oculis,
3076 2328 3249 2386 lector
3270 2328 3518 2394 honeste,
3542 2329 3671 2384 tuis.

2315 2419 2557 2493 Spiritus
2575 2420 2719 2477 hanc
2746 2418 2871 2476 cmli
2900 2425 3123 2476 sanctus
3152 2419 3373 2476 dictavit
3402 2420 3472 2476 ab
3498 2434 3652 2484 arce,

2383 2511 2445 2569 lu
2470 2526 2580 2583 qua
2608 2525 2738 2567 vera
2768 2510 2904 2567 ﬁdes
2931 2509 3122 2584 fulget,
3150 2518 3205 2569 et
3232 2508 3378 2567 alma
3404 2509 3572 2568 salus.

3025 2622 3208 2679 Aliud.

2314 2716 2422 2775 Pro
2442 2732 2552 2784 me,
2576 2715 2807 2789 quisque
2834 2714 2982 2788 legas
3003 2730 3218 2783 versus,
3244 2729 3406 2772 orare
3429 2721 3722 2780 memento,

2386 2806 2577 2865 Alcuin
2601 2808 2757 2863 dicor
2779 2821 2901 2879 ego.
2930 2804 3033 2874 Tu,
3061 2809 3179 2862 sine
3204 2804 3313 2862 ﬁne
3337 2804 3486 2861 vale!

2316 3007 2497 3084 Magni
2524 3024 2719 3083 magna
2745 3008 2857 3074 Deo
2883 2916 3415 3081 portaAnlxinunera
3440 3005 3664 3079 templo.

2386 3100 2533 3171 Quos
2558 3100 2796 3157 laudavit
2819 3114 2991 3157 ovans
3012 3115 3109 3157 ore
3133 3099 3224 3172 pio
3246 3099 3509 3172 populus;

2240 3170 2288 3234 (ἶ
2317 3170 2547 3248 Parvula
2574 3191 2669 3248 sed
2693 3191 2869 3246 vidum
2888 3170 3152 3246 Dominus
3174 3170 3281 3246 duo
3304 3186 3584 3245 uummuia
3606 3183 3848 3260 praefert.

2384 3281 2662 3338 Nobilium
2692 3282 2867 3348 donis,
2899 3280 3101 3338 Famine
3126 3281 3385 3337 veridico.

2316 3371 2435 3428 Non
2463 3387 2563 3443 ego
2585 3387 2752 3442 parva
2784 3371 2913 3437 tuis,
2943 3380 3143 3438 rector,
3173 3371 3495 3429 munuscula
3520 3369 3672 3443 gazis

2386 3463 2585 3530 lnfero,
2610 3478 2843 3535 persona
2871 3464 2943 3520 sit
2966 3478 3088 3521 mea
3111 3478 3281 3534 parva
3308 3463 3455 3520 licet.

2316 3553 2537 3611 Munera
2564 3555 2661 3611 sed
2683 3553 2897 3610 Domini
2923 3552 3238 3612 coelestibus
3265 3553 3466 3626 inclyta
3496 3552 3681 3627 regnis

2383 3650 2549 3708 Porto
2574 3649 2669 3707 tibi
2695 3648 2888 3722 plenis,
2915 3650 3118 3723 optime
3146 3664 3264 3715 rex,
3291 3648 3561 3705 mnibus.

2312 3741 2518 3816 Nempe
2541 3758 2697 3799 nova:
2721 3758 2785 3799 ac
2807 3742 3009 3797 veteris
3031 3740 3239 3812 pariter
3259 3741 3347 3813 pia
3374 3739 3574 3796 lamina
3599 3737 3735 3811 legis

2382 3836 2443 3893 in
2471 3835 2684 3910 [inque]
2711 3836 2817 3892 hoc
2844 3835 3168 3892 clauduntur
3190 3849 3419 3907 corpore
3442 3834 3642 3907 quippe
3667 3847 3847 3890 sacro.

2312 3924 2443 3985 “18¢
2464 3942 2565 3999 ego
2588 3934 2744 3997 porto
2770 3926 2943 3983 libens
2967 3926 3035 3983 ad
3060 3934 3246 3982 sancta
3272 3925 3511 3983 sacraria
3538 3924 3744 3997 templi,

2385 4016 2539 4086 Quod
2563 4025 2654 4073 tua
2677 4030 2831 4073 mens
2853 4017 3067 4073 noviter
3088 4016 3330 4074 condidit
3349 4016 3490 4072 alma
3512 4016 3644 4072 Deo.

2315 4106 2588 4164 Laudibus
2608 4116 2669 4162 ut
2689 4114 2887 4179 ιιι-ωειο
2907 4107 3111 4163 Christi
3136 4107 3209 4163 sit
3229 4122 3445 4180 semper
3466 4108 3521 4164 in
3544 4105 3636 4164 illo

2383 4198 2491 4257 Iste
2514 4199 2673 4268 liber,
2698 4214 2958 4256 resonans
2978 4200 3145 4255 verba
3166 4213 3399 4273 superna
3422 4199 3539 4256 Dei.

2920 4310 3088 4385 ΞΜ,
3119 4310 3301 4367 Aliud.

2316 4420 2491 4479 Nauta
2520 4420 2672 4479 rudis
2696 4420 2873 4493 pelagi
2902 4422 3062 4479 saevis
3087 4430 3308 4494 ereptus
3336 4422 3406 4479 ab
3434 4421 3596 4480 undis

2240 4524 2296 4586 ι)
2385 4514 2445 4571 In
2471 4522 2691 4584 portum
2719 4512 2943 4569 veniens
2969 4520 3190 4583 pectora
3217 4512 3338 4569 laeta
3370 4521 3538 4571 tenet.

2323 4603 2411 4663 Sic
2434 4604 2667 4676 scriptor
2693 4601 2886 4668 fessus,
2914 4602 3182 4658 calamum
3206 4604 3307 4658 sub
3332 4602 3482 4661 calce
3510 4603 3712 4661 laboris

2388 4695 2693 4766 Deponens,
2721 4692 2919 4749 haheat
2944 4703 3167 4764 pectora
3195 4692 3320 4751 laeta
3348 4695 3500 4751 satis.

2316 4787 2408 4843 llle
2434 4787 2542 4842 Deo
2566 4786 2713 4841 dicat
2736 4794 2917 4856 grates
2942 4801 3042 4856 pro
3065 4786 3267 4857 sospite
3290 4787 3421 4852 vita,

2387 4877 2600 4949 Proque
2623 4875 2826 4933 laboris
2852 4887 2975 4948 agat
2998 4878 3286 4947 fructibus,
3309 4887 3367 4936 et
3393 4878 3600 4951 requie.

3021 4992 3201 5048 Aliud.

2322 5081 2509 5155 Perge,
2540 5082 2717 5142 lihelle
2746 5099 2917 5149 sacer,
2949 5086 3159 5141 cunctis
3187 5085 3497 5157 praeclarior
3520 5086 3660 5155 odis,

2389 5176 2670 5246 Prospere,
2700 5178 2924 5247 paciﬁce
2950 5191 3112 5242 nunc,
3140 5177 3433 5233 miserante
3457 5177 3609 5249 Deo;

2320 5266 2388 5323 Et
2410 5274 2530 5337 pete
2552 5266 2797 5337 praeclari
2824 5266 3084 5337 prmclara
3105 5266 3305 5338 palatia
3330 5267 3513 5339 Regis,

2393 5359 2467 5417 Ut
2489 5373 2713 5415 maneas
2736 5357 2938 5414 Christi
2962 5372 3174 5429 semper
3198 5358 3252 5413 in
3276 5359 3391 5415 mde
3412 5374 3589 5415 sacra.

2320 5454 2497 5523 Atque
2518 5452 2615 5510 Dei
2639 5450 2853 5507 famulis
2872 5450 3022 5522 pacis
3046 5448 3128 5505 fer
3150 5467 3373 5509 munera
3398 5452 3633 5517 cunctis,

2392 5545 2624 5601 Dextera
2650 5558 2787 5619 quos
2810 5541 3022 5599 Domini
3044 5551 3290 5616 protegat
3313 5550 3474 5613 atque
3496 5550 3667 5615 regat.

2321 5676 2548 5734 Alcuino
2569 5674 2912 5747 descriptam,
2936 5676 3265 5747 recognitum
3290 5683 3345 5734 et
3368 5675 3731 5738 emendatam,
3756 5673 3921 5747 dein.

2323 5763 2449 5817 ceps
2476 5750 2545 5803 ah
2570 5745 2765 5803 eodeni
2784 5747 3017 5802 oblatam
3049 5745 3240 5804 Carolo
3266 5748 3457 5819 Magno
3486 5748 3738 5804 continet.
3772 5745 3913 5804 Vide

2324 5820 2611 5876 Baronium
2642 5818 2677 5872 l.
2714 5818 2805 5872 cit.
