4112 6636
353 445 462 503 729

1351 445 1682 505 CARMINA.
1716 476 1788 490 —
1822 444 2351 503 INSCRIPTIONES
2391 445 2650 501 VARIJ'J.
3529 445 3631 503 750

352 558 499 628 Quos
522 559 641 616 colo
666 559 848 627 corde,
877 559 999 624 ﬁde,
1029 568 1216 616 sancto
1243 574 1455 631 quoque
1482 574 1698 630 semper
1722 571 1929 623 amore,
1960 560 1999 617 Δ
2035 553 2227 610 Omnia
2256 571 2492 627 namque
2520 572 2671 611 nova:
2700 572 2764 611 ac
2792 556 2988 611 veteris
3014 555 3268 627 mysteria
3293 556 3448 628 legis.

418 652 554 710 Cum
578 652 832 727 lacrymis
855 662 1070 722 optans,
1097 660 1158 708 ut
1182 654 1418 725 vigeant,
1445 652 1678 707 valeant.

1099 763 1189 820 Ill.

403 852 473 913 In
499 871 536 911 ι
562 850 802 914 Conone:
832 856 1048 913 Eusebii
1074 873 1166 928 seu
1198 856 1627 913 concordantiam
1651 864 1883 928 quatuor

917 927 1373 1000 evangelistarum.

420 1012 594 1083 Quam
621 1015 888 1087 imprimis
914 1017 1156 1090 speciosa
1186 1017 1478 1089 quadriga!
1510 1017 1692 1083 homo,
1724 1016 1830 1083 leo,
1859 1016 1938 1071 vi-

345 1107 494 1166 tulus
516 1115 573 1163 et
597 1106 804 1179 aquila,

420 1195 771 1269 Septuaginta
810 1212 978 1253 unum
1012 1211 1112 1270 per
1150 1197 1415 1271 capitula,
1454 1195 1834 1268 colloquuntur
1868 1194 1936 1251 de

349 1284 577 1344 Domino
598 1288 776 1359 paria.

415 1377 476 1432 lu
504 1379 742 1436 secunda
769 1379 1174 1452 subsequuntur
1198 1379 1463 1449 protinus,
1498 1378 1683 1445 homo,
1718 1376 1824 1443 leo,
1854 1376 1937 1434 lo-

345 1466 535 1537 quitur
557 1476 614 1524 et
634 1467 860 1537 vitulus,

417 1554 628 1625 Quibus
658 1558 804 1615 inest
826 1557 1077 1615 ordinate
1104 1558 1337 1631 positus,
1367 1556 1610 1614 decimus
1636 1565 1800 1628 atque
1832 1572 1933 1613 no-

344 1665 467 1706 veru
494 1664 772 1707 numerus.

417 1742 571 1799 Tunc
596 1744 788 1800 deinde
822 1744 1016 1801 tertius
1049 1744 1105 1801 in
1142 1742 1353 1809 ordine,
1392 1742 1577 1809 homo,
1613 1754 1801 1813 pecus,
1834 1739 1936 1795 bos

341 1834 586 1906 loquitur
612 1848 738 1892 eum
765 1834 1019 1902 voluere;

2036 642 2141 699 Hic
2168 654 2253 699 est
2276 642 2396 701 fons
2419 647 2564 711 vitae,
2590 646 2678 700 hic
2702 654 2826 700 sunt
2853 656 3123 717 praecepta
3148 647 3360 711 salutis,

2037 735 2194 792 Hune
2215 736 2453 793 dictante
2478 738 2590 794 Deo
2616 740 2884 810 scripsere
2908 740 2961 794 in
2989 740 3183 796 sarcula
3209 740 3402 794 sancti.

2037 827 2166 885 Haec
2188 836 2274 884 est
2294 838 2479 885 sancta
2508 829 2663 898 ﬁdes,
2688 833 2816 887 hinc
2837 840 2923 888 est
2944 831 3179 889 caelestis
3201 833 3374 901 origo.

2034 918 2254 989 Legifer
2276 918 2365 975 ille
2384 922 2507 991 pius
2529 922 2790 992 quidquid
2808 922 2922 991 jam
2949 925 3238 995 scripserat
3263 924 3394 978 olim

2036 1007 2362 1077 Venturum,
2386 1012 2647 1081 quidquid
2674 1013 2847 1067 sancti
2875 1014 3123 1069 cecinere
3147 1014 3429 1085 propheta:

2036 1099 2299 1157 Hebraici'
2314 1102 2518 1173 populi,
2544 1112 2602 1159 et
2626 1104 2888 1174 quidquid
2918 1105 3145 1161 historia
3172 1106 3365 1178 gessit,

2037 1190 2357 1261 Hymnidica
2385 1202 2480 1248 aut
2507 1194 2766 1264 quidquid
2794 1197 2992 1251 cecinit
3019 1195 3137 1252 laus
3166 1197 3394 1267 mystica
3424 1196 3590 1252 David
3611 1237 3629 1263 ,

2036 1281 2134 1337 Vel
2164 1284 2427 1354 quidquid
2454 1284 2785 1355 apostolicus
2812 1286 2998 1342 docuit
3021 1304 3122 1360 per
3150 1288 3346 1345 saecula
3375 1299 3570 1354 cretus,

2036 1366 2132 1431 Vel
2162 1371 2426 1442 quidquid
2454 1373 2707 1429 Salvator
2732 1376 2955 1432 veniens
2974 1375 3089 1445 jam
3114 1376 3242 1433 fecit
3269 1379 3324 1434 in
3350 1381 3504 1447 orbe,

2034 1463 2286 1520 Continet
2317 1465 2407 1520 hie
2436 1464 2584 1521 solus
2612 1467 2820 1536 pariter
2849 1468 2963 1523 hzec
2990 1470 3172 1525 omnia
3198 1471 3390 1526 codex.

2033 1556 2277 1614 Jusserat
2301 1559 2447 1615 hunc
2472 1568 2678 1615 tomum
2700 1559 2983 1617 Gerfridus
3011 1572 3033 1601 ε
3063 1563 3306 1620 scribere
3326 1562 3528 1635 praesul

2034 1649 2093 1705 In
2118 1650 2330 1706 laudem
2353 1651 2579 1717 Christi,
2607 1654 2887 1724 genitricis
2909 1663 2966 1709 et
2988 1654 3131 1711 illius
3153 1655 3340 1723 almae;

2034 1741 2193 1799 Esset
2222 1744 2276 1798 in
2305 1742 2535 1799 ecclesia
2556 1752 2618 1798 ut
2641 1754 2841 1813 praesto
2867 1744 3167 1815 legentibus
3199 1747 3305 1801 ille.

2033 1834 2092 1891 In
2120 1852 2228 1907 quo
2253 1838 2483 1909 quisque
2511 1837 2657 1908 legat
2679 1836 2893 1893 Domini
2923 1839 3232 1894 dulcissima
3261 1838 3444 1902 verba,

414 1902 474 1983 in
511 1942 742 1983 numero
768 1943 876 1999 quo
917 1927 1113 2001 [Edit.,
1142 1927 1199 1982 ln
1237 1902 1595 2003 numeroque]
1628 1925 1935 1983 consistunt
1966 1917 2009 1978 Β
2037 1902 2359 1985 Sit-memor
2384 1902 2641 1991 auctoris,
2675 1929 2825 1984 illum
2853 1931 2944 2000 qui
2975 1931 3214 1985 scribere
3235 1928 3417 2001 jussit.

345 2016 583 2088 antiqua:
606 2016 879 2088 alphabeti
905 2015 1254 2074 Hebrmorum
1280 2017 1496 2073 litterae.

416 2107 624 2178 Quarto
655 2108 776 2167 loco
805 2106 990 2165 fantur
1018 2107 1267 2180 aequalia,
1298 2123 1404 2164 una
1426 2107 1612 2167 homo.
1640 2104 1747 2171 leo,
1772 2113 1935 2177 atque

342 2200 547 2347 «illi:
555 2305 653 2348 ore
671 2288 955 2363 loquentes
972 2287 1206 2362 capitula
1225 2287 1379 2345 verbi
1400 2286 1598 2344 summi
1618 2302 1749 2344 sena
1771 2295 1935 2359 atque

344 2396 612 2544 marium
634 2474 757 2531 vice
781 2474 1113 2532 concordant
1146 2473 1202 2528 in
1235 2470 1470 2543 loquela,
1504 2469 1668 2527 homo
1694 2469 1934 2542 prudens

345 2574 508 2638 atque
533 2566 687 2621 mitis
711 2565 913 2621 hostia.

412 2656 539 2714 Jesu
566 2654 770 2714 Christi
791 2655 1071 2716 imitantes
1090 2655 1307 2729 agmina
1330 2652 1467 2711 Iuda
1493 2654 1612 2712 sine
1632 2651 1935 2712 Salvatoris

344 2746 565 2805 credula
592 2756 643 2804 ι.

414 2858 554 2917 Ecce
584 2867 742 2917 sexto
775 2861 919 2932 patri
953 2868 1111 2916 sonat
1144 2858 1382 2917 clamore
1409 2867 1571 2917 natus
1598 2857 1773 2915 Adam
1804 2873 1932 2914 eum

344 2951 584 3008 clamoso
612 2950 792 3010 leone.
864 2972 865 2975 η

415 3038 754 3113 Computatis
771 3039 988 3101 traditis
1004 3056 1104 3112 pro
1122 3054 1347 3097 munere
1365 3040 1704 3098 sacerdotum
1722 3039 1936 3111 oppidis

344 3133 571 3191 honore.

415 3225 495 3283 En
520 3226 816 3299 loquuntur
836 3227 1037 3300 septies
1060 3228 1115 3284 in
1140 3228 1397 3298 septimo,
1423 3227 1608 3295 homo,
1636 3228 1777 3294 avis,
1801 3242 1932 3285 con-

347 3332 481 3375 sena
509 3319 579 3376 de
606 3319 855 3376 Domino.

415 3410 475 3466 ln
498 3418 695 3468 octavo
719 3424 865 3467 nunc
893 3409 1103 3466 leonius
1126 3408 1362 3474 catulus,
1386 3423 1618 3479 quorum
1643 3407 1936 3464 verborum

345 3510 696 3573 comparatur
720 3516 981 3558 numerus
1004 3499 1218 3571 adjecto
1240 3499 1408 3557 Paulo
1433 3499 1698 3571 apostolo.

422 3589 607 3647 Nonus
624 3591 761 3648 ordo
778 3591 835 3646 in
855 3605 964 3664 quo
982 3589 1091 3647 duo
1111 3591 1322 3662 pariter
1339 3589 1721 3661 colloquuntur
1740 3586 1937 3644 vitulus

345 3692 406 3740 et
427 3682 667 3749 volucer,

420 3777 676 3848 lnspirati
714 3791 876 3833 sensu
916 3775 1239 3849 spiritaliter
1282 3775 1681 3847 proloquuntur
1723 3782 1937 3830 ternum

349 3868 691 3939 simpliciter.

421 3963 594 4019 Homo
620 3976 817 4035 nempe
843 3962 1071 4019 verbum
1106 3961 1315 4035 profert
1336 3960 1616 4035 pmprium
1646 3974 1716 4015 κε.
1747 3964 1805 4014 et
1840 3972 1940 4029 per

350 4054 459 4110 duo
486 4069 773 4111 numerum

422 4145 907 4216 Rugientemquem
934 4143 1145 4202 leonem
1172 4141 1454 4200 audaciter
1482 4140 1658 4198 solum
1685 4154 1818 4195 sane
1845 4140 1940 4195 de-

350 4238 466 4294 cies
490 4247 545 4293 et
567 4236 774 4292 novies.

425 4328 625 4385 Bovem
642 4326 839 4401 [Edit.,
854 4324 1079 4399 bonum]
1096 4326 1268 4383 solum
1286 4324 1487 4380 fantem
1506 4325 1767 4391 invenies,
1785 4324 1938 4380 verbi

352 4417 492 4476 divis
520 4419 549 4458 ι)
575 4426 635 4474 et
660 4417 989 4489 septuagics.

426 4512 815 4570 Snbvolantem
838 4511 908 4565 ad
934 4517 1082 4566 astra
1112 4506 1371 4580 reperies,
1397 4506 1659 4580 nonagies
1682 4505 1829 4577 loqui
1861 4512 1943 4562 at-

352 4620 461 4676 que
488 4605 711 4678 septies.
1103 4669 1195 4726 Ν.

497 4763 527 4819 1
532 4782 565 4819 n
590 4764 822 4818 codicem
834 4762 994 4836 jussu
1016 4761 1253 4833 Cerfridi
1274 4761 1500 4832 episcopi
1521 4761 1796 4832 scriptum.

352 4856 609 4920 Continet
632 4856 722 4912 hic
743 4863 964 4913 sanctus
986 4870 1094 4911 uno
1121 4855 1224 4912 sub
1249 4868 1477 4924 corpore
1502 4854 1693 4921 codex,

428 5008 457 5038 ι
494 4994 671 5052 Locus
697 5002 1007 5065 corruptus.

430 5068 462 5109 ιι
494 5066 671 5147 Locus
706 5060 1017 5135 corruptus.
1060 5062 1224 5120 Forte
1256 5062 1391 5135 leg.,
1443 5060 1601 5118 Verbi
1636 5060 1738 5118 Dei
1780 5063 1857 5119 bis
1895 5074 1946 5120 et

356 5146 669 5261 septuafyzes.
1365 5203 1379 5216 ο
1437 5202 1450 5216 ο

431 5221 457 5251 α
492 5208 533 5265 C
559 5247 573 5261 .
599 5204 907 5263 Cathelinot
932 5204 989 5260 in
1027 5221 1130 5262 ms.
1162 5218 1262 5260 suo
1292 5209 1598 5267 exnstrmat,
1636 5202 1781 5260 hunc
1812 5204 1949 5261 Cer-

357 5279 560 5336 fridum
584 5278 750 5333 fuisse
773 5276 944 5332 sancti
973 5275 1205 5347 Lndgeri
1222 5314 1237 5340 ,
1268 5274 1361 5347 qui
1391 5290 1533 5347 anno
1559 5272 1664 5330 809
1688 5275 1851 5347 obiit,
1880 5291 1949 5331 ex

361 5365 551 5409 sorore
574 5357 844 5419 nepotem,
877 5345 1390 5419 acipostea_t_.am_in
1417 5345 1729 5419 episcopatu
1760 5345 1947 5401 Mona-

362 5419 614 5479 steriensi
635 5415 797 5490 quam
830 5417 886 5473 in
914 5415 1132 5490 abbatis
1155 5415 1525 5490 Werthinensi
1554 5430 1947 5490 successorem.

362 5493 433 5548 At
457 5491 603 5547 enim
627 5485 884 5547 A'lcuinus
907 5486 1018 5556 jam
1044 5487 1284 5558 quinque
1308 5485 1467 5541 annis
1491 5494 1783 5554 antequam
1814 5487 1951 5543 Ger-

362 5562 538 5619 fridus
560 5570 747 5617 saneto
773 5559 1023 5629 Ludgero
1047 5557 1349 5629 succedere
1362 5557 1555 5629 potuit,
1579 5565 1825 5629 mortuus
1844 5566 1948 5622 est,

363 5642 420 5690 et
451 5641 631 5687 tamen
656 5631 710 5686 in
736 5631 841 5686 hoc
862 5628 1102 5686 carmine
1137 5626 1421 5683 Gerfridus
1456 5626 1703 5697 praesulis
1734 5629 1952 5684 nomine

366 5704 673 5775 insignitur.
700 5701 784 5775 An
818 5701 865 5775 is
896 5697 1446 5775 vivente_etiamnum
1472 5697 1701 5775 Alcuino
1729 5699 1952 5775 alterius

366 5766 646 5843 cujusdam
671 5771 913 5828 ecclesia:
934 5786 1028 5825 seu
1051 5769 1336 5839 episeOpus
1359 5783 1455 5833 seu
1482 5769 1651 5823 abbas
1675 5766 1813 5822 fuit?

433 5842 464 5885 ἆ
500 5845 704 5885 Ἶρι-«ινα
730 5844 821 5885 nni
856 5848 1173 5885 emnnmlmt
1218 5854 1323 5885 non
1368 5840 1433 5885 ml
1476 5838 1707 5885 codicis-
1750 5854 1809 5885 se

500 5845 704 5900 Versus
730 5844 823 5911 qui
856 5838 1173 5911 sequuntur,
1218 5838 1323 5893 non
1364 5840 1435 5911 ad
1476 5838 1708 5911 codicis,
1750 5839 1845 5894 sed
1887 5840 1953 5895 ad

366 5914 610 5973 ecclesiae
646 5929 677 5969 a
718 5909 967 5969 (ἴθι-ΐτίἀὴ
1007 5917 1320 5967 restaurata
1360 5909 1741 5979 inscriptiones
1779 5914 1950 5981 perti-

1967 4622 2023 4686 D

2033 2017 2193 2073 Dicat
2214 2024 2272 2073 et
2296 2031 2393 2073 ore
2415 2018 2505 2087 pio
2538 2035 2551 2070 :
2584 2016 2916 2083 Gerfridum,
2945 2016 3179 2081 Christe,
3214 2026 3385 2081 tuere,

2033 2110 2263 2184 Semper
2289 2112 2345 2168 in
2373 2121 2637 2168 teternum
2668 2114 2813 2168 vivat
2841 2111 3073 2169 feliciter
3103 2114 3213 2169 ille.

2034 2201 2225 2275 Tuque
2254 2201 2433 2259 valeto
2464 2200 2681 2275 legens,
2714 2203 2811 2258 tibi
2841 2204 3081 2259 maxima
3112 2218 3245 2262 cura
3275 2204 3473 2274 legenti
3510 2201 3627 2275 [F.,

3322 2292 3557 2365 legendi]

2034 2382 2137 2450 Sit,
2165 2398 2379 2455 precor,
2410 2390 2471 2439 ut
2498 2392 2653 2439 recto
2680 2399 2902 2439 resones
2930 2384 3171 2441 cmlestia
3200 2401 3364 2440 sensu

2032 2476 2210 2532 Verba
2238 2475 2335 2532 Dei
2361 2474 2585 2539 Christi,
2614 2491 2825 2531 merces
2850 2477 2945 2531 tibi
2976 2492 3168 2549 magna
3196 2475 3455 2532 manebit.

2030 2567 2057 2608 δ
2092 2567 2219 2623 ﬂme
2244 2567 2440 2623 domus
2466 2568 2609 2622 alma
2638 2568 2752 2631 Dei,
2781 2567 2983 2625 Christi
3012 2578 3066 2624 et
3097 2567 3422 2624 venerabilis
3449 2566 3574 2623 aula

2032 2657 2298 2729 Tempore
2326 2659 2601 2729 praelongo
2629 2659 2786 2713 viluit
2815 2660 2994 2715 diruta
3025 2660 3219 2716 ruinis.

2031 2750 2141 2807 Sed
2166 2751 2295 2806 dum
2321 2748 2605 2807 Cerfridus
2636 2749 2990 2822 praesulisque
3018 2761 3042 2790 ε
3076 2750 3347 2806 Sacerdos

2031 2841 2286 2897 Ecclesiae
2314 2841 2553 2912 regimen
2583 2849 2900 2912 susceperat
2925 2842 3083 2897 istius
3107 2842 3265 2896 alma:

2032 2934 2233 2991 Ductus
2258 2950 2445 2991 amore
2469 2933 2564 2989 Dei
2594 2943 2764 2990 totam
2789 2941 3146 2990 renovaverat
3172 2934 3319 2988 illam
3350 2932 3371 2970 τ

2030 3023 2356 3090 Parietibus,
2389 3026 2568 3091 tectis,
2599 3026 2829 3097 picturis
2856 3036 3021 3097 atque
3046 3025 3331 3089 columnis,

2033 3115 2286 3174 Vestibus
2315 3126 2371 3174 et
2396 3119 2560 3185 vasis,
2591 3118 2727 3174 cleri
2751 3118 2912 3176 simul
2940 3119 3129 3175 ordine
3156 3132 3334 3182 sacro,

2036 3207 2153 3264 Non
2177 3225 2407 3280 parcens
2431 3211 2668 3281 propriis
2689 3209 2904 3281 opibus.
2929 3208 3067 3265 Nam
3093 3208 3354 3280 quidquid
3380 3206 3633 3275 habebat,

2038 3302 2322 3359 Distribuit
2346 3303 2495 3375 larga
2522 3311 2702 3359 mente
2726 3302 2782 3358 in
2807 3303 3036 3359 donaria
3061 3301 3287 3367 Christi,

2038 3392 2257 3451 Viribus
2282 3396 2504 3451 intentis
2526 3403 2750 3450 ornaret
2774 3402 2834 3450 ut
2858 3394 3097 3464 undique
3123 3394 3403 3464 templum.

2036 3484 2112 3543 Ut
2132 3487 2298 3542 decus
2320 3486 2599 3557 egregium
2623 3484 2839 3541 Domini
2867 3485 3109 3541 fulsisset
3130 3486 3361 3549 honore,

2037 3575 2246 3633 Divinis
2274 3586 2586 3633 resonasset
2614 3591 2715 3632 nec
2743 3592 2850 3631 non
2879 3576 3131 3632 laudibus
3156 3576 3301 3640 aula,

2035 3663 2286 3733 Fecerat,
2309 3674 2371 3721 ut
2395 3665 2580 3722 dicunt
2604 3665 2739 3741 [Al.,
2761 3676 2824 3722 ut
2843 3665 3103 3740 Domini],
3129 3674 3380 3738 septenas
3404 3674 3514 3722 tota
3536 3682 3638 3737 per

3351 3757 3558 3831 “voras.

2037 3844 2264 3919 Suscipe
2287 3844 2504 3903 Christe
2528 3845 2671 3902 Deus
2696 3847 2936 3905 clemens
2959 3848 3077 3905 haec
3100 3850 3279 3905 omnia
3304 3859 3477 3921 grate,

2038 3939 2222 4009 Deque
2258 3939 2335 3994 tui
2367 3937 2557 3994 famuli
2587 3939 2839 3995 manibus
2871 3940 2987 3997 haec
3030 3949 3153 3996 vota
3200 3950 3456 4011 precatur
3497 3940 3635 4014 [Αι.,

3252 4038 3586 4113 precamur],

2038 4124 2226 4195 Tuque
2254 4124 2351 4181 Dei
2381 4125 2611 4198 genitrix
2641 4127 2982 4184 sanctissima
3012 4129 3166 4201 virgo
3193 4129 3362 4186 Maria

2034 4215 2316 4272 Auxiliare
2339 4231 2532 4289 preces
2558 4215 2886 4274 famulorum
2912 4220 3068 4291 virgo
3095 4229 3333 4277 tuorum.

2038 4305 2165 4361 Haec
2189 4315 2403 4362 sacrata
2426 4313 2521 4361 tuo
2548 4307 2805 4377 quoniam
2833 4318 2962 4365 sunt
2987 4311 3206 4366 nomine
3235 4312 3454 4382 templa,

2039 4397 2141 4455 llic
2169 4398 2306 4465 laus,
2336 4399 2538 4465 cultus,
2565 4401 2739 4456 honor
2763 4412 3019 4459 maneant
3046 4420 3147 4476 per
3170 4406 3364 4462 saecula
3394 4407 3633 4466 Christo.

2039 4486 2138 4545 Dic
2160 4503 2295 4561 rogo
2320 4496 2400 4556 tu,
2428 4488 2621 4559 lector,
2647 4490 2925 4560 Albinum,
2954 4491 3188 4561 Christe,
3216 4503 3390 4553 tuere.

2706 4644 2868 4718 205
2906 4645 2972 4702 V-

2237 4753 2306 4811 Ῑη
2333 4771 2545 4812 sacrum
2569 4753 2816 4812 Codicem
2833 4756 2994 4828 jussu
3021 4757 3145 4812 Aea:
3170 4758 3445 4828 scriptum.

2046 4867 2201 4928 Hunc
2227 4868 2423 4926 ancilla
2450 4868 2547 4925 Dei
2571 4869 2683 4940 jam
2699 4869 2942 4941 iusserat
2964 4869 3079 4926 Ava
3108 4872 3136 4911 τ
3165 4870 3406 4928 libellum

2046 5009 2207 5066 nent;
2251 5015 2389 5070 quos
2421 5010 2601 5071 tamen
2635 4999 2762 5055 hinc
2786 4999 3042 5055 divellere
3077 4999 3369 5067 noluimus,
3398 4999 3542 5071 quod
3569 4999 3641 5056 ad

2046 5074 2296 5129 eumdem
2320 5069 2632 5127 Gerfridum
2657 5071 2984 5138 pertineant.

2122 5154 2147 5182 ο
2185 5141 2362 5264 [decus
2387 5151 2696 5211 corruptus.
2724 5139 2887 5196 Forte
2922 5141 3047 5214 leg.,
3080 5139 3279 5212 prcesul
3302 5139 3462 5196 simul
3486 5149 3645 5212 atque

2122 5228 2197 5264 cer
2236 5229 2314 5264 οε.

2046 5228 2314 5269 εαιεναοε.

2124 5281 2146 5321 τ
2185 5279 2695 5351 Ηπεξρηιξιθυᾶειιιιε
2728 5281 2793 5335 D.
2816 5280 3133 5351 Cathelinot
3152 5282 3543 5351 interpretatur
3575 5280 3644 5337 de

2047 5352 2274 5422 basilica
2304 5349 2603 5422 salvatoris
2620 5350 2687 5422 in
2717 5353 3047 5411 monasterio
3068 5349 3436 5408 Werthinensi
3461 5349 3644 5422 (vulgo

2051 5421 2281 5494 Werdeu
2296 5420 2364 5475 ad
2380 5420 2583 5476 Ruram
2612 5418 2875 5494 ﬂuvium),
2901 5422 2995 5494 sed
3023 5422 3137 5478 haec
3158 5422 3388 5481 ecclesia
3413 5418 3644 5476 Alcuino

2050 5493 2266 5564 vivente
2300 5498 2570 5564 vetustate
2608 5491 2747 5564 dirui
2790 5491 2934 5548 haud
2977 5494 3172 5563 potuit.
3220 5499 3647 5564 quam__sanc_tus

2052 5561 2336 5632 Ludgerus
2363 5559 2481 5630 eius
2508 5561 2804 5632 discipulus
2830 5559 3008 5632 primo
3038 5559 3358 5619 construxit.
3390 5559 3647 5632 νίψου-

2052 5630 2386 5687 servationes
2414 5632 2645 5701 praevias
2676 5630 2971 5691 Mabillonii
3005 5634 3062 5688 in
3090 5632 3270 5689 Vitam
3299 5633 3470 5688 sancti
3500 5630 3647 5687 Lud-

2053 5702 2169 5775 geri
2188 5741 2204 5765 ,
2229 5709 2416 5775 part.__l
2446 5716 2572 5759 saec.
2611 5703 2963 5775 3,335.15,
2994 5721 3052 5759 n.
3078 5702 3113 5775 β
3136 5713 3193 5761 et
3218 5702 3504 5775 7;_Annal.
3541 5703 3647 5757 Be-

2054 5772 2178 5827 ned.
2196 5772 2343 5843 item.
2366 5772 2430 5836 ll,
2460 5786 2584 5842 pag.
2610 5772 2737 5843 325,
2766 5772 2822 5827 n'.
2852 5773 2940 5835 59.
2966 5783 3019 5829 et
3044 5772 3167 5843 pag.
3195 5772 3322 5837 δεῖς,
3346 5790 3399 5827 n.
3425 5772 3513 5827 69.

2128 5844 2153 5882 ⁸
2194 5842 2440 5914 In__editis
2484 5842 2599 5914 loco
2629 5842 2740 5897 Αυα
2773 5842 3059 5914 legebatur
3084 5842 3246 5909 Aula,
3276 5844 3465 5911 utique
3492 5857 3647 5914 inen-

2055 5913 2204 5968 dose.
2238 5910 2346 5968 Nos
2373 5927 2556 5969 veram
2585 5910 2893 5976 lectionem.
2926 5928 3087 5987 quam
3117 5914 3281 5970 etiam
3323 5910 3496 5969 celeb.
3528 5912 3645 5967 Ma-
