4112 6654
483 411 576 465 ’131
1325 411 1386 467 Β.
1428 411 1491 468 F.
1533 409 1758 467 ALBINI
1796 407 1931 465 SEU
1971 405 2249 463 ALCUINI
2288 408 2586 467 OPERUIl-I'
2614 411 2794 470 PARS
2828 413 2916 470 VI.
3653 420 3756 476 759

480 525 730 582 Scribere
758 541 870 596 prro
901 541 1097 595 magno
1125 526 1339 583 Domini
1366 529 1599 585 deducta
1623 530 1819 584 timore
1841 539 1868 567 ι
2089 527 2145 586 Δ
2170 523 2237 578 Et
2261 525 2500 581 dictante
2528 526 2640 584 Deo
2667 531 2902 586 retinent
2926 531 3222 601 primordia
3252 536 3460 604 mundi,

481 620 563 674 Ad
591 621 753 675 decus
781 620 1055 686 Ecclesiae,
1089 622 1364 692 propriam
1393 622 1557 678 simul
1583 623 1744 692 inque
1769 621 1997 676 salutem
2242 617 2313 673 Et
2335 619 2612 675 Christum
2637 623 2812 678 sreclis
2839 627 3202 695 praececinere
3232 629 3410 698 pium;

477 709 672 768 Omnia
702 711 934 782 ﬂorigeri
964 713 991 752 ιι
1020 713 1208 782 pandit
1231 713 1529 783 primordia
1553 713 1760 779 mundi,
2168 711 2228 767 In
2255 712 2448 782 quibus
2471 723 2528 769 et
2557 715 2758 770 homini
2789 719 2926 773 ratio
2955 729 3039 774 est
3065 721 3188 776 data
3214 731 3360 778 certa
3392 723 3602 780 colendi

475 803 820 872 Eventusque
849 803 1009 858 simul
1038 804 1219 860 saeculi
1247 819 1343 874 per
1373 812 1617 876 tempora
1640 804 1799 874 longa
1830 821 1842 858 :
2240 807 2358 878 Ipsa
2389 809 2578 875 Deum,
2612 825 2741 866 vera
2769 821 2852 867 est
2878 828 2999 882 quae
3029 815 3136 879 via,
3163 815 3294 882 vita,
3321 815 3484 874 salus.

475 894 606 962 Quae
631 895 778 950 dedit
805 896 1144 964 omnipotens
1171 897 1374 951 homini
1403 905 1460 952 et
1484 905 1754 966 praecepta
1783 893 1996 960 salutis,
2170 897 2281 954 Hos
2302 898 2444 970 legat
2467 909 2521 956 et
2553 909 2755 966 teneat,
2781 903 2992 971 placeat
3020 905 3105 960 cui
3132 915 3353 976 pectore
3378 925 3515 979 puro

475 985 670 1040 Omnia
699 985 1011 1041 celsithroni
1044 1001 1143 1043 nec
1173 1003 1278 1042 non
1302 987 1563 1044 miracula
1591 985 1816 1050 Christi,
2241 991 2436 1048 Vivere
2463 1009 2588 1049 cum
2613 992 2843 1062 Christo,
2875 1011 3071 1066 perpcs
3107 998 3161 1051 in
3192 1015 3318 1054 arce
3345 1001 3476 1070 poli.

477 1077 546 1132 Et
568 1093 718 1148 spem
748 1086 1022 1151 perpetuae
1043 1089 1163 1149 post
1185 1081 1300 1135 haec
1326 1094 1542 1150 quoque
1563 1079 1758 1134 secula
1782 1079 1934 1144 vitae;
2169 1083 2309 1139 Sunt
2329 1101 2553 1142 numero
2579 1087 2783 1158 pariter
2805 1087 2927 1142 deni
2967 1090 3074 1144 duo
3102 1092 3305 1160 septies
3334 1091 3361 1131 ἀ
3386 1101 3552 1164 atque

475 1169 728 1226 Continet
749 1172 849 1227 iste
873 1173 1037 1228 etiam
1062 1172 1246 1229 Codex
1273 1173 1390 1229 haec
1409 1172 1594 1228 omnia
1623 1172 1770 1227 solus
1796 1190 1811 1225 :
2241 1176 2318 1230 De
2343 1176 2540 1245 quibus
2566 1183 2621 1232 et
2648 1177 2783 1232 nulli
2817 1177 2932 1249 jam
2966 1179 3215 1235 dubitare
3253 1181 3403 1238 licet.

479 1263 686 1317 Idcirco
714 1263 766 1316 in
797 1278 996 1333 magno
1021 1279 1232 1335 semper
1257 1265 1520 1320 habeatur
1545 1264 1768 1318 honore.
2167 1266 2224 1322 In
2256 1264 2458 1322 Christi
2486 1267 2644 1323 nobis
2664 1284 2924 1325 numerus
2950 1273 3277 1330 venerabilis
3301 1275 3407 1331 iste

473 1353 574 1420 Da,
603 1370 752 1426 rogo,
776 1354 992 1411 Christe
1020 1365 1233 1427 potens,
1263 1364 1480 1412 acterna:
1503 1361 1725 1426 prmmia
1753 1354 1898 1419 vitae,
2241 1357 2467 1429 Mystice
2497 1360 2776 1430 discipulis
2805 1375 3040 1432 namque
3061 1374 3310 1422 sacratus
3335 1367 3507 1422 adest.

473 1445 658 1516 Daque
683 1455 788 1502 tua:
809 1446 1041 1511 famulae,
1075 1463 1194 1518 quae
1224 1446 1716 1516 scriberejusserat
1737 1447 1922 1512 istum,
2167 1449 2265 1506 His
2293 1450 2460 1505 etiam
2492 1450 2646 1507 libris
2671 1452 2813 1508 inest
2842 1455 3081 1511 caelestis
3109 1457 3284 1529 origo,

475 1539 547 1596 Ut
578 1540 819 1611 requiem
858 1551 979 1610 post
1010 1540 1152 1596 hanc
1191 1541 1359 1596 vitam
1393 1548 1665 1596 mereatur
1687 1540 1892 1594 habere
2238 1547 2349 1604 Hos
2373 1550 2502 1621 quia
2533 1551 2760 1607 dictavit
2790 1551 3028 1624 Spiritus
3046 1555 3163 1625 ipse
3191 1555 3355 1612 Deus.

472 1631 817 1705 Perpetuam,
847 1648 1073 1689 numero
1104 1641 1416 1690 sanctorum
1437 1635 1627 1705 juncta
1652 1645 1750 1703 per
1774 1645 1974 1687 mvum.
2166 1637 2420 1696 Continet
2447 1642 2550 1698 iste
2576 1659 2686 1698 uno
2716 1652 2905 1699 sancto
2927 1645 3028 1700 sub
3058 1662 3284 1717 corpore
3313 1647 3496 1707 codex

1228 1745 1316 1804 VL
2237 1731 2337 1788 Hic
2359 1733 2518 1788 simul
2546 1733 2647 1788 hos
2676 1743 2839 1801 totos,
2867 1751 3091 1792 munera
3121 1753 3317 1810 magna
3346 1739 3444 1794 Dei

479 1872 500 1900 ε
536 1860 603 1916 In
631 1879 841 1918 sacrum
897 1859 1309 1945 Codicempculra
1352 1859 1600 1944 .Radonis
1633 1858 1837 1916 abbatis
1879 1875 2039 1915 manu.

2167 1822 2359 1881 Omnia
2390 1841 2626 1896 namque
2656 1825 2820 1883 Nova:
2847 1843 2913 1884 ac
2940 1826 3153 1885 Veteris
3177 1832 3266 1900 pia
3295 1831 3494 1890 famina
3521 1833 3678 1908 Legis

2235 1919 2397 1945 "2..--
2426 1935 2532 1945 ..Α-..ι
2570 1921 2780 1945 Δηιζι--
2832 1923 3006 1945 1Α-ι--
3051 1922 3250 1945 ι-ι.---
3275 1927 3386 1945 ..συί

865 1935 1013 1988 sterii
1053 1932 1112 1988 S.
1153 1931 1364 1987 Vedasti
1391 1934 1664 2003 scriptum.

2235 1919 2400 1975 Hicce
2426 1935 2536 1975 non
2567 1921 2800 1988 dubites,
2832 1923 3024 1990 lector,
3051 1922 3254 1981 habere
3275 1927 3416 1996 pius.

2162 2011 2264 2067 Hie
2290 2013 2413 2067 vitae
2440 2011 2561 2068 fons
2588 2023 2692 2074 est.
2721 2015 2838 2071 haec
2864 2023 2949 2072 est
2980 2017 3244 2088 sapientia
3275 2035 3425 2086 vera,

2233 2103 2328 2162 Hae
2357 2114 2484 2162 sunt
2505 2115 2777 2179 perpetuae
2800 2124 3034 2179 namque
3062 2109 3254 2166 salutis
3277 2125 3425 2182 opes.

2161 2199 2264 2268 Qui
2305 2201 2453 2272 cupit
2490 2201 2728 2260 inveniet
2766 2203 3077 2276 Scripturas
3110 2206 3292 2264 dicere
3323 2207 3476 2283 [Ms.,
3510 2211 3743 2284 discere]

3472 2318 3673 2360 sacras.

2230 2385 2555 2445 Sanctorum
2590 2387 2732 2446 dicta
2759 2390 2848 2447 hic
2874 2394 3182 2449 veneranda
3207 2302 3469 2451 Patrum}:

469 2049 526 2105 In
558 2051 661 2105 hoc
687 2049 925 2120 quinque
946 2048 1092 2116 libri,
1118 2049 1421 2104 retinentur
1441 2045 1639 2104 Codice
1661 2046 1848 2112 Mosis,

468 2139 615 2195 Bella
638 2141 791 2196 ducis
809 2138 993 2205 Josue,
1023 2140 1299 2195 seniorum
1327 2147 1385 2195 et
1415 2148 1661 2210 tempora
1689 2149 1929 2210 patrum.

468 2231 635 2297 Ruth,
655 2231 777 2298 Job,
804 2239 860 2286 et
886 2229 1094 2302 Regum
1118 2231 1202 2287 bis
1230 2231 1341 2288 bini
1369 2245 1601 2302 namque
1627 2229 1824 2296 libelli;

464 2321 642 2392 Atque
669 2322 1065 2393 Prophetarum
1090 2322 1264 2379 sancti
1293 2323 1376 2379 his
1395 2333 1518 2379 octo
1547 2321 1750 2387 libelli;

465 2413 718 2471 Carmina
743 2415 990 2486 praeclari
1015 2413 1216 2470 Christi
1245 2413 1418 2486 patris
1441 2414 1698 2486 hymnica
1719 2412 1912 2479 David,

464 2503 535 2560 Et
561 2505 664 2559 tria
693 2476 907 2575 pacifici
934 2476 1525 2574 Salomonis-opuscula
1552 2504 1715 2576 regis.
1897 2476 1905 2479 ⁷

2161 2476 2374 2552 Legifer
2397 2480 2486 2536 ille
2505 2481 2628 2552 pius
2651 2482 3041 2555 quidquidjam
3067 2487 3362 2557 scripserat
3387 2487 3539 2558 olim,

462 2573 716 2668 Jungitur
753 2597 838 2652 bis
867 2594 1083 2666 Sephia:
1106 2595 1235 2652 Jesu
1266 2573 1426 2652 simul
1455 2573 1878 2667 atquevlibellus,
2169 2664 2190 2668 Α
2230 2573 2311 2668 De
2333 2574 2518 2668 πωπξῶ
2542 2589 2607 2630 ac
2634 2591 2815 2632 rerum
2841 2577 3108 2649 Ρτίηθίρίθ
3131 2580 3397 2652 Siquidem
3431 2598 3445 2638 ³

462 2689 532 2743 Et
561 2663 987 2761 Daralipomenis
1010 2690 1154 2745 enim
1183 2688 1290 2744 duo
1313 2703 1506 2757 nempe
1530 2663 1723 2744 libelli.
2158 2663 2407 2761 ρίξίίιίιθιί
2424 2665 2779 2739 οωηίβοίθηδ
2801 2677 3025 2761 “raturas
3051 2672 3309 2728 conderet
3327 2688 3538 2740 omnes:

462 2779 600 2836 Hinc
623 2754 797 2845 Eum,
819 2780 1108 2845 NchemiIe,
1145 2779 1360 2847 Hester,
1387 2754 1573 2836 Judith
1598 2788 1762 2851 atque
1792 2779 1958 2836 libelli
2156 2848 2200 2851 __
2227 2754 2446 2826 Ῑηὲεηίο
2475 2767 2742 2828 quantum
2769 2760 2912 2816 “ire
2934 2761 3060 2816 “09‘
3086 2763 3343 2819 hominis-

461 2873 532 2929 Et
551 2875 657 2930 duo
685 2889 918 2945 namque
941 2874 1063 2930 libri
1095 2873 1404 2930 Machabma
1431 2873 1574 2929 bella
1605 2848 1868 2928 tenentes.
2156 2848 2258 2945 "i9
2282 2852 2447 2945 “iam
2481 2851 2677 2945 Ιθείίίξτ
2700 2853 2934 2910 hominis
2958 2854 3168 2912 “an”
3197 2859 3385 2925 ονθδιίν

2227 2941 2470 3010 Qualiter
2498 2952 2592 2998 aut
2615 2943 2816 3016 fugerit
2837 2947 2988 3002 exsul
3015 2949 3084 3003 ab
3111 2963 3207 3005 ore
3235 2965 3421 3017 sacro,

2154 3035 2356 3106 Impius
2384 3045 2478 3093 aut
2503 3035 2678 3094 frater
2697 3040 3016 3096 sceleratam
3045 3045 3306 3114 sanguine
3331 3045 3578 3103 dextram

2225 3128 2491 3186 Fraterno
2520 3131 2769 3201 impleret
2795 3149 2892 3189 cur
2920 3134 3138 3204 pietatis
3161 3138 3338 3209 inops.

2079 3243 2129 3310 ρ
2157 3220 2291 3277 Post
2307 3221 2471 3278 etiam
2503 3225 2701 3280 retinet
2725 3242 2982 3284 numeros
3003 3236 3058 3284 et
3083 3233 3302 3287 nomina
3329 3231 3576 3301 Palmm,

2231 3310 2527 3369 Steclorum
2551 3330 2650 3385 per
2675 3332 2814 3387 quos
2838 3319 2973 3375 ordo
3000 3323 3241 3380 cucurrit
3266 3338 3454 3381 ovans.

2156 3405 2283 3460 Inde
2310 3405 2424 3462 Noe
2457 3410 2672 3479 requies
2693 3412 2876 3466 mundi
2901 3414 3012 3485 jam
3037 3417 3278 3472 nascitur
3304 3419 3455 3484 almi,

2228 3495 2492 3567 Tempore
2517 3499 2617 3555 sub
2655 3500 2810 3570 cujus
2826 3503 2939 3574 jam
2965 3507 3324 3578 cataclysmus
3349 3517 3488 3576 erat,

2156 3589 2292 3645 Dum
2322 3598 2474 3646 natat
2500 3608 2641 3648 arca.
2659 3594 2754 3650 Dei
2785 3596 2994 3668 pelago,
3023 3613 3146 3668 spes
3175 3599 3344 3657 altera
3377 3604 3565 3659 mundi

2227 3680 2415 3738 Totius
2444 3691 2500 3738 et
2525 3685 2667 3739 saecli
2696 3687 2849 3756 prole
2877 3688 3082 3757 repleta
3108 3691 3292 3746 simul.

462 2967 698 3023 Matthzei
721 2976 777 3023 et
799 2968 988 3035 Marci,
1021 2968 1182 3024 Luca:
1214 2968 1370 3033 liber,
1395 2975 1560 3037 atque
1579 2965 1802 3022 Joannis

459 3060 658 3132 Inclyta
684 3071 837 3132 gesta
869 3071 1056 3118 tenens
1083 3062 1343 3118 salvantis
1369 3062 1566 3117 sarcula
1590 3060 1815 3119 Christi.

460 3154 694 3210 Sanctus
715 3155 1054 3226 Apostolicos
1078 3155 1257 3211 Lucas
1283 3155 1683 3228 conscripserat
1703 3152 1903 3219 Actus;

459 3246 551 3302 Dis
579 3255 784 3318 septem
813 3248 983 3302 sancti
1015 3262 1113 3316 per
1132 3247 1352 3313 chartas
1386 3246 1637 3312 dogmata
1663 3245 1837 3311 Pauli,

455 3339 665 3402 Jacobi,
696 3340 866 3404 Petri,
889 3339 1038 3397 Juduc
1066 3349 1122 3396 et
1149 3340 1236 3412 pia
1263 3339 1404 3395 dicta
1429 3339 1651 3395 Joannis
1679 3357 1693 3393 :

459 3432 732 3490 Scr-ibitur
757 3444 1000 3490 extremo
1021 3434 1245 3492 Joannis
1271 3437 1324 3490 in
1355 3436 1546 3490 ordine
1571 3444 1767 3490 tomus.

457 3525 568 3580 IIos
592 3526 726 3598 lege,
754 3535 812 3582 tu
838 3528 1008 3582 lector
1031 3526 1178 3592 felix,
1215 3528 1446 3584 feliciter
1472 3543 1686 3594 omnes,

454 3620 537 3674 Ad
566 3618 778 3676 Iaudem
806 3618 1006 3676 Christi
1033 3621 1416 3691 propriamque
1442 3621 1497 3675 in
1524 3620 1684 3678 smcla
1724 3618 1971 3675 salutem.

455 3711 693 3784 Alterum
714 3713 946 3783 ejusdem
975 3712 1184 3784 Alcuini
1210 3729 1412 3784 poema,
1439 3713 1580 3784 quod
1599 3713 1912 3783 pra'cedenti
1936 3714 2050 3769 sine

572 3783 683 3836 ullo
713 3772 843 3839 ηόυο
880 3783 1033 3838 titulo
1064 3772 1256 3838 ibidem
1283 3772 1637 3854 subj'w'tgitur,
1674 3784 1772 3837 ltoc
1801 3793 1874 3838 est
1908 3801 1925 3836 :
2151 3772 2398 3829 Ειεῑνυίι
2427 3775 2745 3833 immensam
2783 3781 3088 3837 damnanda
3115 3783 3364 3853 Superbia
3398 3791 3628 3854 ωιτθωο

455 3873 591 3929 Dum
615 3875 822 3945 primus
846 3875 1073 3946 pulchro
1102 3874 1277 3930 fuerat
1303 3877 1463 3931 homo
1486 3874 1673 3943 pulsus
1700 3873 1767 3928 ab
1793 3874 1971 3940 horto,
2223 3865 2328 3922 ΡΙὊ
2351 3882 2456 3937 qua
2491 3869 2749 3925 diViditur
2775 3887 3013 3928 consona
3050 3888 3154 3929 vox
3184 3873 3482 3933 hominum.

522 3967 579 4020 In
609 3967 769 4031 hanc,
797 3969 964 4038 proh!
997 3967 1248 4023 ιιιίερηιῐη
1283 3975 1476 4031 morte,
1511 3967 1694 4023 dolore
1715 3967 1857 4021 diem
1884 3983 1896 4019 :
2150 3961 2288 4016 Tum
2312 3961 2475 4018 Pater
2503 3961 2777 4019 Abraham
2802 3966 2926 4020 coeli
2947 3967 3084 4022 bene
3108 3969 3298 4023 doctus
3327 3969 3379 4024 in
3410 3972 3593 4037 astris.

449 4057 658 4113 lnfandi
688 4068 742 4112 et
768 4060 972 4127 gemuit
999 4060 1265 4129 condigna
1297 4059 1507 4129 piacula
1533 4057 1684 4123 facti,
2221 4052 2319 4108 Cui
2348 4056 2651 4125 promissus
2673 4065 2793 4112 erat
2821 4057 2991 4115 Filius
3023 4059 3136 4129 ipse
3161 4059 3279 4116 Dei.

521 4150 656 4204 Cum
686 4158 793 4204 tota
820 4152 1024 4220 pariter
1053 4150 1202 4221 prole
1227 4151 1418 4204 salutis
1447 4151 1621 4220 ineps.
2146 4144 2348 4200 Exsilia
2375 4146 2501 4202 hinc
2523 4147 2692 4212 Isaac,
2718 4145 2886 4205 Jacob
2914 4164 3129 4220 quoque
3147 4150 3307 4224 longa
3333 4151 3606 4225 leguntur,

449 4242 568 4297 Non
604 4249 781 4296 tamen
820 4241 1164 4312 omnipotens
1190 4241 1406 4297 bonitas
1430 4242 1713 4296 dimiserat
1741 4255 1900 4296 omne
2219 4235 2428 4308 Ρειηυθ
2452 4247 2634 4309 patres
2657 4240 2742 4295 bis
2765 4255 2862 4296 sex
2887 4243 3062 4310 gentis
3085 4243 3239 4314 origo
3264 4258 3451 4300 sacras.

519 4334 576 4388 In
603 4333 833 4389 miseros
855 4348 1062 4402 magna:
1076 4332 1189 4401 jam
1220 4334 1439 4402 pietatis
1462 4347 1626 4401 opus;
2145 4330 2410 4385 Venditur
2436 4331 2563 4386 hinc
2589 4329 2819 4387 fratrum
2844 4333 3048 4390 scelere
3075 4344 3130 4389 et
3157 4344 3463 4405 puer-tatur
3493 4348 3518 4378 ο
3546 4345 3666 4395 atro

449 4425 687 4481 Plurima
717 4425 811 4480 sed
839 4425 987 4478 mitis
1013 4424 1266 4494 lacrymis
1289 4423 1480 4478 solatia
1507 4423 1705 4478 nostris
2215 4420 2412 4492 Joscph
2441 4422 2494 4476 in
2521 4420 2833 4493 Egyptum,
2862 4433 3018 4493 patre
3044 4425 3260 4481 dolente
3279 4429 3390 4496 pio,

520 4519 716 4573 Attulit
743 4533 773 4572 e
801 4518 975 4583 cmlis,
1010 4517 1062 4572 in
1093 4518 1334 4572 bonitate
1360 4533 1494 4579 sua;
2145 4513 2246 4582 Qui
2273 4515 2426 4588 regni
2454 4525 2540 4571 est
2565 4517 2746 4571 subito
2767 4517 2943 4572 factus
2972 4519 3037 4574 de
3060 4533 3280 4575 carcere
3308 4532 3505 4588 rector,

445 4611 590 4666 Illius
616 4619 676 4664 ut
703 4626 916 4680 semper
943 4613 1116 4682 pietas
1146 4611 1415 4674 laudetur,
1447 4620 1678 4675 ametur,
2063 4629 2116 4690 ι)
2212 4605 2281 4660 Et
2307 4620 2432 4662 cum
2465 4605 2618 4677 prole
2653 4615 2866 4676 patrem
2895 4607 3050 4664 duxit
3082 4609 3135 4664 in
3172 4626 3302 4666 arva
3344 4629 3526 4670 senem
3567 4614 3732 4688 (illa,

517 4705 846 4760 Cunctorum
869 4705 1072 4774 pariter
1097 4712 1337 4774 pectore,
1369 4714 1568 4768 mente,
1595 4719 1777 4758 manu.
3427 4706 3672 4781 [Gesch].

448 4796 718 4866 Quidquid
745 4797 946 4852 habere
976 4796 1100 4850 boni
1137 4796 1334 4866 poterit
1376 4811 1529 4851 mens
1557 4795 1775 4851 conscia
1808 4794 1961 4859 recti,
2137 4787 2391 4843 Continet
2414 4788 2532 4845 haec
2557 4787 2772 4845 Genesis
2794 4791 2999 4861 pariter
3023 4791 3164 4847 liber
3187 4795 3368 4850 omnia
3392 4799 3622 4866 primus,

517 4889 664 4944 Illius
692 4889 796 4944 hoc
821 4895 994 4944 totum
1021 4888 1195 4958 gratia
1226 4903 1437 4943 summa
1463 4887 1631 4943 dedit.
2209 4881 2392 4953 Usque
2416 4881 2519 4938 fuit
2544 4882 2745 4955 Joscph
2775 4886 2966 4941 mortis
2989 4903 3174 4942 amara
3203 4889 3338 4944 dies.

443 4979 588 5035 Inter
612 4995 734 5050 qua:
757 4980 1022 5050 siquidem
1049 4987 1174 5035 sunt
1207 4979 1444 5034 maxima
1472 4977 1610 5032 dona
1637 4979 1924 5042 librorum,
2135 4970 2265 5029 Post
2285 4974 2440 5044 cujus
2469 4985 2697 5031 mortem
2728 4976 2942 5033 Pharao
2973 4995 3068 5034 rex
3096 4981 3296 5050 impius
3325 4983 3464 5039 alter

515 5072 615 5140 Qui
644 5073 814 5129 series
843 5087 1021 5127 rerum
1050 5080 1104 5125 et
1132 5079 1374 5140 tempora
1399 5078 1596 5125 cuncta
1626 5081 1851 5135 canunt,
2211 5065 2472 5136 Imposuit
2496 5066 2713 5122 famulis
2737 5069 2952 5125 vincula
2984 5071 3117 5126 dura
3148 5071 3264 5127 Dei.

441 5227 695 5302 billonius
718 5225 1166 5302 deprehenderat,
1192 5224 1526 5302 restituimus
1551 5239 1622 5302 ex
1664 5231 1878 5278 vetusto
1907 5224 2026 5278 cod.
2134 5234 2302 5302 ment.
2337 5227 2695 5302 BiblnCaesar
2751 5245 2875 5302 pag.
2915 5231 3018 5288 405
3057 5241 3162 5288 vet.
3213 5234 3364 5298 edit.,
3411 5252 3561 5292 nova:
3599 5255 3725 5295 vero

444 5298 873 5376 ms,‘§ali§I-Ill‘rg.
903 5298 1011 5374 Aut:
1037 5312 1142 5376 non
1174 5296 1277 5376 alia
1322 5311 1440 5350 esse
1477 5296 1711 5376 videtur,
1742 5310 1918 5376 quam
1933 5311 2030 5376 so-
2133 5309 2260 5376 tom_.
2280 5298 2461 5376 I,p_ag_.
2480 5298 2601 5376 6_l8.
2627 5299 2685 5354 In
2705 5296 3056 5376 quo'carmini
3079 5296 3375 5376 prmligitur
3403 5307 3590 5364 titulus
3620 5328 3631 5361 :
3659 5307 3727 5364 In

443 5385 536 5422 ror
561 5369 645 5421 illa
678 5364 862 5440 Gislre,
891 5364 1042 5440 cujus
1069 5366 1326 5440 Alcuinus
1353 5367 1597 5440 meminit
1623 5366 1677 5418 in
1713 5366 1868 5433 epist.
1899 5366 2021 5419 1‘27.
2129 5370 2296 5436 capite
2327 5364 2648 5425 (Bibliotheca:
2690 5364 2754 5426 αὖ
2787 5373 3007 5428 Alcuino
3039 5364 3186 5440 editi,
3217 5364 3726 5440 subintelligemlum

444 5440 563 5493 Vill.
583 5437 776 5514 ἐδίψη.
804 5437 995 5514 Annal.
1026 5448 1156 5491 tom.
1183 5437 1246 5502 Il,
1277 5452 1398 5509 pag.
1430 5436 1555 5491 3‘27.
2132 5441 2230 5494 abs
2276 5441 2439 5514 dubio
2483 5445 2879 5514 substantivum
2930 5446 3135 5514 plurale
3171 5436 3183 5500 ἐ
3231 5444 3441 5502 Versus.
3491 5436 3724 5506 Nomine

514 5523 540 5590 ς
581 5510 753 5590 ξερξςη
782 5507 1262 5590 deduetusemore.
1360 5507 1369 5509 ⁷
2133 5525 2262 5590 vero
2313 5513 2650 5590 bibliothecae
2699 5515 2788 5569 hic
2835 5507 3172 5590 signiﬁcatur
3215 5517 3483 5590 integrum
3525 5536 3724 5590 corpus

513 5580 542 5622 b
581 5580 747 5657 Edit,
773 5578 930 5632 simul
953 5579 1085 5648 geri,
1110 5578 1256 5657 nullo
1285 5592 1466 5633 sensu.
1593 5656 1596 5657 ν
1683 5655 1688 5657 Α
1808 5648 1822 5657 _
2131 5584 2299 5657 totius
2318 5583 2615 5654 Scriptum:
2633 5599 2804 5642 sacra}
2824 5578 2946 5642 cuin
2977 5586 3205 5657 Veteris,
3233 5578 3358 5645 tum,
3371 5587 3507 5646 Novi
3532 5578 3723 5648 Testa-

514 5663 536 5689 ο
581 5651 692 5705 Hoc
718 5665 938 5703 carmen
967 5665 1029 5703 ex
1056 5649 1244 5703 codice
1273 5665 1375 5703 ms.
1417 5655 1733 5718 pervetusto
1757 5648 1824 5702 ad
1851 5665 2026 5704 arvum
2131 5654 2322 5708 menti.

442 5723 617 5776 Caroli
649 5720 824 5796 Magni
857 5728 1019 5796 atque
1049 5720 1386 5796 adeohipsius
1420 5722 1584 5796 etiam
1613 5719 1824 5796 Alcuiqi
1863 5721 2028 5796 perti-
2202 5723 2228 5762 ἀ
2267 5724 2322 5796 Id
2357 5733 2459 5789 est,
2489 5726 2826 5796 septuaginta
2858 5726 2984 5784 duo.

442 5803 622 5868 neum.
652 5793 965 5868 quiexstat
994 5790 1047 5868 i_n
1080 5790 1411 5868 Bibliotheca
1435 5790 1706 5868 Caesarea
1758 5790 2030 5868 Κῆρυξ-οἰκ)-
2209 5807 2231 5833 ο
2273 5794 2397 5863 Ms.,
2437 5806 2485 5850 et
2505 5790 2637 5868 piter
2663 5790 2910 5868 iitrlytus.

445 5867 617 5927 nensi.
640 5859 859 5920 exhibet
889 5862 1276 5916 celeberrimus
1300 5861 1617 5918 Lambecius
1643 5873 1772 5918 tom.
1802 5861 1843 5915 ll
1869 5859 2028 5920 Com-
