4112 6630
269 402 374 459 733
1261 404 1589 462 CARMINA.
1631 437 1698 446 --
1733 400 2258 464 lNSClllPTIONES
2297 407 2557 464 VARUE.
3452 408 3560 463 ’134

265 522 398 577 Post
421 523 636 577 Exodus
657 522 820 578 habet
852 519 1095 591 pmclari
1126 530 1365 589 tempora
1389 519 1572 583 Musis,
1889 523 1939 582 Α
2038 521 2191 576 Alma
2220 521 2314 577 Dei
2337 524 2572 594 genitrix
2600 524 2765 594 Virgo
2796 525 2960 581 Maria
2991 525 3109 579 fuit.

339 616 440 685 Qui
472 618 761 673 mandante
791 618 902 673 Deo
927 614 1036 672 dux
1063 615 1163 670 fuit
1191 616 1243 670 in
1278 616 1496 686 pupula,
1963 613 2230 671 Paciﬁcus
2258 626 2382 687 post
2405 633 2488 687 qui
2513 634 2564 672 m
2593 616 2852 674 Salomon
2891 618 2910 657 ί
2945 634 3110 688 regna
3138 616 3376 686 regebat,

265 705 508 766 Fortiter
529 710 766 765 educens
787 707 1006 780 [Egypti
1036 709 1104 762 de
1125 716 1284 779 gente
1308 707 1564 777 maligna,
2032 708 2136 776 Qui
2169 711 2446 765 construiti
2503 725 2672 765 ovans
2697 711 2890 780 templa
2933 719 3147 766 sacrata
3178 709 3289 764 Deo
3323 725 3337 763 :

337 802 551 876 Perque
578 804 768 859 decem
793 801 997 872 plagas,
1039 801 1253 872 agmina
1280 809 1464 854 sancta
1495 798 1614 865 Dei,
1960 803 2018 858 ln
2055 809 2182 857 nato
2210 801 2365 871 cujus
2390 801 2666 857 ﬁnduntur
2687 804 2898 858 viscera
2927 803 3100 872 regni,

266 893 392 965 Egit
422 895 526 951 iter
545 895 772 967 populus
801 893 962 949 siccis
995 907 1093 963 per
1115 907 1334 962 aequora
1359 890 1574 961 plantis,
2033 897 2101 952 Et
2127 895 2318 951 Jndam
2351 903 2562 951 tantum
2592 897 2709 952 Rex
2736 896 2977 952 Bonnam
3009 896 3201 951 tenuit.

340 985 641 1040 Cantantes
669 985 898 1040 Domino
921 983 1160 1049 carmina
1185 981 1406 1036 ιέῐειίῑίωο
1905 1034 1914 1042 .
1961 988 2139 1044 Induit
2178 986 2503 1043 Hieroboam
2536 987 2796 1043 Samaria:
2827 996 3113 1043 stemmate
3141 1000 3340 1057 parvus
3377 987 3404 1026 ⁸

267 1079 434 1150 2ω
457 1077 596 1133 Hinc
617 1079 742 1133 data
770 1085 854 1130 lex
885 1075 1060 1131 fuerat
1087 1074 1236 1129 Sinai
1262 1074 1329 1129 de
1352 1072 1553 1128 vertice
1579 1071 1752 1138 celso,
2034 1078 2136 1147 Qui
2165 1095 2355 1150 regum
2383 1079 2591 1149 primus
2620 1079 2858 1134 excoluit
2878 1079 3095 1133 vitulos.

338 1167 398 1222 In
428 1166 624 1222 tabulis
663 1175 852 1220 sancto
875 1165 1076 1234 scripta
1105 1163 1202 1218 Dei
1231 1163 1434 1232 digito;

1964 1169 2102 1225 Hinc
2133 1170 2235 1224 sibi
2266 1185 2430 1241 regna
2457 1169 2564 1224 duo
2591 1169 2809 1225 fuerunt
2843 1169 3118 1226 contraria
3147 1183 3384 1240 semper,

267 1259 444 1328 Quam
470 1259 641 1315 turbis
666 1259 870 1321 retulit,
905 1256 1239 1313 descendens
1269 1256 1472 1311 vertice
1496 1255 1719 1320 montis,
2031 1266 2100 1320 Et
2133 1263 2332 1319 frmi-es
2356 1264 2499 1319 inter
2527 1263 2666 1319 bella
2699 1263 2850 1320 fuere
2879 1271 3005 1318 rea:

338 1351 578 1408 cornuta
603 1349 740 1406 facie
772 1349 962 1420 legifer
988 1350 1102 1419 ipse
1137 1351 1281 1419 pius.
1965 1355 2058 1412 Sic
2081 1372 2267 1427 regum
2298 1355 2468 1412 series
2490 1371 2590 1426 per
2615 1363 2858 1425 tempora
2888 1356 3043 1424 leuga
3067 1354 3329 1420 cucurrit,

267 1443 455 1513 Longa
478 1441 696 1512 quidem
720 1441 932 1512 populis
957 1454 983 1482 ει
1009 1441 1096 1496 vix
1121 1456 1219 1510 per
1245 1441 1456 1496 deserta
1478 1445 1788 1510 vagantem.

1614 1445 1788 1494 nicm-
2034 1449 2153 1503 Prae
2183 1449 2366 1504 multis
2393 1448 2658 1505 scelerum
2685 1449 2846 1503 noxia
2877 1448 3200 1503 criminibus
3227 1466 3238 1501 :

340 1533 587 1588 Condere
613 1532 935 1602 Ρτωθίρίθηε
959 1531 1097 1585 ama
1125 1538 1312 1586 sane“
1341 1529 1472 1584 Deo-
1963 1541 2148 1596 Donec
2166 1542 2220 1596 in
2251 1549 2507 1597 externas
2529 1540 2759 1612 populus
2784 1556 2906 1596 cum
2936 1541 3178 1610 principe
3207 1548 3398 1612 gentes

267 1626 404 1682 Cum
437 1624 660 1690 mensis,
689 1624 857 1688 vasis,
891 1622 1090 1678 tabulis
1116 1622 1275 1678 simul
1303 1630 1466 1692 atque
1493 1621 1754 1686 lucernis,
2036 1634 2240 1688 Ductus
2265 1640 2400 1696 erat,
2429 1648 2622 1703 pugnas
2643 1631 2866 1701 jamque
2891 1632 3039 1686 luere
3069 1649 3218 1687 suas.

340 1720 651 1788 Sanctaque
675 1717 1022 1782 Sanctorum,
1049 1731 1155 1787 quo
1181 1715 1284 1771 fuit
1310 1731 1435 1770 arca
1459 1715 1575 1770 Dei.

1966 1724 2210 1793 Quatuor
2237 1724 2356 1778 lucc
2388 1723 2546 1778 libris
2571 1723 2898 1778 clauduntur
2926 1730 3164 1792 tempora
3198 1721 3419 1791 Regum.

265 1812 397 1870 Inde
424 1809 767 1868 sacerdotum
795 1807 1056 1864 describit
1083 1809 1136 1862 in
1167 1806 1357 1863 ordine
1385 1805 1585 1871 cuiius.
1891 1870 1936 1886 ﬁ
2035 1817 2179 1872 Urbs
2206 1817 2346 1886 perit
2369 1831 2542 1886 usque
2571 1830 2748 1879 sacra,
2776 1830 2871 1868 rex
2899 1814 3056 1869 simul
3084 1823 3135 1868 ei
3164 1813 3409 1883 populus.

339 1905 417 1961 Ac
442 1902 741 1958 Levitarum
769 1901 964 1957 tertius
991 1901 1106 1970 ipse
1125 1900 1285 1964 liber,
1571 1870 1575 1871 ν
1889 1870 1936 1931 Β
1961 1957 1963 1962 λ

1889 1870 1936 1931 Β
1961 1909 2089 1964 inde
2122 1870 2507 1979 Prophetarum
2533 1906 2796 1979 praeclara
2827 1905 3103 1960 volumina
3143 1913 3413 1968 constant,

268 1997 538 2067 Tempora
565 2003 883 2051 sanctorum
913 1993 1188 2049 currentia
1210 1991 1346 2048 festa
1375 1990 1608 2056 dierum,
2031 1998 2303 2056 Venturos
2329 1998 2557 2064 Christi,
2584 2014 2704 2068 quce
2735 2000 2986 2054 cecinere
3014 1998 3162 2062 dies;

342 2092 409 2147 Et
437 2099 616 2145 vestes
640 2087 822 2144 Aaron
847 2087 1275 2160 progeniemque
1307 2098 1538 2140 sacram.
1961 2090 2278 2145 Nominibus
2305 2088 2542 2160 propriis
2564 2089 2654 2158 qui
2685 2098 2812 2145 sunt
2835 2088 2919 2143 bis
2946 2097 3070 2143 octo
3098 2087 3286 2153 libelli,

270 2181 542 2240 Scribitur
571 2181 625 2237 in
654 2189 850 2252 quarto
885 2179 1244 2234 Numerorum
1272 2176 1538 2248 mysticus
1562 2173 1718 2240 ordo,
2033 2178 2320 2233 Hieremia:
2342 2175 2471 2232 hinc
2495 2177 2728 2246 gemitus
2752 2193 2852 2250 pro
2873 2177 3039 2234 Josua
3061 2186 3116 2234 et
3139 2177 3357 2250 populo.

339 2274 446 2329 Per
475 2273 652 2329 tribus
673 2281 730 2327 et
759 2281 968 2326 turmas
991 2284 1200 2325 summa
1230 2267 1326 2324 Dei
1353 2266 1573 2338 populo.
1961 2271 2224 2343 Hymnica
2249 2268 2573 2326 Psalterium
2603 2280 2817 2327 constat
2847 2287 2943 2342 per
2975 2273 3214 2327 carmina
3249 2279 3445 2336 tomus,

271 2363 497 2436 Hystica
534 2361 631 2418 sed
656 2360 877 2416 Balaam
901 2360 1134 2416 senioris
1158 2359 1323 2414 verba
1345 2357 1621 2428 prophetae
2031 2363 2164 2432 Quae
2193 2363 2394 2420 cecinit
2426 2362 2628 2419 Christi
2661 2380 2753 2419 rex
2783 2373 2942 2436 pater
2965 2365 3079 2434 ipse
3104 2363 3295 2419 David.
3346 2423 3354 2430 _

341 2455 480 2512 Vera
504 2469 706 2511 canens
731 2454 956 2522 quinam
984 2451 1217 2523 Plurima
1251 2447 1584 2520 Pmecmii-
1962 2455 2100 2512 Tres
2125 2455 2374 2512 Salomon
2409 2457 2578 2512 libros
2602 2456 2866 2511 mirabilis
2894 2457 3066 2511 edidit
3089 2464 3296 2520 auctor,

269 2549 512 2618 Quatuor
537 2547 664 2604 hinc
691 2546 871 2603 decies
895 2562 994 2618 per
1019 2553 1173 2601 vasta
1199 2543 1413 2600 silentia
1441 2542 1652 2607 mundi,
2033 2547 2130 2604 His
2160 2548 2268 2604 duo
2288 2547 2594 2619 junguntur
2611 2564 2708 2618 per
2744 2548 3060 2619 paradigma
3089 2548 3208 2603 libri
3234 2563 3247 2611 ;

340 2641 556 2698 Erravit
578 2640 770 2696 sitiens
797 2638 952 2711 plebs
976 2637 1225 2695 maleﬁda
1253 2638 1386 2693 Deo.
1963 2639 2206 2708 Quorum
2232 2642 2431 2711 quippe
2458 2642 2608 2712 prior
2640 2640 2910 2714 Sapientia
2935 2640 3134 2697 dicitur
3157 2641 3320 2706 alma,

270 2738 386 2792 Dux
411 2742 637 2791 renovat
654 2735 828 2806 legem
859 2731 890 2774 ιι
915 2733 1074 2789 dictis
1099 2729 1443 2788 mordacibus
1462 2731 1681 2798 almam,
2033 2733 2267 2788 Notatur
2289 2731 2418 2788 Jesu
2456 2735 2674 2788 nomine
2700 2734 2972 2804 posterior

339 2829 590 2898 Dumque
614 2827 758 2883 diem
791 2835 984 2883 mortis
1009 2825 1178 2881 sensit
1211 2825 1401 2880 adesse
1423 2823 1546 2878 sibi.
1963 2825 2103 2882 Hinc
2137 2823 2633 2897 Paralipomenonis
2664 2827 2818 2882 adest
2848 2842 3004 2882 sacer
3030 2826 3120 2884 ille
3145 2825 3379 2891 libellus,

270 2918 384 2976 Hoc
411 2928 561 2975 tenet
588 2919 806 2991 egregio
835 2918 1058 2988 quintus
1087 2931 1336 2973 sermone
1361 2914 1590 2978 libellus,
2036 2919 2139 2989 Qui
2166 2919 2370 2974 veteris
2395 2916 2556 2987 chis
2584 2918 2784 2974 dicitur
2811 2919 3043 2988 epilomc

333 3010 396 3067 In
425 3019 660 3066 mentem
698 3025 960 3066 revocans
987 3008 1128 3065 dona
1159 3008 1252 3062 Dei
1282 3006 1498 3077 populo.
1964 3012 2104 3068 liinc
2130 3010 2304 3076 Ezrw,
2333 3009 2598 3076 Nehmim,
2623 3010 2835 3075 Judith,
2865 3009 3152 3081 Hesterque
3179 3007 3377 3072 libelli;

267 3103 374 3162 Per
401 3104 618 3160 deserta
649 3119 852 3174 negans
887 3102 1175 3159 Dominum
1215 3102 1358 3173 perit
1393 3099 1638 3170 improba
1679 3100 1836 3156 turba
2035 3105 2190 3162 Tunc
2215 3104 2392 3161 Tobiae
2428 3105 2623 3175 pietas,
2649 3103 2892 3175 angelus,
2921 3111 3094 3168 actus,
3134 3104 3258 3157 iter.

338 3196 419 3252 Ac
441 3195 733 3301 mandante
759 3195 869 3302 Deo
891 3193 1083 3302 legifer
1108 3194 1282 3302 almus
1310 3204 1332 3233 ο
1367 3193 1505 3300 obit:
1883 3239 1931 3302 α
1962 3197 2169 3302 inclyta
2199 3214 2327 3253 nam
2361 3197 2506 3253 binis
2529 3197 2840 3302 dlachabwa
2867 3196 3006 3252 bella
3033 3196 3229 3302 libellis

263 3289 434 3346 Iosue
459 3289 717 3355 surrexit,
751 3289 939 3346 turbas
967 3289 1075 3344 dux
1108 3287 1342 3360 inclytus
1369 3287 1536 3343 armis
1887 3287 1931 3302 "
2036 3293 2385 3359 Scribuntur,
2415 3292 2575 3349 vietis
2601 3293 2852 3364 gentibus
2879 3299 2933 3348 cl
2958 3291 3188 3363 populis.

338 3380 604 3438 lnducens
627 3381 884 3452 patriam,
912 3395 1074 3450 quam
1105 3380 1248 3436 Deus
1276 3380 1391 3450 ipse
1418 3379 1568 3436 dedit
1595 3395 1610 3433 :

1962 3387 2090 3442 ﬂmc
2115 3395 2199 3442 est
2228 3394 2416 3443 sancta
2450 3385 2669 3456 quidem
2695 3385 2856 3456 Legis
2884 3385 3168 3457 Scriptura
3193 3383 3452 3451 Vctustaz,

265 3471 506 3530 Plurima
537 3472 630 3543 qni
661 3473 828 3544 gessit
854 3471 1130 3544 prmclaris
1164 3471 1304 3526 bella
1334 3470 1643 3543 triumphis,
2032 3476 2240 3532 Divinis
2269 3486 2384 3532 tota
2415 3492 2536 3547 qua:
2567 3477 2739 3531 titulis
2770 3477 2995 3532 redolet.

348 3566 676 3638 Dispergens
702 3565 728 3606 ά
760 3575 950 3638 gentes
974 3563 1256 3621 Cananeas
1279 3565 1490 3636 gladio;
1961 3569 2231 3639 Tempora
2259 3569 2515 3640 Baptistm
2538 3569 2833 3624 decurrens
2861 3584 3031 3639 usque
3060 3567 3304 3634 Joannis,

265 3657 373 3714 Per
392 3657 567 3714 tribus
593 3665 647 3714 et
667 3665 861 3724 sortes,
891 3672 989 3729 per
1012 3657 1230 3713 nomina
1256 3656 1401 3713 clara
1429 3665 1715 3728 parentum
2034 3658 2267 3714 Sanctus
2299 3657 2571 3730 Evangelii
2605 3659 2732 3713 hinc
2760 3659 3066 3714 celebratur
3095 3659 3300 3725 honor;

340 3748 544 3822 Inclyta
568 3749 900 3806 distribuens
927 3763 1092 3821 regna
1119 3749 1216 3805 Dei
1241 3748 1474 3820 pupulo;
1961 3747 2022 3805 In
2047 3757 2326 3820 quotecta
2353 3749 2443 3802 diu
2470 3763 2754 3805 sacrorum
2782 3756 2931 3821 gesta
2958 3749 3242 3814 librorum,

266 3841 432 3911 Cujus
459 3850 609 3913 gesta
633 3849 780 3899 tenet
799 3841 912 3913 jam
941 3851 1128 3897 sextus
1149 3841 1204 3896 in
1225 3841 1416 3897 ordine
1447 3849 1645 3907 tomus,
2033 3839 2090 3893 In
2114 3837 2318 3894 Christi
2347 3839 2579 3894 adventu
2604 3840 2718 3910 jam
2747 3847 2991 3895 reserata
3021 3848 3232 3910 patent,

338 3934 707 3990 Praatitulatus
731 3935 877 3991 enim
901 3935 1119 3990 nomine
1143 3949 1377 4004 namque
1409 3949 1532 3990 suo.
1966 3929 2051 3992 Et,
2083 3931 2334 3987 veniente
2357 3931 2469 3987 Deo
2494 3932 2773 4004 prmclara:
2798 3931 2934 3988 lucis
2963 3933 3016 3987 in
3043 3931 3258 3996 orbem,

266 4027 397 4084 Post
425 4035 656 4083 mortem
686 4026 841 4098 cujus
872 4027 1105 4100 populus
1132 4044 1257 4083 eum
1284 4036 1528 4099 tempore
1558 4028 1750 4094 multo,
2040 4020 2370 4078 Umbrarum
2399 4024 2637 4080 tenebrae
2667 4039 2792 4080 mox
2815 4025 2998 4082 abiere
3028 4023 3216 4095 procul
3243 4037 3258 4076 :

344 4121 527 4193 Usque
551 4121 668 4177 dies
696 4120 868 4189 Sauli,
897 4121 1180 4177 Judicibus
1207 4121 1434 4193 regitur,
1963 4109 2105 4167 llinc
2134 4115 2399 4188 quadriga
2426 4113 2546 4180 Dei,
2569 4114 2834 4170 cherubin
2863 4114 3175 4179 comitante,
3208 4111 3439 4184 refulget

266 4215 511 4283 Quorum
534 4225 705 4286 gesta,
727 4229 916 4286 genus,
935 4223 1163 4284 tempus,
1181 4213 1322 4278 loca,
1345 4213 1503 4277 bella,
1534 4213 1859 4284 triumphos,
2038 4210 2169 4278 Quae
2197 4207 2400 4263 Christi
2429 4207 2482 4260 in
2513 4207 2772 4262 mundum
2800 4214 3044 4275 tempora
3074 4219 3227 4259 sacra
3255 4212 3442 4269 sonat;

340 4305 567 4361 Nomina
593 4320 828 4376 namque
858 4304 1026 4361 refert
1051 4305 1312 4375 septimus
1339 4304 1428 4358 ille
1456 4305 1622 4370 liber;
1965 4301 2271 4365 Matt/mus,
2305 4298 2541 4363 Marcus,
2581 4297 2751 4353 Lucas
2789 4298 2951 4353 simul
2977 4306 3142 4367 atque
3177 4297 3433 4361 Joannes,

268 4399 339 4454 Et
365 4398 576 4469 patiens
610 4409 634 4437 ε
663 4397 809 4454 enim
836 4397 1035 4453 librum
1057 4397 1300 4453 decurrit
1325 4398 1380 4451 in
1403 4397 1564 4452 istum
1597 4415 1608 4448 :
2037 4397 2350 4453 Scribentes
2383 4393 2587 4449 Christi
2623 4403 2773 4465 gesta
2803 4401 3018 4447 sacrata
3046 4392 3163 4446 Dei.

341 4491 514 4560 Quem
545 4489 682 4546 Ruth
712 4490 1065 4560 consequitur
1093 4489 1292 4546 femina
1329 4490 1476 4544 clara
1506 4488 1660 4545 satis.
1970 4487 2207 4545 Sanetus
2229 4486 2558 4558 Apostolicos
2587 4485 2763 4540 Lucas
2799 4485 3163 4554 descripserat
3196 4483 3378 4548 Actus,

267 4584 411 4641 Hinc
437 4584 538 4640 Job
564 4585 865 4655 intrepidus
896 4584 1018 4639 ﬁdei
1046 4584 1277 4641 bellator
1304 4585 1357 4638 in
1387 4585 1574 4650 armis,
1890 4624 1944 4684 Ι)
2040 4580 2585 4684 Dogmata,nsud.ores
2612 4585 2774 4681 atque
2795 4577 3005 4682 laboris
3032 4578 3152 4684 iter.

342 4677 685 4749 Prmsignans
708 4677 911 4734 Christi
938 4686 1180 4749 tempora
1204 4692 1358 4732 sacra
1383 4677 1500 4730 Dei.
1890 4667 1940 4684 ν
1965 4674 2056 4729 Bis
2082 4681 2288 4743 septem
2320 4669 2526 4726 Paulus
2554 4669 2835 4740 rescripsit
2865 4670 2918 4723 in
2947 4671 3139 4724 ordine
3165 4667 3376 4722 chartas

268 4769 408 4826 Hinc
433 4771 744 4825 scribuntur
764 4771 908 4826 enim
937 4769 1202 4825 Samuelis
1225 4779 1375 4840 gesta
1401 4770 1695 4840 prophetae,
2038 4763 2349 4835 Discipulis,
2380 4776 2482 4817 nec
2521 4777 2627 4815 non
2665 4760 2894 4816 urbibus
2925 4769 2981 4815 et
3009 4759 3220 4830 populis
3252 4777 3264 4812 :

341 4861 579 4932 Saulque
603 4861 879 4918 Philistum
901 4862 992 4932 qui
1019 4861 1160 4931 perit
1189 4877 1319 4916 ense
1346 4860 1462 4916 l'cro
1490 4881 1502 4916 :
1963 4857 2008 4912 Α
2035 4856 2264 4911 1)οωίηο
2289 4854 2496 4909 electus
2521 4852 2774 4922 specialis
2806 4852 2859 4904 in
2884 4851 3014 4905 orbe
3055 4850 3334 4920 magister,

266 4954 514 5010 Israelita
534 4963 726 5026 potens
753 4955 944 5025 primis
969 4954 1176 5010 electus
1206 4956 1275 5010 ab
1301 4955 1478 5018 annis,
2033 4947 2299 5004 Gentibus
2330 4945 2631 5000 innumeris
2663 4944 2915 5014 dogmata
2945 4957 3099 4997 sacra
3127 4940 3330 4996 ferens.

337 5044 470 5101 Post
495 5061 656 5116 quem
682 5045 913 5101 detinuit
939 5061 1103 5116 regna
1127 5046 1284 5100 beata
1313 5045 1500 5109 David,
1963 5040 2102 5095 Hinc
2129 5037 2380 5101 Iacobus,
2414 5035 2628 5100 Petrus,
2651 5033 2826 5089 Iudas
2851 5033 3010 5089 simul
3041 5040 3204 5103 atque
3229 5032 3462 5087 Joannes

267 5134 534 5209 Hymnica
563 5137 657 5208 qui
684 5137 883 5193 cecinit
906 5137 1245 5193 Psalmorum
1273 5137 1516 5191 carmina
1542 5143 1714 5200 vates,
2035 5131 2318 5202 Scripsere
2346 5128 2515 5183 titulis
2545 5127 2772 5198 mystica
2801 5126 2967 5181 verba
2996 5124 3190 5180 sacris.

339 5228 686 5284 Prtetitulans
710 5227 912 5284 Christi
938 5236 1205 5300 tempora,
1233 5236 1408 5300 gesta,
1437 5227 1577 5282 diem
1607 5243 1620 5280 :
1965 5224 2066 5278 llic
2089 5223 2250 5278 etiam
2275 5220 2509 5276 recnbus
2542 5220 2708 5274 divini
2732 5218 2968 5289 pectoris
2998 5217 3191 5282 almus,

271 5319 492 5377 Semine
522 5319 588 5377 de
613 5318 766 5390 cujus
789 5319 955 5386 regali
986 5326 1273 5376 stemmate
1299 5317 1426 5376 felix
2036 5313 2199 5369 Exsul
2231 5312 2300 5367 ab
2325 5312 2562 5367 humano
2587 5309 2877 5378 expellitur
2901 5307 3032 5362 orbe
3058 5306 3209 5376 pius;

347 5468 374 5495 ι
413 5453 576 5510 Forte
599 5453 731 5524 leg.,
772 5453 1041 5525 populum.
1967 5448 2379 5525 Heptateuclius,
2424 5461 2518 5525 seu
2557 5456 2736 5525 tomus
2765 5443 2980 5525 primus
3019 5437 3552 5525 sacrorum‘B'ibliof

343 5526 374 5566 Β
411 5510 908 5582 Deuterorioiniriin.
1968 5510 2084 5574 rum
2135 5510 2419 5575 continens
2472 5510 2893 5570 Pcntateuchum
2952 5528 3044 5567 seu
3095 5511 3332 5582 quinque
3382 5510 3550 5582 libros

347 5606 370 5667 ὲ
411 5579 598 5663 idest,
619 5579 860 5667 ibioyfses.
1965 5591 2165 5667 illoysis
2189 5589 2456 5667 duosque
2495 5593 2801 5657 sequentes,
2837 5583 3000 5667 Josue
3030 5579 3395 5667 Δ(διλιιιὸἰίιυῐιι.
3424 5579 3548 5637 Vid.

344 5666 372 5707 ἀ
412 5653 913 5739 Μεηὰἱερεῖᾴεηεη
1008 5737 1016 5739 _
1211 5733 1224 5739 _
1317 5733 1331 5739 _
1470 5733 1484 5739 _
1548 5732 1558 5739 _
1822 5730 1856 5739 __
1965 5653 2389 5739 GlossariumD'.
2419 5653 2692 5729 Ducange,
2719 5672 2872 5720 voce,
2907 5653 3234 5723 Heptaticus.

349 5748 373 5777 ο
409 5738 478 5793 Et
505 5730 730 5809 patiens.
768 5737 1063 5809 Lambecio
1096 5733 1427 5809 praelaudato
1470 5732 1628 5809 hujus
1677 5730 1858 5809 mendi
2041 5731 2065 5809 ξ
2105 5731 2214 5809 με.
2244 5731 2390 5793 add.,
2426 5745 2534 5781 rem.

269 5801 575 5882 emendaiio
620 5811 801 5882 ignota
850 5808 972 5882 fuit.
1005 5801 1116 5882 Abs
1159 5805 1322 5860 dubio
1354 5813 1542 5882 tamen
1575 5802 1859 5882 legendum
2040 5804 2066 5843 ⁸
2105 5801 2288 5867 Forte,
2319 5817 2529 5871 pravus.

267 5889 356 5938 est
381 5875 666 5955 Eptaticus'
703 5896 798 5937 seu
851 5878 1178 5950 Heptaticus,
1227 5876 1370 5946 quod
1421 5875 1561 5931 idem
1613 5879 1769 5930 sonat
1796 5887 1861 5926 ac
