  <div class='ocr_page' id='page_1' title='image "/cluster/home/n/w/nwhite01/storage/ocr_20150623/101/umn.31951002477394h/381.png"; bbox 0 0 4112 6608; ppageno 0'>
   <div class='ocr_carea' id='block_1_1' title="bbox 510 316 614 372">
    <p class='ocr_par' dir='ltr' id='par_1_1' title="bbox 510 316 614 372">
     <span class='ocr_line' id='line_1_1' title="bbox 510 316 614 372; baseline 0.019 -2"><span class='ocrx_word' id='word_1_1' title='bbox 510 316 614 372; x_wconf 73' lang='grc'><strong>755</strong></span> 
     </span>
    </p>
   </div>
   <div class='ocr_carea' id='block_1_2' title="bbox 505 431 1832 504">
    <p class='ocr_par' dir='ltr' id='par_1_2' title="bbox 505 431 1832 504">
     <span class='ocr_line' id='line_1_2' title="bbox 505 431 1832 504; baseline 0.001 -17"><span class='ocrx_word' id='word_1_2' title='bbox 505 432 853 504; x_wconf 74' lang='lat' dir='ltr'><strong>Plurimaque</strong></span> <span class='ocrx_word' id='word_1_3' title='bbox 889 447 1118 488; x_wconf 82' lang='lat' dir='ltr'><strong>cernens</strong></span> <span class='ocrx_word' id='word_1_4' title='bbox 1155 431 1330 488; x_wconf 79' lang='lat' dir='ltr'><strong>saeclis</strong></span> <span class='ocrx_word' id='word_1_5' title='bbox 1350 441 1579 488; x_wconf 90' lang='lat' dir='ltr'><strong>ventura</strong></span> <span class='ocrx_word' id='word_1_6' title='bbox 1609 433 1832 499; x_wconf 84' lang='lat' dir='ltr'><strong>futuris,</strong></span> 
     </span>
    </p>
   </div>
   <div class='ocr_carea' id='block_1_3' title="bbox 577 525 1830 597">
    <p class='ocr_par' dir='ltr' id='par_1_3' title="bbox 577 525 1830 597">
     <span class='ocr_line' id='line_1_3' title="bbox 577 525 1830 597; baseline -0.001 -18"><span class='ocrx_word' id='word_1_7' title='bbox 577 526 708 593; x_wconf 66' lang='lat' dir='ltr'><strong>Qua:</strong></span> <span class='ocrx_word' id='word_1_8' title='bbox 736 526 808 580; x_wconf 88' lang='lat' dir='ltr'><strong>sit</strong></span> <span class='ocrx_word' id='word_1_9' title='bbox 838 541 994 597; x_wconf 73' lang='lat' dir='ltr'><strong>pmna</strong></span> <span class='ocrx_word' id='word_1_10' title='bbox 1026 525 1203 591; x_wconf 89' lang='lat' dir='ltr'><strong>malis,</strong></span> <span class='ocrx_word' id='word_1_11' title='bbox 1234 526 1404 597; x_wconf 79' lang='lat' dir='ltr'><strong>gloria</strong></span> <span class='ocrx_word' id='word_1_12' title='bbox 1440 540 1627 596; x_wconf 69' lang='lat' dir='ltr'><strong>quaave</strong></span> <span class='ocrx_word' id='word_1_13' title='bbox 1652 526 1830 581; x_wconf 81' lang='lat' dir='ltr'><strong>bonis.</strong></span> 
     </span>
    </p>
   </div>
   <div class='ocr_carea' id='block_1_4' title="bbox 508 615 1952 686">
    <p class='ocr_par' dir='ltr' id='par_1_4' title="bbox 508 615 1952 686">
     <span class='ocr_line' id='line_1_4' title="bbox 508 615 1952 686; baseline -0.001 -15"><span class='ocrx_word' id='word_1_14' title='bbox 508 615 607 672; x_wconf 88' lang='lat' dir='ltr'><strong>IIie</strong></span> <span class='ocrx_word' id='word_1_15' title='bbox 636 617 772 672; x_wconf 89' lang='lat' dir='ltr'><strong>liber</strong></span> <span class='ocrx_word' id='word_1_16' title='bbox 801 624 1077 673; x_wconf 89' lang='lat' dir='ltr'><strong>extremus</strong></span> <span class='ocrx_word' id='word_1_17' title='bbox 1106 617 1400 686; x_wconf 64' lang='lat' dir='ltr'><strong>Scriptura:</strong></span> <span class='ocrx_word' id='word_1_18' title='bbox 1427 617 1745 672; x_wconf 78' lang='lat' dir='ltr'><strong>inscribitur</strong></span> <span class='ocrx_word' id='word_1_19' title='bbox 1774 616 1952 683; x_wconf 61' lang='lat' dir='ltr'><strong>alma},</strong></span> 
     </span>
    </p>
   </div>
   <div class='ocr_carea' id='block_1_5' title="bbox 578 708 1596 780">
    <p class='ocr_par' dir='ltr' id='par_1_5' title="bbox 578 708 1596 780">
     <span class='ocr_line' id='line_1_5' title="bbox 578 708 1596 780; baseline -0.003 -16"><span class='ocrx_word' id='word_1_20' title='bbox 578 709 786 766; x_wconf 87' lang='lat' dir='ltr'><strong>Divinis</strong></span> <span class='ocrx_word' id='word_1_21' title='bbox 815 716 958 765; x_wconf 91' lang='lat' dir='ltr'><strong>totus</strong></span> <span class='ocrx_word' id='word_1_22' title='bbox 986 710 1256 780; x_wconf 78' lang='lat' dir='ltr'><strong>mysteriis</strong></span> <span class='ocrx_word' id='word_1_23' title='bbox 1294 708 1543 764; x_wconf 89' lang='lat' dir='ltr'><strong>redolens</strong></span> <span class='ocrx_word' id='word_1_24' title='bbox 1570 720 1596 749; x_wconf 79' lang='grc' dir='ltr'><strong>ι</strong></span> 
     </span>
    </p>
   </div>
   <div class='ocr_carea' id='block_1_6' title="bbox 506 799 1841 872">
    <p class='ocr_par' dir='ltr' id='par_1_6' title="bbox 506 799 1841 872">
     <span class='ocr_line' id='line_1_6' title="bbox 506 799 1841 872; baseline -0.003 -14"><span class='ocrx_word' id='word_1_25' title='bbox 506 800 634 859; x_wconf 69' lang='lat' dir='ltr'><strong>&quot;(ee</strong></span> <span class='ocrx_word' id='word_1_26' title='bbox 659 810 783 858; x_wconf 87' lang='lat' dir='ltr'><strong>sunt</strong></span> <span class='ocrx_word' id='word_1_27' title='bbox 814 801 951 857; x_wconf 89' lang='lat' dir='ltr'><strong>dona</strong></span> <span class='ocrx_word' id='word_1_28' title='bbox 980 801 1073 855; x_wconf 93' lang='lat' dir='ltr'><strong>Dei</strong></span> <span class='ocrx_word' id='word_1_29' title='bbox 1107 801 1418 857; x_wconf 77' lang='lat' dir='ltr'><strong>ccelestibus</strong></span> <span class='ocrx_word' id='word_1_30' title='bbox 1448 800 1647 872; x_wconf 84' lang='lat' dir='ltr'><strong>inclyta</strong></span> <span class='ocrx_word' id='word_1_31' title='bbox 1670 799 1841 870; x_wconf 78' lang='lat' dir='ltr'><strong>gazis,</strong></span> 
     </span>
    </p>
   </div>
   <div class='ocr_carea' id='block_1_7' title="bbox 577 892 1595 964">
    <p class='ocr_par' dir='ltr' id='par_1_7' title="bbox 577 892 1595 964">
     <span class='ocr_line' id='line_1_7' title="bbox 577 892 1595 964; baseline -0.006 -14"><span class='ocrx_word' id='word_1_32' title='bbox 577 894 635 951; x_wconf 91' lang='lat' dir='ltr'><strong>In</strong></span> <span class='ocrx_word' id='word_1_33' title='bbox 663 895 749 950; x_wconf 89' lang='lat' dir='ltr'><strong>his</strong></span> <span class='ocrx_word' id='word_1_34' title='bbox 783 896 917 959; x_wconf 85' lang='lat' dir='ltr'><strong>vita,</strong></span> <span class='ocrx_word' id='word_1_35' title='bbox 951 894 1116 957; x_wconf 89' lang='lat' dir='ltr'><strong>salus,</strong></span> <span class='ocrx_word' id='word_1_36' title='bbox 1149 892 1344 964; x_wconf 81' lang='lat' dir='ltr'><strong>gloria,</strong></span> <span class='ocrx_word' id='word_1_37' title='bbox 1374 892 1595 948; x_wconf 78' lang='lat' dir='ltr'><strong>divitiae.</strong></span> 
     </span>
    </p>
   </div>
   <div class='ocr_carea' id='block_1_8' title="bbox 505 985 1936 1056">
    <p class='ocr_par' dir='ltr' id='par_1_8' title="bbox 505 985 1936 1056">
     <span class='ocr_line' id='line_1_8' title="bbox 505 985 1936 1056; baseline -0.004 -15"><span class='ocrx_word' id='word_1_38' title='bbox 505 985 603 1042; x_wconf 84' lang='lat' dir='ltr'><strong>His</strong></span> <span class='ocrx_word' id='word_1_39' title='bbox 633 987 750 1043; x_wconf 88' lang='lat' dir='ltr'><strong>siue</strong></span> <span class='ocrx_word' id='word_1_40' title='bbox 771 1002 930 1041; x_wconf 83' lang='lat' dir='ltr'><strong>nemo</strong></span> <span class='ocrx_word' id='word_1_41' title='bbox 959 987 1127 1040; x_wconf 89' lang='lat' dir='ltr'><strong>Deum</strong></span> <span class='ocrx_word' id='word_1_42' title='bbox 1158 985 1360 1056; x_wconf 90' lang='lat' dir='ltr'><strong>poterit</strong></span> <span class='ocrx_word' id='word_1_43' title='bbox 1383 994 1713 1054; x_wconf 73' lang='lat' dir='ltr'><strong>cognoscere</strong></span> <span class='ocrx_word' id='word_1_44' title='bbox 1750 996 1936 1043; x_wconf 84' lang='lat' dir='ltr'><strong>sensu.</strong></span> 
     </span>
    </p>
   </div>
   <div class='ocr_carea' id='block_1_9' title="bbox 579 1074 1771 1151">
    <p class='ocr_par' dir='ltr' id='par_1_9' title="bbox 579 1074 1771 1151">
     <span class='ocr_line' id='line_1_9' title="bbox 579 1074 1771 1151; baseline -0.008 -16"><span class='ocrx_word' id='word_1_45' title='bbox 579 1079 673 1136; x_wconf 87' lang='lat' dir='ltr'><strong>Vel</strong></span> <span class='ocrx_word' id='word_1_46' title='bbox 699 1088 968 1151; x_wconf 71' lang='lat' dir='ltr'><strong>prrecepta</strong></span> <span class='ocrx_word' id='word_1_47' title='bbox 999 1079 1116 1144; x_wconf 87' lang='lat' dir='ltr'><strong>Dei,</strong></span> <span class='ocrx_word' id='word_1_48' title='bbox 1148 1084 1240 1132; x_wconf 91' lang='lat' dir='ltr'><strong>aut</strong></span> <span class='ocrx_word' id='word_1_49' title='bbox 1267 1090 1433 1147; x_wconf 86' lang='lat' dir='ltr'><strong>regna</strong></span> <span class='ocrx_word' id='word_1_50' title='bbox 1455 1076 1613 1129; x_wconf 89' lang='lat' dir='ltr'><strong>beata</strong></span> <span class='ocrx_word' id='word_1_51' title='bbox 1640 1074 1771 1143; x_wconf 88' lang='lat' dir='ltr'><strong>poli.</strong></span> 
     </span>
    </p>
   </div>
   <div class='ocr_carea' id='block_1_10' title="bbox 504 1167 1836 1241">
    <p class='ocr_par' dir='ltr' id='par_1_10' title="bbox 504 1167 1836 1241">
     <span class='ocr_line' id='line_1_10' title="bbox 504 1167 1836 1241; baseline -0.005 -15"><span class='ocrx_word' id='word_1_52' title='bbox 504 1169 563 1226; x_wconf 87' lang='lat' dir='ltr'><strong>In</strong></span> <span class='ocrx_word' id='word_1_53' title='bbox 592 1169 677 1225; x_wconf 89' lang='lat' dir='ltr'><strong>his</strong></span> <span class='ocrx_word' id='word_1_54' title='bbox 703 1185 830 1226; x_wconf 87' lang='lat' dir='ltr'><strong>vera</strong></span> <span class='ocrx_word' id='word_1_55' title='bbox 859 1169 1076 1241; x_wconf 87' lang='lat' dir='ltr'><strong>quidem</strong></span> <span class='ocrx_word' id='word_1_56' title='bbox 1097 1168 1273 1238; x_wconf 72' lang='lat' dir='ltr'><strong>fulget</strong></span> <span class='ocrx_word' id='word_1_57' title='bbox 1306 1167 1569 1237; x_wconf 81' lang='lat' dir='ltr'><strong>sapientia</strong></span> <span class='ocrx_word' id='word_1_58' title='bbox 1601 1173 1836 1230; x_wconf 89' lang='lat' dir='ltr'><strong>tantum,</strong></span> 
     </span>
    </p>
   </div>
   <div class='ocr_carea' id='block_1_11' title="bbox 573 1261 1824 1331">
    <p class='ocr_par' dir='ltr' id='par_1_11' title="bbox 573 1261 1824 1331">
     <span class='ocr_line' id='line_1_11' title="bbox 573 1261 1824 1331; baseline -0.004 -12"><span class='ocrx_word' id='word_1_59' title='bbox 573 1263 631 1319; x_wconf 89' lang='lat' dir='ltr'><strong>In</strong></span> <span class='ocrx_word' id='word_1_60' title='bbox 656 1264 743 1320; x_wconf 92' lang='lat' dir='ltr'><strong>his</strong></span> <span class='ocrx_word' id='word_1_61' title='bbox 770 1264 905 1331; x_wconf 87' lang='lat' dir='ltr'><strong>laus,</strong></span> <span class='ocrx_word' id='word_1_62' title='bbox 931 1279 1162 1325; x_wconf 85' lang='lat' dir='ltr'><strong>merces,</strong></span> <span class='ocrx_word' id='word_1_63' title='bbox 1187 1261 1314 1322; x_wconf 83' lang='lat' dir='ltr'><strong>vita.</strong></span> <span class='ocrx_word' id='word_1_64' title='bbox 1345 1261 1494 1317; x_wconf 91' lang='lat' dir='ltr'><strong>salus</strong></span> <span class='ocrx_word' id='word_1_65' title='bbox 1520 1261 1824 1316; x_wconf 91' lang='lat' dir='ltr'><strong>hominum.</strong></span> 
     </span>
    </p>
   </div>
   <div class='ocr_carea' id='block_1_12' title="bbox 502 1354 1854 1420">
    <p class='ocr_par' dir='ltr' id='par_1_12' title="bbox 502 1354 1854 1420">
     <span class='ocr_line' id='line_1_12' title="bbox 502 1354 1854 1420; baseline -0.004 -8"><span class='ocrx_word' id='word_1_66' title='bbox 502 1357 600 1413; x_wconf 78' lang='lat' dir='ltr'><strong>His</strong></span> <span class='ocrx_word' id='word_1_67' title='bbox 623 1358 739 1413; x_wconf 91' lang='lat' dir='ltr'><strong>sine</strong></span> <span class='ocrx_word' id='word_1_68' title='bbox 767 1357 979 1413; x_wconf 88' lang='lat' dir='ltr'><strong>seducit</strong></span> <span class='ocrx_word' id='word_1_69' title='bbox 1003 1357 1144 1411; x_wconf 84' lang='lat' dir='ltr'><strong>male</strong></span> <span class='ocrx_word' id='word_1_70' title='bbox 1177 1355 1314 1411; x_wconf 86' lang='lat' dir='ltr'><strong>falsa</strong></span> <span class='ocrx_word' id='word_1_71' title='bbox 1338 1354 1566 1409; x_wconf 90' lang='lat' dir='ltr'><strong>scientia</strong></span> <span class='ocrx_word' id='word_1_72' title='bbox 1593 1361 1854 1420; x_wconf 89' lang='lat' dir='ltr'><strong>mentem,</strong></span> 
     </span>
    </p>
   </div>
   <div class='ocr_carea' id='block_1_13' title="bbox 575 1445 1771 1505">
    <p class='ocr_par' dir='ltr' id='par_1_13' title="bbox 575 1445 1771 1505">
     <span class='ocr_line' id='line_1_13' title="bbox 575 1445 1771 1505; baseline -0.006 -1"><span class='ocrx_word' id='word_1_73' title='bbox 575 1449 794 1504; x_wconf 87' lang='lat' dir='ltr'><strong>Discere</strong></span> <span class='ocrx_word' id='word_1_74' title='bbox 823 1465 930 1505; x_wconf 90' lang='lat' dir='ltr'><strong>non</strong></span> <span class='ocrx_word' id='word_1_75' title='bbox 966 1463 1163 1503; x_wconf 91' lang='lat' dir='ltr'><strong>curans</strong></span> <span class='ocrx_word' id='word_1_76' title='bbox 1189 1447 1352 1502; x_wconf 91' lang='lat' dir='ltr'><strong>verba</strong></span> <span class='ocrx_word' id='word_1_77' title='bbox 1385 1454 1598 1500; x_wconf 86' lang='lat' dir='ltr'><strong>sacrata</strong></span> <span class='ocrx_word' id='word_1_78' title='bbox 1626 1445 1722 1500; x_wconf 88' lang='lat' dir='ltr'><strong>Dei</strong></span> <span class='ocrx_word' id='word_1_79' title='bbox 1758 1462 1771 1497; x_wconf 92' lang='lat'>:</span> 
     </span>
    </p>
   </div>
   <div class='ocr_carea' id='block_1_14' title="bbox 501 1541 1772 1613">
    <p class='ocr_par' dir='ltr' id='par_1_14' title="bbox 501 1541 1772 1613">
     <span class='ocr_line' id='line_1_14' title="bbox 501 1541 1772 1613; baseline -0.003 -15"><span class='ocrx_word' id='word_1_80' title='bbox 501 1543 561 1598; x_wconf 82' lang='lat' dir='ltr'><strong>In</strong></span> <span class='ocrx_word' id='word_1_81' title='bbox 591 1544 788 1613; x_wconf 81' lang='lat' dir='ltr'><strong>quibus</strong></span> <span class='ocrx_word' id='word_1_82' title='bbox 818 1552 1034 1599; x_wconf 66' lang='lat' dir='ltr'><strong>aeterna:</strong></span> <span class='ocrx_word' id='word_1_83' title='bbox 1067 1558 1197 1597; x_wconf 89' lang='lat' dir='ltr'><strong>vera</strong></span> <span class='ocrx_word' id='word_1_84' title='bbox 1225 1551 1307 1596; x_wconf 88' lang='lat' dir='ltr'><strong>est</strong></span> <span class='ocrx_word' id='word_1_85' title='bbox 1335 1541 1598 1611; x_wconf 78' lang='lat' dir='ltr'><strong>sapientia</strong></span> <span class='ocrx_word' id='word_1_86' title='bbox 1624 1541 1772 1605; x_wconf 67' lang='lat' dir='ltr'><strong>vitae,</strong></span> 
     </span>
    </p>
   </div>
   <div class='ocr_carea' id='block_1_15' title="bbox 572 1631 1734 1702">
    <p class='ocr_par' dir='ltr' id='par_1_15' title="bbox 572 1631 1734 1702">
     <span class='ocr_line' id='line_1_15' title="bbox 572 1631 1734 1702; baseline -0.004 -15"><span class='ocrx_word' id='word_1_87' title='bbox 572 1632 779 1696; x_wconf 85' lang='lat' dir='ltr'><strong>Gloria,</strong></span> <span class='ocrx_word' id='word_1_88' title='bbox 803 1632 915 1697; x_wconf 85' lang='lat' dir='ltr'><strong>lux,</strong></span> <span class='ocrx_word' id='word_1_89' title='bbox 945 1635 1138 1702; x_wconf 89' lang='lat' dir='ltr'><strong>pietas,</strong></span> <span class='ocrx_word' id='word_1_90' title='bbox 1162 1640 1324 1686; x_wconf 89' lang='lat' dir='ltr'><strong>notus</strong></span> <span class='ocrx_word' id='word_1_91' title='bbox 1348 1639 1403 1685; x_wconf 91' lang='lat' dir='ltr'><strong>et</strong></span> <span class='ocrx_word' id='word_1_92' title='bbox 1427 1631 1541 1702; x_wconf 84' lang='lat' dir='ltr'><strong>ipse</strong></span> <span class='ocrx_word' id='word_1_93' title='bbox 1570 1631 1734 1686; x_wconf 84' lang='lat' dir='ltr'><strong>Deus.</strong></span> 
     </span>
    </p>
   </div>
   <div class='ocr_carea' id='block_1_16' title="bbox 502 1722 1841 1795">
    <p class='ocr_par' dir='ltr' id='par_1_16' title="bbox 502 1722 1841 1795">
     <span class='ocr_line' id='line_1_16' title="bbox 502 1722 1841 1795; baseline 0.001 -19"><span class='ocrx_word' id='word_1_94' title='bbox 502 1723 740 1794; x_wconf 90' lang='lat' dir='ltr'><strong>Quisque</strong></span> <span class='ocrx_word' id='word_1_95' title='bbox 765 1724 907 1794; x_wconf 84' lang='lat' dir='ltr'><strong>legat</strong></span> <span class='ocrx_word' id='word_1_96' title='bbox 934 1723 1093 1793; x_wconf 86' lang='lat' dir='ltr'><strong>hujus</strong></span> <span class='ocrx_word' id='word_1_97' title='bbox 1124 1733 1336 1779; x_wconf 88' lang='lat' dir='ltr'><strong>sacrato</strong></span> <span class='ocrx_word' id='word_1_98' title='bbox 1365 1723 1418 1778; x_wconf 90' lang='lat' dir='ltr'><strong>in</strong></span> <span class='ocrx_word' id='word_1_99' title='bbox 1446 1738 1671 1795; x_wconf 89' lang='lat' dir='ltr'><strong>corpore</strong></span> <span class='ocrx_word' id='word_1_100' title='bbox 1693 1722 1841 1789; x_wconf 86' lang='lat' dir='ltr'><strong>libri,</strong></span> 
     </span>
    </p>
   </div>
   <div class='ocr_carea' id='block_1_17' title="bbox 574 1814 1730 1883">
    <p class='ocr_par' dir='ltr' id='par_1_17' title="bbox 574 1814 1730 1883">
     <span class='ocr_line' id='line_1_17' title="bbox 574 1814 1730 1883; baseline 0 -16"><span class='ocrx_word' id='word_1_101' title='bbox 574 1814 767 1869; x_wconf 85' lang='lat' dir='ltr'><strong>Lector</strong></span> <span class='ocrx_word' id='word_1_102' title='bbox 795 1816 848 1869; x_wconf 89' lang='lat' dir='ltr'><strong>in</strong></span> <span class='ocrx_word' id='word_1_103' title='bbox 880 1815 1133 1880; x_wconf 88' lang='lat' dir='ltr'><strong>ecclesia,</strong></span> <span class='ocrx_word' id='word_1_104' title='bbox 1158 1815 1322 1869; x_wconf 89' lang='lat' dir='ltr'><strong>verba</strong></span> <span class='ocrx_word' id='word_1_105' title='bbox 1354 1828 1586 1883; x_wconf 79' lang='lat' dir='ltr'><strong>superna</strong></span> <span class='ocrx_word' id='word_1_106' title='bbox 1613 1814 1730 1879; x_wconf 90' lang='lat' dir='ltr'><strong>Dei,</strong></span> 
     </span>
    </p>
   </div>
   <div class='ocr_carea' id='block_1_18' title="bbox 501 1904 2095 1978">
    <p class='ocr_par' dir='ltr' id='par_1_18' title="bbox 501 1904 2095 1978">
     <span class='ocr_line' id='line_1_18' title="bbox 501 1904 2095 1978; baseline 0.001 -20"><span class='ocrx_word' id='word_1_107' title='bbox 501 1905 664 1975; x_wconf 75' lang='lat'><strong>207</strong></span> <span class='ocrx_word' id='word_1_108' title='bbox 694 1905 996 1978; x_wconf 87' lang='lat' dir='ltr'><strong>Distinguat</strong></span> <span class='ocrx_word' id='word_1_109' title='bbox 1023 1920 1234 1970; x_wconf 86' lang='lat' dir='ltr'><strong>sensus,</strong></span> <span class='ocrx_word' id='word_1_110' title='bbox 1251 1904 1462 1970; x_wconf 88' lang='lat' dir='ltr'><strong>titulos,</strong></span> <span class='ocrx_word' id='word_1_111' title='bbox 1489 1904 1628 1970; x_wconf 91' lang='lat' dir='ltr'><strong>cola,</strong></span> <span class='ocrx_word' id='word_1_112' title='bbox 1648 1914 1918 1960; x_wconf 88' lang='lat' dir='ltr'><strong>commata</strong></span> <span class='ocrx_word' id='word_1_113' title='bbox 1940 1921 2095 1970; x_wconf 87' lang='lat' dir='ltr'><strong>voce,</strong></span> 
     </span>
    </p>
   </div>
   <div class='ocr_carea' id='block_1_19' title="bbox 572 1997 2057 2072">
    <p class='ocr_par' dir='ltr' id='par_1_19' title="bbox 572 1997 2057 2072">
     <span class='ocr_line' id='line_1_19' title="bbox 572 1997 2057 2072; baseline 0.001 -20"><span class='ocrx_word' id='word_1_114' title='bbox 572 1998 730 2053; x_wconf 86' lang='lat' dir='ltr'><strong>Dicat</strong></span> <span class='ocrx_word' id='word_1_115' title='bbox 767 1997 880 2071; x_wconf 57' lang='lat' dir='ltr'><strong>[P1,</strong></span> <span class='ocrx_word' id='word_1_116' title='bbox 917 1997 1143 2072; x_wconf 87' lang='lat' dir='ltr'><strong>discat],</strong></span> <span class='ocrx_word' id='word_1_117' title='bbox 1175 2006 1234 2053; x_wconf 90' lang='lat' dir='ltr'><strong>ut</strong></span> <span class='ocrx_word' id='word_1_118' title='bbox 1263 2008 1521 2055; x_wconf 86' lang='lat' dir='ltr'><strong>accentus</strong></span> <span class='ocrx_word' id='word_1_119' title='bbox 1548 2013 1644 2054; x_wconf 91' lang='lat' dir='ltr'><strong>ore</strong></span> <span class='ocrx_word' id='word_1_120' title='bbox 1673 2014 1869 2055; x_wconf 86' lang='lat' dir='ltr'><strong>sonare</strong></span> <span class='ocrx_word' id='word_1_121' title='bbox 1899 2001 2057 2056; x_wconf 89' lang='lat' dir='ltr'><strong>sciat.</strong></span> 
     </span>
    </p>
   </div>
   <div class='ocr_carea' id='block_1_20' title="bbox 498 2087 1857 2164">
    <p class='ocr_par' dir='ltr' id='par_1_20' title="bbox 498 2087 1857 2164">
     <span class='ocr_line' id='line_1_20' title="bbox 498 2087 1857 2164; baseline 0.003 -22"><span class='ocrx_word' id='word_1_122' title='bbox 498 2087 735 2145; x_wconf 81' lang='lat' dir='ltr'><strong>Auribus</strong></span> <span class='ocrx_word' id='word_1_123' title='bbox 768 2089 1011 2146; x_wconf 70' lang='lat' dir='ltr'><strong>ecclesia:</strong></span> <span class='ocrx_word' id='word_1_124' title='bbox 1037 2099 1254 2146; x_wconf 89' lang='lat' dir='ltr'><strong>resonet</strong></span> <span class='ocrx_word' id='word_1_125' title='bbox 1279 2105 1385 2145; x_wconf 90' lang='lat' dir='ltr'><strong>vox</strong></span> <span class='ocrx_word' id='word_1_126' title='bbox 1413 2090 1595 2144; x_wconf 90' lang='lat' dir='ltr'><strong>vinula</strong></span> <span class='ocrx_word' id='word_1_127' title='bbox 1620 2090 1650 2130; x_wconf 74' lang='grc' dir='ltr'><strong>ιι</strong></span> <span class='ocrx_word' id='word_1_128' title='bbox 1680 2090 1857 2164; x_wconf 78' lang='lat' dir='ltr'><strong>longe,</strong></span> 
     </span>
    </p>
   </div>
   <div class='ocr_carea' id='block_1_21' title="bbox 571 2180 1740 2239">
    <p class='ocr_par' dir='ltr' id='par_1_21' title="bbox 571 2180 1740 2239">
     <span class='ocr_line' id='line_1_21' title="bbox 571 2180 1740 2239; baseline 0.001 -3"><span class='ocrx_word' id='word_1_129' title='bbox 571 2180 759 2236; x_wconf 89' lang='lat' dir='ltr'><strong>Omnis</strong></span> <span class='ocrx_word' id='word_1_130' title='bbox 785 2189 848 2237; x_wconf 91' lang='lat' dir='ltr'><strong>ut</strong></span> <span class='ocrx_word' id='word_1_131' title='bbox 870 2182 1088 2237; x_wconf 89' lang='lat' dir='ltr'><strong>auditor</strong></span> <span class='ocrx_word' id='word_1_132' title='bbox 1114 2183 1294 2238; x_wconf 87' lang='lat' dir='ltr'><strong>laudet</strong></span> <span class='ocrx_word' id='word_1_133' title='bbox 1326 2183 1395 2238; x_wconf 92' lang='lat' dir='ltr'><strong>ab</strong></span> <span class='ocrx_word' id='word_1_134' title='bbox 1421 2198 1515 2239; x_wconf 89' lang='lat' dir='ltr'><strong>ore</strong></span> <span class='ocrx_word' id='word_1_135' title='bbox 1547 2182 1740 2238; x_wconf 90' lang='lat' dir='ltr'><strong>Deum.</strong></span> 
     </span>
    </p>
   </div>
   <div class='ocr_carea' id='block_1_22' title="bbox 497 2274 1937 2355">
    <p class='ocr_par' dir='ltr' id='par_1_22' title="bbox 497 2274 1937 2355">
     <span class='ocr_line' id='line_1_22' title="bbox 497 2274 1937 2355; baseline 0.001 -26"><span class='ocrx_word' id='word_1_136' title='bbox 497 2274 809 2355; x_wconf 75' lang='lat' dir='ltr'><strong>Regnorum</strong></span> <span class='ocrx_word' id='word_1_137' title='bbox 838 2277 953 2346; x_wconf 87' lang='lat' dir='ltr'><strong>regi</strong></span> <span class='ocrx_word' id='word_1_138' title='bbox 976 2274 1224 2341; x_wconf 86' lang='lat' dir='ltr'><strong>Christo,</strong></span> <span class='ocrx_word' id='word_1_139' title='bbox 1255 2285 1311 2332; x_wconf 89' lang='lat' dir='ltr'><strong>et</strong></span> <span class='ocrx_word' id='word_1_140' title='bbox 1337 2276 1566 2332; x_wconf 89' lang='lat' dir='ltr'><strong>Domino</strong></span> <span class='ocrx_word' id='word_1_141' title='bbox 1594 2277 1937 2332; x_wconf 86' lang='lat' dir='ltr'><strong>dominorum</strong></span> 
     </span>
    </p>
   </div>
   <div class='ocr_carea' id='block_1_23' title="bbox 568 2366 1917 2439">
    <p class='ocr_par' dir='ltr' id='par_1_23' title="bbox 568 2366 1917 2439">
     <span class='ocr_line' id='line_1_23' title="bbox 568 2366 1917 2439; baseline 0.001 -16"><span class='ocrx_word' id='word_1_142' title='bbox 568 2366 771 2432; x_wconf 89' lang='lat' dir='ltr'><strong>Gloria,</strong></span> <span class='ocrx_word' id='word_1_143' title='bbox 806 2366 919 2433; x_wconf 78' lang='lat' dir='ltr'><strong>lux,</strong></span> <span class='ocrx_word' id='word_1_144' title='bbox 944 2368 1143 2432; x_wconf 87' lang='lat' dir='ltr'><strong>virtus,</strong></span> <span class='ocrx_word' id='word_1_145' title='bbox 1176 2368 1294 2424; x_wconf 89' lang='lat' dir='ltr'><strong>laus</strong></span> <span class='ocrx_word' id='word_1_146' title='bbox 1326 2371 1501 2425; x_wconf 87' lang='lat' dir='ltr'><strong>honor</strong></span> <span class='ocrx_word' id='word_1_147' title='bbox 1536 2377 1698 2439; x_wconf 86' lang='lat' dir='ltr'><strong>atque</strong></span> <span class='ocrx_word' id='word_1_148' title='bbox 1726 2371 1874 2425; x_wconf 90' lang='lat' dir='ltr'><strong>salus</strong></span> <span class='ocrx_word' id='word_1_149' title='bbox 1903 2388 1917 2424; x_wconf 92' lang='lat'>:</span> 
     </span>
    </p>
   </div>
   <div class='ocr_carea' id='block_1_24' title="bbox 496 2457 1983 2532">
    <p class='ocr_par' dir='ltr' id='par_1_24' title="bbox 496 2457 1983 2532">
     <span class='ocr_line' id='line_1_24' title="bbox 496 2457 1983 2532; baseline -0.001 -18"><span class='ocrx_word' id='word_1_150' title='bbox 496 2457 598 2526; x_wconf 87' lang='lat' dir='ltr'><strong>Qui</strong></span> <span class='ocrx_word' id='word_1_151' title='bbox 626 2460 765 2530; x_wconf 82' lang='lat' dir='ltr'><strong>regit</strong></span> <span class='ocrx_word' id='word_1_152' title='bbox 787 2459 1016 2529; x_wconf 90' lang='lat' dir='ltr'><strong>imperio</strong></span> <span class='ocrx_word' id='word_1_153' title='bbox 1055 2467 1279 2523; x_wconf 88' lang='lat' dir='ltr'><strong>terram,</strong></span> <span class='ocrx_word' id='word_1_154' title='bbox 1311 2460 1642 2532; x_wconf 76' lang='lat' dir='ltr'><strong>pelagusque</strong></span> <span class='ocrx_word' id='word_1_155' title='bbox 1671 2462 1983 2532; x_wconf 87' lang='lat' dir='ltr'><strong>polumque,</strong></span> 
     </span>
    </p>
   </div>
   <div class='ocr_carea' id='block_1_25' title="bbox 569 2548 2091 2622">
    <p class='ocr_par' dir='ltr' id='par_1_25' title="bbox 569 2548 2091 2622">
     <span class='ocr_line' id='line_1_25' title="bbox 569 2548 2091 2622; baseline 0.001 -17"><span class='ocrx_word' id='word_1_156' title='bbox 569 2551 671 2618; x_wconf 90' lang='lat' dir='ltr'><strong>Qui</strong></span> <span class='ocrx_word' id='word_1_157' title='bbox 702 2551 870 2606; x_wconf 91' lang='lat' dir='ltr'><strong>voluit</strong></span> <span class='ocrx_word' id='word_1_158' title='bbox 896 2552 1036 2607; x_wconf 88' lang='lat' dir='ltr'><strong>scire</strong></span> <span class='ocrx_word' id='word_1_159' title='bbox 1060 2548 1214 2622; x_wconf 79' lang='lat' dir='ltr'><strong>[Ms.,</strong></span> <span class='ocrx_word' id='word_1_160' title='bbox 1238 2550 1426 2622; x_wconf 86' lang='lat' dir='ltr'><strong>scribi]</strong></span> <span class='ocrx_word' id='word_1_161' title='bbox 1455 2567 1648 2607; x_wconf 85' lang='lat' dir='ltr'><strong>nomen</strong></span> <span class='ocrx_word' id='word_1_162' title='bbox 1673 2553 1727 2606; x_wconf 90' lang='lat' dir='ltr'><strong>in</strong></span> <span class='ocrx_word' id='word_1_163' title='bbox 1754 2554 1887 2607; x_wconf 81' lang='lat' dir='ltr'><strong>orbe.</strong></span> <span class='ocrx_word' id='word_1_164' title='bbox 1912 2569 2091 2607; x_wconf 85' lang='lat' dir='ltr'><strong>suum.</strong></span> 
     </span>
    </p>
   </div>
   <div class='ocr_carea' id='block_1_26' title="bbox 497 2641 1982 2716">
    <p class='ocr_par' dir='ltr' id='par_1_26' title="bbox 497 2641 1982 2716">
     <span class='ocr_line' id='line_1_26' title="bbox 497 2641 1982 2716; baseline 0.002 -19"><span class='ocrx_word' id='word_1_165' title='bbox 497 2641 566 2698; x_wconf 88' lang='lat' dir='ltr'><strong>Et</strong></span> <span class='ocrx_word' id='word_1_166' title='bbox 599 2658 768 2714; x_wconf 87' lang='lat' dir='ltr'><strong>genus</strong></span> <span class='ocrx_word' id='word_1_167' title='bbox 797 2643 1092 2697; x_wconf 90' lang='lat' dir='ltr'><strong>humanum</strong></span> <span class='ocrx_word' id='word_1_168' title='bbox 1115 2642 1415 2698; x_wconf 88' lang='lat' dir='ltr'><strong>clementer</strong></span> <span class='ocrx_word' id='word_1_169' title='bbox 1442 2644 1511 2700; x_wconf 91' lang='lat' dir='ltr'><strong>ab</strong></span> <span class='ocrx_word' id='word_1_170' title='bbox 1537 2645 1695 2698; x_wconf 90' lang='lat' dir='ltr'><strong>hoste</strong></span> <span class='ocrx_word' id='word_1_171' title='bbox 1721 2644 1982 2716; x_wconf 86' lang='lat' dir='ltr'><strong>maligno,</strong></span> 
     </span>
    </p>
   </div>
   <div class='ocr_carea' id='block_1_27' title="bbox 566 2733 1910 2804">
    <p class='ocr_par' dir='ltr' id='par_1_27' title="bbox 566 2733 1910 2804">
     <span class='ocr_line' id='line_1_27' title="bbox 566 2733 1910 2804; baseline 0.001 -14"><span class='ocrx_word' id='word_1_172' title='bbox 566 2735 625 2791; x_wconf 90' lang='lat' dir='ltr'><strong>In</strong></span> <span class='ocrx_word' id='word_1_173' title='bbox 650 2750 812 2792; x_wconf 86' lang='lat' dir='ltr'><strong>cruce</strong></span> <span class='ocrx_word' id='word_1_174' title='bbox 830 2733 944 2804; x_wconf 85' lang='lat' dir='ltr'><strong>jam</strong></span> <span class='ocrx_word' id='word_1_175' title='bbox 969 2736 1208 2791; x_wconf 92' lang='lat' dir='ltr'><strong>moriens</strong></span> <span class='ocrx_word' id='word_1_176' title='bbox 1232 2751 1416 2802; x_wconf 89' lang='lat' dir='ltr'><strong>carne,</strong></span> <span class='ocrx_word' id='word_1_177' title='bbox 1445 2736 1677 2792; x_wconf 86' lang='lat' dir='ltr'><strong>redemit</strong></span> <span class='ocrx_word' id='word_1_178' title='bbox 1700 2753 1870 2792; x_wconf 85' lang='lat' dir='ltr'><strong>ovans</strong></span> <span class='ocrx_word' id='word_1_179' title='bbox 1895 2755 1910 2803; x_wconf 87' lang='lat'><strong>;</strong></span> 
     </span>
    </p>
   </div>
   <div class='ocr_carea' id='block_1_28' title="bbox 494 2827 1815 2900">
    <p class='ocr_par' dir='ltr' id='par_1_28' title="bbox 494 2827 1815 2900">
     <span class='ocr_line' id='line_1_28' title="bbox 494 2827 1815 2900; baseline -0.001 -16"><span class='ocrx_word' id='word_1_180' title='bbox 494 2829 598 2899; x_wconf 85' lang='lat' dir='ltr'><strong>Qui</strong></span> <span class='ocrx_word' id='word_1_181' title='bbox 627 2829 783 2884; x_wconf 88' lang='lat' dir='ltr'><strong>solita</strong></span> <span class='ocrx_word' id='word_1_182' title='bbox 813 2827 1066 2885; x_wconf 86' lang='lat' dir='ltr'><strong>Carolum</strong></span> <span class='ocrx_word' id='word_1_183' title='bbox 1093 2843 1276 2900; x_wconf 88' lang='lat' dir='ltr'><strong>regem</strong></span> <span class='ocrx_word' id='word_1_184' title='bbox 1303 2829 1503 2899; x_wconf 87' lang='lat' dir='ltr'><strong>pietate</strong></span> <span class='ocrx_word' id='word_1_185' title='bbox 1529 2829 1815 2900; x_wconf 80' lang='lat' dir='ltr'><strong>gubernet,</strong></span> 
     </span>
    </p>
   </div>
   <div class='ocr_carea' id='block_1_29' title="bbox 567 2918 1836 2991">
    <p class='ocr_par' dir='ltr' id='par_1_29' title="bbox 567 2918 1836 2991">
     <span class='ocr_line' id='line_1_29' title="bbox 567 2918 1836 2991; baseline -0.002 -15"><span class='ocrx_word' id='word_1_186' title='bbox 567 2918 794 2991; x_wconf 87' lang='lat' dir='ltr'><strong>Semper</strong></span> <span class='ocrx_word' id='word_1_187' title='bbox 827 2918 884 2974; x_wconf 91' lang='lat' dir='ltr'><strong>in</strong></span> <span class='ocrx_word' id='word_1_188' title='bbox 910 2928 1175 2974; x_wconf 60' lang='lat' dir='ltr'><strong>aeternum</strong></span> <span class='ocrx_word' id='word_1_189' title='bbox 1203 2927 1450 2990; x_wconf 82' lang='lat' dir='ltr'><strong>protegat</strong></span> <span class='ocrx_word' id='word_1_190' title='bbox 1470 2926 1634 2990; x_wconf 90' lang='lat' dir='ltr'><strong>atque</strong></span> <span class='ocrx_word' id='word_1_191' title='bbox 1665 2929 1836 2990; x_wconf 85' lang='lat' dir='ltr'><strong>regat.</strong></span> 
     </span>
    </p>
   </div>
   <div class='ocr_carea' id='block_1_30' title="bbox 494 3007 2052 3080">
    <p class='ocr_par' dir='ltr' id='par_1_30' title="bbox 494 3007 2052 3080">
     <span class='ocr_line' id='line_1_30' title="bbox 494 3007 2052 3080; baseline 0 -16"><span class='ocrx_word' id='word_1_192' title='bbox 494 3007 652 3064; x_wconf 88' lang='lat' dir='ltr'><strong>Dicat</strong></span> <span class='ocrx_word' id='word_1_193' title='bbox 674 3016 729 3065; x_wconf 91' lang='lat' dir='ltr'><strong>et</strong></span> <span class='ocrx_word' id='word_1_194' title='bbox 750 3009 928 3064; x_wconf 90' lang='lat' dir='ltr'><strong>omnis</strong></span> <span class='ocrx_word' id='word_1_195' title='bbox 955 3007 1126 3062; x_wconf 87' lang='lat' dir='ltr'><strong>Amen</strong></span> <span class='ocrx_word' id='word_1_196' title='bbox 1152 3009 1473 3078; x_wconf 91' lang='lat' dir='ltr'><strong>populorum</strong></span> <span class='ocrx_word' id='word_1_197' title='bbox 1504 3011 1662 3066; x_wconf 92' lang='lat' dir='ltr'><strong>turba</strong></span> <span class='ocrx_word' id='word_1_198' title='bbox 1692 3026 1790 3080; x_wconf 82' lang='lat' dir='ltr'><strong>per</strong></span> <span class='ocrx_word' id='word_1_199' title='bbox 1825 3011 2012 3066; x_wconf 72' lang='lat' dir='ltr'><strong>orbem</strong></span> <span class='ocrx_word' id='word_1_200' title='bbox 2039 3029 2052 3064; x_wconf 91' lang='lat'><strong>:</strong></span> 
     </span>
    </p>
   </div>
   <div class='ocr_carea' id='block_1_31' title="bbox 566 3104 1757 3174">
    <p class='ocr_par' dir='ltr' id='par_1_31' title="bbox 566 3104 1757 3174">
     <span class='ocr_line' id='line_1_31' title="bbox 566 3104 1757 3174; baseline -0.003 -14"><span class='ocrx_word' id='word_1_201' title='bbox 566 3105 680 3163; x_wconf 85' lang='lat' dir='ltr'><strong>Hoc</strong></span> <span class='ocrx_word' id='word_1_202' title='bbox 709 3107 916 3160; x_wconf 85' lang='lat' dir='ltr'><strong>tribuat</strong></span> <span class='ocrx_word' id='word_1_203' title='bbox 949 3104 1068 3160; x_wconf 68' lang='grc' dir='ltr'><strong>ραιὶί</strong></span> <span class='ocrx_word' id='word_1_204' title='bbox 1092 3104 1342 3160; x_wconf 87' lang='lat' dir='ltr'><strong>Christus</strong></span> <span class='ocrx_word' id='word_1_205' title='bbox 1371 3104 1439 3160; x_wconf 88' lang='lat' dir='ltr'><strong>ab</strong></span> <span class='ocrx_word' id='word_1_206' title='bbox 1461 3119 1588 3160; x_wconf 91' lang='lat' dir='ltr'><strong>arce</strong></span> <span class='ocrx_word' id='word_1_207' title='bbox 1615 3104 1757 3174; x_wconf 92' lang='lat' dir='ltr'><strong>pius.</strong></span> 
     </span>
    </p>
   </div>
   <div class='ocr_carea' id='block_1_32' title="bbox 497 3194 1567 3259">
    <p class='ocr_par' dir='ltr' id='par_1_32' title="bbox 497 3194 1567 3259">
     <span class='ocr_line' id='line_1_32' title="bbox 497 3194 1567 3259; baseline -0.004 -4"><span class='ocrx_word' id='word_1_208' title='bbox 497 3198 568 3255; x_wconf 90' lang='lat' dir='ltr'><strong>Ut</strong></span> <span class='ocrx_word' id='word_1_209' title='bbox 598 3198 780 3254; x_wconf 84' lang='lat' dir='ltr'><strong>multis</strong></span> <span class='ocrx_word' id='word_1_210' title='bbox 805 3200 950 3252; x_wconf 80' lang='lat' dir='ltr'><strong>vivat</strong></span> <span class='ocrx_word' id='word_1_211' title='bbox 980 3195 1105 3252; x_wconf 81' lang='lat' dir='ltr'><strong>felix</strong></span> <span class='ocrx_word' id='word_1_212' title='bbox 1136 3194 1366 3253; x_wconf 79' lang='lat' dir='ltr'><strong>feliciter</strong></span> <span class='ocrx_word' id='word_1_213' title='bbox 1391 3197 1567 3259; x_wconf 88' lang='lat' dir='ltr'><strong>annis,</strong></span> 
     </span>
    </p>
   </div>
   <div class='ocr_carea' id='block_1_33' title="bbox 566 3286 1668 3358">
    <p class='ocr_par' dir='ltr' id='par_1_33' title="bbox 566 3286 1668 3358">
     <span class='ocr_line' id='line_1_33' title="bbox 566 3286 1668 3358; baseline -0.004 -14"><span class='ocrx_word' id='word_1_214' title='bbox 566 3290 696 3345; x_wconf 92' lang='lat' dir='ltr'><strong>Post</strong></span> <span class='ocrx_word' id='word_1_215' title='bbox 730 3289 848 3344; x_wconf 67' lang='lat' dir='ltr'><strong>haec</strong></span> <span class='ocrx_word' id='word_1_216' title='bbox 875 3296 930 3344; x_wconf 90' lang='lat' dir='ltr'><strong>et</strong></span> <span class='ocrx_word' id='word_1_217' title='bbox 964 3295 1148 3343; x_wconf 83' lang='lat' dir='ltr'><strong>teneat</strong></span> <span class='ocrx_word' id='word_1_218' title='bbox 1169 3301 1334 3358; x_wconf 89' lang='lat' dir='ltr'><strong>regna</strong></span> <span class='ocrx_word' id='word_1_219' title='bbox 1361 3287 1519 3342; x_wconf 89' lang='lat' dir='ltr'><strong>beata</strong></span> <span class='ocrx_word' id='word_1_220' title='bbox 1551 3286 1668 3340; x_wconf 85' lang='lat' dir='ltr'><strong>Dei.</strong></span> 
     </span>
    </p>
   </div>
   <div class='ocr_carea' id='block_1_34' title="bbox 494 3379 1657 3452">
    <p class='ocr_par' dir='ltr' id='par_1_34' title="bbox 494 3379 1657 3452">
     <span class='ocr_line' id='line_1_34' title="bbox 494 3379 1657 3452; baseline -0.004 -13"><span class='ocrx_word' id='word_1_221' title='bbox 494 3381 785 3439; x_wconf 90' lang='lat' dir='ltr'><strong>Codicibus</strong></span> <span class='ocrx_word' id='word_1_222' title='bbox 806 3381 978 3437; x_wconf 86' lang='lat' dir='ltr'><strong>sacris</strong></span> <span class='ocrx_word' id='word_1_223' title='bbox 1007 3380 1191 3435; x_wconf 90' lang='lat' dir='ltr'><strong>hostili</strong></span> <span class='ocrx_word' id='word_1_224' title='bbox 1219 3379 1372 3436; x_wconf 83' lang='lat' dir='ltr'><strong>clade</strong></span> <span class='ocrx_word' id='word_1_225' title='bbox 1394 3381 1657 3452; x_wconf 89' lang='lat' dir='ltr'><strong>perustis,</strong></span> 
     </span>
    </p>
   </div>
   <div class='ocr_carea' id='block_1_35' title="bbox 566 3472 1746 3543">
    <p class='ocr_par' dir='ltr' id='par_1_35' title="bbox 566 3472 1746 3543">
     <span class='ocr_line' id='line_1_35' title="bbox 566 3472 1746 3543; baseline -0.001 -14"><span class='ocrx_word' id='word_1_226' title='bbox 566 3474 635 3529; x_wconf 91' lang='lat' dir='ltr'><strong>Et</strong></span> <span class='ocrx_word' id='word_1_227' title='bbox 663 3472 815 3530; x_wconf 85' lang='lat' dir='ltr'><strong>Rado</strong></span> <span class='ocrx_word' id='word_1_228' title='bbox 842 3485 863 3512; x_wconf 74' lang='grc' dir='ltr'><strong>ε</strong></span> <span class='ocrx_word' id='word_1_229' title='bbox 894 3472 1110 3529; x_wconf 79' lang='lat' dir='ltr'><strong>fervens</strong></span> <span class='ocrx_word' id='word_1_230' title='bbox 1141 3473 1244 3528; x_wconf 90' lang='lat' dir='ltr'><strong>hoc</strong></span> <span class='ocrx_word' id='word_1_231' title='bbox 1270 3473 1544 3543; x_wconf 83' lang='lat' dir='ltr'><strong>reparavit</strong></span> <span class='ocrx_word' id='word_1_232' title='bbox 1568 3488 1706 3543; x_wconf 91' lang='lat' dir='ltr'><strong>opus</strong></span> <span class='ocrx_word' id='word_1_233' title='bbox 1731 3490 1746 3539; x_wconf 92' lang='lat'><strong>;</strong></span> 
     </span>
    </p>
   </div>
   <div class='ocr_carea' id='block_1_36' title="bbox 493 3563 1984 3636">
    <p class='ocr_par' dir='ltr' id='par_1_36' title="bbox 493 3563 1984 3636">
     <span class='ocr_line' id='line_1_36' title="bbox 493 3563 1984 3636; baseline -0.001 -14"><span class='ocrx_word' id='word_1_234' title='bbox 493 3565 609 3623; x_wconf 86' lang='lat' dir='ltr'><strong>Hoc</strong></span> <span class='ocrx_word' id='word_1_235' title='bbox 631 3580 788 3636; x_wconf 90' lang='lat' dir='ltr'><strong>opus,</strong></span> <span class='ocrx_word' id='word_1_236' title='bbox 821 3565 927 3621; x_wconf 89' lang='lat' dir='ltr'><strong>hoc</strong></span> <span class='ocrx_word' id='word_1_237' title='bbox 948 3565 1152 3620; x_wconf 87' lang='lat' dir='ltr'><strong>etenim</strong></span> <span class='ocrx_word' id='word_1_238' title='bbox 1181 3563 1416 3619; x_wconf 87' lang='lat' dir='ltr'><strong>ﬂammis</strong></span> <span class='ocrx_word' id='word_1_239' title='bbox 1443 3571 1498 3618; x_wconf 90' lang='lat' dir='ltr'><strong>te</strong></span> <span class='ocrx_word' id='word_1_240' title='bbox 1527 3564 1797 3621; x_wconf 83' lang='lat' dir='ltr'><strong>subtrahit</strong></span> <span class='ocrx_word' id='word_1_241' title='bbox 1825 3564 1984 3631; x_wconf 87' lang='lat' dir='ltr'><strong>atris,</strong></span> 
     </span>
    </p>
   </div>
   <div class='ocr_carea' id='block_1_37' title="bbox 562 3655 1569 3729">
    <p class='ocr_par' dir='ltr' id='par_1_37' title="bbox 562 3655 1569 3729">
     <span class='ocr_line' id='line_1_37' title="bbox 562 3655 1569 3729; baseline -0.003 -15"><span class='ocrx_word' id='word_1_242' title='bbox 562 3655 610 3714; x_wconf 90' lang='lat'><strong>0</strong></span> <span class='ocrx_word' id='word_1_243' title='bbox 634 3657 823 3721; x_wconf 85' lang='lat' dir='ltr'><strong>lector,</strong></span> <span class='ocrx_word' id='word_1_244' title='bbox 860 3657 906 3714; x_wconf 88' lang='lat' dir='ltr'><strong>si</strong></span> <span class='ocrx_word' id='word_1_245' title='bbox 943 3665 999 3713; x_wconf 91' lang='lat' dir='ltr'><strong>tu</strong></span> <span class='ocrx_word' id='word_1_246' title='bbox 1027 3655 1177 3729; x_wconf 85' lang='lat' dir='ltr'><strong>pacis</strong></span> <span class='ocrx_word' id='word_1_247' title='bbox 1200 3670 1386 3712; x_wconf 89' lang='lat' dir='ltr'><strong>amore</strong></span> <span class='ocrx_word' id='word_1_248' title='bbox 1413 3655 1569 3728; x_wconf 90' lang='lat' dir='ltr'><strong>legis.</strong></span> 
     </span>
    </p>
   </div>
   <div class='ocr_carea' id='block_1_38' title="bbox 843 3855 1753 3937">
    <p class='ocr_par' dir='ltr' id='par_1_38' title="bbox 843 3855 1753 3937">
     <span class='ocr_line' id='line_1_38' title="bbox 843 3855 1753 3937; baseline 0 -1"><span class='ocrx_word' id='word_1_249' title='bbox 843 3855 1363 3937; x_wconf 80' lang='lat' dir='ltr'><strong>HISTORUE</strong></span> <span class='ocrx_word' id='word_1_250' title='bbox 1423 3858 1753 3936; x_wconf 77' lang='lat' dir='ltr'><strong>VARLE</strong></span> 
     </span>
    </p>
   </div>
   <div class='ocr_carea' id='block_1_39' title="bbox 764 4053 1820 4101">
    <p class='ocr_par' dir='ltr' id='par_1_39' title="bbox 764 4053 1820 4101">
     <span class='ocr_line' id='line_1_39' title="bbox 764 4053 1820 4101; baseline 0 -1"><span class='ocrx_word' id='word_1_251' title='bbox 764 4053 1032 4100; x_wconf 73' lang='lat' dir='ltr'><strong>YBTERIS</strong></span> <span class='ocrx_word' id='word_1_252' title='bbox 1068 4055 1148 4099; x_wconf 76' lang='lat' dir='ltr'><strong>ET</strong></span> <span class='ocrx_word' id='word_1_253' title='bbox 1194 4055 1346 4101; x_wconf 75' lang='lat' dir='ltr'><strong>NOV!</strong></span> <span class='ocrx_word' id='word_1_254' title='bbox 1392 4055 1820 4101; x_wconf 66' lang='lat' dir='ltr'><strong>TBSTAIENTI.</strong></span> 
     </span>
    </p>
   </div>
   <div class='ocr_carea' id='block_1_40' title="bbox 1231 4198 1343 4256">
    <p class='ocr_par' dir='ltr' id='par_1_40' title="bbox 1231 4198 1343 4256">
     <span class='ocr_line' id='line_1_40' title="bbox 1231 4198 1343 4256; baseline 0.018 -2"><span class='ocrx_word' id='word_1_255' title='bbox 1231 4198 1343 4256; x_wconf 86' lang='lat' dir='ltr'><strong>VII.</strong></span> 
     </span>
    </p>
   </div>
   <div class='ocr_carea' id='block_1_41' title="bbox 977 4333 1626 4392">
    <p class='ocr_par' dir='ltr' id='par_1_41' title="bbox 977 4333 1626 4392">
     <span class='ocr_line' id='line_1_41' title="bbox 977 4333 1626 4392; baseline 0.003 -2"><span class='ocrx_word' id='word_1_256' title='bbox 977 4333 1058 4390; x_wconf 82' lang='lat' dir='ltr'><strong>De</strong></span> <span class='ocrx_word' id='word_1_257' title='bbox 1088 4333 1297 4391; x_wconf 91' lang='lat' dir='ltr'><strong>Christo</strong></span> <span class='ocrx_word' id='word_1_258' title='bbox 1328 4334 1626 4392; x_wconf 76' lang='lat' dir='ltr'><strong>Saluatore.</strong></span> 
     </span>
    </p>
   </div>
   <div class='ocr_carea' id='block_1_42' title="bbox 497 4469 1767 4536">
    <p class='ocr_par' dir='ltr' id='par_1_42' title="bbox 497 4469 1767 4536">
     <span class='ocr_line' id='line_1_42' title="bbox 497 4469 1767 4536; baseline 0.001 -11"><span class='ocrx_word' id='word_1_259' title='bbox 497 4469 751 4526; x_wconf 74' lang='lat' dir='ltr'><strong>Nascitur</strong></span> <span class='ocrx_word' id='word_1_260' title='bbox 771 4471 1004 4527; x_wconf 86' lang='lat' dir='ltr'><strong>humana</strong></span> <span class='ocrx_word' id='word_1_261' title='bbox 1031 4469 1210 4527; x_wconf 88' lang='lat' dir='ltr'><strong>celsus</strong></span> <span class='ocrx_word' id='word_1_262' title='bbox 1238 4471 1306 4526; x_wconf 89' lang='lat' dir='ltr'><strong>de</strong></span> <span class='ocrx_word' id='word_1_263' title='bbox 1330 4486 1496 4528; x_wconf 86' lang='lat' dir='ltr'><strong>carne</strong></span> <span class='ocrx_word' id='word_1_264' title='bbox 1522 4471 1767 4536; x_wconf 90' lang='lat' dir='ltr'><strong>Creator,</strong></span> 
     </span>
    </p>
   </div>
   <div class='ocr_carea' id='block_1_43' title="bbox 571 4562 1996 4632">
    <p class='ocr_par' dir='ltr' id='par_1_43' title="bbox 571 4562 1996 4632">
     <span class='ocr_line' id='line_1_43' title="bbox 571 4562 1996 4632; baseline 0.001 -14"><span class='ocrx_word' id='word_1_265' title='bbox 571 4562 643 4618; x_wconf 88' lang='lat' dir='ltr'><strong>Ut</strong></span> <span class='ocrx_word' id='word_1_266' title='bbox 667 4562 829 4618; x_wconf 88' lang='lat' dir='ltr'><strong>homo</strong></span> <span class='ocrx_word' id='word_1_267' title='bbox 853 4577 952 4632; x_wconf 88' lang='lat' dir='ltr'><strong>per</strong></span> <span class='ocrx_word' id='word_1_268' title='bbox 984 4562 1257 4618; x_wconf 86' lang='lat' dir='ltr'><strong>hominem</strong></span> <span class='ocrx_word' id='word_1_269' title='bbox 1283 4564 1510 4618; x_wconf 89' lang='lat' dir='ltr'><strong>scandat</strong></span> <span class='ocrx_word' id='word_1_270' title='bbox 1536 4564 1604 4620; x_wconf 91' lang='lat' dir='ltr'><strong>ad</strong></span> <span class='ocrx_word' id='word_1_271' title='bbox 1629 4573 1777 4619; x_wconf 91' lang='lat' dir='ltr'><strong>astra</strong></span> <span class='ocrx_word' id='word_1_272' title='bbox 1806 4564 1996 4621; x_wconf 86' lang='lat' dir='ltr'><strong>Deum.</strong></span> 
     </span>
    </p>
   </div>
   <div class='ocr_carea' id='block_1_44' title="bbox 498 4653 1815 4726">
    <p class='ocr_par' dir='ltr' id='par_1_44' title="bbox 498 4653 1815 4726">
     <span class='ocr_line' id='line_1_44' title="bbox 498 4653 1815 4726; baseline 0.003 -17"><span class='ocrx_word' id='word_1_273' title='bbox 498 4653 639 4710; x_wconf 83' lang='lat' dir='ltr'><strong>Ecce</strong></span> <span class='ocrx_word' id='word_1_274' title='bbox 666 4653 770 4720; x_wconf 89' lang='lat' dir='ltr'><strong>leo,</strong></span> <span class='ocrx_word' id='word_1_275' title='bbox 805 4653 956 4711; x_wconf 74' lang='lat' dir='ltr'><strong>Iuda:</strong></span> <span class='ocrx_word' id='word_1_276' title='bbox 982 4662 1140 4710; x_wconf 90' lang='lat' dir='ltr'><strong>natus</strong></span> <span class='ocrx_word' id='word_1_277' title='bbox 1170 4656 1238 4710; x_wconf 91' lang='lat' dir='ltr'><strong>de</strong></span> <span class='ocrx_word' id='word_1_278' title='bbox 1261 4656 1523 4726; x_wconf 82' lang='lat' dir='ltr'><strong>germine,</strong></span> <span class='ocrx_word' id='word_1_279' title='bbox 1557 4657 1815 4713; x_wconf 89' lang='lat' dir='ltr'><strong>mundum</strong></span> 
     </span>
    </p>
   </div>
   <div class='ocr_carea' id='block_1_45' title="bbox 1333 312 2942 378">
    <p class='ocr_par' dir='ltr' id='par_1_45' title="bbox 1333 312 2942 378">
     <span class='ocr_line' id='line_1_45' title="bbox 1333 312 2942 378; baseline 0.002 -6"><span class='ocrx_word' id='word_1_280' title='bbox 1333 316 1396 373; x_wconf 84' lang='grc' dir='ltr'><strong>Β.</strong></span> <span class='ocrx_word' id='word_1_281' title='bbox 1434 317 1497 373; x_wconf 84' lang='lat' dir='ltr'><strong>F.</strong></span> <span class='ocrx_word' id='word_1_282' title='bbox 1539 315 1768 374; x_wconf 73' lang='lat' dir='ltr'><strong>ALBINI</strong></span> <span class='ocrx_word' id='word_1_283' title='bbox 1813 315 1945 374; x_wconf 85' lang='lat' dir='ltr'><strong>SEU</strong></span> <span class='ocrx_word' id='word_1_284' title='bbox 1986 312 2267 372; x_wconf 86' lang='lat' dir='ltr'><strong>ALCUINI</strong></span> <span class='ocrx_word' id='word_1_285' title='bbox 2307 313 2596 376; x_wconf 71' lang='lat' dir='ltr'><strong>OPEIIUM</strong></span> <span class='ocrx_word' id='word_1_286' title='bbox 2634 319 2815 378; x_wconf 79' lang='lat' dir='ltr'><strong>PARS</strong></span> <span class='ocrx_word' id='word_1_287' title='bbox 2857 323 2942 378; x_wconf 89' lang='lat' dir='ltr'><strong>VI.</strong></span> 
     </span>
    </p>
   </div>
   <div class='ocr_carea' id='block_1_46' title="bbox 2127 431 2182 492">
    <p class='ocr_par' dir='ltr' id='par_1_46' title="bbox 2127 431 2182 492">
     <span class='ocr_line' id='line_1_46' title="bbox 2127 431 2182 492; baseline 0 -2"><span class='ocrx_word' id='word_1_288' title='bbox 2127 431 2182 492; x_wconf 76' lang='grc' dir='ltr'><strong>Δ</strong></span> 
     </span>
    </p>
   </div>
   <div class='ocr_carea' id='block_1_47' title="bbox 2115 3160 2166 3226">
    <p class='ocr_par' dir='ltr' id='par_1_47' title="bbox 2115 3160 2166 3226">
     <span class='ocr_line' id='line_1_47' title="bbox 2115 3160 2166 3226; baseline 0 0"><span class='ocrx_word' id='word_1_289' title='bbox 2115 3160 2166 3226; x_wconf 88' lang='lat' dir='ltr'><strong>C</strong></span> 
     </span>
    </p>
   </div>
   <div class='ocr_carea' id='block_1_48' title="bbox 2110 4524 2166 4584">
    <p class='ocr_par' dir='ltr' id='par_1_48' title="bbox 2110 4524 2166 4584">
     <span class='ocr_line' id='line_1_48' title="bbox 2110 4524 2166 4584; baseline 0 0"><span class='ocrx_word' id='word_1_290' title='bbox 2110 4524 2166 4584; x_wconf 86' lang='lat' dir='ltr'><strong>D</strong></span> 
     </span>
    </p>
   </div>
   <div class='ocr_carea' id='block_1_49' title="bbox 2935 433 3067 492">
    <p class='ocr_par' dir='ltr' id='par_1_49' title="bbox 2935 433 3067 492">
     <span class='ocr_line' id='line_1_49' title="bbox 2935 433 3067 492; baseline -0.015 -2"><span class='ocrx_word' id='word_1_291' title='bbox 2935 433 3067 492; x_wconf 66' lang='lat' dir='ltr'><strong>VIII.</strong></span> 
     </span>
    </p>
   </div>
   <div class='ocr_carea' id='block_1_50' title="bbox 2443 526 3563 599">
    <p class='ocr_par' dir='ltr' id='par_1_50' title="bbox 2443 526 3563 599">
     <span class='ocr_line' id='line_1_50' title="bbox 2443 526 3563 599; baseline 0.002 -20"><span class='ocrx_word' id='word_1_292' title='bbox 2443 526 2712 598; x_wconf 82' lang='lat' dir='ltr'><strong>Apparitio</strong></span> <span class='ocrx_word' id='word_1_293' title='bbox 2739 528 2912 598; x_wconf 77' lang='lat' dir='ltr'><strong>angeli</strong></span> <span class='ocrx_word' id='word_1_294' title='bbox 2941 528 3084 597; x_wconf 80' lang='lat' dir='ltr'><strong>facta</strong></span> <span class='ocrx_word' id='word_1_295' title='bbox 3110 536 3291 582; x_wconf 81' lang='lat' dir='ltr'><strong>sancto</strong></span> <span class='ocrx_word' id='word_1_296' title='bbox 3312 526 3563 599; x_wconf 79' lang='lat' dir='ltr'><strong>Josepho.</strong></span> 
     </span>
    </p>
   </div>
   <div class='ocr_carea' id='block_1_51' title="bbox 2200 617 3504 692">
    <p class='ocr_par' dir='ltr' id='par_1_51' title="bbox 2200 617 3504 692">
     <span class='ocr_line' id='line_1_51' title="bbox 2200 617 3504 692; baseline 0.004 -22"><span class='ocrx_word' id='word_1_297' title='bbox 2200 618 2439 688; x_wconf 81' lang='lat' dir='ltr'><strong>Angelus</strong></span> <span class='ocrx_word' id='word_1_298' title='bbox 2466 619 2689 674; x_wconf 66' lang='lat' dir='ltr'><strong>illaasum</strong></span> <span class='ocrx_word' id='word_1_299' title='bbox 2730 619 2911 675; x_wconf 65' lang='lat' dir='ltr'><strong>Mariae</strong></span> <span class='ocrx_word' id='word_1_300' title='bbox 2940 635 3036 689; x_wconf 91' lang='lat' dir='ltr'><strong>per</strong></span> <span class='ocrx_word' id='word_1_301' title='bbox 3070 620 3278 674; x_wconf 88' lang='lat' dir='ltr'><strong>somnia</strong></span> <span class='ocrx_word' id='word_1_302' title='bbox 3306 617 3504 692; x_wconf 80' lang='lat' dir='ltr'><strong>Ioseph</strong></span> 
     </span>
    </p>
   </div>
   <div class='ocr_carea' id='block_1_52' title="bbox 2200 707 3797 782">
    <p class='ocr_par' dir='ltr' id='par_1_52' title="bbox 2200 707 3797 782">
     <span class='ocr_line' id='line_1_52' title="bbox 2200 707 3797 782; baseline 0.002 -19"><span class='ocrx_word' id='word_1_303' title='bbox 2200 707 2524 779; x_wconf 81' lang='lat' dir='ltr'><strong>Conjugium</strong></span> <span class='ocrx_word' id='word_1_304' title='bbox 2551 725 2773 764; x_wconf 89' lang='lat' dir='ltr'><strong>servare</strong></span> <span class='ocrx_word' id='word_1_305' title='bbox 2799 718 2983 766; x_wconf 89' lang='lat' dir='ltr'><strong>monet</strong></span> <span class='ocrx_word' id='word_1_306' title='bbox 3008 726 3023 774; x_wconf 88' lang='lat'><strong>;</strong></span> <span class='ocrx_word' id='word_1_307' title='bbox 3070 710 3159 765; x_wconf 92' lang='lat' dir='ltr'><strong>hic</strong></span> <span class='ocrx_word' id='word_1_308' title='bbox 3184 709 3340 764; x_wconf 87' lang='lat' dir='ltr'><strong>docte</strong></span> <span class='ocrx_word' id='word_1_309' title='bbox 3378 707 3495 782; x_wconf 60' lang='grc' dir='ltr'><strong>[Ρη</strong></span> <span class='ocrx_word' id='word_1_310' title='bbox 3525 707 3674 782; x_wconf 88' lang='lat' dir='ltr'><strong>dote]</strong></span> <span class='ocrx_word' id='word_1_311' title='bbox 3713 725 3797 766; x_wconf 64' lang='lat' dir='ltr'><strong>rec</strong></span> 
     </span>
    </p>
   </div>
   <div class='ocr_carea' id='block_1_53' title="bbox 3555 800 3726 874">
    <p class='ocr_par' dir='ltr' id='par_1_53' title="bbox 3555 800 3726 874">
     <span class='ocr_line' id='line_1_53' title="bbox 3555 800 3726 874; baseline 0.018 -18"><span class='ocrx_word' id='word_1_312' title='bbox 3555 800 3726 874; x_wconf 80' lang='lat' dir='ltr'><strong>[picta</strong></span> 
     </span>
    </p>
   </div>
   <div class='ocr_carea' id='block_1_54' title="bbox 2199 887 3731 961">
    <p class='ocr_par' dir='ltr' id='par_1_54' title="bbox 2199 887 3731 961">
     <span class='ocr_line' id='line_1_54' title="bbox 2199 887 3731 961; baseline 0.003 -17"><span class='ocrx_word' id='word_1_313' title='bbox 2199 887 2436 960; x_wconf 89' lang='lat' dir='ltr'><strong>Spiritus</strong></span> <span class='ocrx_word' id='word_1_314' title='bbox 2456 891 2582 956; x_wconf 92' lang='lat' dir='ltr'><strong>hoc,</strong></span> <span class='ocrx_word' id='word_1_315' title='bbox 2610 889 2756 960; x_wconf 88' lang='lat' dir='ltr'><strong>quod</strong></span> <span class='ocrx_word' id='word_1_316' title='bbox 2784 891 2855 946; x_wconf 89' lang='lat' dir='ltr'><strong>sit</strong></span> <span class='ocrx_word' id='word_1_317' title='bbox 2882 890 3135 961; x_wconf 87' lang='lat' dir='ltr'><strong>ﬂagrans,</strong></span> <span class='ocrx_word' id='word_1_318' title='bbox 3166 890 3414 947; x_wconf 81' lang='lat' dir='ltr'><strong>Salvator</strong></span> <span class='ocrx_word' id='word_1_319' title='bbox 3448 891 3655 948; x_wconf 86' lang='lat' dir='ltr'><strong>honore</strong></span> <span class='ocrx_word' id='word_1_320' title='bbox 3681 891 3731 947; x_wconf 72' lang='grc' dir='ltr'><strong>δ.</strong></span> 
     </span>
    </p>
   </div>
   <div class='ocr_carea' id='block_1_55' title="bbox 2944 982 3038 1036">
    <p class='ocr_par' dir='ltr' id='par_1_55' title="bbox 2944 982 3038 1036">
     <span class='ocr_line' id='line_1_55' title="bbox 2944 982 3038 1036; baseline -0.011 0"><span class='ocrx_word' id='word_1_321' title='bbox 2944 982 3038 1036; x_wconf 83' lang='lat' dir='ltr'><strong>IX.</strong></span> 
     </span>
    </p>
   </div>
   <div class='ocr_carea' id='block_1_56' title="bbox 2577 1078 3402 1150">
    <p class='ocr_par' dir='ltr' id='par_1_56' title="bbox 2577 1078 3402 1150">
     <span class='ocr_line' id='line_1_56' title="bbox 2577 1078 3402 1150; baseline 0.001 -17"><span class='ocrx_word' id='word_1_322' title='bbox 2577 1078 2658 1135; x_wconf 88' lang='lat' dir='ltr'><strong>De</strong></span> <span class='ocrx_word' id='word_1_323' title='bbox 2687 1088 2870 1134; x_wconf 80' lang='lat' dir='ltr'><strong>sancto</strong></span> <span class='ocrx_word' id='word_1_324' title='bbox 2898 1078 3107 1134; x_wconf 84' lang='lat' dir='ltr'><strong>Joanne</strong></span> <span class='ocrx_word' id='word_1_325' title='bbox 3136 1079 3402 1150; x_wconf 75' lang='lat' dir='ltr'><strong>Baptista.</strong></span> 
     </span>
    </p>
   </div>
   <div class='ocr_carea' id='block_1_57' title="bbox 2197 1167 3554 1240">
    <p class='ocr_par' dir='ltr' id='par_1_57' title="bbox 2197 1167 3554 1240">
     <span class='ocr_line' id='line_1_57' title="bbox 2197 1167 3554 1240; baseline 0.002 -17"><span class='ocrx_word' id='word_1_326' title='bbox 2197 1167 2451 1224; x_wconf 81' lang='lat' dir='ltr'><strong>Ostendis</strong></span> <span class='ocrx_word' id='word_1_327' title='bbox 2480 1167 2759 1224; x_wconf 87' lang='lat' dir='ltr'><strong>Christum</strong></span> <span class='ocrx_word' id='word_1_328' title='bbox 2786 1169 3000 1240; x_wconf 91' lang='lat' dir='ltr'><strong>populis</strong></span> <span class='ocrx_word' id='word_1_329' title='bbox 3026 1169 3266 1238; x_wconf 84' lang='lat' dir='ltr'><strong>Baptista</strong></span> <span class='ocrx_word' id='word_1_330' title='bbox 3295 1169 3554 1236; x_wconf 79' lang='lat' dir='ltr'><strong>Joannes,</strong></span> 
     </span>
    </p>
   </div>
   <div class='ocr_carea' id='block_1_58' title="bbox 2198 1261 3681 1334">
    <p class='ocr_par' dir='ltr' id='par_1_58' title="bbox 2198 1261 3681 1334">
     <span class='ocr_line' id='line_1_58' title="bbox 2198 1261 3681 1334; baseline 0.003 -18"><span class='ocrx_word' id='word_1_331' title='bbox 2198 1261 2296 1317; x_wconf 82' lang='lat' dir='ltr'><strong>Hic</strong></span> <span class='ocrx_word' id='word_1_332' title='bbox 2320 1277 2445 1318; x_wconf 89' lang='lat' dir='ltr'><strong>ecce</strong></span> <span class='ocrx_word' id='word_1_333' title='bbox 2466 1262 2672 1334; x_wconf 86' lang='lat' dir='ltr'><strong>Agnus,</strong></span> <span class='ocrx_word' id='word_1_334' title='bbox 2702 1269 2757 1319; x_wconf 91' lang='lat' dir='ltr'><strong>et</strong></span> <span class='ocrx_word' id='word_1_335' title='bbox 2781 1264 2890 1330; x_wconf 91' lang='lat' dir='ltr'><strong>hic,</strong></span> <span class='ocrx_word' id='word_1_336' title='bbox 2924 1263 3015 1332; x_wconf 89' lang='lat' dir='ltr'><strong>qui</strong></span> <span class='ocrx_word' id='word_1_337' title='bbox 3051 1262 3191 1319; x_wconf 89' lang='lat' dir='ltr'><strong>tollit</strong></span> <span class='ocrx_word' id='word_1_338' title='bbox 3214 1263 3446 1318; x_wconf 89' lang='lat' dir='ltr'><strong>crimina</strong></span> <span class='ocrx_word' id='word_1_339' title='bbox 3473 1263 3681 1321; x_wconf 83' lang='lat' dir='ltr'><strong>mundi.</strong></span> 
     </span>
    </p>
   </div>
   <div class='ocr_carea' id='block_1_59' title="bbox 2959 1355 3028 1410">
    <p class='ocr_par' dir='ltr' id='par_1_59' title="bbox 2959 1355 3028 1410">
     <span class='ocr_line' id='line_1_59' title="bbox 2959 1355 3028 1410; baseline -0.029 0"><span class='ocrx_word' id='word_1_340' title='bbox 2959 1355 3028 1410; x_wconf 89' lang='lat' dir='ltr'><strong>X.</strong></span> 
     </span>
    </p>
   </div>
   <div class='ocr_carea' id='block_1_60' title="bbox 2732 1445 3276 1502">
    <p class='ocr_par' dir='ltr' id='par_1_60' title="bbox 2732 1445 3276 1502">
     <span class='ocr_line' id='line_1_60' title="bbox 2732 1445 3276 1502; baseline 0.004 -3"><span class='ocrx_word' id='word_1_341' title='bbox 2732 1445 2896 1502; x_wconf 83' lang='lat' dir='ltr'><strong>Fides</strong></span> <span class='ocrx_word' id='word_1_342' title='bbox 2933 1447 3276 1502; x_wconf 70' lang='lat' dir='ltr'><strong>centurionis.</strong></span> 
     </span>
    </p>
   </div>
   <div class='ocr_carea' id='block_1_61' title="bbox 2197 1539 3450 1606">
    <p class='ocr_par' dir='ltr' id='par_1_61' title="bbox 2197 1539 3450 1606">
     <span class='ocr_line' id='line_1_61' title="bbox 2197 1539 3450 1606; baseline -0.002 -10"><span class='ocrx_word' id='word_1_343' title='bbox 2197 1541 2266 1596; x_wconf 84' lang='lat' dir='ltr'><strong>Et</strong></span> <span class='ocrx_word' id='word_1_344' title='bbox 2291 1540 2421 1596; x_wconf 91' lang='lat' dir='ltr'><strong>mihi</strong></span> <span class='ocrx_word' id='word_1_345' title='bbox 2446 1539 2717 1606; x_wconf 83' lang='lat' dir='ltr'><strong>Salvator,</strong></span> <span class='ocrx_word' id='word_1_346' title='bbox 2749 1540 2947 1596; x_wconf 88' lang='lat' dir='ltr'><strong>salvari</strong></span> <span class='ocrx_word' id='word_1_347' title='bbox 2977 1556 3166 1595; x_wconf 90' lang='lat' dir='ltr'><strong>servus</strong></span> <span class='ocrx_word' id='word_1_348' title='bbox 3193 1539 3412 1595; x_wconf 86' lang='lat' dir='ltr'><strong>anhelat</strong></span> <span class='ocrx_word' id='word_1_349' title='bbox 3436 1558 3450 1594; x_wconf 88' lang='lat'>:</span> 
     </span>
    </p>
   </div>
   <div class='ocr_carea' id='block_1_62' title="bbox 2199 1621 3613 1704">
    <p class='ocr_par' dir='ltr' id='par_1_62' title="bbox 2199 1621 3613 1704">
     <span class='ocr_line' id='line_1_62' title="bbox 2199 1621 3613 1704; baseline -0.002 -17"><span class='ocrx_word' id='word_1_350' title='bbox 2199 1631 2315 1687; x_wconf 85' lang='lat' dir='ltr'><strong>Non</strong></span> <span class='ocrx_word' id='word_1_351' title='bbox 2341 1648 2440 1703; x_wconf 88' lang='lat' dir='ltr'><strong>ego</strong></span> <span class='ocrx_word' id='word_1_352' title='bbox 2473 1621 2593 1688; x_wconf 85' lang='lat' dir='ltr'><strong>sum</strong></span> <span class='ocrx_word' id='word_1_353' title='bbox 2624 1633 2837 1704; x_wconf 84' lang='lat' dir='ltr'><strong>dignus,</strong></span> <span class='ocrx_word' id='word_1_354' title='bbox 2872 1629 3026 1700; x_wconf 91' lang='lat' dir='ltr'><strong>cujus</strong></span> <span class='ocrx_word' id='word_1_355' title='bbox 3054 1639 3113 1687; x_wconf 90' lang='lat' dir='ltr'><strong>tu</strong></span> <span class='ocrx_word' id='word_1_356' title='bbox 3144 1638 3285 1687; x_wconf 87' lang='lat' dir='ltr'><strong>tecta</strong></span> <span class='ocrx_word' id='word_1_357' title='bbox 3316 1645 3572 1700; x_wconf 84' lang='lat' dir='ltr'><strong>capessas</strong></span> <span class='ocrx_word' id='word_1_358' title='bbox 3597 1645 3613 1684; x_wconf 87' lang='lat'><strong>:</strong></span> 
     </span>
    </p>
   </div>
   <div class='ocr_carea' id='block_1_63' title="bbox 2201 1722 3538 1794">
    <p class='ocr_par' dir='ltr' id='par_1_63' title="bbox 2201 1722 3538 1794">
     <span class='ocr_line' id='line_1_63' title="bbox 2201 1722 3538 1794; baseline -0.001 -16"><span class='ocrx_word' id='word_1_359' title='bbox 2201 1722 2307 1778; x_wconf 88' lang='lat' dir='ltr'><strong>Sed</strong></span> <span class='ocrx_word' id='word_1_360' title='bbox 2335 1724 2500 1779; x_wconf 89' lang='lat' dir='ltr'><strong>verbo</strong></span> <span class='ocrx_word' id='word_1_361' title='bbox 2522 1738 2715 1779; x_wconf 88' lang='lat' dir='ltr'><strong>sanare</strong></span> <span class='ocrx_word' id='word_1_362' title='bbox 2734 1734 2908 1794; x_wconf 88' lang='lat' dir='ltr'><strong>potes,</strong></span> <span class='ocrx_word' id='word_1_363' title='bbox 2938 1739 3064 1778; x_wconf 86' lang='lat' dir='ltr'><strong>nam</strong></span> <span class='ocrx_word' id='word_1_364' title='bbox 3095 1722 3298 1778; x_wconf 87' lang='lat' dir='ltr'><strong>suﬂicis</strong></span> <span class='ocrx_word' id='word_1_365' title='bbox 3325 1723 3538 1779; x_wconf 82' lang='lat' dir='ltr'><strong>absens.</strong></span> 
     </span>
    </p>
   </div>
   <div class='ocr_carea' id='block_1_64' title="bbox 2957 1813 3051 1869">
    <p class='ocr_par' dir='ltr' id='par_1_64' title="bbox 2957 1813 3051 1869">
     <span class='ocr_line' id='line_1_64' title="bbox 2957 1813 3051 1869; baseline 0 0"><span class='ocrx_word' id='word_1_366' title='bbox 2957 1813 3051 1869; x_wconf 95' lang='lat' dir='ltr'><strong>XI.</strong></span> 
     </span>
    </p>
   </div>
   <div class='ocr_carea' id='block_1_65' title="bbox 2496 1906 3511 1977">
    <p class='ocr_par' dir='ltr' id='par_1_65' title="bbox 2496 1906 3511 1977">
     <span class='ocr_line' id='line_1_65' title="bbox 2496 1906 3511 1977; baseline 0.001 -16"><span class='ocrx_word' id='word_1_367' title='bbox 2496 1906 2678 1961; x_wconf 82' lang='lat' dir='ltr'><strong>Versio</strong></span> <span class='ocrx_word' id='word_1_368' title='bbox 2702 1921 2856 1977; x_wconf 68' lang='lat' dir='ltr'><strong>aqum</strong></span> <span class='ocrx_word' id='word_1_369' title='bbox 2889 1909 2946 1960; x_wconf 88' lang='lat' dir='ltr'><strong>in</strong></span> <span class='ocrx_word' id='word_1_370' title='bbox 2973 1908 3149 1959; x_wconf 80' lang='lat' dir='ltr'><strong>vinum</strong></span> <span class='ocrx_word' id='word_1_371' title='bbox 3186 1909 3255 1959; x_wconf 86' lang='lat' dir='ltr'><strong>ad</strong></span> <span class='ocrx_word' id='word_1_372' title='bbox 3280 1908 3511 1975; x_wconf 80' lang='lat' dir='ltr'><strong>nuptias.</strong></span> 
     </span>
    </p>
   </div>
   <div class='ocr_carea' id='block_1_66' title="bbox 2199 1996 3496 2068">
    <p class='ocr_par' dir='ltr' id='par_1_66' title="bbox 2199 1996 3496 2068">
     <span class='ocr_line' id='line_1_66' title="bbox 2199 1996 3496 2068; baseline 0.002 -16"><span class='ocrx_word' id='word_1_373' title='bbox 2199 1997 2420 2067; x_wconf 87' lang='lat' dir='ltr'><strong>Iusipidi</strong></span> <span class='ocrx_word' id='word_1_374' title='bbox 2444 1998 2716 2067; x_wconf 91' lang='lat' dir='ltr'><strong>quondam</strong></span> <span class='ocrx_word' id='word_1_375' title='bbox 2747 1997 2923 2053; x_wconf 86' lang='lat' dir='ltr'><strong>laticis</strong></span> <span class='ocrx_word' id='word_1_376' title='bbox 2956 1996 3222 2052; x_wconf 88' lang='lat' dir='ltr'><strong>elementa</strong></span> <span class='ocrx_word' id='word_1_377' title='bbox 3245 2014 3496 2068; x_wconf 89' lang='lat' dir='ltr'><strong>saporem</strong></span> 
     </span>
    </p>
   </div>
   <div class='ocr_carea' id='block_1_67' title="bbox 2201 2089 3678 2166">
    <p class='ocr_par' dir='ltr' id='par_1_67' title="bbox 2201 2089 3678 2166">
     <span class='ocr_line' id='line_1_67' title="bbox 2201 2089 3678 2166; baseline 0.004 -23"><span class='ocrx_word' id='word_1_378' title='bbox 2201 2089 2505 2160; x_wconf 76' lang='lat' dir='ltr'><strong>Flagrantis</strong></span> <span class='ocrx_word' id='word_1_379' title='bbox 2531 2106 2809 2162; x_wconf 88' lang='lat' dir='ltr'><strong>sumpsere</strong></span> <span class='ocrx_word' id='word_1_380' title='bbox 2837 2091 2974 2146; x_wconf 92' lang='lat' dir='ltr'><strong>meri</strong></span> <span class='ocrx_word' id='word_1_381' title='bbox 2998 2106 3013 2158; x_wconf 89' lang='lat'><strong>;</strong></span> <span class='ocrx_word' id='word_1_382' title='bbox 3045 2105 3171 2145; x_wconf 91' lang='lat' dir='ltr'><strong>nam</strong></span> <span class='ocrx_word' id='word_1_383' title='bbox 3201 2093 3457 2161; x_wconf 79' lang='lat' dir='ltr'><strong>providus</strong></span> <span class='ocrx_word' id='word_1_384' title='bbox 3484 2101 3678 2166; x_wconf 79' lang='lat' dir='ltr'><strong>auctor</strong></span> 
     </span>
    </p>
   </div>
   <div class='ocr_carea' id='block_1_68' title="bbox 2199 2182 3391 2249">
    <p class='ocr_par' dir='ltr' id='par_1_68' title="bbox 2199 2182 3391 2249">
     <span class='ocr_line' id='line_1_68' title="bbox 2199 2182 3391 2249; baseline -0.001 -10"><span class='ocrx_word' id='word_1_385' title='bbox 2199 2183 2421 2239; x_wconf 82' lang='lat' dir='ltr'><strong>Munera</strong></span> <span class='ocrx_word' id='word_1_386' title='bbox 2447 2182 2668 2249; x_wconf 62' lang='lat' dir='ltr'><strong>laetitiae,</strong></span> <span class='ocrx_word' id='word_1_387' title='bbox 2702 2183 2966 2239; x_wconf 87' lang='lat' dir='ltr'><strong>virtutum</strong></span> <span class='ocrx_word' id='word_1_388' title='bbox 2991 2183 3217 2239; x_wconf 84' lang='lat' dir='ltr'><strong>exordia</strong></span> <span class='ocrx_word' id='word_1_389' title='bbox 3244 2182 3391 2240; x_wconf 86' lang='lat' dir='ltr'><strong>fecit.</strong></span> 
     </span>
    </p>
   </div>
   <div class='ocr_carea' id='block_1_69' title="bbox 2933 2272 3045 2328">
    <p class='ocr_par' dir='ltr' id='par_1_69' title="bbox 2933 2272 3045 2328">
     <span class='ocr_line' id='line_1_69' title="bbox 2933 2272 3045 2328; baseline 0 0"><span class='ocrx_word' id='word_1_390' title='bbox 2933 2272 3045 2328; x_wconf 87' lang='lat' dir='ltr'><strong>XII.</strong></span> 
     </span>
    </p>
   </div>
   <div class='ocr_carea' id='block_1_70' title="bbox 2603 2364 3384 2436">
    <p class='ocr_par' dir='ltr' id='par_1_70' title="bbox 2603 2364 3384 2436">
     <span class='ocr_line' id='line_1_70' title="bbox 2603 2364 3384 2436; baseline 0 -17"><span class='ocrx_word' id='word_1_391' title='bbox 2603 2364 2839 2436; x_wconf 80' lang='lat' dir='ltr'><strong>Refectio</strong></span> <span class='ocrx_word' id='word_1_392' title='bbox 2870 2364 3051 2436; x_wconf 81' lang='lat' dir='ltr'><strong>populi</strong></span> <span class='ocrx_word' id='word_1_393' title='bbox 3076 2365 3133 2419; x_wconf 88' lang='lat' dir='ltr'><strong>in</strong></span> <span class='ocrx_word' id='word_1_394' title='bbox 3159 2364 3384 2420; x_wconf 83' lang='lat' dir='ltr'><strong>deserto.</strong></span> 
     </span>
    </p>
   </div>
   <div class='ocr_carea' id='block_1_71' title="bbox 2197 2455 3563 2527">
    <p class='ocr_par' dir='ltr' id='par_1_71' title="bbox 2197 2455 3563 2527">
     <span class='ocr_line' id='line_1_71' title="bbox 2197 2455 3563 2527; baseline 0 -15"><span class='ocrx_word' id='word_1_395' title='bbox 2197 2457 2298 2512; x_wconf 82' lang='lat' dir='ltr'><strong>Hic</strong></span> <span class='ocrx_word' id='word_1_396' title='bbox 2323 2456 2554 2527; x_wconf 90' lang='lat' dir='ltr'><strong>panibus</strong></span> <span class='ocrx_word' id='word_1_397' title='bbox 2578 2465 2808 2526; x_wconf 85' lang='lat' dir='ltr'><strong>septem,</strong></span> <span class='ocrx_word' id='word_1_398' title='bbox 2839 2455 3158 2526; x_wconf 88' lang='lat' dir='ltr'><strong>populorum</strong></span> <span class='ocrx_word' id='word_1_399' title='bbox 3189 2456 3361 2512; x_wconf 90' lang='lat' dir='ltr'><strong>millia</strong></span> <span class='ocrx_word' id='word_1_400' title='bbox 3385 2457 3563 2527; x_wconf 87' lang='lat' dir='ltr'><strong>pascit</strong></span> 
     </span>
    </p>
   </div>
   <div class='ocr_carea' id='block_1_72' title="bbox 2195 2547 3791 2623">
    <p class='ocr_par' dir='ltr' id='par_1_72' title="bbox 2195 2547 3791 2623">
     <span class='ocr_line' id='line_1_72' title="bbox 2195 2547 3791 2623; baseline 0.003 -17"><span class='ocrx_word' id='word_1_401' title='bbox 2195 2553 2459 2619; x_wconf 87' lang='lat' dir='ltr'><strong>Quatuor,</strong></span> <span class='ocrx_word' id='word_1_402' title='bbox 2492 2559 2547 2607; x_wconf 89' lang='lat' dir='ltr'><strong>et</strong></span> <span class='ocrx_word' id='word_1_403' title='bbox 2568 2551 2727 2621; x_wconf 89' lang='lat' dir='ltr'><strong>pauci</strong></span> <span class='ocrx_word' id='word_1_404' title='bbox 2755 2559 3002 2606; x_wconf 86' lang='lat' dir='ltr'><strong>saturant</strong></span> <span class='ocrx_word' id='word_1_405' title='bbox 3031 2547 3278 2622; x_wconf 81' lang='lat' dir='ltr'><strong>[satiant]</strong></span> <span class='ocrx_word' id='word_1_406' title='bbox 3309 2552 3558 2608; x_wconf 86' lang='lat' dir='ltr'><strong>convivia</strong></span> <span class='ocrx_word' id='word_1_407' title='bbox 3582 2551 3791 2623; x_wconf 79' lang='lat' dir='ltr'><strong>pisces:</strong></span> 
     </span>
    </p>
   </div>
   <div class='ocr_carea' id='block_1_73' title="bbox 2196 2642 3732 2716">
    <p class='ocr_par' dir='ltr' id='par_1_73' title="bbox 2196 2642 3732 2716">
     <span class='ocr_line' id='line_1_73' title="bbox 2196 2642 3732 2716; baseline 0.001 -18"><span class='ocrx_word' id='word_1_408' title='bbox 2196 2642 2331 2700; x_wconf 85' lang='lat' dir='ltr'><strong>Nam</strong></span> <span class='ocrx_word' id='word_1_409' title='bbox 2361 2651 2569 2716; x_wconf 88' lang='lat' dir='ltr'><strong>septem</strong></span> <span class='ocrx_word' id='word_1_410' title='bbox 2591 2642 2834 2714; x_wconf 90' lang='lat' dir='ltr'><strong>reliquas</strong></span> <span class='ocrx_word' id='word_1_411' title='bbox 2861 2652 3079 2713; x_wconf 90' lang='lat' dir='ltr'><strong>sportas</strong></span> <span class='ocrx_word' id='word_1_412' title='bbox 3102 2642 3402 2714; x_wconf 85' lang='lat' dir='ltr'><strong>fragmenta</strong></span> <span class='ocrx_word' id='word_1_413' title='bbox 3431 2643 3657 2714; x_wconf 76' lang='lat' dir='ltr'><strong>replevit</strong></span> <span class='ocrx_word' id='word_1_414' title='bbox 3685 2654 3732 2699; x_wconf 79' lang='grc' dir='ltr'><strong>ο.</strong></span> 
     </span>
    </p>
   </div>
   <div class='ocr_carea' id='block_1_74' title="bbox 2931 2733 3047 2789">
    <p class='ocr_par' dir='ltr' id='par_1_74' title="bbox 2931 2733 3047 2789">
     <span class='ocr_line' id='line_1_74' title="bbox 2931 2733 3047 2789; baseline 0.009 -1"><span class='ocrx_word' id='word_1_415' title='bbox 2931 2733 3047 2789; x_wconf 83' lang='lat' dir='ltr'><strong>XIII</strong></span> 
     </span>
    </p>
   </div>
   <div class='ocr_carea' id='block_1_75' title="bbox 2551 2824 3432 2898">
    <p class='ocr_par' dir='ltr' id='par_1_75' title="bbox 2551 2824 3432 2898">
     <span class='ocr_line' id='line_1_75' title="bbox 2551 2824 3432 2898; baseline -0.001 -17"><span class='ocrx_word' id='word_1_416' title='bbox 2551 2826 2774 2882; x_wconf 84' lang='lat' dir='ltr'><strong>Sanatio</strong></span> <span class='ocrx_word' id='word_1_417' title='bbox 2798 2824 3122 2881; x_wconf 86' lang='lat' dir='ltr'><strong>miraculosa</strong></span> <span class='ocrx_word' id='word_1_418' title='bbox 3149 2842 3432 2898; x_wconf 64' lang='lat' dir='ltr'><strong>aegrorum.</strong></span> 
     </span>
    </p>
   </div>
   <div class='ocr_carea' id='block_1_76' title="bbox 2194 2916 3788 2987">
    <p class='ocr_par' dir='ltr' id='par_1_76' title="bbox 2194 2916 3788 2987">
     <span class='ocr_line' id='line_1_76' title="bbox 2194 2916 3788 2987; baseline 0.001 -15"><span class='ocrx_word' id='word_1_419' title='bbox 2194 2918 2300 2974; x_wconf 89' lang='lat' dir='ltr'><strong>Dat</strong></span> <span class='ocrx_word' id='word_1_420' title='bbox 2328 2918 2573 2974; x_wconf 80' lang='lat' dir='ltr'><strong>dextram</strong></span> <span class='ocrx_word' id='word_1_421' title='bbox 2602 2916 2855 2981; x_wconf 87' lang='lat' dir='ltr'><strong>miseris;</strong></span> <span class='ocrx_word' id='word_1_422' title='bbox 2888 2917 3260 2987; x_wconf 88' lang='lat' dir='ltr'><strong>miseransque</strong></span> <span class='ocrx_word' id='word_1_423' title='bbox 3286 2916 3484 2972; x_wconf 87' lang='lat' dir='ltr'><strong>attollit</strong></span> <span class='ocrx_word' id='word_1_424' title='bbox 3507 2917 3572 2974; x_wconf 81' lang='lat' dir='ltr'><strong>ab</strong></span> <span class='ocrx_word' id='word_1_425' title='bbox 3601 2918 3788 2987; x_wconf 64' lang='lat' dir='ltr'><strong>bullit),</strong></span> 
     </span>
    </p>
   </div>
   <div class='ocr_carea' id='block_1_77' title="bbox 2193 3008 3532 3081">
    <p class='ocr_par' dir='ltr' id='par_1_77' title="bbox 2193 3008 3532 3081">
     <span class='ocr_line' id='line_1_77' title="bbox 2193 3008 3532 3081; baseline 0 -16"><span class='ocrx_word' id='word_1_426' title='bbox 2193 3009 2366 3077; x_wconf 90' lang='lat' dir='ltr'><strong>Quam</strong></span> <span class='ocrx_word' id='word_1_427' title='bbox 2394 3008 2684 3081; x_wconf 84' lang='lat' dir='ltr'><strong>longinqua</strong></span> <span class='ocrx_word' id='word_1_428' title='bbox 2713 3008 2794 3063; x_wconf 90' lang='lat' dir='ltr'><strong>sui</strong></span> <span class='ocrx_word' id='word_1_429' title='bbox 2820 3017 3117 3063; x_wconf 88' lang='lat' dir='ltr'><strong>curvarant</strong></span> <span class='ocrx_word' id='word_1_430' title='bbox 3147 3009 3277 3063; x_wconf 90' lang='lat' dir='ltr'><strong>vitia</strong></span> <span class='ocrx_word' id='word_1_431' title='bbox 3316 3010 3532 3074; x_wconf 86' lang='lat' dir='ltr'><strong>morbo,</strong></span> 
     </span>
    </p>
   </div>
   <div class='ocr_carea' id='block_1_78' title="bbox 2196 3100 3690 3174">
    <p class='ocr_par' dir='ltr' id='par_1_78' title="bbox 2196 3100 3690 3174">
     <span class='ocr_line' id='line_1_78' title="bbox 2196 3100 3690 3174; baseline -0.001 -17"><span class='ocrx_word' id='word_1_432' title='bbox 2196 3100 2415 3174; x_wconf 87' lang='lat' dir='ltr'><strong>Surgite</strong></span> <span class='ocrx_word' id='word_1_433' title='bbox 2441 3109 2590 3156; x_wconf 88' lang='lat' dir='ltr'><strong>recta</strong></span> <span class='ocrx_word' id='word_1_434' title='bbox 2629 3100 2756 3167; x_wconf 84' lang='lat' dir='ltr'><strong>fide,</strong></span> <span class='ocrx_word' id='word_1_435' title='bbox 2786 3100 3013 3155; x_wconf 86' lang='lat' dir='ltr'><strong>mundat</strong></span> <span class='ocrx_word' id='word_1_436' title='bbox 3052 3115 3207 3156; x_wconf 87' lang='lat' dir='ltr'><strong>mens</strong></span> <span class='ocrx_word' id='word_1_437' title='bbox 3243 3101 3331 3171; x_wconf 90' lang='lat' dir='ltr'><strong>pia</strong></span> <span class='ocrx_word' id='word_1_438' title='bbox 3360 3102 3690 3158; x_wconf 84' lang='lat' dir='ltr'><strong>credentem.</strong></span> 
     </span>
    </p>
   </div>
   <div class='ocr_carea' id='block_1_79' title="bbox 2919 3191 3058 3247">
    <p class='ocr_par' dir='ltr' id='par_1_79' title="bbox 2919 3191 3058 3247">
     <span class='ocr_line' id='line_1_79' title="bbox 2919 3191 3058 3247; baseline 0.007 -3"><span class='ocrx_word' id='word_1_439' title='bbox 2919 3191 3058 3247; x_wconf 90' lang='lat' dir='ltr'><strong>XIV.</strong></span> 
     </span>
    </p>
   </div>
   <div class='ocr_carea' id='block_1_80' title="bbox 2531 3281 3450 3339">
    <p class='ocr_par' dir='ltr' id='par_1_80' title="bbox 2531 3281 3450 3339">
     <span class='ocr_line' id='line_1_80' title="bbox 2531 3281 3450 3339; baseline 0.002 -2"><span class='ocrx_word' id='word_1_440' title='bbox 2531 3282 2610 3337; x_wconf 84' lang='lat' dir='ltr'><strong>De</strong></span> <span class='ocrx_word' id='word_1_441' title='bbox 2635 3282 2810 3336; x_wconf 80' lang='lat' dir='ltr'><strong>Maria</strong></span> <span class='ocrx_word' id='word_1_442' title='bbox 2840 3292 2891 3337; x_wconf 87' lang='lat' dir='ltr'><strong>et</strong></span> <span class='ocrx_word' id='word_1_443' title='bbox 2917 3281 3133 3336; x_wconf 74' lang='lat' dir='ltr'><strong>Martha</strong></span> <span class='ocrx_word' id='word_1_444' title='bbox 3159 3283 3450 3339; x_wconf 80' lang='lat' dir='ltr'><strong>sororibus.</strong></span> 
     </span>
    </p>
   </div>
   <div class='ocr_carea' id='block_1_81' title="bbox 2193 3371 3557 3444">
    <p class='ocr_par' dir='ltr' id='par_1_81' title="bbox 2193 3371 3557 3444">
     <span class='ocr_line' id='line_1_81' title="bbox 2193 3371 3557 3444; baseline 0 -16"><span class='ocrx_word' id='word_1_445' title='bbox 2193 3372 2385 3444; x_wconf 85' lang='lat' dir='ltr'><strong>Arguit</strong></span> <span class='ocrx_word' id='word_1_446' title='bbox 2414 3372 2700 3427; x_wconf 88' lang='lat' dir='ltr'><strong>immeritis</strong></span> <span class='ocrx_word' id='word_1_447' title='bbox 2723 3381 3034 3427; x_wconf 90' lang='lat' dir='ltr'><strong>consortem</strong></span> <span class='ocrx_word' id='word_1_448' title='bbox 3062 3371 3272 3427; x_wconf 82' lang='lat' dir='ltr'><strong>Martha</strong></span> <span class='ocrx_word' id='word_1_449' title='bbox 3297 3373 3557 3444; x_wconf 87' lang='lat' dir='ltr'><strong>querelis.</strong></span> 
     </span>
    </p>
   </div>
   <div class='ocr_carea' id='block_1_82' title="bbox 2194 3461 3570 3536">
    <p class='ocr_par' dir='ltr' id='par_1_82' title="bbox 2194 3461 3570 3536">
     <span class='ocr_line' id='line_1_82' title="bbox 2194 3461 3570 3536; baseline 0.001 -19"><span class='ocrx_word' id='word_1_450' title='bbox 2194 3463 2348 3531; x_wconf 89' lang='lat' dir='ltr'><strong>Quod</strong></span> <span class='ocrx_word' id='word_1_451' title='bbox 2372 3472 2531 3518; x_wconf 80' lang='lat' dir='ltr'><strong>vacat</strong></span> <span class='ocrx_word' id='word_1_452' title='bbox 2552 3461 2734 3518; x_wconf 84' lang='lat' dir='ltr'><strong>officio</strong></span> <span class='ocrx_word' id='word_1_453' title='bbox 2759 3480 2772 3529; x_wconf 91' lang='lat'>;</span> <span class='ocrx_word' id='word_1_454' title='bbox 2802 3463 2892 3518; x_wconf 91' lang='lat' dir='ltr'><strong>cui</strong></span> <span class='ocrx_word' id='word_1_455' title='bbox 2920 3477 3086 3518; x_wconf 78' lang='lat' dir='ltr'><strong>verax</strong></span> <span class='ocrx_word' id='word_1_456' title='bbox 3112 3463 3319 3519; x_wconf 86' lang='lat' dir='ltr'><strong>arbiter</strong></span> <span class='ocrx_word' id='word_1_457' title='bbox 3357 3465 3530 3536; x_wconf 86' lang='lat' dir='ltr'><strong>inquit</strong></span> <span class='ocrx_word' id='word_1_458' title='bbox 3554 3483 3570 3519; x_wconf 92' lang='lat'><strong>:</strong></span> 
     </span>
    </p>
   </div>
   <div class='ocr_carea' id='block_1_83' title="bbox 2195 3543 3636 3625">
    <p class='ocr_par' dir='ltr' id='par_1_83' title="bbox 2195 3543 3636 3625">
     <span class='ocr_line' id='line_1_83' title="bbox 2195 3543 3636 3625; baseline 0.001 -14"><span class='ocrx_word' id='word_1_459' title='bbox 2195 3554 2355 3611; x_wconf 86' lang='lat' dir='ltr'><strong>Utilis</strong></span> <span class='ocrx_word' id='word_1_460' title='bbox 2379 3569 2510 3609; x_wconf 80' lang='lat' dir='ltr'><strong>cura</strong></span> <span class='ocrx_word' id='word_1_461' title='bbox 2537 3553 2752 3620; x_wconf 90' lang='lat' dir='ltr'><strong>domus,</strong></span> <span class='ocrx_word' id='word_1_462' title='bbox 2782 3552 2976 3608; x_wconf 88' lang='lat' dir='ltr'><strong>melior</strong></span> <span class='ocrx_word' id='word_1_463' title='bbox 3000 3569 3120 3622; x_wconf 69' lang='lat' dir='ltr'><strong>quae</strong></span> <span class='ocrx_word' id='word_1_464' title='bbox 3147 3543 3361 3625; x_wconf 74' lang='lat' dir='ltr'><strong>sempér</strong></span> <span class='ocrx_word' id='word_1_465' title='bbox 3386 3554 3636 3612; x_wconf 81' lang='lat' dir='ltr'><strong>habetur.</strong></span> 
     </span>
    </p>
   </div>
   <div class='ocr_carea' id='block_1_84' title="bbox 2927 3644 3025 3700">
    <p class='ocr_par' dir='ltr' id='par_1_84' title="bbox 2927 3644 3025 3700">
     <span class='ocr_line' id='line_1_84' title="bbox 2927 3644 3025 3700; baseline 0.01 -1"><span class='ocrx_word' id='word_1_466' title='bbox 2927 3644 3025 3700; x_wconf 93' lang='lat' dir='ltr'><strong>XV</strong></span> 
     </span>
    </p>
   </div>
   <div class='ocr_carea' id='block_1_85' title="bbox 2671 3731 3314 3792">
    <p class='ocr_par' dir='ltr' id='par_1_85' title="bbox 2671 3731 3314 3792">
     <span class='ocr_line' id='line_1_85' title="bbox 2671 3731 3314 3792; baseline 0.008 -5"><span class='ocrx_word' id='word_1_467' title='bbox 2671 3731 2746 3788; x_wconf 88' lang='lat' dir='ltr'><strong>De</strong></span> <span class='ocrx_word' id='word_1_468' title='bbox 2775 3731 2988 3789; x_wconf 75' lang='grc' dir='ltr'><strong>Ζαοήιεὶ</strong></span> <span class='ocrx_word' id='word_1_469' title='bbox 3023 3736 3314 3792; x_wconf 79' lang='lat' dir='ltr'><strong>vocatione.</strong></span> 
     </span>
    </p>
   </div>
   <div class='ocr_carea' id='block_1_86' title="bbox 2194 3823 3471 3894">
    <p class='ocr_par' dir='ltr' id='par_1_86' title="bbox 2194 3823 3471 3894">
     <span class='ocr_line' id='line_1_86' title="bbox 2194 3823 3471 3894; baseline 0.002 -14"><span class='ocrx_word' id='word_1_470' title='bbox 2194 3826 2377 3882; x_wconf 92' lang='lat' dir='ltr'><strong>Dulcis</strong></span> <span class='ocrx_word' id='word_1_471' title='bbox 2403 3825 2578 3880; x_wconf 89' lang='lat' dir='ltr'><strong>honor</strong></span> <span class='ocrx_word' id='word_1_472' title='bbox 2605 3824 2820 3880; x_wconf 91' lang='lat' dir='ltr'><strong>Domini</strong></span> <span class='ocrx_word' id='word_1_473' title='bbox 2851 3824 3077 3880; x_wconf 65' lang='lat' dir='ltr'><strong>Zachazo</strong></span> <span class='ocrx_word' id='word_1_474' title='bbox 3104 3823 3255 3881; x_wconf 90' lang='lat' dir='ltr'><strong>fulsit</strong></span> <span class='ocrx_word' id='word_1_475' title='bbox 3276 3827 3471 3894; x_wconf 90' lang='lat' dir='ltr'><strong>amico,</strong></span> 
     </span>
    </p>
   </div>
   <div class='ocr_carea' id='block_1_87' title="bbox 2193 3916 3534 3991">
    <p class='ocr_par' dir='ltr' id='par_1_87' title="bbox 2193 3916 3534 3991">
     <span class='ocr_line' id='line_1_87' title="bbox 2193 3916 3534 3991; baseline 0.004 -19"><span class='ocrx_word' id='word_1_476' title='bbox 2193 3917 2474 3990; x_wconf 72' lang='lat' dir='ltr'><strong>Maiestate</strong></span> <span class='ocrx_word' id='word_1_477' title='bbox 2495 3931 2716 3983; x_wconf 87' lang='lat' dir='ltr'><strong>sonans,</strong></span> <span class='ocrx_word' id='word_1_478' title='bbox 2748 3916 2911 3973; x_wconf 87' lang='lat' dir='ltr'><strong>hodie</strong></span> <span class='ocrx_word' id='word_1_479' title='bbox 2933 3917 3065 3973; x_wconf 88' lang='lat' dir='ltr'><strong>mihi</strong></span> <span class='ocrx_word' id='word_1_480' title='bbox 3088 3919 3311 3988; x_wconf 83' lang='lat' dir='ltr'><strong>proficis</strong></span> <span class='ocrx_word' id='word_1_481' title='bbox 3333 3921 3534 3991; x_wconf 86' lang='lat' dir='ltr'><strong>hospes</strong></span> 
     </span>
    </p>
   </div>
   <div class='ocr_carea' id='block_1_88' title="bbox 2192 4009 3493 4082">
    <p class='ocr_par' dir='ltr' id='par_1_88' title="bbox 2192 4009 3493 4082">
     <span class='ocr_line' id='line_1_88' title="bbox 2192 4009 3493 4082; baseline 0.003 -16"><span class='ocrx_word' id='word_1_482' title='bbox 2192 4012 2274 4067; x_wconf 81' lang='lat' dir='ltr'><strong>Ad</strong></span> <span class='ocrx_word' id='word_1_483' title='bbox 2311 4009 2536 4082; x_wconf 78' lang='lat' dir='ltr'><strong>majora,</strong></span> <span class='ocrx_word' id='word_1_484' title='bbox 2568 4010 2744 4066; x_wconf 88' lang='lat' dir='ltr'><strong>dehis</strong></span> <span class='ocrx_word' id='word_1_485' title='bbox 2773 4011 2946 4067; x_wconf 85' lang='lat' dir='ltr'><strong>ramis</strong></span> <span class='ocrx_word' id='word_1_486' title='bbox 2971 4011 3241 4069; x_wconf 87' lang='lat' dir='ltr'><strong>descende</strong></span> <span class='ocrx_word' id='word_1_487' title='bbox 3271 4013 3493 4072; x_wconf 88' lang='lat' dir='ltr'><strong>relictis.</strong></span> 
     </span>
    </p>
   </div>
   <div class='ocr_carea' id='block_1_89' title="bbox 2930 4105 3065 4161">
    <p class='ocr_par' dir='ltr' id='par_1_89' title="bbox 2930 4105 3065 4161">
     <span class='ocr_line' id='line_1_89' title="bbox 2930 4105 3065 4161; baseline 0 -1"><span class='ocrx_word' id='word_1_488' title='bbox 2930 4105 3065 4161; x_wconf 89' lang='lat' dir='ltr'><strong>XVI.</strong></span> 
     </span>
    </p>
   </div>
   <div class='ocr_carea' id='block_1_90' title="bbox 2705 4195 3273 4269">
    <p class='ocr_par' dir='ltr' id='par_1_90' title="bbox 2705 4195 3273 4269">
     <span class='ocr_line' id='line_1_90' title="bbox 2705 4195 3273 4269; baseline 0.002 -17"><span class='ocrx_word' id='word_1_489' title='bbox 2705 4196 2785 4252; x_wconf 86' lang='lat' dir='ltr'><strong>De</strong></span> <span class='ocrx_word' id='word_1_490' title='bbox 2812 4195 2960 4252; x_wconf 81' lang='lat' dir='ltr'><strong>Juda</strong></span> <span class='ocrx_word' id='word_1_491' title='bbox 2984 4198 3273 4269; x_wconf 83' lang='lat' dir='ltr'><strong>proditore.</strong></span> 
     </span>
    </p>
   </div>
   <div class='ocr_carea' id='block_1_91' title="bbox 2194 4285 3558 4359">
    <p class='ocr_par' dir='ltr' id='par_1_91' title="bbox 2194 4285 3558 4359">
     <span class='ocr_line' id='line_1_91' title="bbox 2194 4285 3558 4359; baseline 0.002 -17"><span class='ocrx_word' id='word_1_492' title='bbox 2194 4286 2410 4344; x_wconf 84' lang='lat' dir='ltr'><strong>Nummi</strong></span> <span class='ocrx_word' id='word_1_493' title='bbox 2448 4289 2564 4343; x_wconf 87' lang='lat' dir='ltr'><strong>dira</strong></span> <span class='ocrx_word' id='word_1_494' title='bbox 2591 4285 2759 4343; x_wconf 90' lang='lat' dir='ltr'><strong>fames</strong></span> <span class='ocrx_word' id='word_1_495' title='bbox 2785 4289 3059 4359; x_wconf 87' lang='lat' dir='ltr'><strong>compellit</strong></span> <span class='ocrx_word' id='word_1_496' title='bbox 3081 4290 3316 4345; x_wconf 82' lang='lat' dir='ltr'><strong>vendere</strong></span> <span class='ocrx_word' id='word_1_497' title='bbox 3340 4286 3558 4357; x_wconf 78' lang='lat' dir='ltr'><strong>Iudam,</strong></span> 
     </span>
    </p>
   </div>
   <div class='ocr_carea' id='block_1_92' title="bbox 2193 4380 3441 4453">
    <p class='ocr_par' dir='ltr' id='par_1_92' title="bbox 2193 4380 3441 4453">
     <span class='ocr_line' id='line_1_92' title="bbox 2193 4380 3441 4453; baseline 0.002 -17"><span class='ocrx_word' id='word_1_498' title='bbox 2193 4380 2250 4436; x_wconf 90' lang='lat' dir='ltr'><strong>In</strong></span> <span class='ocrx_word' id='word_1_499' title='bbox 2287 4395 2499 4453; x_wconf 75' lang='lat' dir='ltr'><strong>pcenam</strong></span> <span class='ocrx_word' id='word_1_500' title='bbox 2532 4382 2711 4452; x_wconf 82' lang='lat' dir='ltr'><strong>regale</strong></span> <span class='ocrx_word' id='word_1_501' title='bbox 2739 4391 2923 4452; x_wconf 92' lang='lat' dir='ltr'><strong>caput,</strong></span> <span class='ocrx_word' id='word_1_502' title='bbox 2950 4383 3279 4438; x_wconf 90' lang='lat' dir='ltr'><strong>commercia</strong></span> <span class='ocrx_word' id='word_1_503' title='bbox 3305 4382 3441 4438; x_wconf 84' lang='lat' dir='ltr'><strong>tanti</strong></span> 
     </span>
    </p>
   </div>
   <div class='ocr_carea' id='block_1_93' title="bbox 2195 4468 3513 4544">
    <p class='ocr_par' dir='ltr' id='par_1_93' title="bbox 2195 4468 3513 4544">
     <span class='ocr_line' id='line_1_93' title="bbox 2195 4468 3513 4544; baseline 0.001 -18"><span class='ocrx_word' id='word_1_504' title='bbox 2195 4468 2485 4544; x_wconf 83' lang='lat' dir='ltr'><strong>Sanguinis</strong></span> <span class='ocrx_word' id='word_1_505' title='bbox 2514 4473 2709 4544; x_wconf 83' lang='lat' dir='ltr'><strong>exiguo</strong></span> <span class='ocrx_word' id='word_1_506' title='bbox 2737 4473 2948 4543; x_wconf 88' lang='lat' dir='ltr'><strong>peragit</strong></span> <span class='ocrx_word' id='word_1_507' title='bbox 2972 4488 3124 4528; x_wconf 86' lang='lat' dir='ltr'><strong>meus</strong></span> <span class='ocrx_word' id='word_1_508' title='bbox 3151 4472 3316 4543; x_wconf 84' lang='lat' dir='ltr'><strong>impia</strong></span> <span class='ocrx_word' id='word_1_509' title='bbox 3341 4472 3513 4529; x_wconf 84' lang='lat' dir='ltr'><strong>lucro.</strong></span> 
     </span>
    </p>
   </div>
   <div class='ocr_carea' id='block_1_94' title="bbox 2912 4562 3074 4619">
    <p class='ocr_par' dir='ltr' id='par_1_94' title="bbox 2912 4562 3074 4619">
     <span class='ocr_line' id='line_1_94' title="bbox 2912 4562 3074 4619; baseline -0.006 -2"><span class='ocrx_word' id='word_1_510' title='bbox 2912 4562 3074 4619; x_wconf 90' lang='lat' dir='ltr'><strong>XVII.</strong></span> 
     </span>
    </p>
   </div>
   <div class='ocr_carea' id='block_1_95' title="bbox 2678 4650 3302 4723">
    <p class='ocr_par' dir='ltr' id='par_1_95' title="bbox 2678 4650 3302 4723">
     <span class='ocr_line' id='line_1_95' title="bbox 2678 4650 3302 4723; baseline 0.002 -18"><span class='ocrx_word' id='word_1_511' title='bbox 2678 4652 2762 4706; x_wconf 83' lang='lat' dir='ltr'><strong>Ad</strong></span> <span class='ocrx_word' id='word_1_512' title='bbox 2793 4669 2948 4707; x_wconf 80' lang='lat' dir='ltr'><strong>cruce</strong></span> <span class='ocrx_word' id='word_1_513' title='bbox 2972 4650 3302 4723; x_wconf 82' lang='lat' dir='ltr'><strong>pendentem.</strong></span> 
     </span>
    </p>
   </div>
   <div class='ocr_carea' id='block_1_96' title="bbox 569 4739 3542 4822">
    <p class='ocr_par' dir='ltr' id='par_1_96' title="bbox 569 4739 3542 4822">
     <span class='ocr_line' id='line_1_96' title="bbox 569 4739 3542 4822; baseline -0.001 -22"><span class='ocrx_word' id='word_1_514' title='bbox 569 4745 817 4812; x_wconf 89' lang='lat' dir='ltr'><strong>Liberat,</strong></span> <span class='ocrx_word' id='word_1_515' title='bbox 864 4755 922 4800; x_wconf 90' lang='lat' dir='ltr'><strong>et</strong></span> <span class='ocrx_word' id='word_1_516' title='bbox 963 4744 1101 4802; x_wconf 83' lang='lat' dir='ltr'><strong>laetis</strong></span> <span class='ocrx_word' id='word_1_517' title='bbox 1147 4743 1267 4820; x_wconf 83' lang='lat' dir='ltr'><strong>[F.,</strong></span> <span class='ocrx_word' id='word_1_518' title='bbox 1315 4745 1471 4820; x_wconf 84' lang='lat' dir='ltr'><strong>lethi]</strong></span> <span class='ocrx_word' id='word_1_519' title='bbox 1524 4753 1739 4819; x_wconf 90' lang='lat' dir='ltr'><strong>sceptra</strong></span> <span class='ocrx_word' id='word_1_520' title='bbox 1792 4749 2092 4822; x_wconf 87' lang='lat' dir='ltr'><strong>triumphat</strong></span> <span class='ocrx_word' id='word_1_521' title='bbox 2187 4743 2375 4802; x_wconf 86' lang='lat' dir='ltr'><strong>Gestat</strong></span> <span class='ocrx_word' id='word_1_522' title='bbox 2400 4745 2735 4802; x_wconf 87' lang='lat' dir='ltr'><strong>onerandum</strong></span> <span class='ocrx_word' id='word_1_523' title='bbox 2764 4745 3045 4801; x_wconf 86' lang='lat' dir='ltr'><strong>cunctis...</strong></span> <span class='ocrx_word' id='word_1_524' title='bbox 3075 4743 3244 4800; x_wconf 87' lang='lat' dir='ltr'><strong>indita</strong></span> <span class='ocrx_word' id='word_1_525' title='bbox 3271 4759 3460 4816; x_wconf 85' lang='lat' dir='ltr'><strong>regum</strong></span> <span class='ocrx_word' id='word_1_526' title='bbox 3492 4739 3542 4798; x_wconf 68' lang='grc' dir='ltr'><strong>ί.</strong></span> 
     </span>
    </p>
   </div>
   <div class='ocr_carea' id='block_1_97' title="bbox 1804 4841 2016 4914">
    <p class='ocr_par' dir='ltr' id='par_1_97' title="bbox 1804 4841 2016 4914">
     <span class='ocr_line' id='line_1_97' title="bbox 1804 4841 2016 4914; baseline -0.005 -17"><span class='ocrx_word' id='word_1_527' title='bbox 1804 4841 2016 4914; x_wconf 75' lang='lat' dir='ltr'><strong>[ovans.</strong></span> 
     </span>
    </p>
   </div>
   <div class='ocr_carea' id='block_1_98' title="bbox 500 4926 1988 5000">
    <p class='ocr_par' dir='ltr' id='par_1_98' title="bbox 500 4926 1988 5000">
     <span class='ocr_line' id='line_1_98' title="bbox 500 4926 1988 5000; baseline 0.003 -17"><span class='ocrx_word' id='word_1_528' title='bbox 500 4926 687 4985; x_wconf 74' lang='lat' dir='ltr'><strong>Hosﬁa</strong></span> <span class='ocrx_word' id='word_1_529' title='bbox 721 4942 931 4984; x_wconf 88' lang='lat' dir='ltr'><strong>summa</strong></span> <span class='ocrx_word' id='word_1_530' title='bbox 960 4926 1138 4984; x_wconf 88' lang='lat' dir='ltr'><strong>Patris</strong></span> <span class='ocrx_word' id='word_1_531' title='bbox 1165 4929 1405 4999; x_wconf 89' lang='lat' dir='ltr'><strong>pretioso</strong></span> <span class='ocrx_word' id='word_1_532' title='bbox 1433 4931 1693 5000; x_wconf 88' lang='lat' dir='ltr'><strong>sanguine</strong></span> <span class='ocrx_word' id='word_1_533' title='bbox 1717 4929 1988 4998; x_wconf 89' lang='lat' dir='ltr'><strong>Christus,</strong></span> 
     </span>
    </p>
   </div>
   <div class='ocr_carea' id='block_1_99' title="bbox 572 5019 1837 5092">
    <p class='ocr_par' dir='ltr' id='par_1_99' title="bbox 572 5019 1837 5092">
     <span class='ocr_line' id='line_1_99' title="bbox 572 5019 1837 5092; baseline 0.002 -17"><span class='ocrx_word' id='word_1_534' title='bbox 572 5019 945 5078; x_wconf 86' lang='lat' dir='ltr'><strong>Penuundans</strong></span> <span class='ocrx_word' id='word_1_535' title='bbox 971 5022 1179 5084; x_wconf 89' lang='lat' dir='ltr'><strong>orbem.</strong></span> <span class='ocrx_word' id='word_1_536' title='bbox 1207 5037 1372 5092; x_wconf 86' lang='lat' dir='ltr'><strong>regna</strong></span> <span class='ocrx_word' id='word_1_537' title='bbox 1401 5024 1502 5078; x_wconf 90' lang='lat' dir='ltr'><strong>sub</strong></span> <span class='ocrx_word' id='word_1_538' title='bbox 1528 5024 1637 5078; x_wconf 86' lang='lat' dir='ltr'><strong>alta</strong></span> <span class='ocrx_word' id='word_1_539' title='bbox 1661 5033 1837 5079; x_wconf 86' lang='lat' dir='ltr'><strong>vocat.</strong></span> 
     </span>
    </p>
   </div>
   <div class='ocr_carea' id='block_1_100' title="bbox 500 5113 1931 5186">
    <p class='ocr_par' dir='ltr' id='par_1_100' title="bbox 500 5113 1931 5186">
     <span class='ocr_line' id='line_1_100' title="bbox 500 5113 1931 5186; baseline 0.003 -17"><span class='ocrx_word' id='word_1_540' title='bbox 500 5113 808 5185; x_wconf 81' lang='lat' dir='ltr'><strong>Assumptis</strong></span> <span class='ocrx_word' id='word_1_541' title='bbox 834 5113 1026 5185; x_wconf 70' lang='lat' dir='ltr'><strong>aquilae</strong></span> <span class='ocrx_word' id='word_1_542' title='bbox 1049 5113 1303 5170; x_wconf 89' lang='lat' dir='ltr'><strong>Christus</strong></span> <span class='ocrx_word' id='word_1_543' title='bbox 1329 5115 1466 5185; x_wconf 89' lang='lat' dir='ltr'><strong>petit</strong></span> <span class='ocrx_word' id='word_1_544' title='bbox 1493 5115 1694 5171; x_wconf 73' lang='lat' dir='ltr'><strong>:cthera</strong></span> <span class='ocrx_word' id='word_1_545' title='bbox 1717 5118 1931 5186; x_wconf 88' lang='lat' dir='ltr'><strong>pennis,</strong></span> 
     </span>
    </p>
   </div>
   <div class='ocr_carea' id='block_1_101' title="bbox 570 5201 1773 5278">
    <p class='ocr_par' dir='ltr' id='par_1_101' title="bbox 570 5201 1773 5278">
     <span class='ocr_line' id='line_1_101' title="bbox 570 5201 1773 5278; baseline 0.001 -17"><span class='ocrx_word' id='word_1_546' title='bbox 570 5204 981 5277; x_wconf 86' lang='lat' dir='ltr'><strong>Couregnatque</strong></span> <span class='ocrx_word' id='word_1_547' title='bbox 1006 5205 1112 5278; x_wconf 92' lang='lat' dir='ltr'><strong>poli</strong></span> <span class='ocrx_word' id='word_1_548' title='bbox 1139 5201 1333 5277; x_wconf 72' lang='lat' dir='ltr'><strong>pet-pes</strong></span> <span class='ocrx_word' id='word_1_549' title='bbox 1361 5208 1418 5261; x_wconf 90' lang='lat' dir='ltr'><strong>in</strong></span> <span class='ocrx_word' id='word_1_550' title='bbox 1447 5221 1572 5264; x_wconf 90' lang='lat' dir='ltr'><strong>arce</strong></span> <span class='ocrx_word' id='word_1_551' title='bbox 1602 5207 1773 5262; x_wconf 89' lang='lat' dir='ltr'><strong>Patri.</strong></span> 
     </span>
    </p>
   </div>
   <div class='ocr_carea' id='block_1_102' title="bbox 577 5356 1012 5440">
    <p class='ocr_par' dir='ltr' id='par_1_102' title="bbox 577 5356 1012 5440">
     <span class='ocr_line' id='line_1_102' title="bbox 577 5356 1012 5440; baseline 0 0"><span class='ocrx_word' id='word_1_552' title='bbox 577 5371 604 5440; x_wconf 65' lang='grc' dir='ltr'><strong><em>ξ</em></strong></span> <span class='ocrx_word' id='word_1_553' title='bbox 634 5356 1012 5440; x_wconf 50' lang='lat' dir='ltr'><strong>evocavi)?“-</strong></span> 
     </span>
    </p>
   </div>
   <div class='ocr_carea' id='block_1_103' title="bbox 575 5427 2085 5499">
    <p class='ocr_par' dir='ltr' id='par_1_103' title="bbox 575 5427 2085 5499">
     <span class='ocr_line' id='line_1_103' title="bbox 575 5427 2085 5499; baseline 0.003 -17"><span class='ocrx_word' id='word_1_554' title='bbox 575 5429 604 5468; x_wconf 70' lang='grc' dir='ltr'>δ</span> <span class='ocrx_word' id='word_1_555' title='bbox 634 5427 749 5499; x_wconf 49' lang='lat' dir='ltr'><strong>vos:</strong></span> <span class='ocrx_word' id='word_1_556' title='bbox 781 5427 980 5483; x_wconf 69' lang='lat' dir='ltr'><strong>vinulo.</strong></span> <span class='ocrx_word' id='word_1_557' title='bbox 1021 5447 1040 5480; x_wconf 74' lang='grc' dir='ltr'><strong>ε</strong></span> <span class='ocrx_word' id='word_1_558' title='bbox 1074 5427 1356 5485; x_wconf 87' lang='lat' dir='ltr'><strong>Vinnolata</strong></span> <span class='ocrx_word' id='word_1_559' title='bbox 1384 5445 1486 5484; x_wconf 82' lang='lat' dir='ltr'><strong>vox</strong></span> <span class='ocrx_word' id='word_1_560' title='bbox 1520 5439 1605 5486; x_wconf 90' lang='lat' dir='ltr'><strong>est</strong></span> <span class='ocrx_word' id='word_1_561' title='bbox 1629 5431 1763 5486; x_wconf 90' lang='lat' dir='ltr'><strong>levis</strong></span> <span class='ocrx_word' id='word_1_562' title='bbox 1793 5438 1848 5488; x_wconf 91' lang='lat' dir='ltr'><strong>et</strong></span> <span class='ocrx_word' id='word_1_563' title='bbox 1887 5432 2085 5499; x_wconf 91' lang='lat' dir='ltr'><strong>mollis,</strong></span> 
     </span>
    </p>
   </div>
   <div class='ocr_carea' id='block_1_104' title="bbox 501 5498 2084 5569">
    <p class='ocr_par' dir='ltr' id='par_1_104' title="bbox 501 5498 2084 5569">
     <span class='ocr_line' id='line_1_104' title="bbox 501 5498 2084 5569; baseline 0.001 -13"><span class='ocrx_word' id='word_1_564' title='bbox 501 5509 665 5568; x_wconf 82' lang='lat' dir='ltr'><strong>atque</strong></span> <span class='ocrx_word' id='word_1_565' title='bbox 699 5498 968 5555; x_wconf 87' lang='lat' dir='ltr'><strong>ﬂexibilis.</strong></span> <span class='ocrx_word' id='word_1_566' title='bbox 1011 5499 1079 5556; x_wconf 88' lang='lat' dir='ltr'><strong>Et</strong></span> <span class='ocrx_word' id='word_1_567' title='bbox 1105 5500 1378 5555; x_wconf 88' lang='lat' dir='ltr'><strong>vinnolata</strong></span> <span class='ocrx_word' id='word_1_568' title='bbox 1401 5501 1539 5555; x_wconf 87' lang='lat' dir='ltr'><strong>dicta</strong></span> <span class='ocrx_word' id='word_1_569' title='bbox 1578 5517 1608 5555; x_wconf 90' lang='lat' dir='ltr'><strong>a</strong></span> <span class='ocrx_word' id='word_1_570' title='bbox 1640 5505 1826 5568; x_wconf 81' lang='lat' dir='ltr'><strong>vinno,</strong></span> <span class='ocrx_word' id='word_1_571' title='bbox 1853 5502 1958 5558; x_wconf 88' lang='lat' dir='ltr'><strong>hoc</strong></span> <span class='ocrx_word' id='word_1_572' title='bbox 1980 5498 2084 5569; x_wconf 84' lang='lat' dir='ltr'><strong>est,</strong></span> 
     </span>
    </p>
   </div>
   <div class='ocr_carea' id='block_1_105' title="bbox 500 5570 2088 5634">
    <p class='ocr_par' dir='ltr' id='par_1_105' title="bbox 500 5570 2088 5634">
     <span class='ocr_line' id='line_1_105' title="bbox 500 5570 2088 5634; baseline 0.002 -8"><span class='ocrx_word' id='word_1_573' title='bbox 500 5571 777 5634; x_wconf 87' lang='lat' dir='ltr'><strong>cincinno,</strong></span> <span class='ocrx_word' id='word_1_574' title='bbox 815 5570 1046 5626; x_wconf 89' lang='lat' dir='ltr'><strong>molliter</strong></span> <span class='ocrx_word' id='word_1_575' title='bbox 1078 5571 1234 5627; x_wconf 88' lang='lat' dir='ltr'><strong>ﬂexo.</strong></span> <span class='ocrx_word' id='word_1_576' title='bbox 1267 5590 1288 5624; x_wconf 78' lang='grc' dir='ltr'><strong>ι</strong></span> <span class='ocrx_word' id='word_1_577' title='bbox 1337 5571 1415 5626; x_wconf 90' lang='lat' dir='ltr'><strong>Ita</strong></span> <span class='ocrx_word' id='word_1_578' title='bbox 1443 5572 1678 5629; x_wconf 88' lang='lat' dir='ltr'><strong>Isidorus</strong></span> <span class='ocrx_word' id='word_1_579' title='bbox 1712 5574 1835 5629; x_wconf 89' lang='lat' dir='ltr'><strong>libr.</strong></span> <span class='ocrx_word' id='word_1_580' title='bbox 1876 5589 1938 5632; x_wconf 87' lang='grc' dir='ltr'><strong><em>ιιι</em></strong></span> <span class='ocrx_word' id='word_1_581' title='bbox 1967 5574 2088 5631; x_wconf 89' lang='lat' dir='ltr'><strong>Ori-</strong></span> 
     </span>
    </p>
   </div>
   <div class='ocr_carea' id='block_1_106' title="bbox 503 5642 944 5712">
    <p class='ocr_par' dir='ltr' id='par_1_106' title="bbox 503 5642 944 5712">
     <span class='ocr_line' id='line_1_106' title="bbox 503 5642 944 5712; baseline 0.005 -18"><span class='ocrx_word' id='word_1_582' title='bbox 503 5642 687 5712; x_wconf 82' lang='lat' dir='ltr'><strong>ginum</strong></span> <span class='ocrx_word' id='word_1_583' title='bbox 712 5657 828 5711; x_wconf 83' lang='lat' dir='ltr'><strong>cap.</strong></span> <span class='ocrx_word' id='word_1_584' title='bbox 857 5642 944 5697; x_wconf 79' lang='lat' dir='ltr'><strong>l9.</strong></span> 
     </span>
    </p>
   </div>
   <div class='ocr_carea' id='block_1_107' title="bbox 577 5711 2087 5772">
    <p class='ocr_par' dir='ltr' id='par_1_107' title="bbox 577 5711 2087 5772">
     <span class='ocr_line' id='line_1_107' title="bbox 577 5711 2087 5772; baseline 0.003 -7"><span class='ocrx_word' id='word_1_585' title='bbox 577 5724 599 5749; x_wconf 70' lang='grc' dir='ltr'><strong>ο</strong></span> <span class='ocrx_word' id='word_1_586' title='bbox 638 5711 806 5766; x_wconf 85' lang='lat' dir='ltr'><strong>Rado.</strong></span> <span class='ocrx_word' id='word_1_587' title='bbox 837 5713 1019 5768; x_wconf 85' lang='lat' dir='ltr'><strong>Abbas</strong></span> <span class='ocrx_word' id='word_1_588' title='bbox 1048 5712 1381 5769; x_wconf 88' lang='lat' dir='ltr'><strong>celeberrimi</strong></span> <span class='ocrx_word' id='word_1_589' title='bbox 1415 5715 1728 5770; x_wconf 85' lang='lat' dir='ltr'><strong>monasterii</strong></span> <span class='ocrx_word' id='word_1_590' title='bbox 1753 5713 2087 5772; x_wconf 87' lang='lat' dir='ltr'><strong>Benedictiui</strong></span> 
     </span>
    </p>
   </div>
   <div class='ocr_carea' id='block_1_108' title="bbox 505 5782 2088 5879">
    <p class='ocr_par' dir='ltr' id='par_1_108' title="bbox 505 5782 2088 5879">
     <span class='ocr_line' id='line_1_108' title="bbox 505 5782 2088 5879; baseline -0.001 -38"><span class='ocrx_word' id='word_1_591' title='bbox 505 5783 564 5841; x_wconf 86' lang='lat' dir='ltr'><strong>S.</strong></span> <span class='ocrx_word' id='word_1_592' title='bbox 615 5782 830 5840; x_wconf 88' lang='lat' dir='ltr'><strong>Vedasti</strong></span> <span class='ocrx_word' id='word_1_593' title='bbox 884 5785 1026 5858; x_wconf 88' lang='lat' dir='ltr'><strong>apud</strong></span> <span class='ocrx_word' id='word_1_594' title='bbox 1065 5785 1378 5852; x_wconf 85' lang='lat' dir='ltr'><strong>Atrebates,</strong></span> <span class='ocrx_word' id='word_1_595' title='bbox 1418 5786 1508 5857; x_wconf 86' lang='lat' dir='ltr'><strong>qui</strong></span> <span class='ocrx_word' id='word_1_596' title='bbox 1554 5800 1697 5879; x_wconf 82' lang='lat' dir='ltr'><strong>anno</strong></span> <span class='ocrx_word' id='word_1_597' title='bbox 1739 5785 1938 5841; x_wconf 88' lang='lat' dir='ltr'><strong>Christi</strong></span> <span class='ocrx_word' id='word_1_598' title='bbox 1985 5787 2088 5841; x_wconf 82' lang='lat'><strong>795</strong></span> 
     </span>
    </p>
   </div>
   <div class='ocr_carea' id='block_1_109' title="bbox 2188 4834 3485 4906">
    <p class='ocr_par' dir='ltr' id='par_1_109' title="bbox 2188 4834 3485 4906">
     <span class='ocr_line' id='line_1_109' title="bbox 2188 4834 3485 4906; baseline -0.002 -14"><span class='ocrx_word' id='word_1_599' title='bbox 2188 4836 2334 4904; x_wconf 89' lang='lat' dir='ltr'><strong>Quos</strong></span> <span class='ocrx_word' id='word_1_600' title='bbox 2359 4843 2546 4892; x_wconf 82' lang='lat' dir='ltr'><strong>eseant</strong></span> <span class='ocrx_word' id='word_1_601' title='bbox 2575 4838 2600 4877; x_wconf 76' lang='grc' dir='ltr'><strong>ε</strong></span> <span class='ocrx_word' id='word_1_602' title='bbox 2631 4836 2740 4891; x_wconf 89' lang='lat' dir='ltr'><strong>sint</strong></span> <span class='ocrx_word' id='word_1_603' title='bbox 2766 4837 3003 4906; x_wconf 89' lang='lat' dir='ltr'><strong>pendere</strong></span> <span class='ocrx_word' id='word_1_604' title='bbox 3028 4834 3249 4891; x_wconf 85' lang='lat' dir='ltr'><strong>victima</strong></span> <span class='ocrx_word' id='word_1_605' title='bbox 3277 4835 3485 4901; x_wconf 90' lang='lat' dir='ltr'><strong>mundi,</strong></span> 
     </span>
    </p>
   </div>
   <div class='ocr_carea' id='block_1_110' title="bbox 2188 4929 3604 4987">
    <p class='ocr_par' dir='ltr' id='par_1_110' title="bbox 2188 4929 3604 4987">
     <span class='ocr_line' id='line_1_110' title="bbox 2188 4929 3604 4987; baseline 0.001 -3"><span class='ocrx_word' id='word_1_606' title='bbox 2188 4929 2464 4986; x_wconf 88' lang='lat' dir='ltr'><strong>Perditam</strong></span> <span class='ocrx_word' id='word_1_607' title='bbox 2492 4939 2556 4986; x_wconf 89' lang='lat' dir='ltr'><strong>ut</strong></span> <span class='ocrx_word' id='word_1_608' title='bbox 2582 4929 2798 4985; x_wconf 88' lang='lat' dir='ltr'><strong>miseris</strong></span> <span class='ocrx_word' id='word_1_609' title='bbox 2821 4929 3011 4986; x_wconf 83' lang='lat' dir='ltr'><strong>reddat</strong></span> <span class='ocrx_word' id='word_1_610' title='bbox 3044 4943 3195 4987; x_wconf 87' lang='lat' dir='ltr'><strong>mors</strong></span> <span class='ocrx_word' id='word_1_611' title='bbox 3220 4945 3329 4986; x_wconf 89' lang='lat' dir='ltr'><strong>una</strong></span> <span class='ocrx_word' id='word_1_612' title='bbox 3349 4929 3604 4986; x_wconf 85' lang='lat' dir='ltr'><strong>salutem.</strong></span> 
     </span>
    </p>
   </div>
   <div class='ocr_carea' id='block_1_111' title="bbox 2905 5021 3088 5077">
    <p class='ocr_par' dir='ltr' id='par_1_111' title="bbox 2905 5021 3088 5077">
     <span class='ocr_line' id='line_1_111' title="bbox 2905 5021 3088 5077; baseline 0.005 -1"><span class='ocrx_word' id='word_1_613' title='bbox 2905 5021 3088 5077; x_wconf 87' lang='lat' dir='ltr'><strong>XVIII.</strong></span> 
     </span>
    </p>
   </div>
   <div class='ocr_carea' id='block_1_112' title="bbox 2729 5113 3223 5169">
    <p class='ocr_par' dir='ltr' id='par_1_112' title="bbox 2729 5113 3223 5169">
     <span class='ocr_line' id='line_1_112' title="bbox 2729 5113 3223 5169; baseline 0 -1"><span class='ocrx_word' id='word_1_614' title='bbox 2729 5113 2809 5169; x_wconf 84' lang='lat' dir='ltr'><strong>De</strong></span> <span class='ocrx_word' id='word_1_615' title='bbox 2831 5113 2968 5168; x_wconf 82' lang='lat' dir='ltr'><strong>bono</strong></span> <span class='ocrx_word' id='word_1_616' title='bbox 2999 5114 3223 5168; x_wconf 80' lang='lat' dir='ltr'><strong>latrone.</strong></span> 
     </span>
    </p>
   </div>
   <div class='ocr_carea' id='block_1_113' title="bbox 2189 5203 3561 5277">
    <p class='ocr_par' dir='ltr' id='par_1_113' title="bbox 2189 5203 3561 5277">
     <span class='ocr_line' id='line_1_113' title="bbox 2189 5203 3561 5277; baseline 0 -13"><span class='ocrx_word' id='word_1_617' title='bbox 2189 5207 2398 5265; x_wconf 87' lang='lat' dir='ltr'><strong>Sacrati</strong></span> <span class='ocrx_word' id='word_1_618' title='bbox 2438 5208 2678 5265; x_wconf 88' lang='lat' dir='ltr'><strong>nemoris</strong></span> <span class='ocrx_word' id='word_1_619' title='bbox 2706 5205 2919 5262; x_wconf 88' lang='lat' dir='ltr'><strong>Domini</strong></span> <span class='ocrx_word' id='word_1_620' title='bbox 2943 5203 2972 5244; x_wconf 72' lang='grc' dir='ltr'><strong>ιι</strong></span> <span class='ocrx_word' id='word_1_621' title='bbox 3000 5220 3098 5276; x_wconf 86' lang='lat' dir='ltr'><strong>per</strong></span> <span class='ocrx_word' id='word_1_622' title='bbox 3125 5221 3339 5264; x_wconf 84' lang='lat' dir='ltr'><strong>amoena</strong></span> <span class='ocrx_word' id='word_1_623' title='bbox 3364 5207 3561 5277; x_wconf 85' lang='lat' dir='ltr'><strong>vireta,</strong></span> 
     </span>
    </p>
   </div>
   <div class='ocr_carea' id='block_1_114' title="bbox 2189 5356 3781 5433">
    <p class='ocr_par' dir='ltr' id='par_1_114' title="bbox 2189 5356 3781 5433">
     <span class='ocr_line' id='line_1_114' title="bbox 2189 5356 3781 5433; baseline 0.001 -11"><span class='ocrx_word' id='word_1_624' title='bbox 2189 5366 2458 5422; x_wconf 88' lang='lat' dir='ltr'><strong>abbatiam</strong></span> <span class='ocrx_word' id='word_1_625' title='bbox 2479 5365 2730 5420; x_wconf 89' lang='lat' dir='ltr'><strong>obtinuit.</strong></span> <span class='ocrx_word' id='word_1_626' title='bbox 2760 5356 2895 5419; x_wconf 88' lang='lat' dir='ltr'><strong>Vide</strong></span> <span class='ocrx_word' id='word_1_627' title='bbox 2919 5378 3040 5433; x_wconf 65' lang='lat' dir='ltr'><strong>quae</strong></span> <span class='ocrx_word' id='word_1_628' title='bbox 3066 5363 3134 5419; x_wconf 91' lang='lat' dir='ltr'><strong>de</strong></span> <span class='ocrx_word' id='word_1_629' title='bbox 3153 5362 3377 5421; x_wconf 81' lang='lat' dir='ltr'><strong>Badone</strong></span> <span class='ocrx_word' id='word_1_630' title='bbox 3399 5365 3781 5423; x_wconf 83' lang='lat' dir='ltr'><strong>adnotavimus</strong></span> 
     </span>
    </p>
   </div>
   <div class='ocr_carea' id='block_1_115' title="bbox 2187 5434 3281 5492">
    <p class='ocr_par' dir='ltr' id='par_1_115' title="bbox 2187 5434 3281 5492">
     <span class='ocr_line' id='line_1_115' title="bbox 2187 5434 3281 5492; baseline -0.002 0"><span class='ocrx_word' id='word_1_631' title='bbox 2187 5437 2255 5492; x_wconf 87' lang='lat' dir='ltr'><strong>ad</strong></span> <span class='ocrx_word' id='word_1_632' title='bbox 2283 5437 2462 5491; x_wconf 89' lang='lat' dir='ltr'><strong>Vitam</strong></span> <span class='ocrx_word' id='word_1_633' title='bbox 2496 5435 2552 5490; x_wconf 93' lang='lat' dir='ltr'><strong>S.</strong></span> <span class='ocrx_word' id='word_1_634' title='bbox 2583 5436 2804 5491; x_wconf 84' lang='lat' dir='ltr'><strong>Vedasti</strong></span> <span class='ocrx_word' id='word_1_635' title='bbox 2841 5451 3004 5492; x_wconf 81' lang='lat' dir='ltr'><strong>supra</strong></span> <span class='ocrx_word' id='word_1_636' title='bbox 3029 5434 3129 5489; x_wconf 89' lang='lat' dir='ltr'><strong>col.</strong></span> <span class='ocrx_word' id='word_1_637' title='bbox 3159 5435 3281 5490; x_wconf 75' lang='lat'><strong>665.</strong></span> 
     </span>
    </p>
   </div>
   <div class='ocr_carea' id='block_1_116' title="bbox 2258 5505 3320 5577">
    <p class='ocr_par' dir='ltr' id='par_1_116' title="bbox 2258 5505 3320 5577">
     <span class='ocr_line' id='line_1_116' title="bbox 2258 5505 3320 5577; baseline -0.002 -15"><span class='ocrx_word' id='word_1_638' title='bbox 2258 5507 2284 5547; x_wconf 74' lang='grc' dir='ltr'><em>ά</em></span> <span class='ocrx_word' id='word_1_639' title='bbox 2319 5508 2500 5572; x_wconf 86' lang='lat' dir='ltr'><strong>Forte,</strong></span> <span class='ocrx_word' id='word_1_640' title='bbox 2528 5523 2806 5577; x_wconf 69' lang='lat' dir='ltr'><strong>pra’gnans</strong></span> <span class='ocrx_word' id='word_1_641' title='bbox 2837 5505 3074 5560; x_wconf 84' lang='lat' dir='ltr'><strong>salvatur</strong></span> <span class='ocrx_word' id='word_1_642' title='bbox 3106 5505 3320 5562; x_wconf 84' lang='lat' dir='ltr'><strong>honore.</strong></span> 
     </span>
    </p>
   </div>
   <div class='ocr_carea' id='block_1_117' title="bbox 2261 5577 2810 5646">
    <p class='ocr_par' dir='ltr' id='par_1_117' title="bbox 2261 5577 2810 5646">
     <span class='ocr_line' id='line_1_117' title="bbox 2261 5577 2810 5646; baseline -0.004 -15"><span class='ocrx_word' id='word_1_643' title='bbox 2261 5590 2285 5616; x_wconf 79' lang='grc' dir='ltr'>ε</span> <span class='ocrx_word' id='word_1_644' title='bbox 2313 5577 2497 5641; x_wconf 86' lang='lat' dir='ltr'><strong>Forte,</strong></span> <span class='ocrx_word' id='word_1_645' title='bbox 2528 5577 2810 5646; x_wconf 79' lang='lat' dir='ltr'><strong>replerunt.</strong></span> 
     </span>
    </p>
   </div>
   <div class='ocr_carea' id='block_1_118' title="bbox 2267 5647 3725 5720">
    <p class='ocr_par' dir='ltr' id='par_1_118' title="bbox 2267 5647 3725 5720">
     <span class='ocr_line' id='line_1_118' title="bbox 2267 5647 3725 5720; baseline 0.001 -17"><span class='ocrx_word' id='word_1_646' title='bbox 2267 5647 2284 5686; x_wconf 67' lang='grc' dir='ltr'>ί</span> <span class='ocrx_word' id='word_1_647' title='bbox 2313 5648 2497 5720; x_wconf 69' lang='lat' dir='ltr'><strong>Forte,</strong></span> <span class='ocrx_word' id='word_1_648' title='bbox 2526 5647 2890 5702; x_wconf 80' lang='lat' dir='ltr'><strong>honorandum</strong></span> <span class='ocrx_word' id='word_1_649' title='bbox 2919 5648 3121 5702; x_wconf 85' lang='lat' dir='ltr'><strong>cunctis</strong></span> <span class='ocrx_word' id='word_1_650' title='bbox 3150 5663 3282 5705; x_wconf 81' lang='lat' dir='ltr'><strong>crua:</strong></span> <span class='ocrx_word' id='word_1_651' title='bbox 3316 5647 3506 5720; x_wconf 79' lang='lat' dir='ltr'><strong>inclyta</strong></span> <span class='ocrx_word' id='word_1_652' title='bbox 3534 5660 3725 5719; x_wconf 76' lang='lat' dir='ltr'><strong>regem.</strong></span> 
     </span>
    </p>
   </div>
   <div class='ocr_carea' id='block_1_119' title="bbox 2263 5718 3746 5786">
    <p class='ocr_par' dir='ltr' id='par_1_119' title="bbox 2263 5718 3746 5786">
     <span class='ocr_line' id='line_1_119' title="bbox 2263 5718 3746 5786; baseline 0.001 -14"><span class='ocrx_word' id='word_1_653' title='bbox 2263 5722 2288 5760; x_wconf 72' lang='grc' dir='ltr'><em>ε</em></span> <span class='ocrx_word' id='word_1_654' title='bbox 2316 5718 2489 5775; x_wconf 89' lang='lat' dir='ltr'><strong>Locus</strong></span> <span class='ocrx_word' id='word_1_655' title='bbox 2518 5727 2821 5786; x_wconf 84' lang='lat' dir='ltr'><strong>corruptus.</strong></span> <span class='ocrx_word' id='word_1_656' title='bbox 3425 5718 3436 5720; x_wconf 65' lang='grc'>⁷</span> <span class='ocrx_word' id='word_1_657' title='bbox 3593 5718 3603 5719; x_wconf 30' lang='grc' dir='ltr'>ί</span> <span class='ocrx_word' id='word_1_658' title='bbox 3743 5749 3746 5751; x_wconf 91' lang='grc'><strong><em>-</em></strong></span> 
     </span>
    </p>
   </div>
   <div class='ocr_carea' id='block_1_120' title="bbox 2260 5787 3073 5859">
    <p class='ocr_par' dir='ltr' id='par_1_120' title="bbox 2260 5787 3073 5859">
     <span class='ocr_line' id='line_1_120' title="bbox 2260 5787 3073 5859; baseline -0.002 -14"><span class='ocrx_word' id='word_1_659' title='bbox 2260 5792 2286 5830; x_wconf 61' lang='grc'>⁸</span> <span class='ocrx_word' id='word_1_660' title='bbox 2319 5789 2500 5859; x_wconf 80' lang='lat' dir='ltr'><strong>Forte,</strong></span> <span class='ocrx_word' id='word_1_661' title='bbox 2540 5787 2882 5844; x_wconf 82' lang='lat' dir='ltr'><strong>Domino.....</strong></span> <span class='ocrx_word' id='word_1_662' title='bbox 2922 5789 3073 5844; x_wconf 82' lang='lat' dir='ltr'><strong>duce.</strong></span> 
     </span>
    </p>
   </div>
  </div>
