4112 6624
318 388 420 444 ’15⁸1

315 503 467 560 Felix
501 502 641 560 latro
667 500 805 560 duce
831 502 1128 573 hospitium
1157 501 1319 557 vitale
1343 510 1603 558 meretur.

315 596 633 655 Gratillcata
661 596 796 652 ﬁdes
822 596 994 651 vincit
1015 603 1099 651 tot
1121 595 1349 651 crimina
1378 595 1520 651 vitm.
1552 607 1562 617 ·

864 775 946 830 De
971 784 1184 848 peccato
1210 773 1357 830 Eme.

317 866 487 923 Evam
508 867 726 939 viperea
757 867 985 923 vetitum
1012 866 1306 938 decerpere
1333 880 1553 936 pomum

315 956 534 1015 Invidus
563 967 681 1015 arte
705 965 886 1030 parat,
914 964 1232 1029 tentataque
1254 958 1437 1014 nescia
1464 955 1696 1023 fraudis,

316 1050 559 1110 Credidit
585 1051 768 1108 infelix
799 1067 957 1109 sacro
988 1048 1107 1124 [Ρη
1137 1048 1309 1123 socio]
1338 1049 1578 1121 peritura
1606 1047 1822 1103 marito.

1050 1143 1171 1200 XX.

665 1236 745 1294 De
774 1254 926 1311 plena
949 1237 1242 1307 primorum
1268 1243 1571 1307 parentum.

314 1323 552 1380 Pellibus
579 1324 839 1380 accinctis
864 1322 1075 1394 peccati
1104 1320 1259 1393 signa
1286 1319 1551 1385 ferentes,

317 1417 609 1474 Prenarum
634 1416 843 1484 famuli,
872 1414 1124 1486 linquunt
1147 1414 1329 1471 felicia
1359 1428 1523 1485 regna
1553 1430 1567 1467 :

319 1507 548 1579 Semper
570 1507 744 1564 amica
773 1507 903 1578 piis,
929 1512 1218 1576 peccantes
1247 1505 1476 1577 respuit,
1502 1503 1647 1559 aula.

1041 1618 1183 1677 XXI.

426 1712 505 1771 De
533 1732 660 1771 arca
688 1711 804 1770 Noe
830 1722 879 1770 et
913 1713 1112 1769 visione
1156 1713 1324 1780 sancti
1353 1710 1501 1768 Petri
1532 1712 1590 1767 in
1617 1710 1802 1783 Ioppe.

320 1805 422 1865 Hic
444 1806 712 1873 volucres,
741 1814 1012 1872 armenta,
1042 1804 1209 1869 viros,
1236 1819 1408 1874 genus
1431 1819 1592 1859 omne
1620 1802 1883 1868 ferarum,

320 1898 527 1956 Cuncta
553 1914 621 1955 ue
649 1899 910 1955 diluvium
937 1898 1132 1970 perdat
1154 1896 1409 1954 violentia
1441 1909 1467 1938 α
1495 1895 1607 1953 Noe

320 1990 555 2061 Colligit,
579 1998 742 2060 atque
768 2005 933 2045 unam
955 1996 1266 2045 creaturam
1290 1988 1476 2045 condit
1502 1987 1556 2042 in
1585 2002 1736 2043 arca.

325 2082 493 2155 208
514 2081 840 2154 Reptilium,
883 2082 1278 2154 pecudumque.
1305 2122 1319 2136 .
1348 2122 1362 2138 .
1398 2092 1731 2151 cunctasque
1766 2077 1917 2134 volu-

1702 2170 1846 2244 [cres

328 2264 521 2323 Discus
563 2265 767 2334 habet,
812 2280 935 2337 qua:
978 2270 1174 2321 cuncta
1204 2261 1361 2335 jubet
1407 2264 1572 2320 Pater
1613 2264 1775 2319 edere
1819 2261 1919 2316 Pe-

1657 2352 1845 2425 [trum,

327 2447 415 2507 Nil
442 2464 730 2507 commune
757 2456 978 2521 putans,
1009 2447 1155 2519 quod
1182 2445 1367 2502 mundi
1396 2453 1618 2501 auctore
1643 2451 1881 2499 creatur.

666 2651 919 2724 Coufusio
945 2659 995 2707 et
1023 2651 1224 2706 donum
1255 2648 1580 2721 linguarum.

327 2741 572 2799 Exstruit
600 2741 885 2797 immensis
908 2740 1101 2811 opibus
1127 2738 1378 2810 superbia
1401 2746 1629 2802 turrem,

330 2832 438 2890 Sed
463 2831 647 2904 populi
670 2847 880 2887 summa
906 2830 936 2872 ιι
963 2831 1009 2886 is
1039 2830 1223 2885 turbat
1245 2828 1513 2898 colloquia
1542 2826 1742 2883 summi

326 2924 408 2982 Ne
432 2924 564 2997 quid
597 2922 761 2979 stulta
788 2936 985 2977 manus
1012 2920 1153 2976 ultra
1188 2934 1285 2976 sua
1302 2917 1427 2988 jura
1456 2926 1698 2990 pararet.

326 3015 578 3073 Consoua
613 3014 858 3071 diversas
883 3010 1077 3068 fundat
1110 3022 1135 3051 ο
1165 3011 1478 3081 praedicatio
1497 3009 1733 3083 linguas,

327 3106 568 3165 Barbara
591 3120 820 3178 quaeque
845 3118 1002 3159 suam
1029 3102 1306 3174 cognoscit
1334 3103 1484 3159 natio
1510 3116 1726 3170 vocem,

327 3198 501 3270 Quam
530 3212 689 3256 sacer
717 3198 959 3253 humano
984 3194 1244 3268 praefatur
1270 3191 1507 3267 Spiritus
1529 3209 1646 3250 ore.

1025 3311 1196 3369 XXIII

886 3398 1131 3459 Venditio
1159 3400 1377 3475 Ioseph.

329 3500 430 3558 llic
456 3498 767 3569 coniuratos
792 3510 1113 3570 germanum
1134 3495 1376 3552 vendere
1400 3492 1620 3559 fratres,

330 3594 490 3667 Cogit
513 3591 655 3648 livor
673 3590 835 3657 edax,
862 3594 1093 3661 prosunt
1114 3587 1387 3644 contraria
1411 3584 1596 3656 iustis.

333 3685 449 3742 Hoc
472 3699 611 3756 opus
632 3691 718 3741 est
739 3680 928 3753 gratim
952 3689 1015 3738 ut
1042 3679 1138 3750 qui
1167 3678 1411 3737 vendidit
1436 3675 1464 3717 ἀ
1495 3677 1707 3735 adoret.

1029 3791 1219 3851 XXIV.

803 3885 882 3942 De
904 3902 1103 3941 manna
1136 3887 1193 3940 in
1220 3884 1449 3941 deserto.

333 3982 435 4040 Hic
458 3978 645 4037 avidos
666 3979 847 4035 carnis
869 3978 1036 4034 missa
1056 3976 1408 4049 ortigometra
1434 3984 1688 4048 pascunt,

332 4075 745 4159 Immeritosque
798 4073 971 4144 replet
1038 4072 1279 4128 caelestis
1328 4071 1485 4143 copia
1530 4088 1746 4128 mensas
1805 4071 1924 4145 [F.,

339 4256 474 4313 Nam
500 4256 676 4329 dignis
695 4294 711 4323 ,
753 4269 1132 4327 quemcunque
1159 4253 1321 4321 velit,
1358 4253 1485 4320 dat,
1528 4161 1926 4328 #:3218230-

1692 4347 1853 4423 [rem.

1054 4436 1224 4495 XXV.

801 4534 882 4592 De
905 4534 1017 4608 lege
1046 4534 1219 4608 Moysi
1244 4537 1456 4595 tradita.

346 4629 609 4687 Veridica:
632 4625 810 4686 Moses
833 4630 1019 4701 pandit
1042 4629 1340 4701 penetralia
1364 4630 1519 4702 legis,

347 4725 504 4794 Quod
527 4740 774 4792 summus
797 4724 1008 4781 cunctis
1032 4740 1174 4781 unus
1205 4723 1278 4780 sit
1302 4722 1476 4781 lector
1507 4734 1531 4765 ο
1558 4734 1613 4781 et
1638 4725 1819 4793 idem;

417 4871 443 4900 ι
471 4858 654 4924 Forte,
683 4858 870 4913 diluvii
905 4857 1172 4914 uiolentia.

415 4929 447 4971 ι)
472 4928 654 4996 Forte,
676 4929 956 4985 stulta.....
995 4928 1164 4985 stulti.

421 5009 445 5039 ο
482 4999 666 5065 Forte,
694 4998 888 5070 fundit.

419 5069 449 5110 ιι
475 5069 739 5126 Producta
769 5078 854 5126 est
887 5070 1065 5127 media
1098 5069 1269 5139 vocis,
1300 5072 1549 5128 vendidit.

428 5153 453 5181 ε
477 5140 658 5207 Forte,
693 5150 880 5195 rector.

430 5211 449 5250 ῐ
480 5211 643 5267 Forte
685 5212 803 5268 lucc
834 5211 1179 5283 intelligenda
1221 5213 1288 5271 de
1335 5213 1535 5271 Christi
1580 5231 1830 5275 sermone
1880 5219 1936 5273 in

354 5298 482 5340 mon
490 5289 559 5337 ιε.

424 5355 451 5396 ⁸
474 5352 656 5421 Forte,
684 5354 798 5411 vale
831 5355 1028 5411 dicens.

419 5425 450 5466 ιι
478 5423 663 5491 Forte,
690 5426 920 5481 verbum.

426 5496 445 5567 ξ
478 5494 661 5567 Forte,
690 5506 927 5567 peragat.

426 5564 439 5650 ξ
480 5565 660 5650 Forte,
690 5564 1231 5650 inexpertaproprite.

425 5646 451 5676 ι
480 5636 784 5709 Sequentes
811 5636 1215 5709 inscriptiOues,
1251 5653 1423 5709 usque
1466 5641 1529 5694 ad
1557 5656 1623 5695 χι,
1653 5641 1720 5695 ad
1753 5658 1942 5699 mona-

351 5709 575 5832 gtelrlrium
607 5707 910 5764 Elnonense
943 5707 999 5764 Si
1033 5708 1264 5765 Amaudi
1303 5707 1579 5781 pertinere
1615 5723 1800 5769 censet
1832 5714 1943 5769 Ma-

394 5796 408 5831 ι
452 5794 628 5832 omus.

394 5794 628 5833 IIIOI'IIUS.

432 5847 452 5887 ι
488 5848 664 5916 Forte,
705 5849 1045 5905 cumulatum.

1313 386 1643 446 CARMINA.
1684 418 1756 431 —
1791 387 2314 447 INSCRIPTIONES
2348 389 2607 446 νΑιὶυε.

1934 506 1989 566 Α
2013 499 2123 557 Nec
2156 500 2326 558 divisa
2363 510 2516 574 regat
2544 500 2823 565 mundum,
2859 501 2955 556 sed
2986 498 3101 557 sola
3129 502 3394 573 potestas.

3497 384 3605 441 738

2709 588 2904 646 XXVI.

2612 679 2690 735 De
2723 679 2907 735 eadem
2938 678 2983 735 ί.

2014 767 2197 828 laute
2225 770 2365 827 valle
2391 770 2587 828 sedens
2615 772 2641 811 ⁸
2664 771 2868 843 grande
2895 778 2952 827 et
2973 770 3312 829 immutabile
3335 782 3527 826 verum
3547 770 3579 812 ιι

2017 864 2085 923 Et
2109 865 2199 937 pia
2216 864 2440 936 iustitiae
2467 866 2680 936 populis
2708 873 2976 938 praecepta
3008 862 3278 937 profatur,

2014 953 2255 1028 Quaque
2281 956 2425 1011 intra
2462 970 2584 1013 sese
2605 962 2795 1028 pergat
2821 958 2838 999 ἱ
2876 956 3144 1027 sapientia
3164 962 3452 1014 monstrat.

2705 1048 2919 1104 XXVII.

2462 1138 2536 1194 De
2567 1137 2927 1194 immolatione
2951 1137 3132 1194 Isaac.

2012 1232 2190 1290 Caedis
2212 1233 2525 1303 inexpertas
2551 1232 2770 1303 propria
2801 1231 2815 1284 i
2856 1231 2963 1289 fert
2989 1234 3167 1290 hostia
3194 1234 3421 1306 lignum,

2012 1321 2151 1379 Nam
2180 1325 2408 1379 charum
2437 1324 2698 1381 obediens
2723 1326 2917 1397 pignus
2942 1334 3182 1380 mactare
3206 1334 3450 1396 paratur.

2014 1413 2174 1470 Ducit
2208 1414 2411 1471 Abram
2439 1415 2565 1472 tidei
2598 1416 2875 1481 meritum,
2902 1430 3012 1471 nou
3038 1430 3269 1486 parcere
3302 1423 3453 1471 nato.

2227 1542 3021 1623 INSCRIPTIONES
3094 1541 3428 1621 VARIIE

2115 1672 2629 1739 ECCLESIARUM,
2672 1672 3033 1730 ALTARIUM
3061 1715 3075 1740 ,
3118 1670 3516 1728 SEPULCRO-

2148 1805 2153 1808 ρ
2616 1765 2767 1821 RUM
2797 1805 2811 1831 ,
2853 1762 3005 1820 ETC.

1940 1868 1990 1932 Β
2015 1891 2068 1939 ι.
2096 1889 2188 1939 ιη
2212 1888 2590 1939 εδει-ειη.
2618 1890 3047 1937 unauana:
3079 1883 3611 1939 nso-aenum

2281 1949 2703 2009 ron-Luxu
2739 1958 3251 2009 εικοιιειιιι
3291 1948 3342 2002 ιι.

2695 2062 2931 2119 XXVIII.

2182 2154 2264 2208 Ad
2291 2153 2564 2210 ecclesiam
2589 2164 2637 2210 et
2674 2155 2971 2227 sepulcrum
2997 2154 3165 2211 sancti
3200 2150 3430 2207 Amandi

2019 2246 2145 2302 llaec
2171 2254 2254 2302 est
2277 2246 2398 2301 aula
2423 2246 2539 2312 Dei,
2565 2247 2738 2303 veniae
2772 2247 2984 2315 domus,
3013 2246 3134 2301 aula
3165 2244 3374 2312 salutis,

2091 2337 2192 2393 Hic
2220 2337 2398 2394 cultus
2430 2337 2658 2405 Christi,
2681 2339 2773 2395 hic
2796 2341 3017 2411 pietatis
3046 2342 3236 2396 honor.

2018 2426 2121 2485 Hic
2146 2427 2376 2498 populus
2400 2430 2624 2484 veniens
2652 2430 2868 2485 veniam
2894 2431 3133 2501 rogitare
3159 2430 3362 2487 suescit
3386 2447 3401 2498 ;

2088 2518 2343 2576 Creditur
2364 2521 2453 2577 hic
2477 2537 2720 2592 praesens
2748 2538 2962 2595 semper
2991 2524 3183 2581 adesse
3203 2525 3366 2581 Deus.

2018 2613 2120 2671 IIic
2145 2614 2290 2670 Deus
2315 2614 2536 2671 exaudit
2561 2615 2889 2674 famulorum
2916 2625 3043 2672 vola
3069 2633 3290 2673 suorum
3315 2634 3330 2683 ;

2090 2706 2338 2778 Largiter
2359 2708 2449 2764 hic
2472 2708 2746 2780 lacrymas
2771 2711 2933 2780 tergit
2962 2712 3031 2766 ab
3060 2726 3156 2767 ore
3187 2726 3337 2767 suas.

2019 2797 2123 2855 Hic
2150 2805 2307 2869 pater
2330 2806 2385 2853 et
2414 2807 2621 2869 pastor,
2648 2801 2845 2868 prmsul
2877 2802 3171 2871 requiescit
3193 2800 3491 2867 Amandus,

2092 2890 2192 2946 Vir
2213 2890 2416 2947 virtute
2439 2899 2654 2960 potens,
2679 2899 2734 2946 et
2756 2891 2959 2962 pietate
2992 2893 3188 2949 bonus.

2019 2982 2255 3053 Adiuvat
2279 2982 2381 3038 iste
2407 2998 2602 3054 preces
2631 2983 2813 3054 populi
2844 2983 3131 3039 clamantis
3155 2984 3222 3040 ad
3249 2995 3420 3050 astra,

2091 3073 2193 3142 Qui
2222 3072 2449 3130 Domino
2480 3075 2693 3130 assistit
2727 3089 2943 3144 semper
2968 3074 3023 3129 in
3044 3089 3171 3130 arce
3191 3074 3322 3145 poli.

2718 3166 2914 3223 XXIX.

1942 3237 1995 3303 ο
2050 3253 2133 3309 Ad
2159 3254 2408 3327 templum
2439 3258 2609 3313 sancti
2640 3256 2918 3313 Michaelis
2939 3258 3005 3312 ab
3028 3256 3240 3312 Amone
3270 3266 3595 3330 reparatum.

2023 3348 2159 3404 Dm:
2188 3364 2343 3404 sacra
2366 3350 2653 3422 praesentis
2674 3351 2918 3422 pervasit
2937 3351 3128 3407 limina
3164 3351 3364 3423 templi,

2023 3438 2234 3511 Saepius
2258 3456 2577 3498 accrescens
2604 3444 2913 3499 cumulatur
2941 3443 2960 3485 ι
2994 3445 3207 3518 gurgite
3230 3444 3430 3501 ﬂumen
3456 3454 3520 3501 ιη.

2021 3533 2143 3589 Non
2172 3533 2293 3589 tulit
2318 3534 2573 3591 Arnonus
2598 3533 2791 3593 fcedari
2820 3538 3017 3609 templa
3055 3539 3307 3595 sacerdos
3332 3548 3359 3577 ο
3383 3556 3398 3607 ;

2021 3619 2268 3678 Iusserat
2291 3623 2344 3678 in
2376 3624 2569 3681 melius
2596 3628 2847 3681 renovari
2870 3627 2988 3682 haec
3012 3627 3195 3683 omnia
3221 3628 3439 3699 praesul,

2024 3715 2212 3774 Latior
2233 3724 2294 3772 ut
2330 3716 2485 3773 lieret
2511 3728 2722 3790 crypta,
2749 3729 2805 3774 et
2830 3719 3118 3775 sublimior
3141 3721 3264 3786 ista,

2026 3807 2348 3879 Supponens
2375 3809 2532 3864 testis
2559 3809 2802 3866 firmatos
2825 3819 2910 3866 ter
2937 3819 3133 3882 quater
3160 3826 3359 3867 arcus:

2027 3901 2288 3974 Mysticus
2313 3911 2372 3957 ut
2400 3910 2571 3958 totam
2603 3902 2847 3958 firmaret
2867 3904 3106 3959 calculus
3130 3903 3311 3959 aulam
3338 3922 3351 3958 :

2025 3995 2257 4051 Parvula
2292 3997 2552 4068 praecelso
2581 4014 2911 4056 eonsecrans
2943 4008 3085 4055 tecta
3113 4000 3364 4056 ministro

2029 4087 2311 4154 Michaelo,
2339 4088 2463 4144 cudi
2489 4087 2708 4145 Christo
2733 4091 2826 4161 qui
2849 4091 3066 4147 adsistit
3094 4092 3149 4146 in
3176 4106 3344 4159 arce;

2029 4180 2209 4251 Atque
2235 4195 2427 4250 preces
2460 4179 2616 4237 ollert
2638 4191 2952 4238 sanctorum
2980 4197 3107 4255 rege
3141 4182 3416 4254 polorum.

2033 4270 2133 4327 llic
2164 4285 2378 4342 quoque
2400 4280 2587 4329 nostra
2616 4271 2775 4339 ferat,
2801 4274 3121 4345 rogitamus,
3158 4282 3285 4329 vota
3319 4273 3575 4341 Tonanti,

2031 4358 2357 4432 Auxilioque
2383 4362 2472 4433 pio
2497 4371 2711 4419 nosmet
2736 4362 2993 4420 defendat
3017 4364 3239 4435 ubique.

2034 4452 2347 4509 Hlotharius
2372 4462 2556 4509 custos
2582 4453 2710 4510 fecit
2734 4455 3027 4510 mandante
3056 4455 3321 4527 magistro
3345 4471 3360 4520 ;

1956 4559 2006 4621 ι)
2034 4545 2263 4616 Semper
2288 4546 2342 4602 in
2374 4554 2638 4601 aeternum
2671 4544 2922 4603 Christus
2946 4554 3233 4602 conservet
3262 4554 3541 4616 utrosque.

2034 4638 2136 4707 Qui
2162 4638 2292 4707 legit
2321 4639 2423 4694 hos
2445 4646 2639 4694 Versus
2665 4639 2830 4705 dicat,
2861 4653 3014 4709 rogo,
3042 4645 3262 4708 pectore
3293 4652 3449 4707 puro,

2033 4730 2264 4787 Alcuino
2295 4737 2319 4765 °
2350 4732 2565 4786 veniam
2594 4731 2859 4787 scelerum
2893 4730 2982 4795 da,
3016 4728 3250 4795 Christe,
3283 4743 3592 4799 precamur.

2108 4878 2149 4907 ω
2186 4864 2433 4922 Flumen.
2472 4866 2598 4925 Haec
2647 4866 2991 4923 Mabillonius
3029 4864 3225 4921 Annal.
3258 4863 3459 4920 Bened.
3501 4871 3633 4919 tom.

2032 4937 2099 5003 II,
2129 4953 2249 5062 pag.
2282 4938 2408 5005 506,
2439 4954 2589 4993 num.
2621 4937 2709 5003 71,
2761 4940 3147 5006 interpretatur
3172 4937 3237 4991 de
3274 4934 3639 4990 exundatione

2038 5009 2177 5062 alvei
2250 5010 2419 5062 carui.
2448 5009 2626 5062 amnis
2657 5010 2989 5062 monasterio
3017 5007 3307 5062 Elnoneusi
3345 5005 3598 5062 proximi.

2038 5005 2177 5065 alvei
2205 5005 2419 5078 Scarpi,
2448 5009 2626 5064 amnis
2657 5005 2989 5064 monasterio
3017 5007 3312 5078 Elnoneusi
3345 5005 3598 5075 proximi.

2110 5090 2136 5118 ιι
2165 5075 2431 5134 Ανηοηάε.
2471 5080 2551 5134 Ex
2580 5080 2871 5135 Elnoneusi
2915 5079 3112 5133 abbate
3156 5076 3453 5147 Salisburg.
3499 5075 3641 5129 anti—

2038 5158 2172 5215 stes,
2202 5151 2295 5273 qui
2318 5151 2435 5232 ejus
2466 5149 2571 5206 loci
2597 5152 2988 5223 providentiam
3027 5148 3320 5221 quamdam
3345 5147 3635 5203 retinebat.

2040 5220 2210 5275 (Mabt
2238 5220 2275 5273 ι.
2309 5221 2345 5274 l.
2385 5223 2504 5275 σιω

2126 5222 2275 5275 abill.
2309 5222 2345 5274 l.
2385 5222 2474 5275 cit.

2040 5221 2741 5368 gifc‘uiutiullaudatus
2785 5291 3129 5368 Mabillonius
3173 5290 3277 5368 hoc
3307 5290 3639 5368 epigramma

2039 5362 2253 5419 Alcuini
2286 5363 2674 5433 interpretatur
2705 5365 2771 5420 de
2805 5364 3040 5420 secunda
3066 5363 3365 5433 elevatione
3386 5362 3643 5433 corporis

2041 5434 2214 5489 sancti
2255 5428 2512 5505 Amandi,
2560 5450 2720 5505 quam
2755 5451 2898 5489 anno
2933 5434 3038 5489 809
3076 5433 3289 5505 factam
3323 5428 3642 5505 fuisselljilo

2040 5505 2342 5559 monachus
2366 5513 2419 5559 et
2444 5500 2677 5560 Annales
2700 5506 3035 5560 Elnonenses
3059 5504 3220 5560 ﬁdem
3246 5502 3471 5558 faciunt.
3505 5500 3642 5555 Hinc

2042 5575 2405 5631 verosimilius
2428 5591 2547 5631 esse
2569 5585 2777 5642 censet,
2800 5577 2902 5631 hos
2922 5592 3113 5631 versus
3142 5591 3248 5630 non
3270 5589 3391 5629 esse
3402 5570 3641 5642 Alcuini,

2043 5647 2139 5702 sed
2169 5646 2391 5700 alterius
2423 5656 2597 5716 poetae
2622 5646 2739 5716 ejus
2772 5647 3042 5718 discipuli,
3078 5648 3171 5718 qui
3205 5641 3643 5718 animmjlcuini

2044 5718 2183 5772 bene
2207 5712 2463 5786 precatus
2505 5720 2575 5773 sit
2614 5712 2798 5773 amore
2824 5712 3059 5773 Aruonis
3096 5712 3361 5787 'episcOpi.
3410 5712 3525 5768 Non
3557 5727 3642 5766 as-

2044 5789 2250 5842 sentior
2275 5788 2392 5841 viro
2420 5789 2794 5855 celeberrimo,
2831 5791 2901 5844 ob
2921 5789 3143 5843 ultimos
3178 5795 3409 5857 quatuor
3430 5798 3640 5848 versus,

2046 5859 2100 5913 iu
2129 5857 2323 5929 quibus
2358 5868 2513 5929 poeta
2540 5869 2596 5916 et
2636 5861 2840 5916 Arnoui
2872 5869 2926 5915 et
2961 5858 3241 5914 Hlothario
3287 5860 3427 5914 bona
3451 5867 3653 5927 prece-5
