4106 6476
1321 425 1487 478 XXX.

945 499 1131 555 Oratio
1157 498 1226 550 ad
1262 508 1502 552 sanctmn
1533 494 1849 553 Amandum.

599 595 803 652 Pracsul
835 592 1078 648 Amande
1115 593 1250 657 Deo,
1285 591 1382 646 tali
1411 599 1470 644 tu
1499 589 1716 644 nomine
1753 587 1947 656 dignus
1974 601 1988 649 ;

597 689 895 753 Auxiliare,
921 687 1106 751 Pater,
1135 684 1464 740 famulorum
1489 688 1615 736 vota
1656 689 1890 740 tuorum,

601 781 670 836 Et
703 779 949 845 defende,
982 778 1088 848 piis
1112 778 1382 848 precibus,
1418 773 1758 843 famulosque
1785 770 2132 839 domumque.

1304 867 1494 923 XXXI.

799 947 880 1000 Ad
908 960 1058 999 aram
1084 949 1254 997 sancti
1281 939 1534 1009 Stephani
1558 936 1982 1008 protomartyris.

600 1039 729 1095 limo
757 1035 1018 1106 Stephani
1049 1034 1218 1105 fulget
1246 1032 1458 1086 meritis
1487 1027 1906 1100 protomartyris
1931 1039 2044 1088 ara,

673 1129 774 1196 Qui
810 1127 1016 1198 lapides
1041 1125 1184 1179 inter
1207 1123 1344 1178 vidit
1367 1122 1423 1176 in
1462 1136 1590 1175 arce
1615 1120 1807 1173 Deum.

601 1222 703 1291 Qui
726 1223 938 1277 veniam
975 1221 1218 1291 rogitans
1243 1217 1497 1280 inimicis,
1533 1223 1707 1270 morte
1737 1215 1836 1269 sub
1864 1213 1999 1283 ipsa,

671 1315 778 1370 Pro
804 1313 1018 1367 famulis
1045 1312 1258 1366 veniam
1283 1324 1532 1380 poscere,
1566 1317 1713 1363 certe
1738 1307 1900 1361 valet.

599 1406 836 1477 Inelytus
862 1413 918 1459 et.
938 1401 1138 1458 Christi
1169 1401 1468 1471 prmelarus
1493 1408 1707 1454 amatus
1731 1397 2028 1464 Amandus,

676 1497 744 1554 Et
766 1497 932 1553 decus
963 1505 1020 1552 et
1041 1503 1246 1565 pastor,
1276 1491 1448 1548 dulcis
1483 1505 1746 1560 amorque
1783 1488 1913 1544 suis.

1304 1584 1517 1640 XXXII.

1102 1658 1183 1712 Ad
1206 1667 1415 1729 portam
1447 1654 1697 1708 erclcsiar.

606 1753 732 1809 Hmc
761 1761 915 1823 porta
944 1759 1027 1807 est
1046 1750 1192 1815 coeli,
1225 1757 1442 1805 reterns:
1470 1747 1587 1801 ha‘c
1612 1743 1876 1813 cstjanua
1909 1742 2054 1808 vitae,

671 1846 780 1901 Ista
801 1846 1066 1900 viatorem
1101 1843 1254 1898 ducit
1283 1842 1349 1896 ad
1374 1850 1523 1896 astra
1548 1855 1726 1894 sumu.

599 1937 914 2008 Ingrediens
940 1936 1126 1995 istam,
1158 1940 1372 2005 portam
1399 1931 1708 2002 penetravit
1732 1942 1756 1970 ε
1785 1927 2031 2000 Olympi;

674 2031 767 2086 Sic
802 2028 909 2103 [Si]
939 2029 1230 2084 comitetur
1261 2041 1385 2082 eum
1407 2067 1420 2091 ,
1450 2039 1680 2095 spesque
1714 2023 1955 2092 ﬁdesque
1981 2017 2164 2075 simul.

599 2122 694 2180 Ite
716 2123 921 2194 petitur
953 2121 1125 2174 veniae
1147 2120 1176 2159 ιι
1203 2135 1220 2186 ;
1252 2117 1446 2174 devoto
1475 2116 1618 2171 hanc
1645 2113 1832 2179 corde,
1855 2111 2033 2166 viator

672 2215 884 2285 Smpius
910 2227 943 2267 ο
968 2212 981 2265 ε
1015 2211 1244 2281 pedibus
1269 2215 1512 2264 transeat
1547 2207 1664 2277 ipsc
1689 2206 1824 2261 suis.

599 2306 765 2378 209
793 2304 894 2360 llic
919 2317 1135 2376 quoque
1163 2310 1417 2373 peccator
1442 2299 1740 2356 sceleratos
1761 2298 1946 2354 abluat
1973 2304 2150 2362 actus,

669 2400 737 2455 Et
763 2397 1019 2469 lacrymis
1053 2396 1197 2451 lavet
1224 2395 1411 2449 limina
1453 2409 1610 2450 sacra
1636 2393 1768 2447 suis.

595 2491 869 2564 Purgatus
895 2489 1172 2560 lacrymis,
1199 2487 1389 2541 humili
1419 2487 1638 2549 decore,
1666 2483 1930 2554 profusis,

667 2585 751 2640 Ad
777 2587 897 2640 loca
925 2589 1113 2637 sancta
1144 2579 1238 2634 Dei
1267 2579 1483 2648 dignior
1507 2586 1566 2632 ut
1592 2576 1792 2639 veniat,

599 2675 776 2732 Credo
804 2674 928 2746 pius
951 2671 1110 2727 Jesus
1135 2671 1322 2741 culpas
1353 2670 1585 2739 ignoscit
1609 2680 1666 2723 et
1695 2667 1797 2732 illi,

671 2766 730 2823 Si
757 2765 941 2823 veniat
970 2764 1164 2829 tristis,
1195 2763 1371 2818 lzetior
1400 2768 1462 2815 ut
1491 2760 1698 2816 redeat.

1283 2876 1519 2933 XXXIII.

989 2974 1072 3028 Ad
1097 2989 1250 3028 aram
1275 2971 1446 3025 sancti
1477 2969 1770 3026 Laurentii.

598 3068 753 3125 Hanc
780 3065 946 3122 levita
974 3064 1073 3119 Dei
1101 3072 1272 3118 totam
1299 3062 1632 3118 Laurentius
1659 3062 1836 3116 aulam

668 3156 986 3220 Conservet,
1017 3152 1276 3222 quoniam
1304 3151 1422 3206 haec
1450 3166 1543 3205 ara
1567 3151 1747 3207 dicata
1777 3150 1881 3205 sibi
1909 3155 2015 3206 est.

596 3247 697 3303 Vir
723 3248 945 3311 virtute,
980 3243 1106 3309 ﬁde,
1129 3242 1470 3297 ﬂammarum
1499 3241 1751 3297 incendia
1765 3241 1896 3297 vicit

674 3341 867 3397 Omnia
895 3347 1169 3394 tormenta
1196 3343 1250 3391 et
1274 3335 1406 3390 vicit
1430 3350 1615 3390 amore
1637 3334 1755 3390 Dei.

600 3432 942 3503 Pauperibus
972 3431 1239 3494 tribuens,
1269 3428 1324 3482 in
1353 3427 1556 3483 mundo
1587 3426 1852 3496 quidquid
1879 3425 2138 3489 habebat,

673 3526 732 3581 In
761 3524 902 3582 coelo
929 3530 991 3580 ut
1008 3522 1212 3578 Christi
1243 3521 1461 3578 divitias
1488 3528 1725 3590 caperet.

1276 3634 1519 3691 XXXIV.

961 3709 1040 3767 Ad
1067 3708 1340 3766 ecclesiam
1362 3707 1532 3762 sancti
1555 3704 1774 3761 Martini
1800 3717 1848 3760 ε.

601 3807 869 3864 Martinus
893 3805 1103 3861 meritis
1132 3800 1344 3856 Domini
1371 3798 1675 3870 condignus
1698 3789 1904 3863 amore,

674 3898 777 3966 Qui
807 3896 912 3953 sibi
939 3901 1210 3951 sacratam
1237 3893 1380 3946 banc
1406 3890 1548 3962 regit
1567 3890 1857 3945 ecclesiam
1884 3907 1899 3942 :

600 3991 867 4064 Egregius
894 3986 1093 4060 prmsul
1123 3992 1238 4041 toto
1260 3983 1558 4056 prazclarus
1583 3982 1638 4037 in
1662 3981 1816 4048 orbe,

672 4086 889 4142 Turona
912 4095 1150 4152 pausans
1172 4085 1359 4151 pastor
1387 4078 1443 4131 in
1469 4076 1603 4131 urbe
1627 4074 1779 4148 [Ed.,
1804 4071 1960 4148 orbe]
1983 4075 2128 4146 pius.

602 4177 733 4234 Haec
753 4174 949 4231 domus
977 4173 1119 4228 alma
1143 4171 1254 4226 Deo
1275 4171 1450 4240 prima
1475 4177 1559 4224 est
1573 4167 1795 4224 fundata
1810 4169 2064 4234 Tonanti,

673 4267 816 4323 Ante
840 4264 946 4322 alia
973 4270 1029 4320 et
1057 4263 1201 4318 sacri
1231 4269 1382 4332 septa
1413 4260 1752 4317 monasterii.

602 4357 789 4416 Crevit
812 4359 988 4414 honor
1013 4355 1232 4423 horum,
1258 4352 1490 4411 Domino
1509 4353 1766 4421 donante,
1787 4348 2055 4422 locorum,

674 4447 744 4503 Et
763 4446 936 4516 major
959 4444 1190 4502 Domino
1213 4452 1300 4499 est
1328 4444 1594 4500 mdiﬁcata
1624 4445 1839 4500 domus.

601 4539 742 4596 Dum
779 4547 1001 4594 sanctus
1024 4534 1222 4607 prmsul
1249 4535 1339 4590 hic
1368 4535 1695 4590 inhabitavit
1719 4535 2017 4604 Amandus,

671 4631 858 4689 Crevit
880 4630 1055 4687 honor
1079 4628 1282 4693 Patris,
1305 4626 1479 4681 crevit
1511 4633 1565 4680 et
1595 4626 1698 4681 istc
1727 4626 1898 4683 locus.

1295 4737 1516 4792 XXXV.

836 4834 919 4889 Ad
950 4833 1243 4888 oratorium
1268 4831 1439 4886 sancti
1467 4830 1694 4886 Andrcaa
1717 4831 1963 4902 apostoli.

604 4926 822 4983 Primus
851 4925 1179 4996 apostolicos
1230 4921 1510 4978 Christum
1538 4923 1630 4994 qui
1655 4934 1952 4994 agnoverat
1973 4925 2116 4980 inter

674 5021 939 5088 Andreas,
973 5020 1200 5075 fratrem
1223 5025 1487 5074 convocat
1515 5026 1679 5088 atque
1709 5034 1888 5072 suum.

605 5187 733 5246 tur;
771 5179 875 5236 sibi
899 5194 1030 5235 vero
1070 5186 1132 5234 ut
1162 5178 1380 5233 veniam
1413 5176 1693 5248 aChristo
1737 5186 1992 5248 precetur
2009 5177 2199 5246 lector,

602 5257 845 5320 exoptat.
888 5250 1007 5322 Quo
1035 5252 1194 5306 modo
1219 5247 1500 5322 scribendi
1542 5248 1635 5302 vix
1674 5249 1834 5322 alios,
1860 5266 2045 5322 quam
2087 5251 2203 5322 ipse

605 5331 796 5377 auctor
819 5338 949 5377 usus
971 5320 1184 5377 fuisset.
1219 5319 1332 5376 Nec
1355 5335 1579 5374 securus
1599 5325 1684 5374 est
1702 5319 1941 5376 calculus
1965 5319 2198 5386 Milonis,

603 5393 723 5464 qui,
757 5393 872 5464 ipso
895 5391 1202 5464 Mabillonio
1225 5393 1280 5446 in
1305 5391 1450 5446 notis
1471 5391 1526 5445 in
1557 5391 1743 5446 Vitam
1767 5393 1942 5448 sancti
1967 5392 2201 5450 Amandi

605 5463 853 5531 censore,
885 5463 1081 5534 szepius
1104 5465 1338 5518 aberrat.

680 5547 706 5606 9
738 5534 780 5606 Γ
784 5544 922 5600 orte,
947 5535 1257 5606 penetrabit.

679 5605 708 5645 ι’
737 5604 916 5678 Locus
942 5604 1250 5678 Corruptus.
1279 5605 1444 5678 Forte
1470 5606 1602 5678 leg.,
1639 5605 1738 5661 Hic
1762 5608 1959 5678 petitur
1990 5607 2161 5662 venia.

681 5687 719 5748 ον
757 5677 898 5748 Hoc,
921 5676 1142 5732 carmen
1193 5677 1323 5732 clar.
1358 5676 1665 5735 Cathelinot
1714 5676 2105 5748 interpretatur
2134 5679 2202 5734 de

606 5747 833 5804 basilica
863 5747 1186 5813 Turonensi,
1220 5749 1310 5802 ubi
1335 5758 1557 5804 sanctus
1576 5747 1878 5814 Amandus,
1905 5757 1966 5802 ut
1994 5750 2048 5804 in
2073 5748 2198 5804 Vita

606 5818 778 5889 ipsius
823 5819 1040 5894 legitur,
1085 5835 1298 5878 comam
1330 5820 1526 5894 capitis
1550 5821 1750 5894 posuit,
1783 5820 2008 5894 adeptus
2036 5820 2195 5878 cleri-

1430 312 1491 367 Β.
1530 313 1593 366 F.
1638 311 1863 366 ALIIINI
1906 309 2037 364 SE13
2079 302 2357 360 ALCL'IXI
2397 299 2687 355 OPERL’M
2725 297 2905 354 PARS
2944 295 3034 351 VI.

2226 417 2276 475 Α
2307 412 2384 466 Ita
2409 411 2522 464 suis
2547 409 2756 464 meritis
2777 407 2892 477 jam
2921 414 3066 460 tecta
3109 408 3320 456 sacrata
3342 405 3545 470 tuetur,

3795 284 3902 344 7i0

2377 503 2448 562 Ut
2473 501 2666 574 procul
2690 499 2914 568 eil‘ugiat
2939 495 3115 552 hostis
3142 495 3210 548 ab
3233 493 3351 553 mdo
3375 504 3493 548 sua.

2941 605 3183 662 XXXVI.

2569 704 2647 758 Ad
2673 703 2964 757 oratorium
2993 700 3159 754 sancti
3188 695 3336 751 Petri
3367 687 3610 763 apostoli.

2301 798 2497 853 Petrus
2525 795 2852 866 apostolicus
2876 793 3152 863 princeps,
3182 799 3475 860 pastorque
3507 787 3700 852 ﬁdelis,

2375 889 2494 944 Jam
2523 889 2704 960 gregis
2727 887 2972 951 aetherei,
2997 884 3112 955 jam
3146 885 3311 939 decus
3339 881 3618 937 Ecclesiae.

2306 982 2406 1050 Qui
2431 988 2579 1036 tenet
2605 983 2796 1035 :eterni
2822 979 3005 1034 claves
3027 993 3125 1048 per
3153 976 3348 1031 saecula
3372 974 3551 1046 regni,

2379 1075 2601 1131 Solvere
2633 1073 2720 1130 vel
2748 1073 2864 1128 sola
2891 1087 3022 1128 voce
3045 1072 3216 1142 ligare
3241 1078 3453 1139 potens.

2305 1168 2472 1238 Cujus
2503 1169 2710 1223 honore
2738 1182 2896 1223 sacro
2926 1180 3173 1237 prmsens
3201 1165 3317 1219 hazc
3345 1162 3470 1216 aula
3500 1161 3676 1216 dicata
3698 1169 3805 1226 est,

2375 1262 2654 1332 Protegat,
2682 1269 2844 1330 atque
2867 1266 3020 1330 regat
3049 1268 3239 1329 pastor
3260 1255 3400 1310 ovile
3426 1269 3606 1309 suum.

2306 1353 2675 1424 Digneturque
2702 1352 2815 1408 suis
2842 1359 3031 1422 portas
3059 1349 3292 1418 aperire,
3322 1361 3626 1417 precamur,

2378 1443 2670 1502 Aﬁthereas
2696 1443 2911 1510 ovibus,
2941 1455 3166 1496 munere
3188 1447 3468 1511 perpetuo.

2960 1550 3223 1608 XXXVII.

2587 1647 2669 1702 Ad
2685 1663 2834 1702 aram
2862 1645 3033 1700 sancti
3061 1642 3337 1698 Nic/tactis
3360 1638 3682 1712 archangeli.

2309 1737 2537 1794 Michael
2572 1738 2841 1793 :ethereus
2866 1737 3140 1807 princeps,
3170 1734 3489 1806 primusque
3515 1732 3796 1805 magister,

2311 1787 2537 1794 —-——---—v-
2573 1787 2838 1793 -π-ν-νν
2866 1787 3140 1807 rum-rw
3358 1787 3420 1806 η

2235 1787 2284 1849 Β
2379 1829 2597 1886 Eterni
2623 1831 2796 1900 regni,
2823 1844 3065 1885 summus
3093 1829 3148 1883 in
3179 1843 3303 1884 arce
3327 1826 3456 1898 poli,

2307 1921 2604 1979 Conservet
2625 1922 2782 1977 donis
2810 1923 2972 1977 istam
2993 1920 3273 1976 vivacibus
3302 1934 3474 1987 aram,

2377 2013 2508 2082 Quae
2535 2023 2747 2070 sacrata
2777 2015 2942 2069 micat
2962 2013 3179 2068 nomine
3206 2019 3441 2082 namque
3469 2027 3587 2068 suo.

2305 2107 2447 2164 Ante
2477 2107 2773 2176 oculosque
2802 2105 2901 2162 Dei
2934 2105 3135 2162 summi
3157 2105 3214 2160 in
3240 2113 3450 2162 secreta
3479 2105 3729 2175 polorum

2379 2199 2567 2258 Oﬂicio
2595 2209 2782 2256 nostro
2809 2198 2834 2240 ἀ
2868 2199 3084 2267 oﬂ‘erat,
3117 2207 3281 2270 atque
3307 2213 3517 2271 preces.

2955 2314 3242 2371 XXXVIII.

2497 2409 2579 2464 Ad
2599 2425 2750 2463 aram
2780 2417 3085 2462 sanctorum
3114 2406 3316 2461 Hilarii
3346 2416 3396 2462 et
3439 2405 3680 2461 Victoris.

2305 2502 2420 2558 Hoc
2450 2501 2621 2557 altare
2640 2508 2794 2572 pater
2818 2499 3016 2570 praesul
3054 2498 3292 2554 llilarius
3319 2505 3502 2565 ornat,

2375 2593 2546 2649 Notus
2573 2593 2629 2648 in
2655 2593 2787 2648 orbe
2813 2592 3002 2662 procul
3031 2590 3221 2646 doctor
3249 2589 3449 2661 ubique
3469 2591 3613 2661 pius,

2304 2687 2418 2745 Hac
2443 2687 2655 2758 magnis
2681 2686 2870 2742 Victor
2895 2685 3107 2741 meritis
3132 2693 3468 2740 memoratur
3488 2687 3543 2740 in
3572 2700 3694 2752 ara,

2373 2782 2575 2853 Inclyta
2600 2781 2896 2854 praeclarus
2919 2780 3079 2836 miles
3109 2781 3164 2835 in
3200 2795 3354 2836 arma
3375 2787 3592 2852 potens.

2971 2897 3213 2952 XXXIX.

2375 2970 2456 3025 Ad
2479 2970 2711 3026 tumbam
2735 2970 2904 3024 sancti
2929 2970 3159 3024 Amandi
3177 2969 3242 3023 ab
3271 2969 3484 3024 Arnone
3512 2977 3837 3039 renovatum,

2307 3062 2550 3118 Antistes
2577 3062 2798 3117 humilis
2825 3061 3064 3129 Domini,
3091 3069 3148 3117 et
3176 3062 3402 3117 devotus
3430 3063 3638 3118 honore

2225 3148 2272 3210 C
2303 3152 2558 3211 Arnonus
2589 3165 2634 3220 ε,
2667 3154 2842 3209 sancti
2870 3152 3112 3208 tumbam
3141 3151 3694 3220 renovavitAmandi,

2307 3245 2425 3302 Non
2451 3261 2681 3317 parcens
2708 3245 2901 3315 opibus
2926 3263 2940 3313 ;
2967 3245 3187 3302 miseris
3213 3261 3343 3301 nam
3371 3247 3636 3318 quidquid
3671 3247 3912 3304 habebat

2309 3338 2619 3410 Sparserat,
2641 3345 2696 3393 et
2721 3337 2926 3393 Christi
2947 3339 3180 3409 compsit
3199 3353 3356 3395 sacra
3378 3340 3580 3411 templa
3605 3341 3867 3397 sacerdos
3892 3359 3906 3395 :

2306 3429 2416 3488 Pro
2441 3446 2570 3502 quo,
2593 3430 2824 3502 quisque
2855 3429 3006 3500 legas
3031 3445 3247 3498 versus,
3281 3445 3444 3488 orare
3468 3439 3761 3488 memento.

2486 3641 2569 3696 De
2591 3648 2771 3696 sancto
2800 3640 3043 3696 Amando
3073 3642 3315 3712 episcopo
3357 3640 3701 3713 Trajectenai.

2308 3731 2409 3788 Hic
2434 3741 2588 3802 pater
2611 3741 2668 3787 et
2692 3740 2880 3802 pastor
2903 3747 3156 3804 magnus,
3189 3731 3503 3804 Christique
3529 3733 3790 3789 sacerdos

2309 3825 2546 3881 Sanctus
2566 3824 2845 3881 Amandus
2859 3824 2993 3890 obit,
3009 3823 3288 3879 Christum
3315 3824 3408 3894 qui
3423 3838 3637 3894 semper
3662 3825 3906 3880 amavit:

2307 3915 2551 3972 Plurima
2580 3916 2671 3987 qui
2725 3915 2950 3971 veniens
2981 3913 3099 3990 [F.,
3130 3915 3346 3989 vivens]
3382 3916 3596 3973 meritis
3631 3915 3899 3972 miracula

3617 4005 3834 4084 [gessit.

2307 4096 2474 4168 Cujus
2500 4100 2611 4155 vita
2641 4098 2743 4155 fuit
2768 4100 3039 4166 doctrina,
3064 4101 3322 4172 salusque
3356 4115 3580 4157 suorum

2309 4188 2410 4256 Qui
2443 4189 2557 4260 jam
2589 4190 2808 4246 divitias
2827 4190 2974 4245 saecli
3005 4193 3338 4262 contempsit
3357 4192 3583 4259 habere,

2308 4267 2569 4336 λεῖοι-ηδε
2594 4279 2800 4336 Christi
2834 4287 2895 4334 ut
2924 4281 3046 4335 coeli
3068 4280 3313 4338 lucraret
3337 4282 3392 4336 in
3417 4283 3560 4338 aula.

2309 4372 2687 4443 Multiplieavit
2705 4386 2836 4442 opes
2864 4372 3171 4428 animarum
3203 4374 3395 4430 doctor
3414 4375 3633 4445 ubique,

2307 4464 2586 4536 Exemplis
2616 4465 2876 4532 formans,
2907 4473 2962 4519 et
2995 4463 3014 4503 τ
3045 4465 3267 4522 doctore
3293 4466 3568 4538 magister.

2227 4521 2284 4584 Β
2307 4558 2406 4614 llic
2432 4521 2588 4628 pater
2613 4521 2876 4629 egregius.
2895 4556 3113 4612 Christo
3144 4521 3251 4614 hoc
3271 4521 3516 4614 fundavit
3547 4559 3696 4636 ovile.

2304 4652 2370 4706 Et
2395 4661 2516 4723 post
2542 4653 2789 4722 perpetui
2819 4665 2940 4722 quze
2969 4651 3173 4720 sparsit
3206 4653 3417 4707 semina
3438 4653 3591 4725 regni

2302 4745 2360 4801 In
2383 4745 2629 4816 populos,
2655 4753 2902 4800 nostrum
2938 4743 3096 4815 longe
3119 4743 3334 4815 lateque
3355 4761 3454 4817 per
3477 4739 3685 4801 orbem.

2301 4835 2433 4892 Post
2458 4836 2666 4892 fructus
2692 4837 2864 4904 verbi,
2893 4851 3036 4891 saeva
3064 4845 3122 4890 et
3143 4846 3267 4906 post
3292 4837 3478 4909 prmlia
3506 4838 3696 4896 mundi

2303 4928 2761 5000 Contemplativos
2784 4929 2990 5000 placuit
3011 4930 3101 4985 hic
3125 4944 3348 5000 carpere
3377 4929 3603 4985 fruetus.

2302 5019 2478 5092 Atque
2505 5019 2616 5076 Deo
2653 5020 2753 5076 soli
2779 5028 2991 5075 tantum
3015 5021 3222 5076 servire
3256 5020 3491 5091 quietus,

2304 5191 2460 5238 catus
2505 5183 2787 5239 honorem.
2822 5182 2955 5238 Mihi
2995 5183 3359 5238 verosimilius
3407 5182 3642 5248 videtur,
3698 5182 3906 5239 intelli-~

2305 5255 2798 5326 gendumgessede
2839 5255 3018 5324 prima
3067 5254 3295 5309 ecclesia
3343 5252 3552 5308 Elnoue
3600 5255 3901 5310 honoribus

2303 5324 2477 5380 sancti
2509 5324 2724 5379 Martini
2758 5333 3110 5389 constructa;
3145 5334 3333 5396 postea
3374 5341 3406 5378 a
3436 5332 3624 5379 saneto
3653 5326 3902 5381 Amando

2304 5396 2631 5467 ampliﬁcata
2663 5415 2676 5450 :
2706 5413 2851 5452 nunc
2885 5397 3191 5466 paroecialis
3220 5396 3400 5466 oppidi
3430 5396 3606 5450 sancti
3643 5395 3898 5460 Amandi,

2303 5468 2405 5522 sub
2434 5468 2744 5523 l’atrocinio
2772 5468 2947 5523 sancti
2971 5467 3209 5534 Martini,
3243 5467 3552 5523 Mabillonio
3587 5475 3744 5537 teste,
3775 5468 3895 5524 Act.

2304 5538 2404 5595 SS.
2431 5555 2556 5594 sarc.
2589 5555 2664 5604 ιν,
2689 5547 2828 5609 part.
2861 5557 2900 5604 l,
2929 5554 3053 5610 pag.
3093 5538 3180 5593 65.

2374 5610 2402 5649 ἀ
2443 5610 2626 5674 Forte,
2655 5611 2835 5680 ofﬁcia
2864 5620 3065 5665 nostra.

2381 5694 2404 5722 ο
2441 5680 2577 5736 Vide
2600 5682 2850 5739 superius
2875 5697 3024 5735 num.
3054 5681 3125 5738 28
3149 5689 3203 5739 et
3227 5682 3316 5739 29.

2383 5753 2402 5794 ί
2439 5753 2624 5814 Forte.
2653 5752 2861 5811 Christo
2889 5753 3119 5810 doctore.
