4106 6544
258 427 394 502 ’τις

293 558 574 616 Perfectus
603 558 816 614 meritis
851 565 1059 629 pastor,
1087 557 1387 628 plenusque
1417 559 1650 622 dierum,

291 651 538 709 Cmtibus
564 651 823 724 angelicis
863 650 1068 707 Christi
1096 651 1386 705 subvectus
1413 651 1466 706 in
1495 649 1699 714 aulam,

294 746 532 817 Corpore
553 745 836 801 nobiscum
867 752 1058 798 sancto
1083 743 1380 814 requiescit
1407 744 1663 798 humatus
1690 761 1704 808 ;

291 834 400 892 Pro
429 835 587 906 cujus
607 836 818 891 meritis
842 842 1056 890 nosmet
1077 835 1189 900 hic,
1220 833 1457 900 Clu-iste,
1487 843 1640 889 tuere
1673 852 1686 886 :

295 927 522 998 Semper
542 929 596 984 in
625 937 890 984 asternum
927 928 1022 983 tibl
1044 927 1118 982 sit
1140 927 1279 992 laus,
1311 927 1506 998 gloria,
1539 927 1734 994 virtus,

292 1020 398 1089 Qui
429 1020 588 1076 talem
617 1020 846 1075 dederas
872 1019 1030 1074 nobis
1061 1034 1156 1074 rex
1179 1018 1422 1088 piissime
1456 1017 1694 1072 Patrem.

514 1141 601 1189 ιι.
627 1141 719 1189 ια
747 1139 1126 1188 εααιεειι
1155 1140 1215 1186 Ι.
1248 1140 1588 1188 νευιιτι
1608 1140 1659 1182 ⁸.

979 1243 1114 1298 XLI.

294 1371 325 1412 ιι
356 1359 436 1416 De
464 1358 680 1415 ecclesia
714 1360 884 1416 sancti
941 1358 1159 1416 Vedasti
1188 1377 1220 1413 a
1250 1358 1469 1414 Radone
1517 1359 1703 1415 abbate
1735 1377 1886 1415 reno-

1012 1463 1152 1508 vata.

296 1567 428 1624 lltcc
457 1567 650 1625 domus
696 1567 839 1623 alma
873 1579 897 1608 ο
928 1567 1025 1622 Dei
1072 1566 1305 1623 ﬂammis
1340 1569 1732 1638 crepitantibus
1758 1572 1884 1624 olim

365 1660 534 1726 Arsit,
558 1659 691 1714 etin
719 1659 932 1714 cineres
953 1667 1064 1714 tota
1091 1660 1311 1714 redacta
1333 1658 1436 1714 fuit
1463 1659 1696 1732 [Lamb.,
1721 1658 1885 1731 ruit];

293 1750 407 1807 Sed
432 1752 724 1806 miserante
755 1750 886 1816 Deo,
919 1750 1111 1806 Radon
1135 1751 1160 1791 ἀ
1191 1751 1519 1807 venerabilis
1548 1763 1570 1792 θ
1602 1751 1740 1808 abba

367 1841 686 1898 Construxit
711 1842 922 1908 melius,
955 1858 1019 1898 ac
1040 1844 1325 1898 renovavit
1350 1859 1490 1899 eam.

295 1930 537 1988 Plurima
563 1933 818 2002 prtesenti
844 1933 1026 1988 domui
1060 1943 1382 1989 ornamenta
1403 1935 1741 2001 ministrans,

371 2023 659 2082 Exornans
684 2030 852 2078 totam
879 2025 1304 2096 muneribusque
1335 2026 1528 2083 sacris.

296 2115 568 2172 Cancellis
600 2114 619 2155 ῖ
649 2131 776 2171 aras
803 2115 975 2172 voluit
1007 2119 1208 2173 vestire
1238 2119 1490 2186 metallis,

370 2207 587 2264 Vedasti
614 2207 888 2266 fabricans
912 2212 1415 2282 sarcophagumque
1436 2211 1638 2266 Patris.

296 2299 467 2355 Pallia
495 2301 780 2371 suspendit
807 2300 1109 2371 parietibus
1131 2311 1294 2372 atque
1316 2302 1587 2369 lucernas,

367 2392 606 2459 Addidit,
638 2400 699 2447 ut
728 2393 881 2447 ﬁeret
905 2393 1088 2448 lumen
1111 2393 1166 2448 in
1195 2395 1309 2450 ωδε
1333 2410 1569 2450 sacrum.

297 2483 461 2553 210
489 2481 697 2539 Ofﬁciis
727 2483 940 2539 Domini
969 2483 1099 2540 fecit
1122 2501 1337 2556 quoque
1369 2502 1495 2542 vasa
1523 2495 1740 2542 sacrata

368 2573 626 2642 Argento,
657 2589 892 2630 necnon
925 2591 1090 2630 aurea
1129 2585 1242 2632 tota
1267 2578 1504 2647 quidem.

295 2663 475 2720 Induit
506 2665 697 2722 altaris
727 2669 974 2738 speciosa
1005 2680 1156 2724 veste
1186 2671 1488 2736 ministros,

372 2757 443 2814 Ut
467 2756 606 2814 foret
629 2761 903 2831 egregium
935 2775 1151 2831 semper
1181 2763 1381 2831 ubique
1409 2763 1597 2818 decus.

297 2847 493 2906 Omnia
541 2849 798 2906 melliﬂno
833 2849 1034 2906 Christi
1063 2851 1291 2908 devotus
1318 2868 1507 2908 amore

370 2941 706 2998 Restaurans
730 2959 894 3018 opera
924 2945 970 3010 ε,
996 2944 1080 2999 vir
1111 2945 1251 3015 pius,
1292 2946 1348 2999 in
1376 2946 1590 3002 melius.

297 3033 409 3089 Pro
433 3049 541 3104 quo
574 3037 805 3106 quisque
848 3035 997 3108 legas
1027 3037 1232 3104 titulos,
1266 3039 1507 3110 rogitare
1540 3039 1568 3080 ι·
1596 3050 1888 3108 memento,

370 3125 603 3198 Adjuvet
621 3135 787 3198 utque
812 3127 964 3184 illum
995 3129 1170 3201 gratia
1209 3145 1423 3185 summa
1457 3130 1572 3184 Dei.

1009 3243 1167 3299 XLII.

707 3356 789 3412 Ad
815 3374 1004 3428 corpus
1031 3359 1201 3412 sancti
1246 3358 1484 3414 I’edasti.

302 3467 405 3524 llic
426 3467 588 3524 Pater
613 3469 864 3542 egregius
891 3468 1160 3526 V'edastus
1197 3486 1428 3542 corpore
1459 3483 1672 3542 pausat,

374 3561 540 3633 Cujus
571 3563 776 3618 honore
807 3576 966 3616 sacro
991 3561 1109 3618 hate
1144 3563 1338 3618 domus
1374 3563 1515 3618 alma
1536 3564 1722 3618 micat.

304 3653 550 3709 Fulcitur
573 3654 707 3708 tanti
739 3654 945 3708 meritis
973 3669 1073 3724 per
1109 3654 1267 3709 smcla
1287 3655 1529 3724 patroni,

375 3745 482 3801 Per
503 3759 665 3815 quem
693 3746 864 3800 multa
895 3746 1036 3800 Deus
1060 3746 1214 3818 signa
1252 3747 1442 3802 salutis
1466 3749 1598 3818 agit.

305 3839 410 3907 Qui
436 3855 593 3896 sacra
619 3838 935 3895 eelsithroni
963 3841 1153 3895 vivens
1186 3841 1412 3912 vestigia
1444 3841 1670 3907 Christi,

376 3931 604 4002 Lingua,
634 3939 838 3996 mente,
867 3946 1032 3986 manu
1065 3947 1297 4001 namque
1320 3941 1536 3987 secutus
1561 3942 1700 3989 erat.

307 4022 680 4094 Multiplicavit
705 4037 837 4093 opes
870 4022 956 4078 bis
985 4023 1167 4093 quinis
1188 4023 1329 4078 forte
1359 4024 1604 4092 talentis,

375 4114 490 4172 Nec
506 4115 634 4170 data
667 4115 927 4185 marsupii
955 4113 1104 4169 lucra
1134 4114 1322 4185 ligavit
1345 4115 1493 4171 iners
1520 4118 1536 4157 ί

307 4209 505 4266 Audiet
528 4209 729 4265 ideirco
754 4221 944 4264 vocem
974 4223 1102 4265 mox
1127 4208 1326 4281 iudicis
1351 4209 1479 4264 almi
1507 4230 1518 4264 :

378 4303 528 4358 Intra
551 4315 699 4356 nunc
723 4299 938 4357 Domini
965 4301 1158 4373 gaudia
1190 4308 1379 4356 sancta
1409 4303 1504 4358 tui.

977 4412 1159 4470 XLIII.

732 4528 817 4583 Ad
839 4545 988 4583 aram
1022 4529 1193 4583 sancti
1233 4527 1470 4584 Vedasti.

310 4642 644 4701 Pontiﬁcalis
670 4658 828 4715 apex,
869 4642 1080 4698 meritis
1106 4641 1408 4707 vivacibus,
1436 4657 1590 4696 aram

383 4735 648 4793 Vedastus
671 4743 895 4791 sanctus
921 4734 1060 4789 hanc
1089 4733 1226 4804 regit
1255 4733 1369 4804 ipse
1395 4733 1578 4788 Pater.

311 4831 466 4888 Hanc
491 4831 659 4887 abbas
685 4827 905 4884 humilis
929 4828 1149 4884 vestivit
1177 4827 1326 4882 Rado
1346 4827 1602 4892 metallis,

383 4921 442 4978 In
471 4920 686 4978 Domini
712 4918 927 4976 laudem
955 4917 1153 4974 ductus
1179 4933 1366 4974 amore
1391 4917 1590 4974 Patris.

386 5092 412 5123 ι
453 5079 561 5134 Cur
616 5079 860 5134 carmina
912 5077 1194 5146 sequentia
1245 5091 1419 5147 usque
1463 5077 1530 5132 ad
1558 5092 1707 5132 num.
1742 5077 1810 5131 65
1837 5076 1905 5132 ad

311 5152 595 5208 ecclesiam
610 5151 784 5205 sancti
813 5148 1034 5204 Vedasti
1056 5148 1329 5219 pertinere
1369 5163 1721 5219 censeamus,
1740 5163 1905 5203 causa

311 5232 418 5290 est,
445 5233 591 5292 quon
620 5236 725 5275 non
744 5220 911 5292 initio
931 5218 1256 5292 solum,__sed
1284 5227 1339 5273 et
1363 5218 1416 5273 in
1456 5219 1634 5292 medio
1654 5225 1908 5274 occurrat

311 5289 520 5351 mentio
545 5294 612 5348 de
639 5291 865 5346 Radonc
896 5290 1090 5345 abbate
1119 5289 1262 5344 illius
1287 5290 1625 5345 monasterii.

389 5366 418 5405 ιι
457 5364 572 5420 I-Ioc
598 5377 820 5420 carmen
851 5361 1260 5416 emendavimus
1284 5379 1352 5415 ex
1373 5363 1514 5415 ‘edit.
1564 5360 1906 5416 celeberrimi

312 5435 587 5492 Lam‘ieeii
615 5444 744 5490 tom.
775 5432 818 5486 ll
847 5431 1323 5504 Commentlliibl.
1374 5432 1574 5504 Cmsar.
1629 5448 1751 5504 pag.
1779 5432 1904 5504 4M.

309 5508 480 5564 Nova:
506 5507 633 5562 edit.
680 5514 812 5560 tom.
845 5504 885 5569 Ι,
914 5520 1038 5574 pag.
1089 5503 1211 5557 645.
1244 5503 1302 5557 In
1349 5504 1467 5557 cod.
1501 5501 1906 5574 Vindobonensi

313 5580 402 5635 his
429 5578 675 5634 versibus
695 5572 1203 5646 pr'wﬁgit'urilitulus
1227 5593 1238 5627 :
1272 5574 1339 5628 In
1367 5573 1581 5628 ecclesia
1609 5575 1775 5646 sancti
1809 5572 1909 5627 Ve-

313 5650 453 5720 dasti
475 5649 530 5704 in
549 5644 746 5720 pariete
766 5644 1116 5720 scribendum.
1144 5646 1244 5701 Ubi
1272 5646 1730 5720 notarivultidem
1749 5644 1909 5698 Lam-

313 5719 522 5784 becius,
549 5715 663 5775 non
695 5720 782 5774 hic
805 5719 905 5789 legi
935 5720 1209 5789 scriptum,
1237 5715 1686 5789 sedseribcndum
1712 5733 1730 5789 ;
1756 5731 1909 5771 nem-

315 5806 385 5861 pe
408 5791 550 5860 quod
595 5788 942 5863 pervetustus
993 5788 1082 5844 ille
1111 5790 1278 5845 codex
1325 5788 1606 5863 Caesareus
1646 5788 1911 5863 prius-est

316 5859 615 5935 emi-atus.—
659 5881 819 5935 quam
872 5863 1205 5933 epigramma
1260 5863 1363 5917 hoc
1414 5861 1608 5933 parieti
1663 5859 1909 5916 ecclesia:

318 5935 494 5991 sancti
527 5933 743 5994 Vcdasti
771 5936 1090 6006 inscriptum
1115 5941 1216 5987 est.

1286 443 1612 500 CARMINA.
1650 474 1720 484 -—
1753 439 2276 499 INSCRII’TIONES
2317 438 2571 494 VARIJZ.
3471 439 3577 496 ’ἷὶὲ

1916 555 1970 616 Δ

2695 550 2874 605 XLIV.

2408 645 2489 698 Ad
2516 663 2663 699 aram
2694 658 2861 699 srmru
2893 645 3132 700 Mortua.

1989 758 2105 813 lIoc
2135 759 2304 813 altare
2337 758 2457 822 Dei,
2485 757 2778 827 prt‘cclnrus
2810 758 2862 812 in
2894 758 3026 812 orle
3053 762 3329 825 sacerdos,

2061 848 2328 904 Martinus
2356 850 2566 904 meritis
2594 857 2774 904 servat
2799 849 3000 918 ubique
3029 849 3160 903 suis.

1985 942 2184 996 Abluat
2208 951 2263 994 et
2291 942 2568 1013 lacrymas
2585 941 2893 1012 plangentis
2923 942 3149 996 crimina
3171 941 3365 1012 plebis,

2058 1033 2370 1104 Deposcens
2404 1035 2634 1101 veniam,
2667 1051 2798 1090 voce
2821 1044 3063 1106 potente,
3089 1035 3254 1107 piam.

2701 1149 2862 1204 XLV.

2405 1238 2484 1292 Ad
2515 1257 2663 1293 aram
2693 1241 2861 1294 sancti
2892 1234 3148 1311 Dionysii.

1989 1326 2266 1398 Sanguine
2303 1329 2554 1400 martyrii
2583 1331 2779 1400 pratsul
2817 1331 3105 1402 Dionysius
3134 1347 3286 1387 aram

2061 1417 2212 1473 Hanc.
2242 1427 2419 1485 ornet,
2450 1420 2657 1489 pariter
2684 1437 2804 1474 cum
2837 1422 3104 1492 sociisque
3134 1424 3246 1477 suis
3286 1419 3299 1485 Ξ

1990 1511 2305 1581 Magniﬁcus
2331 1512 2538 1572 doctor,
2567 1513 2717 1566 verbi
2743 1512 2831 1580 qui
2863 1513 3069 1567 semina
3096 1514 3316 1583 sparsit,

2060 1603 2328 1658 Imbribus
2359 1603 2610 1659 asthcrcis
2635 1604 2787 1659 arida
2820 1622 2951 1676 ruga
2982 1606 3179 1676 rigans.

2718 1697 2902 1752 XLVI.

1991 1787 2076 1842 Ad
2111 1804 2259 1843 aram
2286 1796 2592 1844 sanctorum
2621 1785 2930 1913 Laggiberti
2979 1792 3228 1860 martyris
3256 1799 3304 1845 et
3343 1790 3582 1846 Richurii

2676 1877 2706 1912 α
2777 1869 2901 1913 aus.

2676 1869 2901 1913 abbatis.

1917 1932 1965 1994 Β
1995 1954 2357 2010 Landibertus
2388 1951 2400 2002 i
2444 1951 2610 2008 habet
2637 1953 2778 2008 hanc
2821 1961 2982 2023 atque
3016 1953 3307 2010 Richarius
3329 1969 3503 2021 aram,

2064 2044 2164 2099 llic
2201 2043 2481 2100 confessor
2508 2051 2648 2108 erat,
2675 2051 2887 2116 martyr
2915 2053 2970 2097 et
2999 2044 3087 2100 ille
3108 2045 3246 2115 pius.

1989 2135 2164 2192 Ambo
2192 2136 2304 2190 Deo
2325 2135 2495 2202 chari,
2524 2134 2842 2189 meritorum
2873 2134 3112 2204 pondere
3137 2144 3343 2207 patres,

2061 2227 2301 2284 Plurima
2329 2233 2612 2299 portantes
2638 2226 2790 2283 lucra
2814 2243 2913 2283 suo
2940 2226 3188 2283 Domino.

2703 2318 2909 2374 XLVII.

2164 2404 2248 2462 Ad
2267 2425 2418 2464 aram
2447 2418 2750 2463 sanctorum
2773 2407 3006 2462 Remedii
3033 2417 3081 2464 et
3120 2409 3381 2465 Audoini.

1990 2497 2323 2556 Francorum
2350 2501 2538 2556 doctor
2571 2497 2866 2555 Remedius
2893 2501 3127 2571 inclytus
3152 2517 3305 2557 aram

2063 2591 2218 2647 Hanc
2241 2599 2410 2657 tenet,
2443 2591 2729 2646 almivolus
2754 2589 3145 2663 Audoinusque
3173 2594 3354 2648 simul.

1997 2679 2198 2738 Horum
2225 2695 2350 2736 nam
2378 2680 2588 2736 meritis
2611 2698 2837 2737 currens
2861 2690 2914 2738 te
2939 2681 3080 2738 {crto
3110 2683 3290 2740 viator

2053 2773 2168 2830 Per
2192 2773 2311 2831 loca
2336 2779 2524 2828 sancta
2549 2773 2692 2843 pius,
2722 2773 2796 2827 sit
2826 2773 2924 2828 tibi
2949 2784 3101 2829 certa
3123 2774 3291 2830 salus.

2709 2862 2942 2919 XLVIII.

2181 2955 2264 3011 Ad
2291 2963 2501 3011 sanctos
2528 2953 2842 3026 Gregorium
2868 2966 2916 3011 et
2948 2956 3352 3030 Hieronymum.

1993 3048 2288 3121 Gregorius
2311 3049 2532 3120 praesul,
2561 3049 2860 3120 doctorque
2889 3049 3251 3123 Hieronymus
3284 3052 3460 3110 almus

2066 3143 2324 3198 Ecclesiae
2345 3143 2436 3198 ille
2456 3151 2633 3213 pater,
2671 3143 2775 3197 iste
2804 3144 3064 3215 magister
3085 3152 3223 3199 erat.

1997 3234 2193 3290 Nostra
2217 3233 2396 3290 ferant
2413 3233 2666 3304 precibus
2690 3235 2896 3302 pariter
2917 3249 3132 3304 quoque
3155 3241 3284 3291 vota
3306 3235 3543 3292 Tonanti
3569 3253 3588 3304 ;

2071 3329 2142 3385 Ut
2169 3345 2268 3384 nos
2306 3337 2593 3385 conservet
2625 3343 2842 3399 semper
2871 3329 3075 3398 ubique
3100 3326 3262 3384 Deus.

2699 3440 2887 3496 XLIX.

2103 3533 2186 3588 Ad
2214 3550 2362 3588 aram
2389 3544 2691 3587 sanctorum
2730 3531 3000 3586 Benedicti
3027 3541 3075 3586 et
3095 3530 3458 3588 Scholastica'.

1998 3624 2114 3680 Hac
2134 3626 2296 3679 Pater
2329 3625 2578 3695 egregius
2615 3623 2811 3678 colitur
2834 3622 3158 3678 Benedictus
3185 3621 3237 3676 in
3261 3637 3381 3687 ara,

2072 3715 2176 3783 Qui
2212 3716 2379 3770 vitam
2412 3715 2695 3770 monachis
2715 3714 3012 3784 scripserat
3045 3714 3159 3784 ipse
3178 3715 3346 3783 piam.

1997 3807 2171 3878 Ipsius
2201 3816 2360 3876 atque
2390 3820 2546 3860 soror
2565 3804 2826 3875 praeclara
2850 3801 3190 3859 Scholastica
3218 3803 3375 3876 virgo

2070 3899 2322 3972 Jungitur
2344 3899 2435 3953 hic
2459 3896 2615 3952 fratri
2643 3897 2840 3952 nobilis
2866 3896 2986 3967 ipsa
3025 3911 3147 3951 suo.

2763 3990 2825 4044 L.

2190 4082 2271 4137 Ad
2295 4098 2445 4137 aram
2471 4090 2777 4136 sanctorum
2807 4077 3013 4134 Cosma:
3036 4087 3088 4134 et
3117 4076 3394 4135 Damiani.

2002 4175 2118 4232 Ilac
2143 4174 2250 4230 duo
2286 4172 2543 4229 Germani
2565 4171 2792 4228 Cosmas
2815 4180 2871 4228 et
2897 4171 3192 4228 Damianus
3218 4170 3274 4226 in
3304 4187 3399 4227 ara

2077 4265 2402 4322 Scribuntur
2423 4265 2653 4336 pariter,
2681 4264 3032 4320 versiﬁcante
3055 4277 3240 4318 manu.

2004 4359 2286 4429 Quamque
2304 4359 2502 4414 bonum
2516 4365 2601 4413 est
2616 4356 2813 4413 fratres
2826 4371 3039 4427 semper
3055 4355 3306 4413 habitare
3328 4357 3383 4414 in
3405 4376 3595 4429 unum,

2075 4453 2147 4510 Ut
2179 4452 2472 4509 Psalmista
2502 4453 2668 4518 canit,
2705 4467 2834 4508 ecce
2853 4449 3123 4522 iucundus
3144 4466 3314 4507 amor.

2727 4563 2813 4618 LI.

1926 4651 2086 4716 Ι)Αά
2131 4676 2282 4715 aram
2332 4667 2637 4713 sanctarum
2703 4653 2954 4727 chiliaz,
3005 4653 3250 4725 Agatnaz,
3308 4654 3523 4727 Agnetis
3547 4663 3597 4711 et

2697 4725 2899 4780 [λιι-ξιτ.

2004 4821 2242 4887 Caecilia,
2265 4820 2524 4892 Agatlies,
2548 4819 2729 4890 Agnes
2757 4824 2813 4871 et
2847 4814 3014 4870 Lucia
3046 4814 3198 4885 virgo
3223 4855 3240 4882 ,

2077 4916 2203 4973 Haec
2240 4915 2360 4970 istis
2387 4911 2594 4984 pariter
2627 4925 2724 4965 ara
2747 4916 2959 4964 sacrata
2990 4905 3172 4962 micat.

2080 5084 2103 5113 ο
2142 5071 2453 5127 Henschen.
2478 5068 2606 5138 leg,
2637 5065 2766 5119 alta.

2077 5144 2104 5184 ιι
2151 5143 2284 5197 Vide
2308 5150 2423 5195 not.
2449 5139 2515 5193 ad
2535 5134 2764 5192 carmen
2794 5134 2846 5190 6.

2084 5227 2108 5257 θ
2139 5214 2415 5282 Quercct.,
2438 5207 2770 5282 miserabilis.

2086 5287 2105 5325 ί
2141 5278 2355 5350 1];ιιι11›.,
2388 5278 2681 5336 Cancellos.

2084 5360 2110 5398 8
2145 5358 2420 5423 Quercet.,
2445 5365 2632 5423 opere.

2080 5429 2109 5469 h
2148 5422 2427 5494 Quercet.,
2460 5422 2722 5494 cogitare.

2087 5502 2102 5539 ί
2146 5487 2349 5568 Eigavit
2375 5487 2553 5568 iners:
2569 5491 2724 5568 γεγε-
2746 5491 2864 5568 haec
2890 5497 2995 5568 est,
3029 5488 3106 5544 ait
3143 5487 3463 5568 Lambecius
3491 5487 3594 5568 loc.

2007 5573 2102 5629 cit.
2129 5580 2184 5624 et
2209 5561 2464 5638 'genuina
2500 5563 2687 5638 hujus
2711 5562 2816 5617 loci
2849 5561 3049 5638 lectio;
3083 5575 3188 5615 non
3242 5567 3512 5638 autem_ut
3541 5561 3596 5615 in

2009 5631 2259 5699 editione
2275 5637 2600 5706 Quercetani
2626 5653 2638 5690 :
2654 5632 2825 5706 lucra
2841 5633 3024 5706 ligavit
3035 5648 3160 5706 opes
3182 5647 3200 5695 ;
3228 5631 3403 5706 vel_l_it
3430 5631 3483 5684 in
3504 5645 3602 5706 _co-

2009 5714 2218 5769 dicibus
2245 5701 2401 5775 mss,
2429 5708 2625 5780 quibus
2653 5704 2768 5780 RR.
2799 5701 2905 5780 PP'.
2935 5703 3223 5759 Bollandus
3248 5708 3304 5757 et
3325 5701 3603 5757 licnsche—

2011 5786 2134 5841 nius
2173 5785 2255 5838 usi
2280 5790 2408 5837 sunt
2437 5776 2464 5834 ε’
2501 5779 2650 5832 lucra
2682 5776 2926 5847 migravit
2965 5791 3104 5845 opes.

2086 5858 2098 5906 i
2152 5854 2229 5908 De
2296 5859 2486 5908 sancto
2532 5840 2889 5904 Landisberto
2936 5840 3176 5916 martyre
3225 5843 3335 5899 vid.
3395 5840 3598 5897 Mabill.

2014 5939 2142 5984 tom.
2169 5925 2211 5980 II
2241 5923 2435 5980 Annal.
2471 5920 2604 5977 Ben.
2637 5933 2758 5989 pag.
2797 5917 2890 5974 18.
