4106 6558
520 441 624 494 747

588 645 919 711 Porticibus,
952 653 1131 701 tecum
1154 654 1306 700 certa
1331 645 1528 700 salutis
1554 654 1696 700 erat.

514 737 660 807 Quot
690 746 748 794 tu
774 752 901 793 nam
929 754 1159 794 currens
1185 738 1417 809 pedibus
1442 738 1670 810 vestigia
1712 737 1890 807 ponis,

587 830 779 886 Totam
808 829 1115 887 mercedem
1143 842 1168 870 ο
1201 830 1373 887 frater
1403 830 1607 885 habere
1636 828 1807 884 vales.

513 920 633 977 Non
670 921 874 977 idcirco
902 920 999 976 tibi
1021 922 1270 977 videatur
1308 923 1424 977 haec
1450 921 1538 976 via
1569 921 1755 990 longa,

582 1016 687 1069 Per
712 1015 857 1070 hanc
879 1014 1143 1071 caelorum
1177 1014 1367 1086 pervia
1395 1022 1554 1086 porta
1581 1020 1756 1084 patet.

510 1105 661 1161 Felix
690 1106 890 1178 quippe
917 1106 1034 1162 dies
1061 1104 1186 1172 tibi,
1216 1122 1325 1177 qua
1349 1115 1402 1161 te
1425 1103 1656 1174 suscipit
1687 1102 1805 1169 illa,

580 1199 695 1255 Illic
723 1214 849 1254 cum
873 1197 1092 1254 Christo
1120 1212 1289 1271 regna
1316 1197 1477 1254 beata
1503 1206 1680 1252 tenes.

508 1292 728 1348 Currite
760 1307 856 1347 vos
875 1290 1107 1361 juvenes
1127 1291 1333 1348 Christi
1365 1298 1729 1362 properanter
1752 1289 1805 1345 in
1835 1288 2040 1355 aulam,

575 1381 658 1438 Ad
689 1380 903 1437 laudem
924 1380 1129 1437 Christi
1150 1380 1381 1447 currite,
1411 1396 1511 1437 vos
1532 1379 1787 1451 juvenes.

510 1475 913 1546 Unanimesque
941 1473 1106 1530 simul
1130 1489 1313 1546 regem
1334 1472 1552 1529 laudate
1579 1486 1902 1542 supernum,

579 1566 811 1637 Semper
833 1575 1015 1623 amate
1040 1566 1215 1623 Deum
1240 1567 1637 1638 unanimesque
1672 1567 1854 1622 simul.

512 1657 570 1713 Si
601 1673 844 1729 nequeas
871 1657 1101 1729 pedibus
1129 1657 1334 1725 senior,
1366 1669 1523 1730 rego,
1555 1667 1781 1727 pectore
1804 1674 1990 1723 curre,

578 1750 755 1807 Mente
776 1750 960 1823 polum
983 1751 1209 1818 scande,
1230 1750 1275 1806 si
1303 1766 1547 1823 nequeas
1572 1750 1820 1823 pedibus.

1184 1868 1422 1925 LXXIII.

908 1959 1223 2017 Adhortatio
1248 1962 1318 2016 ad
1344 1962 1558 2018 laudem
1593 1963 1713 2019 Dei.

506 2052 723 2108 Discute
751 2056 1053 2122 torpentes,
1075 2050 1268 2120 frater,
1298 2053 1392 2109 tibi
1420 2052 1616 2125 pollice
1644 2069 1892 2123 somnos,

572 2144 642 2205 Et
667 2145 938 2202 contende
974 2146 1128 2216 prior
1165 2155 1352 2203 mente
1385 2145 1544 2222 μὴ,
1573 2144 1745 2221 tecta]
1774 2149 1959 2204 subire
1988 2148 2106 2205 Dei.

497 2238 651 2295 Intra
677 2238 881 2310 quippe
905 2238 1059 2307 prior
1089 2238 1369 2311 templum,
1404 2238 1500 2294 sed
1530 2239 1739 2295 tardior
1762 2240 1877 2306 exi,

574 2332 653 2389 Te
684 2332 889 2390 Christi
913 2333 1076 2389 ducat
1097 2341 1260 2404 atque
1285 2334 1512 2390 redueat
1538 2349 1716 2390 amor.

502 2421 722 2497 Septies
748 2426 918 2496 inque
937 2426 1026 2482 dic
1050 2425 1341 2482 Dominum
1366 2425 1593 2482 laudare
1621 2435 1920 2500 memento,

572 2517 648 2575 Ut
670 2516 961 2574 Psalmista
986 2518 1138 2573 canit
1162 2517 1333 2573 David
1358 2516 1427 2572 ab
1453 2532 1550 2573 ore
1578 2517 1697 2573 Dei.

534 2642 645 2693 ιν.
686 2642 781 2690 ιιι
828 2636 1160 2706 ρυουιιι
1212 2641 1768 2697 υοιιιιτιιιιο,
1811 2640 2072 2690 τοι-η

1004 2712 1610 2760 αοειιιιαειεςι.

1185 2811 1429 2867 LXXIV.

573 2908 657 2966 Ad
681 2905 959 2965 ecclesiam
981 2916 1287 2963 sanctorum
1317 2906 1582 2961 Lamberti
1617 2917 1665 2963 et
1703 2905 1955 2975 Ccciliw,
1982 2908 2040 2964 in

933 2979 1254 3033 monasterio
1286 2976 1673 3052 Nobiliacemi.

504 3093 772 3166 Egregius
800 3102 1032 3165 martyr,
1060 3091 1263 3164 praesul
1281 3089 1601 3161 Christique
1625 3090 1803 3149 ﬁdelis

576 3186 704 3244 llzec
735 3186 855 3243 loca
878 3184 1204 3241 Lambertus
1231 3183 1432 3255 inclyta
1462 3191 1687 3238 sanctus
1713 3183 1900 3239 habet.

496 3278 752 3352 Iungitur
782 3279 913 3335 huic
938 3278 1088 3334 Patri
1113 3277 1323 3348 pariter
1342 3275 1560 3332 Ctecilia
1583 3275 1762 3346 virgo,

572 3373 900 3444 Virginitate
926 3382 1119 3443 potens
1144 3368 1522 3440 martyrioque
1544 3366 1728 3423 simul.

501 3466 761 3524 Ecclesia:
784 3463 962 3522 fuerat
988 3478 1220 3534 magnus
1246 3477 1372 3516 nam
1403 3469 1591 3532 pastor
1613 3468 1671 3516 et
1696 3460 1785 3517 ille
1801 3502 1817 3527 ,

575 3559 699 3619 Ilrec
724 3556 929 3615 Christi
958 3555 1101 3627 regis
1135 3569 1335 3626 sponsa
1358 3554 1617 3622 perennis
1640 3560 1777 3607 erat.

502 3649 656 3708 Ilauc
680 3648 900 3707 humilis
926 3649 1096 3706 abbas
1121 3648 1228 3703 Ato
1252 3647 1279 3686 δ
1305 3654 1690 3703 construxerat
1716 3643 1910 3708 aedem,

575 3743 725 3798 Dona
754 3741 842 3797 cui
870 3741 1124 3798 Christus
1146 3741 1314 3797 donet
1338 3741 1396 3797 in
1419 3754 1547 3795 arce
1570 3738 1702 3810 poli.

1105 3826 1113 3834 ’
1186 3833 1402 3890 LXXV.

497 3926 579 3982 Ad
608 3943 760 3983 aram
788 3939 1092 3984 sanctorum
1122 3926 1363 3995 Quintini
1404 3938 1451 3983 et
1491 3926 1734 3999 Dionysii
1775 3937 2095 3998 martyrum.

497 4020 790 4088 Quintinus
822 4029 1051 4092 martyr,
1094 4017 1261 4075 Pater
1287 4027 1344 4074 et
1366 4016 1659 4089 Dionysius
1682 4034 1837 4073 aram

568 4114 719 4170 llanc
750 4120 971 4170 servent
998 4113 1255 4184 precibus
1288 4129 1505 4185 semper
1525 4114 1595 4169 ab
1628 4114 1784 4170 hoste
1817 4114 1932 4169 suis

496 4206 763 4262 Doctores
796 4206 923 4261 vita:
949 4204 1162 4261 meritis
1191 4204 1473 4261 vivacibus
1498 4204 1684 4270 ambo,

567 4301 841 4373 Sanguine
873 4300 967 4372 qui
999 4314 1158 4357 roseo
1189 4314 1364 4372 regna
1394 4300 1552 4356 beata
1582 4307 1789 4356 tenent.

690 4502 771 4558 Ad
799 4519 951 4557 aram
976 4408 1549 4560 sanctor’i‘ttxan‘iliberti
1573 4509 1622 4557 et
1648 4499 1892 4573 Agat/ta.

499 4620 653 4677 lianc
678 4618 842 4675 Pater
866 4616 1119 4689 egregius
1145 4630 1297 4673 aram
1327 4614 1624 4674 Filibertus
1647 4626 1670 4657 ο
1701 4616 1945 4686 habebit,

572 4708 811 4766 Plurima
840 4706 1148 4764 construxit
1172 4705 1264 4776 qui
1294 4706 1411 4764 loca
1441 4715 1629 4763 sancta
1660 4705 1792 4764 Deo.

494 4801 637 4859 Iluic
656 4814 871 4873 quoque
893 4797 1180 4869 conjuncta
1200 4806 1285 4853 est
1306 4798 1611 4855 clarissima
1634 4808 1845 4871 martyr
1858 4800 2090 4875 Agatha,

566 4893 801 4949 Venerat
828 4891 882 4946 in
914 4890 1212 4946 thalamum
1243 4891 1506 4961 sanguine
1533 4891 1686 4962 virgo
1709 4892 1836 4961 poli.

1167 4998 1424 5055 LXXVII.

737 5090 817 5144 Ad
845 5108 993 5146 aram
1018 5091 1188 5147 sancti
1217 5088 1495 5146 Michaelis
1517 5090 1844 5164 archangeli.

493 5209 718 5279 Magnus
743 5210 811 5263 ab
834 5223 961 5263 arce
984 5206 1212 5263 Michael
1248 5206 1609 5279 archangelus
1631 5206 1810 5262 aulam

568 5300 721 5355 llanc
752 5300 1005 5370 precibus
1034 5314 1250 5369 semper
1281 5308 1466 5353 servet
1497 5300 1563 5355 ab
1596 5299 1751 5356 hoste
1780 5300 1903 5372 piis.

495 5392 732 5462 Quisque
753 5390 900 5461 legas
927 5405 1135 5456 versus,
1165 5403 1267 5460 pro
1297 5404 1403 5459 quo
1427 5403 1656 5444 exorare
1685 5402 1981 5460 memento,

564 5482 669 5537 Pro
700 5483 896 5537 sudore
921 5480 1096 5547 brevi,
1122 5489 1183 5537 ut
1210 5482 1435 5551 praemia
1463 5480 1625 5552 longa
1656 5480 1821 5551 legat.

567 5654 592 5683 ⁸
622 5641 747 5707 113.,
775 5651 847 5697 tot
881 5649 936 5695 tit
960 5640 1239 5696 mercedes.

566 5714 593 5753 ι
622 5712 725 5769 Ato
751 5712 853 5769 fuit
881 5710 1049 5769 abbas
1092 5720 1148 5767 et
1189 5712 1525 5766 instaurator
1562 5713 1877 5767 monasterii
1920 5711 2085 5768 Nobi—

491 5783 745 5854 liacensis
765 5783 905 5854 apud
929 5782 1177 5854 Pictones
1205 5781 1493 5854 annoi795.
1523 5780 1599 5837 De
1627 5798 1690 5838 eo
1712 5784 1819 5837 vid.
1856 5782 2082 5851 Mahill.,

493 5866 625 5911 mm.
654 5853 699 5925 Il
720 5852 912 5910 Annal.
940 5853 1163 5925 Bened,
1192 5867 1314 5925 pag.
1344 5852 1469 5907 507.

566 5937 587 5966 ε
623 5924 912 5983 Filibcrtus
925 5924 1093 5983 abbas
1107 5923 1369 5983 Geinc’tici
1395 5939 1521 5983 saec.
1540 5940 1637 5995 vn,
1657 5924 1747 5997 qui
1773 5925 2081 5983 construxit

1356 441 1421 497 Β.
1461 440 1521 495 F.
1559 436 1789 496 ΑιΒιΝι
1826 437 1963 494 εει]
2002 433 2283 492 ALCUlNl
2324 433 2611 491 OPERUM
2650 433 2832 491 PARS
2872 434 2959 490 VI.

516 554 783 624 Spesque,
815 552 1057 623 ﬁdesque
1084 553 1243 608 simul
1274 555 1479 624 pariter
1517 562 1872 624 quapropter,
1908 551 1963 605 in
2001 550 2122 605 istis
2150 550 2201 610 Α

2120 4643 2173 4706 D

3702 404 3807 461 ηδ

2786 551 2948 622 213
2979 548 3262 607 LXXVIII.

2390 642 2473 696 Ad
2503 659 2657 697 aram
2687 653 2994 697 sanctorum
3025 642 3242 712 Sulpitii
3271 653 3319 697 et
3345 642 3634 700 Columba'.

2220 732 2488 805 Sulpitius
2514 733 2738 804 praesul,
2769 742 2979 805 pastor,
3001 735 3315 805 patriarcha
3348 734 3542 802 ﬁdelis,

2290 824 2567 881 Auxilium
2597 826 2755 881 nobis
2785 826 2877 881 hic
2901 826 3041 880 ferat
3064 827 3167 882 iste
3191 827 3361 897 pium.

2218 920 2424 991 Inclyta
2452 922 2717 992 martyrio
2745 920 2953 990 pariter
2977 921 3067 975 hic
3083 923 3246 991 Virgo
3274 920 3535 977 Columba

2290 1010 2561 1068 Defendat
2587 1013 2869 1084 precibus,
2900 1020 3046 1068 tecta
3070 1026 3289 1069 sacrata
3308 1016 3439 1071 Deo.

2900 1103 3143 1161 LXXIX.

2414 1193 2499 1247 Ad
2527 1211 2682 1250 aram
2710 1205 3020 1251 sanctorum
3049 1196 3281 1251 Amandi
3302 1206 3351 1251 et
3374 1196 3613 1271 Agatha'.

2218 1282 2335 1341 Hac
2362 1286 2540 1342 honor
2565 1302 2697 1344 ecce
2721 1296 2850 1343 tuus
2869 1288 3069 1359 praesul
3096 1286 3380 1345 Amandus
3406 1289 3459 1345 in
3487 1306 3583 1344 ara

2287 1377 2408 1436 Iam
2432 1378 2652 1449 colitur,
2687 1380 2845 1437 nobis
2873 1391 2932 1436 tu
2958 1382 3224 1438 auxiliare
3252 1381 3436 1438 Pater.

2217 1473 2385 1546 Virgo
2405 1480 2622 1530 sacrata
2644 1473 2759 1531 Deo
2790 1489 2892 1531 nec
2922 1490 3031 1531 non
3054 1484 3353 1531 veneratur
3380 1476 3616 1548 Agatha,

2288 1562 2557 1622 Defendat
2585 1566 2843 1637 precibus
2874 1576 3016 1622 tecta
3047 1578 3259 1626 sacrata
3290 1568 3421 1624 Deo.

2902 1658 3118 1714 LXXX.

2292 1828 2295 1829 ν
2506 1749 2845 1807 Desiderium
2870 1753 3149 1807 habitandi
3169 1754 3223 1807 in
3246 1752 3405 1808 domo
3428 1754 3549 1808 Dei.

2217 1840 2391 1909 Quam
2421 1841 2641 1911 dilecta,
2673 1842 2840 1911 Deus,
2874 1852 2967 1899 tua
2988 1853 3115 1901 sunt
3142 1845 3277 1900 mihi
3301 1846 3524 1916 templa,
3550 1844 3814 1916 Sabaoth,

2143 1909 2192 1971 Β
2287 1909 2566 1991 Virtutum
2593 1909 2883 2005 Dominus,
2914 1953 3008 1994 rex
3037 1955 3194 1994 meus
3222 1948 3387 2010 atque
3413 1909 3591 1996 Deus!

2216 2025 2294 2081 Te
2324 2025 2493 2082 Pater
2521 2026 2663 2084 alme
2687 2044 2872 2085 meum
2897 2044 3017 2096 cor,
3046 2038 3099 2087 te
3127 2046 3259 2086 caro
3296 2031 3492 2103 quzerit
3518 2030 3740 2103 ubique,

2284 2117 2475 2188 Tuque
2503 2118 2649 2175 Deus
2672 2119 2829 2175 vivus
2850 2121 3046 2191 gaudia
3069 2136 3266 2194 magna
3296 2122 3459 2178 mihi.

2214 2207 2428 2279 Quique
2455 2210 2567 2267 tuis
2593 2210 2755 2267 tectis
2775 2210 3045 2279 habitant,
3078 2221 3208 2270 sunt
3236 2214 3395 2271 valde
3416 2215 3583 2282 beati,

2284 2298 2355 2355 Et
2384 2311 2640 2357 resonant
2673 2300 2865 2359 laudes
2895 2303 2953 2359 hi
2985 2304 3083 2361 tibi
3106 2316 3417 2376 perpetuas.

2213 2388 2313 2446 Hic
2339 2390 2492 2459 mihi,
2520 2406 2727 2464 quaeso,
2759 2394 2980 2451 domum
3009 2395 3188 2454 tribue
3207 2438 3222 2464 ,
3271 2395 3557 2455 mitissime
3588 2392 3809 2473 pastori

2291 2483 2469 2555 thue
2496 2494 2623 2544 tuas
2651 2486 2840 2545 laudes
2870 2486 2960 2545 hic
2988 2491 3108 2546 sine
3140 2490 3248 2567 line
3272 2507 3487 2549 cauam.

2885 2576 3129 2637 LXXXI.

2407 2674 2492 2729 Ad
2520 2674 2812 2731 oratorium
2837 2676 3012 2729 sancti
3037 2674 3316 2732 Laurentii
3340 2679 3611 2749 martyris.

2215 2767 2369 2824 Hanc
2389 2767 2553 2825 levita
2578 2767 2676 2826 Dei
2698 2769 2911 2826 meritis
2940 2770 3270 2829 Laurentius
3290 2774 3462 2829 :edcm

2211 2859 2453 2934 Inclytus
2481 2869 2730 2927 exornet,
2764 2859 2977 2917 Domini
2994 2859 3109 2930 jam
3135 2862 3329 2935 plenus
3352 2881 3572 2934 amore;

2211 2955 2385 3022 Quem
2408 2970 2510 3011 nec
2536 2951 2757 3011 ﬂamma
2782 2971 2951 3012 vorax
2985 2956 3117 3013 vicit
3136 2998 3151 3023 ,
3186 2973 3287 3015 nec
3313 2959 3553 3028 vincula,
3578 2960 3804 3031 ferrum,

2209 3046 2317 3105 Per
2342 3047 2569 3119 gladios,
2604 3048 2778 3120 ignes,
2804 3048 3003 3106 ccelum
3025 3051 3343 3108 conscendit
3369 3052 3422 3108 in
3443 3052 3633 3111 altum.

2208 3138 2350 3196 Ecce
2375 3140 2473 3196 Dei
2498 3140 2718 3197 famulis
2744 3140 2956 3199 faciens
2990 3141 3249 3213 suﬂ'ragia
3282 3158 3521 3215 semper,

2134 3250 2180 3310 α
2211 3230 2444 3304 Adjuvat
2462 3240 2626 3307 atque
2655 3248 2785 3291 suos
2809 3234 3072 3299 cultores,
3104 3234 3399 3300 credimus,
3430 3236 3578 3295 inde.

2877 3323 3139 3380 LXXXII.

2265 3414 2349 3469 Ad
2376 3414 2629 3488 templum
2665 3427 2972 3473 sanctorum
3000 3415 3173 3473 Elidii
3204 3419 3435 3491 episcOpi
3459 3430 3510 3475 et
3542 3417 3746 3478 Leonii.

2208 3505 2311 3563 llic
2336 3522 2554 3579 quoque
2572 3516 2883 3565 sanctorum
2908 3518 3142 3582 pausant
3171 3510 3281 3567 duo
3307 3526 3540 3583 corpora
3557 3512 3801 3584 Patrum,

2207 3599 2418 3657 Elidius
2443 3601 2639 3671 prtesul
2665 3601 2934 3660 Pictensis
2957 3604 3128 3676 gloria
3151 3604 3347 3676 plebis.

2206 3692 2596 3764 lnclaususque
2619 3693 2784 3750 Pater
2810 3697 3023 3753 meritis
3048 3694 3286 3754 Leonius
3311 3697 3489 3756 almis.

2204 3782 2466 3842 Arnulfus
2490 3784 2663 3844 frater
2691 3787 2953 3856 templum
2985 3797 3342 3846 renovaverat
3375 3790 3549 3857 istud;

2203 3874 2433 3932 Praamia
2458 3876 2546 3933 cui
2575 3876 2830 3935 Christus
2853 3879 3061 3935 tribuat
3086 3894 3188 3950 per
3222 3880 3383 3939 saecla
3408 3881 3622 3939 salutis.

2866 3990 3153 4052 LXXXIII.

2332 4083 2417 4139 Ad
2444 4083 2719 4140 ecclesiam
2746 4096 2932 4142 sancto
2967 4083 3130 4142 Petro
3163 4071 3405 4159 apostolo.
3429 4106 3661 4146 sacram.

2203 4174 2395 4231 Petrus
2423 4175 2757 4247 apostolicus
2775 4176 3031 4250 princeps
3063 4180 3189 4250 pius
3221 4178 3437 4251 adjuvet
3459 4181 3551 4238 hic
3579 4198 3703 4250 nos,

2200 4269 2366 4341 Cujus
2394 4271 2604 4328 honore
2626 4287 2786 4328 sacro
2812 4281 3067 4329 constant
3092 4275 3209 4330 haec
3237 4283 3380 4331 tecta
3403 4276 3604 4332 dicata.

2200 4365 2303 4433 Qui
2340 4363 2443 4421 sibi
2474 4365 2826 4431 commissum
2850 4374 3039 4436 pastor
3065 4375 3359 4423 conservet
3383 4367 3526 4423 ovile

2196 4457 2457 4529 Protegat
2479 4464 2644 4527 atque
2672 4465 2825 4529 regat
2848 4457 3008 4515 donis
3034 4458 3350 4516 coelestibus
3376 4458 3505 4515 illud
3524 4501 3541 4526 ,

2197 4549 2497 4623 Perpetuas
2522 4551 2682 4608 nobis
2704 4557 2759 4607 et
2783 4560 2972 4622 portas
2998 4552 3205 4624 pandat
3226 4550 3459 4625 Olympi.

2848 4661 3138 4719 LXXXIV.

2696 4756 2774 4812 Ad
2796 4756 2983 4812 cellam
3006 4758 3290 4830 hospitum.

2197 4850 2297 4907 Hic
2318 4850 2470 4909 locus
2500 4851 2807 4922 hospitibus
2831 4858 3015 4922 pateat
3042 4852 3227 4910 veniat
3245 4851 3272 4895 δ
3297 4852 3465 4921 ultro,

2196 4943 2430 5014 Semper
2451 4946 2555 5001 erit
2579 4946 2834 5015 quoniam
2861 4952 3146 5017 susceptus
3183 4946 3238 5002 in
3264 4946 3478 5019 hospite
3515 4946 3784 5007 Christus.

2195 5034 2387 5105 Sitque
2415 5036 2666 5092 minister
2692 5051 2862 5093 ovans
2888 5036 3033 5111 fesso
3061 5037 3272 5096 servire
3295 5038 3462 5095 vianti
3485 5081 3499 5106 ,

2192 5128 2261 5184 Et
2287 5129 2471 5184 lavare
2503 5129 2669 5200 pedes
2695 5129 2998 5201 peregrinis
3022 5130 3253 5202 gaudeat
3279 5131 3387 5187 ille.

2192 5217 2318 5275 Ilzec
2344 5218 2592 5289 exempla
2621 5218 2767 5274 dedit
2789 5218 3041 5275 Christus
3067 5220 3287 5290 pietatis
3310 5231 3525 5277 amator
3550 5240 3565 5279 :

2189 5309 2282 5365 Ille
2310 5311 2459 5380 prior
2475 5310 2688 5379 plantas
2715 5309 2916 5365 lavavit
2944 5310 3354 5381 discipulorum,

2192 5399 2318 5456 Hac
2344 5400 2549 5459 faciens
2584 5400 2755 5459 frater
2781 5410 2963 5475 speret
2985 5402 3088 5463 sibi
3116 5404 3340 5475 prtemia
3369 5420 3563 5484 magna

2188 5494 2247 5550 ln
2278 5494 2430 5552 cmlis
2451 5495 2638 5562 tribui,
2661 5494 2865 5556 Christi
2894 5504 3163 5566 praecepta
3192 5507 3432 5554 secutus.

2190 5652 2545 5725 monasteria
2573 5649 2951 5725 Gemeticense
2996 5652 3054 5725 S.
3108 5652 3311 5719 Mariae,
3357 5668 3451 5711 seu
3502 5653 3559 5711 S.
3607 5654 3780 5725 Petri,

2186 5721 2475 5797 {amiégen
2534 5722 2588 5777 in
2628 5724 2849 5797 dimeesi
2898 5723 3322 5797 llothomageusi
3350 5766 3365 5796 ,
3412 5736 3467 5783 et
3514 5721 3777 5796 Ilerense,

2190 5792 2551 5866 Neruloutier,
2583 5795 2722 5866 apud
2751 5793 3025 5866 Pictones.

2257 5862 2282 5904 ἀ
2321 5864 2506 5933 Forte,
2536 5862 2875 5923 venientibus.
