4106 6556
284 439 391 496 749

281 554 515 625 Semper
538 559 719 608 amate
746 551 942 616 Deum,
974 550 1201 617 fratres,
1224 560 1280 606 et
1301 560 1515 606 vosmet
1540 560 1742 616 amate,

284 646 472 718 Diligit
497 643 590 703 ille
615 644 812 711 Deum,
835 659 1000 700 verus
1019 644 1111 713 qui
1140 652 1227 699 est
1255 641 1444 699 fratris
1470 652 1704 698 amator.

952 734 1218 791 LXXXV.

430 830 514 885 Ad
542 828 834 886 oratorium
872 838 1179 883 sanctorum
1202 825 1423 883 Martini
1449 838 1498 883 et
1524 826 1745 883 Gelasii.

280 920 620 979 Pontiﬁcalis
648 936 789 994 apex
811 921 1110 992 przeclarus
1135 921 1193 975 in
1220 921 1356 978 orbe
1373 921 1652 986 sacerdos,

284 1014 565 1071 Virtutum
587 1014 801 1068 meritis
830 1011 1097 1068 Martinus
1126 1012 1397 1067 maximus
1420 1019 1636 1077 auctor,

284 1105 415 1163 Haec
435 1113 652 1162 saerata
681 1104 787 1161 sibi
814 1104 1072 1161 defendat
1098 1112 1239 1160 tecta
1267 1114 1563 1174 patronus:

281 1196 519 1268 Adjuvet
539 1205 704 1271 atque
723 1212 917 1269 preces
936 1204 1157 1253 nostras
1180 1196 1402 1268 pietatis
1429 1210 1639 1261 amore,

285 1289 358 1347 Ut
397 1292 541 1348 Deus
569 1292 916 1361 omnipotens
946 1288 1273 1345 famulorum
1301 1297 1429 1345 vota
1460 1303 1685 1345 suorum

282 1383 533 1456 Impleat,
561 1392 620 1439 et
646 1383 804 1439 donis
828 1382 1146 1439 caelestibus
1172 1390 1370 1454 augeat
1389 1382 1530 1437 illos.

286 1477 372 1533 Sit
396 1479 521 1550 pius
548 1486 607 1534 et
629 1476 872 1533 clemens
891 1474 1051 1534 nobis
1082 1493 1178 1532 rex
1205 1477 1448 1548 optimus
1472 1474 1585 1531 ille.

284 1569 404 1627 lloc
431 1585 651 1642 quoque
679 1568 797 1639 jam
822 1577 1020 1639 pausat
1042 1568 1245 1640 praesul
1273 1566 1528 1624 Gelasius
1550 1567 1751 1631 almus,

285 1660 484 1716 Clarus
513 1661 570 1716 in
600 1662 736 1716 urbe
762 1668 920 1731 pater
943 1668 1238 1730 prasente,
1268 1668 1325 1716 et
1353 1660 1549 1716 doctor
1568 1660 1855 1724 honestus,

283 1751 600 1823 Prmeipuus
625 1752 856 1817 meritis,
886 1752 1047 1806 vivax
1073 1765 1327 1808 sermone
1350 1751 1566 1808 salutis.

281 1847 440 1905 lianc
460 1848 745 1905 renovavit
767 1847 914 1903 enim
930 1845 1046 1916 jam
1070 1845 1345 1903 Guuduna
1361 1862 1449 1902 me
1470 1847 1625 1918 prius
1653 1846 1683 1888 ιι
1711 1847 1892 1901 aulam

279 1941 492 1998 Ductus
514 1956 703 1997 amore
729 1937 992 2006 Patrum,
1017 1940 1226 1996 tribuat
1263 1941 1353 1995 cui
1378 1939 1607 2012 prazmia
1642 1939 1895 1998 Christus

284 2032 434 2092 Mitis
454 2033 514 2090 in
538 2042 808 2090 retentum
840 2030 988 2088 felici
1017 2032 1075 2087 in
1103 2031 1234 2087 sede
1259 2031 1535 2103 polorum.

945 2123 1240 2180 LXXXVI.

401 2218 486 2274 Ad
513 2217 792 2275 ecclesiam
816 2218 985 2273 beata:
1010 2216 1233 2288 virginis
1264 2213 1458 2273 Mariae
1481 2215 1772 2272 Nobilium“.

280 2308 416 2366 mea
434 2309 557 2366 loca
588 2324 713 2381 qua:
738 2309 944 2375 cernis,
982 2307 1180 2375 lector,
1205 2309 1537 2364 venerabilis
1562 2308 1705 2365 aulai

280 2402 545 2461 Partibus
570 2401 839 2469 ecclesiae,
862 2402 1082 2458 fuerant
1100 2402 1334 2458 ecclesia
1352 2401 1653 2473 quondam.

284 2496 398 2553 Sed
420 2495 588 2552 Pater
604 2504 663 2551 et
688 2504 879 2566 pastor
900 2495 1130 2567 supplex
1159 2495 1267 2552 Ato
1298 2505 1323 2534 ο
1351 2496 1578 2551 sustulit
1600 2494 1733 2561 ista,

282 2590 355 2648 Et
376 2591 545 2647 terris
564 2589 823 2661 quoniam
854 2589 1026 2644 nimio
1046 2588 1240 2645 dilexit
1262 2604 1472 2645 amore.

286 2683 457 2754 Virgo
487 2680 679 2746 Maria,
718 2680 816 2736 Dei
847 2680 1107 2751 geniti-ix,
1136 2690 1230 2737 tua
1261 2682 1468 2737 intacta
1498 2681 1787 2748 Tonantis,

283 2773 393 2840 Tu,
423 2774 611 2846 regina
632 2773 764 2844 poli,
796 2774 923 2829 vita:
947 2789 1074 2844 spes
1095 2774 1334 2829 maxima
1365 2782 1604 2831 nostra:

285 2865 362 2923 Ut
394 2864 491 2921 tibi
514 2864 714 2932 cultus,
742 2866 920 2921 honor
943 2864 1099 2922 fieret
1127 2866 1505 2922 memorabilis
1531 2866 1716 2923 isthic.

283 2953 395 3023 Tu,
418 2969 638 3027 quoque
663 2956 967 3026 reSpiceres
996 2956 1158 3012 solita
1179 2957 1384 3027 pietate
1410 2964 1740 3027 precantes:

285 3045 391 3103 liic
421 3045 653 3103 famulas
675 3046 1021 3119 famulosque
1040 3048 1161 3110 Dei.
1189 3047 1485 3104 mitissima
1515 3046 1703 3118 Virgo,

285 3137 371 3195 ’τα
397 3139 652 3210 precibus
673 3141 880 3197 nostris
906 3155 1126 3213 semper
1149 3140 1450 3195 clementer
1467 3139 1684 3205 adesto,

284 3231 471 3301 Atque
503 3232 624 3288 dies
651 3241 871 3288 nostros
888 3233 1148 3303 precibus
1176 3248 1306 3303 rege
1335 3247 1551 3303 semper
1580 3231 1805 3305 ubique,

288 3322 365 3380 lit
388 3338 491 3381 nos
514 3333 806 3381 conservet
827 3322 958 3381 Jesu
984 3324 1076 3397 pia
1098 3325 1278 3398 gratia
1308 3320 1538 3380 Christi.

938 3417 1252 3494 LXXXVII.

852 3508 935 3563 Ad
980 3509 1336 3580 refectorium.

286 3599 512 3658 Christe
534 3597 701 3667 Deus,
725 3609 929 3656 nostra:
956 3602 1188 3657 benedic
1208 3602 1463 3657 convivia
1493 3617 1717 3670 mensa,

286 3690 538 3764 Quaeque
568 3692 679 3749 tuis
708 3693 886 3749 servis
912 3693 1204 3749 mitissime
1232 3693 1376 3750 dona
1407 3694 1628 3762 dedisti,

292 3783 402 3842 Per
429 3792 484 3841 te
519 3784 632 3839 sint
656 3784 945 3841 benedicta
968 3786 1211 3856 quidem.
1239 3784 1323 3841 Tu
1344 3785 1576 3857 largitor
1596 3785 1796 3851 almus,

290 3875 492 3933 Omnia
523 3882 583 3930 tu
605 3875 838 3931 dederas
865 3876 1053 3942 nobis;
1078 3876 1195 3948 jam
1223 3877 1488 3948 quidquid
1517 3877 1804 3943 habemus,

296 3969 441 4025 Sunt
458 3968 601 4023 bona
627 3968 829 4040 quippe
854 3977 976 4037 tua,
1006 3970 1135 4040 quia
1163 3976 1219 4025 tu
1245 3969 1423 4026 bonus
1439 3971 1626 4027 omnia
1653 3973 1865 4029 condis.

298 4059 410 4116 Vos
431 4074 651 4131 quoque
676 4061 921 4116 conviva:
949 4060 1161 4126 laudes,
1207 4075 1341 4132 rogo
1357 4101 1375 4129 ,
1411 4061 1577 4117 dicite
1601 4060 1864 4120 Christo:

299 4150 533 4227 Semper
561 4153 617 4208 in
640 4168 741 4209 ore
773 4161 971 4209 sonent
996 4154 1151 4225 pacis
1174 4154 1261 4209 vel
1280 4156 1449 4211 verba
1476 4155 1690 4214 salutis.

302 4242 533 4315 Semper
561 4254 706 4299 amat
736 4258 932 4316 pacem
956 4243 1228 4312 Christus,
1268 4246 1363 4316 qui
1384 4246 1604 4303 dixerat
1626 4248 1745 4320 ipse
1781 4267 1795 4302 :

301 4335 382 4391 Do
406 4335 673 4407 vobisque
696 4351 910 4407 pacem,
936 4338 1093 4394 vobis
1112 4353 1416 4409 pacemque
1443 4338 1714 4411 relinquo.

304 4427 390 4485 Sit
410 4445 631 4502 quoque
652 4441 845 4487 nostra
872 4446 1067 4488 manus
1094 4433 1313 4489 miseris
1337 4433 1646 4505 largissima
1669 4452 1909 4509 semper,

302 4520 522 4595 Accipit
542 4523 649 4580 hoc
674 4521 950 4591 Christus,
975 4525 1193 4582 dederis
1224 4534 1279 4581 tu
1302 4541 1544 4598 paupere
1568 4529 1855 4601 quidquid,

302 4614 375 4673 Et
399 4615 496 4672 tibi
526 4631 635 4673 non
664 4618 846 4673 tardat
867 4617 1181 4673 mercedem
1212 4617 1445 4673 reddere
1468 4633 1744 4690 magnam.

938 4708 1274 4765 LXXXVIII.

824 4800 909 4855 Ad
928 4800 1304 4857 dormitorium
1331 4801 1381 4855 δ.

304 4890 640 4964 Etrequiem
664 4892 815 4950 necti
844 4904 868 4932 ε
898 4893 1150 4958 dederas,
1175 4893 1466 4964 lucemque
1489 4893 1694 4963 labori,

382 5039 408 5068 ι
447 5024 703 5083 ϐαηᾰιιη.
726 5025 863 5085 Vide
891 5026 1031 5083 infra
1052 5042 1277 5084 carmen
1305 5027 1430 5083 l0l.

384 5097 414 5141 δ
450 5097 595 5169 Edit.
627 5098 921 5154 mendose:
950 5098 1438 5169 Gununmepribus.

385 5179 410 5209 ο
435 5168 576 5240 ᾼΑιο.
604 5169 725 5240 Yid.
747 5185 916 5240 supra
953 5185 1176 5227 carmen
1212 5168 1300 5222 74.
1345 5168 1458 5224 Hoc
1480 5169 1818 5240 epigramma
1846 5168 1918 5225 de

308 5237 540 5312 basilica
578 5237 946 5312 Nobiliacensi
986 5240 1252 5312 explicari
1285 5255 1448 5312 posse
1482 5237 1675 5296 censet
1700 5255 1918 5312 quoque

312 5308 659 5382 Mabillonius
694 5311 894 5367 Annal.
924 5308 1149 5378 tomfll,
1178 5308 1303 5381 pag:
1338 5310 1469 5382 507,
1512 5326 1634 5382 qute
1668 5308 1919 5367 beatissi-

315 5396 422 5438 ma:
454 5381 685 5453 virginis
711 5382 959 5452 Deiparze
994 5382 1151 5440 titulo
1178 5378 1467 5452 quondam
1500 5378 1761 5453 insignita
1793 5382 1915 5448 fuit,

314 5461 380 5510 ut
400 5451 648 5525 patet—Aes
690 5451 860 5510 variis
903 5454 1145 5525 chartis,
1187 5451 1243 5508 in
1290 5451 1921 5525 quibusMo’nusterium

315 5534 518 5589 sancta
546 5523 737 5581 Maria:
774 5534 825 5580 et
855 5526 1029 5579 sancti
1074 5523 1665 5595 Juniani‘appellatur,
1703 5525 1923 5580 tametsi

317 5595 484 5668 modo
523 5611 694 5668 unum
740 5596 912 5668 sancti
954 5596 1181 5668 Iuniani
1228 5609 1430 5668 nomen
1468 5596 1673 5668 passim
1698 5597 1921 5653 retinet.

318 5666 484 5739 Plura
511 5666 637 5722 vide
657 5667 798 5739 apud
828 5666 1082 5739 eumdem
1109 5666 1312 5723 Mabill.
1341 5666 1445 5739 loc.
1462 5666 1566 5739 eu.

389 5735 420 5779 δ
458 5735 517 5794 In
546 5752 649 5795 ms.
675 5735 761 5795 tit.
790 5752 805 5792 :
835 5738 917 5796 Ad
939 5738 1269 5794 caminorum
1296 5738 1383 5794 ubi
1413 5738 1576 5794 abbas
1598 5738 1816 5796 dormit.

402 5820 427 5849 ο
464 5806 593 5882 ΜΒ..
734 5794 966 5882 requa/em
1002 5802 1227 5865 noctem.

400 5884 426 5920 ι
463 5879 587 5952 bis,
620 5879 847 5952 frigidus
869 5896 898 5934 e
922 5896 1103 5938 verno.

395 5955 422 5995 ε
468 5945 592 6013 Με..
620 5945 895 6020 δρὲρὶσὶαι.

1288 436 1621 493 CARMl-NA.
1665 468 1734 476 —
1771 432 2302 492 lNSCRlPTlONES
2341 435 2597 492 VARUS.

3479 444 3589 503 750

1913 551 1965 608 Α
1993 545 2262 615 Prospera
2289 562 2624 605 conservans
2652 549 2869 606 famulis
2893 560 3212 622 noctesque,
3241 554 3489 628 diesque.

1992 637 2078 692 Ad
2105 646 2159 693 te
2181 653 2280 693 cor
2303 639 2512 708 vigilet,
2547 652 2773 697 somnus
2792 642 2839 697 si
2869 642 3085 699 claudat
3111 643 3344 711 ocellos,

1995 731 2072 788 Te
2097 731 2253 788 labor
2275 741 2332 789 et
2359 734 2579 805 requies
2608 733 2915 792 collaudeut
2935 736 3190 793 omnibus
3212 737 3389 796 horis.

2643 847 2935 905 LXXXIX.

2536 940 2619 995 Ad
2656 943 3057 1013 hypocaustum.

1992 1029 2250 1101 Frigidus
2277 1030 2540 1088 bibemus
2574 1032 2594 1072 ἲ
2624 1034 2850 1089 veniens
2872 1034 2939 1090 de
2970 1043 3153 1091 monte
3177 1036 3377 1107 viator,

2068 1119 2187 1177 Non
2214 1115 2337 1177 mea
2365 1124 2653 1194 displiceat
2682 1126 2706 1165 ε
2731 1126 2948 1197 hospita
2979 1136 3145 1194 tecta,
3177 1144 3332 1201 rogo.

1992 1212 2058 1269 Si
2090 1228 2211 1269 mea
2241 1216 2382 1269 dona
2413 1215 2513 1269 tibi
2540 1216 2753 1287 cupias,
2779 1217 3027 1273 nimbose
3050 1220 3250 1286 viator,

2066 1304 2146 1360 Da
2168 1304 2327 1375 prior
2350 1321 2481 1362 ecce
2506 1314 2621 1375 tua,
2655 1309 2735 1364 sic
2765 1308 2863 1364 tibi
2883 1310 3087 1379 prende
3110 1326 3251 1366 mea.

2633 1420 2801 1494 215
2834 1421 2948 1477 XC-

2575 1512 2655 1566 Ad
2678 1514 3025 1570 carunculam.

1996 1604 2128 1662 Haec
2148 1612 2233 1662 est
2267 1614 2457 1662 sancta
2471 1604 2693 1672 domus,
2720 1608 2875 1677 pacis
2898 1608 3071 1676 locus,
3097 1607 3223 1663 aula
3252 1607 3468 1675 salutis,

1998 1696 2174 1766 Quam
2201 1712 2366 1769 super
2393 1699 2485 1754 hic
2516 1713 2731 1769 semper
2761 1708 2985 1754 maneat
3011 1700 3319 1757 benedictio
3346 1698 3552 1757 Christi
3578 1713 3596 1752 :

1996 1788 2057 1844 In
2081 1802 2189 1859 qua
2220 1788 2545 1859 multiplicet
2573 1788 2602 1829 ιι
2628 1788 2860 1844 fratrum
2888 1790 3141 1844 convivia
3167 1790 3350 1861 largus
3372 1830 3389 1855 ,

1927 1915 1975 1980 Β
2001 1879 2106 1949 Qui
2131 1881 2407 1951 quondam
2434 1881 2637 1953 populi,
2671 1882 2881 1939 caelesti
2910 1898 3136 1940 munere
3161 1883 3350 1950 dives,

1999 1974 2240 2031 Panibus
2267 1989 2334 2031 ex
2361 1975 2604 2046 quinque
2625 1976 2846 2030 satiavit
2873 1975 3043 2031 millia
3072 1976 3335 2047 quinque.

2185 2159 2268 2215 Ad
2290 2162 2443 2216 arant
2469 2068 3017 2217 δσηειοηιῖἳῖοεηιω
3051 2168 3104 2216 et
3130 2160 3408 2220 Dantiafti.

1996 2246 2117 2307 Hac
2137 2249 2248 2305 duo
2277 2250 2525 2321 germani
2553 2248 2800 2317 Cosmas,
2840 2250 3139 2307 Damianus
3167 2252 3223 2307 in
3253 2267 3353 2307 ara

2067 2337 2383 2412 Iunguntur
2400 2341 2692 2414 siquidem,
2721 2356 2940 2417 semper
2963 2344 3172 2400 honore
3198 2344 3342 2415 pari.

1994 2430 2148 2501 Quos
2174 2434 2338 2489 terris
2360 2433 2571 2503 genuit,
2599 2448 2712 2491 uno
2727 2434 2807 2491 -de
2836 2435 3067 2501 viscere.
3097 2442 3277 2491 mater

2067 2522 2179 2580 Par
2202 2525 2395 2595 genuit
2416 2523 2621 2580 fratres
2648 2525 3083 2598 martyriumque
3104 2523 3251 2597 polo.

2005 2728 2023 2770 ί
2056 2726 2140 2782 Ad
2192 2726 2438 2803 sepulcra
2478 2635 3064 2855 εαηειοωῖἒῖᾉαωιὶε
3108 2730 3336 2804 episcopi
3376 2740 3429 2788 et
3474 2734 3607 2806 Apri

2685 2816 2720 2855 a
2790 2819 2820 2855 a
2848 2816 2915 2855 is.

2685 2816 2915 2856 αυοαιιε.

2001 2909 2176 2980 Hujus
2195 2910 2286 2967 hic
2312 2919 2505 2982 pausat
2521 2913 2825 2983 praeclarus
2851 2914 3141 2987 episcopus
3169 2918 3319 2979 urbis

2074 2999 2307 3057 Nomine
2331 3000 2591 3069 Joannes,
2621 3004 2706 3060 vir
2726 3005 2852 3075 pius
2875 3013 3043 3079 atque
3068 3006 3268 3066 bonus.

2002 3091 2106 3149 llic
2133 3094 2430 3164 requiescit
2452 3093 2620 3166 Aper,
2646 3094 2810 3165 hujus
2832 3098 3166 3157 venerabilis
3190 3100 3362 3159 abbas

2075 3185 2335 3243 Ecclesia:
2362 3194 2572 3255 pastor,
2610 3197 2896 3261 promptus
2923 3190 2977 3245 in
2996 3205 3159 3249 omne
3182 3192 3407 3251 bonum.

1922 3278 1976 3344 ο
2007 3276 2116 3335 Sed
2143 3277 2371 3349 pedibus
2392 3278 2580 3349 pOpuli
2604 3277 2825 3336 fuerant
2857 3278 2873 3332 i
2912 3282 3121 3339 calcata
3145 3284 3431 3357 sqiulcra,

2077 3366 2192 3426 Nec
2209 3370 2394 3440 paries
2419 3369 2608 3435 cinxit,
2644 3383 2708 3426 ut
2731 3372 2916 3429 decuit
2944 3375 3211 3445 patribus.

2004 3461 2124 3520 Hoc
2140 3463 2249 3519 Ato
2280 3478 2388 3518 non
2414 3461 2606 3519 suffert
2628 3464 2655 3504 ιι
2680 3462 2846 3535 Aperi
2872 3481 3161 3522 successor
3187 3468 3432 3540 honoris,

2077 3554 2325 3627 Corpora
2352 3556 2555 3612 calcari
2577 3572 2735 3613 sacra
2766 3566 2984 3630 patrum
3009 3559 3275 3630 pedibus:

2005 3647 2118 3705 Sed
2140 3659 2494 3703 monumenta
2529 3649 2549 3689 ι
2581 3648 2735 3706 brevi
2760 3650 2968 3720 placuit
2996 3638 3326 3724 concingere
3346 3666 3530 3728 muro,

2077 3738 2274 3795 Pervia
2302 3755 2374 3796 ne
2398 3741 2583 3814 populi
2614 3742 2774 3799 busta
2795 3744 2977 3800 forent
3004 3744 3253 3815 pedibus.
3289 3778 3303 3805 ι

2004 3830 2231 3888 Addidit
2254 3839 2312 3889 et
2339 3842 2544 3890 nostra
2572 3834 2758 3891 statim
2786 3835 2877 3907 pia
2906 3835 3061 3908 signa
3093 3836 3305 3904 salutis,

2075 3924 2139 3981 In
2168 3939 2278 3999 quo
2304 3925 2558 3983 Salvator
2593 3928 2772 3984 victor
2791 3928 2862 3983 ab
2882 3929 3041 3985 hoste
3060 3929 3226 3985 redit.

2003 4017 2240 4088 insuper
2260 4018 2435 4075 altare
2460 4021 2650 4075 statuit
2670 4019 2980 4077 venerabile
3008 4020 3249 4091 Christo,

2075 4110 2137 4169 In
2173 4126 2283 4183 quo
2308 4127 2410 4183 pro
2431 4113 2685 4183 patribus
2719 4113 2897 4171 hostia
2922 4128 3080 4170 sacra
3106 4115 3266 4173 foret.

2008 4202 2081 4259 lit
2106 4202 2257 4260 Deus
2276 4209 2624 4275 omnipotens
2652 4205 2898 4276 requiem
2932 4206 3260 4263 concederet
3286 4206 3415 4276 illis,

2082 4293 2219 4351 Cum
2246 4294 2455 4351 sanctis
2478 4294 2707 4366 pariter,
2739 4309 2955 4366 semper
2979 4295 3035 4351 in
3056 4310 3185 4353 arce
3204 4295 3335 4367 poli.

2724 4406 2905 4464 XCIII.

2049 4520 2132 4575 Ad
2155 4537 2308 4576 aram
2325 4528 2630 4577 sanctorum
2652 4518 2891 4577 Cervarii
2916 4530 2966 4574 et
2992 4520 3229 4577 Protasii
3255 4531 3547 4595 martyrum

1940 4647 1996 4709 Β
2017 4610 2317 4669 Gervasius
2343 4621 2555 4685 martyr
2583 4612 2747 4667 simul
2775 4620 2941 4684 atque
2968 4611 3251 4669 Protasius
3285 4613 3462 4671 almus

2018 4704 2134 4760 l-lac
2162 4704 2269 4760 duo
2296 4703 2558 4761 Germani
2583 4703 2794 4776 pariter
2824 4713 3156 4759 venerantur
3185 4705 3240 4758 in
3263 4719 3359 4761 ara
3386 4723 3401 4760 :

2015 4795 2164 4862 Quos
2194 4794 2318 4850 tulit
2339 4810 2445 4851 una
2475 4794 2592 4852 dies
2624 4793 2823 4857 terris,
2854 4793 3018 4849 simul
3039 4808 3256 4865 unaque
3275 4793 3437 4861 ccelo.

2018 4891 2280 4963 Martyrio
2303 4891 2530 4957 similes,
2562 4889 2774 4947 similes
2795 4886 3012 4944 fervore
3042 4888 3189 4945 ﬁdei.

2022 5026 2023 5029 “
2080 5028 2107 5069 δ
2137 5025 2311 5089 Edit.,
2342 5022 2630 5089 multiplici
2652 5032 2720 5076 et.

2088 5096 2105 5137 ί
2145 5096 2263 5152 lloc
2296 5086 2530 5150 carmen
2569 5096 2643 5148 ila
2676 5096 3028 5147 emendatum
3073 5089 3223 5145 dedit
3250 5086 3600 5143 Mabillonius

2013 5180 2125 5224 tom
2157 5165 2222 5221 ll.
2254 5166 2457 5220 Annal.
2502 5164 2627 5219 libr.
2675 5179 2824 5235 xgnn,
2856 5178 2980 5235 pag.
3013 5161 3139 5235 507.
3176 5159 3377 5235 Estis],
3407 5159 3600 5235 eodem

2006 5238 2306 5305 interprete
2321 5236 2661 5306 epitaphium
2701 5230 3208 5306 Joauuls'episcOpi
3239 5230 3602 5284 Pictavieusis

2015 5319 2072 5365 et
2117 5303 2247 5377 Apri
2299 5303 2540 5370 abbatis,
2581 5303 3121 5377 quorumsepulcra,
3147 5316 3220 5377 ne
3250 5317 3282 5377 _a
3317 5309 3604 5369 pertrans-

2015 5372 2277 5434 euntihus
2301 5372 2784 5437 couculcaréutur,
2813 5376 2916 5429 Ato
2941 5374 3108 5427 abbas
3130 5372 3262 5439 Apri
3291 5383 3603 5439 successor.

2013 5461 2069 5505 et
2087 5448 2408 5505 monasterii
2432 5445 2840 5501 Nohiliacensis
2866 5438 3207 5498 restaurator
3230 5456 3389 5497 unu-o
3408 5438 3604 5505 cinxit.

2014 5524 2263 5591 apposita
2290 5534 2460 5591 cruce
2492 5519 2659 5591 simul
2682 5532 2810 5591 cum
2832 5515 3093 5591 altariain
3120 5528 3229 5591 quo
3252 5513 3473 5569 victima
3513 5526 3606 5591 sa:
3654 5572 3659 5575 1

2015 5578 2109 5647 cii
2137 5590 2250 5645 Deo
2279 5604 2378 5659 pro
2414 5589 2673 5644 Patribus
2715 5585 2993 5659 defunctis
3022 5578 3433 5659 immolaretur;
3459 5578 3606 5659 quod

2013 5650 2296 5735 egregium
2326 5660 2701 5735 testimonium
2726 5667 2810 5714 est
2829 5673 2928 5729 pro
2951 5656 3206 5716 doctrina
3233 5653 3506 5712 catholica
3535 5650 3607 5707 de

2012 5730 2296 5791 sacriﬁcio
2326 5747 2426 5801 pro
2460 5730 2712 5785 mortuis.

2088 5804 2103 5857 ἱ
2146 5803 2269 5860 Edit
2282 5844 2320 5869 .,
2351 5803 2586 5873 fuerunt.

2086 5877 2113 5916 ι
2147 5876 2289 5932 Edit.
2302 5915 2317 5941 ,
2350 5872 2782 5942 beato-suﬁ'erah

2092 5946 2109 5988 ι
2147 5947 2319 6015 Edit.,
2350 5948 2707 6002 monumenta.
