4106 6482
548 341 640 400 ~73!
1403 342 1465 398 Β.
1503 343 1565 398 ιτ.
1606 342 1834 399 ALBINI
1872 340 2004 397 SEU
2037 336 2144 393 ALt

2251 335 2317 391 Nl
2356 335 2643 393 OPERUM
2683 336 2865 392 PARS
2905 333 2993 391 Vl.

2171 449 2225 510 Δ

1263 454 1424 513 XCIV

797 561 828 591 ι
856 546 935 605 Ad
962 559 1170 623 portam
1198 546 1431 604 basilica:
1472 546 1887 603 Nobiliacensts.

546 660 711 723 Porta
732 665 927 722 domus
954 663 1169 719 Domini
1192 664 1310 718 haec
1340 669 1445 729 est,
1465 669 1523 718 et
1550 661 1700 733 regia
1724 660 1848 718 coeli
1868 701 1885 726 ,

549 754 678 811 [late
701 754 795 811 tibi
824 754 1015 826 pandit
1040 754 1145 809 iter
1167 753 1343 809 sancti
1366 762 1423 810 et
1443 754 1682 810 sacraria
1711 750 1901 824 templi
1928 770 1938 805 :

548 846 724 914 Quam
745 846 774 887 δ
801 860 928 901 mox
958 845 1202 901 invenies
1222 859 1451 915 magnos
1477 843 1823 913 requiescere
1855 840 2069 896 Patres.

550 940 638 997 Sit
663 940 756 996 tibi
783 954 909 1012 spes
938 939 1192 1011 precibus
1212 938 1410 995 horum
1437 935 1705 1008 praeclara
1726 933 1944 999 salutis,

550 1032 610 1087 Si
641 1040 698 1087 tu
725 1032 891 1089 corde
913 1032 1021 1104 pio,
1061 1037 1339 1103 prostrato
1374 1038 1428 1085 et
1453 1043 1680 1100 corpore
1707 1026 1913 1099 poscis,

546 1122 597 1180 Δ
619 1123 837 1180 Christo
865 1123 1135 1180 scelerum
1160 1122 1399 1188 veniam,
1434 1127 1711 1191 peccator,
1748 1117 1998 1174 habebis.

549 1214 869 1273 Nullatenus
900 1217 1096 1273 dubius
1122 1215 1265 1272 sacri
1294 1224 1410 1271 tere
1430 1214 1619 1269 limina
1640 1212 1828 1284 templi
1855 1231 1868 1265 :

549 1307 745 1365 Omnia
769 1309 1011 1367 credenti
1037 1317 1262 1380 praestat
1287 1307 1377 1381 pia
1399 1307 1573 1381 gratia
1602 1305 1827 1362 Christi.

551 1401 784 1457 Fecerat
801 1402 905 1457 has
928 1400 1114 1456 valvas
1139 1416 1247 1456 aras
1268 1400 1394 1471 pius
1422 1399 1561 1455 abba
1587 1397 1859 1462 minister,

553 1492 627 1551 Ut
648 1494 928 1549 mandavit
952 1492 1057 1549 Ato
1080 1492 1313 1550 fratrum
1337 1490 1665 1549 venerabilis
1694 1490 1884 1547 abbas.

551 1586 867 1658 ingrediens
892 1585 1152 1657 templum
1176 1602 1277 1659 pro
1303 1599 1411 1657 quo
1442 1583 1740 1649 intercede,
1769 1584 1966 1649 viator,

556 1675 630 1733 Ut
650 1676 799 1734 Deus
825 1678 1172 1750 omnipotens
1199 1677 1350 1733 illum
1378 1685 1671 1735 conservet
1696 1676 1919 1746 ubique.

787 1883 870 1940 Ad
896 1886 1190 1941 oratorium
1219 1788 1648 1941 wﬁfAndrew
1672 1881 1918 1955 apostoli.

553 1999 863 2071 Discipulos
882 1999 1090 2057 Christi
1119 2016 1283 2057 verus
1304 2001 1623 2074 primusque
1645 2006 1867 2057 secutor

629 2090 758 2148 Hmc
777 2101 932 2164 regat
954 2092 1205 2149 Andreas
1230 2100 1379 2150 tecta
1407 2099 1625 2150 sacrata
1650 2090 1778 2148 sibi.

553 2178 761 2237 All‘erat
784 2182 1045 2239 auxilium
1068 2183 1227 2239 nobis
1246 2182 1524 2240 habitator
1543 2180 1784 2256 Olympi,

632 2273 701 2331 Ut
724 2281 926 2330 nostrae
951 2273 1019 2329 ad
1041 2273 1321 2330 Christum
1356 2274 1678 2346 perveniant
1707 2273 1989 2346 lacrymae.

554 2366 825 2421 Exaudire
843 2367 985 2438 pius,
1018 2366 1229 2423 ccelesti
1255 2366 1509 2424 Christus
1534 2368 1603 2422 ab
1625 2381 1772 2431 arce,

627 2456 888 2531 Dignetur
908 2456 1140 2514 famulos
1169 2473 1387 2529 semper
1410 2466 1472 2514 ut
1496 2456 1589 2514 ille
1614 2472 1761 2514 suos.

1243 2569 1444 2626 .XCVI.

750 2684 1096 2757 Epitaphium
1123 2683 1410 2740 Fortunati
1441 2693 1608 2757 poeta:
1634 2684 1948 2742 Christiani.

559 2795 675 2854 liae
706 2811 922 2869 quoque
950 2797 1208 2868 praesenti
1232 2796 1432 2868 praesul
1462 2797 1757 2868 requiescit
1778 2796 1832 2852 in
1864 2796 1987 2852 aula

624 2887 961 2944 Fortunatus
992 2888 1146 2944 enim
1172 2887 1279 2955 vir,
1312 2886 1481 2943 decus
1514 2884 1797 2954 Ecclesiae,

555 2979 799 3037 Plurima
827 2981 920 3051 qui
944 2979 1077 3037 fecit
1099 2989 1413 3036 sanctorum
1437 2980 1685 3037 carmina
1713 2988 1918 3051 metro,

628 3072 1029 3130 Concelebrans
1056 3080 1278 3130 sanctos
1296 3073 1549 3131 laudibus
1571 3075 1919 3148 hymnidicis.

558 3165 662 3232 Qui
687 3180 937 3222 sermone
961 3163 1066 3220 fuit
1095 3163 1302 3221 nitidus
1331 3179 1605 3237 sensuque
1629 3164 1828 3235 ﬁdelis,

632 3258 849 3330 Ingenio
875 3256 1105 3324 calidus,
1133 3265 1418 3328 promptus
1446 3264 1502 3313 et
1527 3273 1625 3314 ore
1645 3274 1763 3315 suo.

1245 3367 1453 3426 XCVII.

761 3482 844 3539 Ad
878 3500 1028 3544 aram
1052 3484 1226 3539 sancti
1249 3481 1503 3555 Stephani
1521 3488 1946 3558 protomartyris.

559 3595 765 3667 Nobilis
794 3596 896 3652 hac
922 3594 1231 3668 Stephanus
1262 3596 1459 3651 colitur
1479 3605 1852 3671 protomartyr
1875 3602 1932 3657 in
1958 3616 2076 3666 ara,

631 3686 754 3743 Vim
780 3687 985 3743 faciens
1011 3687 1171 3753 CtBIO,
1201 3687 1329 3741 dum
1356 3688 1508 3757 prior
1529 3697 1675 3744 astra
1704 3691 1859 3761 petit.

557 3779 605 3837 Δ
638 3787 787 3837 terra
811 3780 879 3834 ad
904 3778 1102 3834 coelum
1128 3778 1364 3849 lapidum
1392 3778 1494 3834 sibi
1521 3780 1786 3850 grandine
1812 3782 1955 3838 scala

633 3872 759 3928 Haec
784 3882 923 3939 erat,
951 3879 1013 3928 ut
1030 3870 1306 3928 Christum
1331 3881 1581 3928 cerneret
1606 3888 1729 3930 arce
1754 3873 1881 3946 poli.

806 4073 889 4130 Ad
918 4089 1070 4130 aram
1093 3980 1333 4129 sanctixj2
1330 3982 1519 4129 3:12;};
1545 4076 1892 4147 evangelista.

563 4190 677 4245 Hoc
696 4185 867 4245 altare
888 4191 1038 4244 tenet
1060 4187 1279 4244 Christo
1309 4189 1533 4244 sinistra
1560 4185 1819 4259 Joannes,

632 4282 734 4350 Qui
763 4295 928 4351 super
955 4282 1011 4335 in
1036 4293 1191 4337 coena
1219 4290 1442 4352 pectora
1470 4291 1659 4338 sancta
1690 4284 1871 4340 cubat.

563 4374 663 4442 Qui
691 4380 898 4427 secreta
926 4371 1034 4442 poli
1064 4371 1130 4426 de
1156 4388 1311 4426 sacro
1335 4371 1483 4428 fonte
1511 4375 1759 4440 bibebat,

631 4465 782 4521 IIanc
810 4470 978 4519 totam
1005 4463 1261 4535 precibus
1290 4473 1539 4537 protegat
1572 4466 1661 4522 ille
1690 4470 1926 4527 domum.

634 4610 661 4638 ι
700 4597 779 4652 De
803 4596 951 4651 varia
977 4595 1378 4651 restauratione
1405 4599 1723 4653 monasterii
1756 4598 2150 4660 Nobiliacensis

562 4670 707 4741 facta
738 4668 812 4741 ab
834 4666 1010 4741 Atone
1034 4666 1233 4741 abbate
1275 4680 1419 4722 anno
1445 4668 1550 4724 793
1575 4670 1696 4725 vide
1739 4673 1990 4741 superius
2029 4689 2149 4731 car-

562 4739 707 4796 mina
737 4738 830 4803 74,
854 4738 923 4793 86
943 4746 998 4792 et
1026 4736 1116 4791 92.

632 4810 662 4850 Β
702 4809 884 4870 Forte,
914 4825 1034 4879 quo.

591 4946 607 4961 ν
633 4891 656 4917 ε
699 4876 970 4961 ςὲιιηυὶαιξιὶε
988 4920 1020 4961 ,Δ
1053 4893 1122 4931 an
1152 4876 1295 4933 idem
1314 4876 1414 4961 _q_ui
1437 4897 1598 4961 supra
1626 4897 1807 4961 carm._
1827 4878 1898 4940 85
1914 4897 2153 4961 _vocatur

562 4947 941 5024 Cundyn:_D_e
968 4957 1199 5017 utroque
1241 4947 1398 5006 nobis
1436 4947 1618 5024 ignota
1660 4956 1863 5009 omnia.
1914 4956 2015 5010 Ms.
2054 4959 2149 5011 ha-

559 5020 673 5083 bet,
704 5018 1039 5074 Gunduimts.

631 5088 659 5127 ἀ
701 5090 824 5154 Ms.,
850 5090 1009 5144 mitis.

638 5170 661 5237 ς
698 5158 811 5215 Hoc
857 5170 920 5237 et
949 5167 1282 5237 subsequens
1308 5165 1657 5236 epigramma,
1709 5166 1852 5237 quod
1886 5183 2029 5237 nunc
2076 5183 2143 5224 ex

562 5229 682 5307 cod.
738 5246 839 5285 ms.
887 5228 1280 5307 Salisburgensi
1311 5228 1652 5307 emcndatius
1693 5228 1890 5307 prodit,
1922 5236 2143 5307 ,Mahil-

562 5252 682 5283 cuu.
738 5252 839 5285 uls.
889 5252 1130 5291 aausnur
1165 5252 1280 5290 QDSI
1311 5252 1650 5291 emendatius
1693 5252 1890 5307 proutt,
1949 5252 2137 5294 Mami-

560 5300 741 5354 lonius
766 5310 893 5380 tom.
914 5301 957 5357 ll
985 5252 1177 5360 AnnaI.
1204 5320 1328 5380 pag.
1356 5305 1482 5380 243,
1508 5307 1760 5380 intelligit
1777 5309 1849 5380 de
1876 5306 2137 5379 Magulfo,

560 5380 743 5453 scu‘ut
768 5370 908 5453 alias
941 5384 1183 5453 vocatur,
1204 5370 1750 5453 tlbgnulfbtabbaqte
1777 5370 2137 5453 Floriaceusii

560 5440 759 5509 quihic
786 5440 1037 5500 laudatur
1072 5447 1141 5501 ob
1166 5440 1546 5503 cameram'ad
1589 5462 1749 5503 usum
1796 5446 2027 5505 fratrum
2071 5440 2147 5505 le;

561 5514 801 5595 gentium
824 5525 1177 5582 exstructam,
1200 5526 1259 5595 _et
1277 5518 1572 5595 oratorium
1599 5517 1671 5574 illi
1699 5518 2041 5590 adjunctum,
2090 5523 2144 5578 in

560 5596 669 5651 quo
695 5587 808 5651 ipse
832 5595 1042 5642 secreto
1075 5587 1308 5644 orationi
1334 5597 1571 5646 vacaret.

638 5651 661 5728 ξ
700 5651 810 5728 ys.
840 5653 974 5728 Sal.,
1014 5656 1244 5728 Magulf.

636 5724 662 5761 ⁸
700 5722 863 5787 Edit.,
905 5726 1058 5780 duret
1085 5722 1391 5784 benedictio.

630 5790 658 5829 ³³
682 5792 865 5863 Forte,
914 5793 1093 5851 Nunc.

3743 324 3854 383 ’Μ

2952 450 3138 507 XCIX.

2416 546 2498 602 Ad
2524 562 2678 601 aram
2700 555 3009 601 sanctarum
3035 543 3298 616 virginum
3327 549 3645 613 martyrum.

2248 638 2564 712 Virginibus
2588 639 2761 697 sacris
2796 647 2883 694 est
2902 639 3006 694 hoc
3031 636 3203 692 altare
3224 635 3491 700 dicatum,

2315 730 2561 802 Corpora
2591 746 2717 787 nam
2741 744 2975 801 quarum
2994 728 3193 800 templa
3220 726 3375 784 fuere
3398 726 3518 782 Dei.

2249 822 2525 894 Sanguine
2552 822 2639 878 vel
2669 836 2828 879 roseo
2860 820 2986 878 cmli
3017 820 3110 892 qui
3139 832 3309 890 regna
3331 816 3614 884 tenebunt,

2317 913 2377 969 In
2402 912 2579 987 fragili
2602 929 2734 971 sexu
2764 912 2928 970 fortia
2965 911 3107 968 bella
3132 918 3352 984 gerunt.

3021 1003 3063 1061 C

2567 1075 2652 1132 Ad
2678 1093 2834 1132 aram
2860 1084 3169 1132 sanctorum
3195 1082 3513 1145 martyrum.

2248 1167 2599 1243 Martyribus,
2633 1168 2897 1225 mundum
2919 1168 3142 1241 quinam
3168 1167 3347 1223 vicere
3379 1163 3691 1238 triumphis,

2319 1258 2586 1317 Omnibus
2610 1258 2728 1316 hate
2749 1273 2993 1331 prtesens
3016 1274 3112 1314 ara
3144 1258 3325 1314 dicata
3354 1254 3514 1337 nitet.

2248 1349 2357 1409 Per
2378 1352 2607 1423 gladios,
2631 1351 2788 1422 ignes
2812 1360 2869 1408 et
2900 1367 2999 1423 per
3025 1358 3322 1415 tormenta,
3343 1348 3575 1422 flagella,

2320 1442 2594 1502 Mentibus
2618 1444 2931 1517 intrepidis,
2958 1459 3126 1517 regna
3150 1443 3311 1500 beata
3336 1450 3548 1523 petunt.

2579 1632 2929 1706 Epitaphium
2952 1628 3186 1688 Cunnini
3215 1630 3526 1710 sacerdotis.

2251 1722 2382 1784 Hec
2414 1725 2593 1783 diruta
2621 1727 2841 1797 quidem
2866 1725 3149 1783 renovavit
3188 1723 3391 1797 templa
3416 1723 3673 1781 sacerdos

2180 1817 2230 1880 Β
2323 1815 2610 1875 Gunvinus
2645 1829 2667 1858 ε
2701 1832 2899 1889 magno
2925 1818 3121 1875 ductus
3141 1833 3331 1875 amore
3357 1816 3477 1874 Dei.

2249 1904 2485 1966 Iustitia:
2513 1910 2711 1976 cultor,
2743 1909 2869 1967 vita:
2889 1909 3136 1967 melioris
3154 1919 3389 1978 amator,

2320 2000 2589 2059 Providus
2609 2003 2847 2075 ingenio,
2873 2012 3069 2060 cautus
3096 2004 3151 2060 in
3179 1990 3420 2076 eloquio,

2254 2094 2468 2151 Reddat
2493 2095 2550 2150 in
2577 2104 2847 2153 aeternum
2874 2097 3049 2153 amori
3069 2097 3096 2138 ιι
3127 2098 3217 2154 cui
3238 2100 3465 2169 prmmia
3487 2097 3757 2157 Christus.

2323 2184 2473 2243 Illius
2500 2186 2592 2242 hic
2613 2202 2814 2259 corpus
2836 2196 3032 2260 pausat
3057 2190 3112 2246 in
3138 2191 3243 2247 hoc
3267 2191 3495 2248 tumulo.
3854 2184 3857 2187 ¹

2355 2310 2436 2358 ν.
2466 2310 2561 2360 ιη
2601 2312 3134 2363 ιοωιιϊιιιο
3172 2316 3730 2367 τιυιιιαιπιι.

2497 2397 2606 2460 Ea:
2621 2417 2736 2459 ms.
2765 2398 3232 2481 Salisburgensi
3256 2401 3607 2465 emendatae.

2934 2521 3099 2595 215
3162 2523 3269 2579 cu.

2725 2624 2751 2652 ο
2785 2612 2865 2668 De
2888 2612 3170 2684 Magnulfo
3183 2616 3390 2671 abbate.

2254 2703 2412 2762 Hanc
2464 2703 2726 2777 Magnulf,
2780 2704 2799 2743 ί
2857 2705 3083 2763 humilis
3146 2722 3422 2765 cameram
3476 2716 3858 2769 construxerat

2258 2891 2333 2949 Ut
2374 2889 2551 2948 dulcis
2592 2889 2840 2964 patribus
2890 2892 3048 2948 fieret
3099 2892 3365 2948 habitatio
3392 2802 3782 2950 sanctigarbas,

2256 2983 2405 3052 Quos
2427 2984 2637 3042 servire
2673 2981 2859 3059 [daret
2881 2983 3179 3043 Benedicto
3205 2986 3265 3060 ε]
3297 2986 3549 3045 Christus
3572 2990 3629 3046 in
3653 3006 3855 3059 mrum,

2259 3076 2332 3133 Ut
2355 3077 2506 3134 locus
2536 3078 2639 3132 iste
2687 3076 2831 3133 foret
2865 3077 2983 3149 jam
3016 3076 3281 3152 [jamque]
3327 3079 3634 3152 legentibus
3669 3091 3853 3155 aptus.

2174 3175 2227 3240 ε
2260 3169 2333 3227 Ut
2355 3170 2471 3239 lux,
2524 3171 2798 3242 praevidit,
2838 3170 3052 3243 fulgens
3075 3173 3318 3230 radiaret
3342 3174 3399 3229 in
3440 3173 3612 3241 illam,

2256 3261 2328 3319 Et
2359 3263 2555 3320 domus
2587 3262 2782 3319 orandi
2826 3260 2984 3319 fieret
3028 3279 3191 3335 quam
3215 3265 3463 3336 proxima
3488 3265 3713 3334 Christi,

2255 3354 2317 3410 In
2352 3368 2459 3425 qua
2484 3361 2698 3409 secreto
2719 3354 2993 3425 potuisset
3021 3362 3267 3426 tempore
3288 3355 3459 3423 solus,

2254 3448 2398 3505 Ante
2448 3446 2621 3503 altare
2644 3449 2859 3519 iacens,
2904 3449 3172 3520 lacrymas
3214 3448 3497 3507 effundere
3518 3452 3727 3508 dulces.

2257 3538 2411 3595 Tunc
2428 3538 2458 3580 h
2483 3546 2537 3595 te
2570 3546 2758 3595 sancte
2781 3554 2981 3611 precor
3006 3539 3170 3611 hujus
3196 3550 3255 3596 tu
3286 3550 3477 3612 pastor
3503 3539 3662 3599 oviﬁs
3698 3545 3715 3586 ί

2258 3629 2438 3700 thue
2468 3628 2482 3680 i
2534 3629 2675 3686 inter
2701 3645 2975 3687 memores
3031 3630 3366 3704 Magnulfum
3404 3635 3571 3689 verba
3592 3632 3857 3705 precandi

2254 3720 2403 3776 Illius
2432 3730 2596 3791 atque
2641 3722 2882 3777 animam
2912 3724 3263 3779 commendes
3292 3722 3576 3800 [maxime]
3610 3724 3854 3783 Christo.

2256 3811 2408 3886 [Qui]
2440 3813 2539 3869 tibi
2552 3812 2668 3883 jam
2704 3813 2866 3869 talem
2896 3810 3181 3887 [habitare
3218 3815 3555 3873 instruxerat
3583 3816 3637 3892 ιι]
3677 3817 3853 3875 :edem

2255 3906 2338 3962 Tu
2362 3922 2579 3978 quoque
2606 3907 2728 3963 vive
2772 3906 2886 3963 Deo
2908 3908 3038 3964 felix
3068 3924 3165 3981 per
3189 3918 3431 3980 tempora
3463 3910 3645 3984 longa,

2253 3997 2338 4054 Ad
2358 4012 2608 4054 normam
2643 3999 2863 4070 regulae,
2897 3998 3125 4055 fratrum
3168 4014 3386 4072 quoque
3404 4003 3615 4075 corrige
3658 4002 3852 4070 vitam.

2255 4090 2329 4148 Ut
2358 4092 2453 4148 tibi
2495 4089 2859 4149 celsithronus
2879 4094 3079 4149 tribuat
3112 4094 3199 4164 pia
3227 4097 3452 4165 prmmia
3477 4093 3746 4164 Christus,

2252 4179 2391 4236 Cum
2414 4190 2608 4240 sancto
2640 4183 2847 4253 pariter
2883 4182 3201 4257 [Benedicto
3234 4184 3277 4259 ι]
3314 4185 3476 4244 Patre
3520 4203 3623 4259 per
3650 4174 3849 4247 aevum.

2964 4276 3092 4332 CIII.
3556 4280 3557 4283 “

2636 4367 2715 4422 De
2741 4368 2925 4423 eodem
2948 4364 3228 4440 Magnulfo
3253 4369 3462 4428 abbate.

2182 4530 2232 4589 υ
2249 4454 2537 4526 Empserat
2563 4458 2707 4512 hanc
2732 4473 2975 4515 mensam
2994 4469 3034 4498 ιιι
3050 4458 3293 4532 Magnulf
3310 4462 3636 4522 venerabilis
3655 4465 3849 4537 abbas,

2332 4587 2571 4661 iiIIujus
2611 4596 2668 4643 tu
2720 4604 2901 4661 pastor
2943 4591 3113 4647 avitis.
3174 4593 3253 4648 Cl.
3288 4594 3629 4655 Mahilloni-ts
3665 4614 3732 4655 ex
3762 4600 3849 4657 his

2252 4667 2309 4739 et
2337 4660 2458 4739 aliis
2484 4660 2733 4739 versibus
2777 4664 3275 4739 patereexistimat
3298 4666 3630 4739 Magnulfum
3667 4671 3847 4728 adhuc

2252 4731 2309 4785 in
2342 4731 2484 4786 vivis
2509 4730 2695 4797 fuisse,
2754 4730 2879 4787 cum
2921 4733 3178 4791 Alcuinus
3209 4736 3327 4793 haec
3345 4730 3589 4795 carmina
3645 4742 3847 4798 conde-

2252 4810 2357 4877 ret.
2424 4802 2533 4877 sed
2569 4818 2637 4858 ex
2670 4804 2936 4877 _hoclo_co
2984 4806 3287 4877 clarissime
3334 4819 3504 4877 patet,
3554 4810 3845 4870 Alcuiuum

2254 4872 2466 4954 hortari
2488 4873 2778 4954 quemdam
2818 4873 3042 4946 Magulﬁ
3065 4872 3459 4954 successorem,
3489 4872 3574 4954 'uti
3602 4880 3746 4938 illius
3784 4884 3843 4940 in

2254 4944 2511 5012 precibus
2544 4944 2658 5000 suis
2688 4945 2762 4999 sit
2806 4944 3035 5018 memor.
3082 4948 3251 5018 Igitur
3278 4944 3538 5007 Alcuinus
3559 4953 3736 5009 hocet
3757 4969 3845 5009 se-

2256 5016 2965 5095 quens_camen_cnndidit
3008 5016 3132 5086 post
3165 5019 3371 5095 obitum
3388 5021 3695 5095 _Magnulfi,
3746 5026 3842 5095 qui

2255 5086 2484 5169 contigit
2510 5101 2653 5140 anno
2679 5085 2805 5168 794,
2833 5085 3098 5169 directum
3145 5089 3232 5169 vel
3280 5085 3725 5169 adfulrhgtum;
3745 5085 3843 5165 qui

2252 5159 2476 5230 nonnisi
2490 5172 2586 5230 per
2600 5159 2983 5230 sesquiannum
2999 5160 3228 5214 abbatis:
3238 5161 3473 5230 praefuit,
3489 5164 3572 5219 vel
3587 5166 3654 5220 ad
3666 5159 3841 5224 Theo-

2253 5227 2458 5300 dulfum
2483 5227 2642 5300 simul
2678 5230 2990 5300 episcOpum
3013 5227 3475 5290 Aurelianensem.
3504 5236 3627 5292 Vid.
3682 5252 3838 5293 eum-

2252 5296 2375 5375 dem
2388 5298 2603 5375 _l_tl_abill.
2637 5296 2740 5354 loc'.
2796 5296 2887 5355 cit'.
2918 5315 3039 5371 pag.
3071 5301 3194 5356 514.
3652 5312 3653 5315 ‘

2326 5369 2339 5442 ᾗ
2386 5369 2553 5442 Edit.,
2617 5380 2675 5424 ut
2702 5388 2840 5442 qum.

2325 5441 2350 5511 li
2389 5441 2556 5506 Edit.,
2606 5440 2815 5511 qua...
2861 5440 2929 5493 ad
2975 5441 3318 5499 habitandum
3337 5454 3622 5505 struxerat.

2330 5510 2348 5549 1
2391 5512 2558 5577 Edit.,
2615 5513 2905 5567 benedicat.

2326 5594 2365 5659 ξιτ
2393 5581 2546 5637 Hanc
2571 5600 2825 5638 mensam.
2855 5585 2912 5659 Iun
2942 5603 3044 5642 ms.
3089 5586 3390 5658 Salisburg.
3424 5589 3547 5647 loco
3576 5609 3833 5659 azcrtsam,

2254 5653 2497 5780 ἔξιὺᾷωῶ
2535 5670 2795 5711 mansum.
2862 5656 3085 5715 Rectius
3142 5659 3285 5717 forte
3335 5653 3648 5735 fegendum,
3697 5653 3838 5722 hunc

2310 5742 2341 5779 α
2412 5742 2442 5777 ιι
2505 5764 2518 5777 ο

2310 5742 2518 5779 ansam.
