4106 6494
504 332 611 393 755

502 456 763 513 Esuriens
783 451 1012 525 dapibus
1057 465 1255 520 corpus
1280 450 1408 502 dum
1434 448 1675 518 pascitur
1701 444 1851 513 illud,

503 547 656 605 Meus
676 547 764 618 pia
795 553 1052 616 pascatur
1096 542 1281 597 verbis
1327 539 1641 597 cazlestibus
1672 537 1784 592 illa.

501 641 573 700 Et
620 643 741 698 laus
765 641 906 696 alma
957 639 1067 694 Deo
1098 646 1213 693 tota
1262 638 1538 706 capitatur
1566 645 1590 673 α
1622 634 1678 688 in
1701 633 1846 697 aula,

501 734 669 795 Plena
690 736 805 791 suis
834 732 1055 795 famulis
1100 731 1330 801 dapibus
1376 744 1498 800 qua:
1531 726 1559 766 δ
1590 725 1797 781 fercula
1849 731 2096 793 praestat.

497 830 678 904 Atque
705 832 947 887 animum
1008 829 1216 899 pariter
1245 827 1454 883 cmlcsti
1486 840 1623 897 pane
1659 821 1883 879 cibavit.

1245 938 1360 995 CX.

1077 1045 1100 1075 ε
1144 1034 1225 1087 Ad
1258 1048 1515 1086 mensam.

499 1127 731 1192 Fercula
760 1137 948 1186 nostra
988 1126 1113 1197 pius
1148 1125 1399 1180 Christus
1425 1120 1713 1185 benedicat
1746 1118 1801 1173 in
1824 1117 1973 1184 aula,

496 1220 568 1276 Et
592 1236 689 1277 sua
713 1219 1036 1290 multiplicet
1082 1217 1381 1277 clementer
1401 1228 1627 1268 munera
1654 1212 1828 1265 servis
1845 1209 1896 1264 δ.

497 1314 604 1384 Qui
658 1330 913 1372 marinam
942 1311 1140 1385 populo
1197 1308 1407 1365 cmlesti
1467 1306 1696 1362 misitin
1736 1304 1932 1370 imbre,
2030 1350 2035 1355 .

496 1406 746 1477 Rupibus
780 1404 936 1462 etsic
972 1404 1022 1459 ei
1056 1411 1079 1439 ε
1111 1401 1315 1457 sitienti
1347 1397 1571 1453 {lumina
1600 1395 1736 1450 fudit
1763 1414 1775 1448 :

496 1498 737 1555 Panibus
784 1506 840 1555 et
876 1496 1057 1569 quinis
1103 1493 1325 1551 satiavit
1364 1492 1531 1547 millia
1571 1490 1810 1560 quinque
1846 1507 1858 1541 :

495 1592 601 1661 Qui
639 1592 909 1648 convertit
958 1604 1127 1661 aquas
1175 1584 1411 1642 mirandi
1460 1583 1516 1639 in
1543 1583 1668 1637 vina
1716 1579 1952 1651 saporis,

497 1684 609 1743 hos
638 1694 696 1743 et
734 1692 921 1747 nostra
973 1682 1136 1739 simul
1164 1680 1451 1738 benedieat
1504 1676 1711 1733 fercula
1757 1674 1928 1739 mitis,

494 1777 902 1849 Conservetque
945 1792 1074 1833 suos
1108 1774 1342 1830 famulos
1382 1772 1436 1827 in
1458 1786 1593 1842 pace
1631 1784 1849 1833 serena,

494 1869 771 1929 Laudibus
816 1880 981 1941 atque
1025 1869 1138 1926 suis
1161 1868 1327 1924 faciat
1358 1865 1657 1923 consistere
1681 1876 1865 1918 sanos.

493 1964 762 2023 Paciﬁcas
800 1977 1003 2030 mores,
1036 1962 1256 2027 fratres,
1290 1976 1389 2015 vos
1421 1972 1640 2029 semper
1672 1964 1876 2019 amate,

493 2060 724 2132 Semper
772 2065 924 2115 amat
964 2057 1223 2129 quoniam
1267 2066 1459 2124 pacem
1511 2066 1609 2107 res
1654 2050 1771 2119 ipse
1803 2044 2079 2119 polorum.

492 2153 655 2213 Pacis
699 2159 975 2208 amatores
1016 2149 1128 2204 nati
1151 2157 1279 2205 sunt
1313 2161 1444 2202 ecce
1479 2142 1764 2201 Tonantis.

496 2246 520 2287 ί
555 2245 657 2303 llic
687 2245 893 2318 pariter
934 2241 1131 2298 fratres
1157 2240 1373 2297 Domini
1403 2253 1527 2295 cum
1552 2235 1805 2292 laudibus
1855 2233 2086 2295 intrent,

492 2338 724 2411 Semper
742 2340 796 2396 in
816 2353 915 2397 ore
957 2344 1117 2393 sonat
1141 2349 1375 2405 quorum
1396 2332 1516 2387 laus
1538 2330 1712 2402 gloria
1737 2327 1979 2384 Christo.

494 2433 619 2490 llam
662 2441 747 2490 est
770 2446 930 2488 sacra
954 2431 1065 2496 via,
1120 2427 1351 2499 pedibus
1402 2425 1521 2481 bzec
1562 2423 1749 2496 pervia
1784 2421 2043 2482 fratrum,

492 2526 656 2584 Solus
681 2526 891 2582 amicus
913 2538 1085 2579 ovans
1127 2519 1331 2592 plantis
1355 2525 1702 2590 pertranseat
1722 2514 1893 2570 illam.

491 2620 613 2676 Non
639 2619 852 2676 alienus
895 2633 1018 2674 eam
1042 2615 1273 2688 pedibus
1298 2618 1585 2686 percurrat
1611 2610 1836 2682 iniquis,

489 2713 609 2769 Non
632 2713 739 2780 fur,
763 2709 1082 2781 falsiloquus
1114 2707 1422 2777 quisquam,
1447 2719 1556 2759 non
1583 2710 1765 2759 mente
1795 2700 2032 2774 maligna
2070 2715 2087 2754 :

489 2806 604 2863 Sed
638 2805 917 2863 fraternus
956 2818 1113 2860 amor
1144 2802 1355 2873 pariter
1376 2799 1668 2858 comitetur
1685 2804 1899 2856 euntes.

491 2901 560 2958 Et
596 2916 703 2972 pax
748 2907 914 2973 atque
948 2899 1082 2955 fides
1107 2897 1302 2968 pietas,
1331 2894 1644 2959 concordia,
1666 2908 1842 2958 sacra,

493 2992 560 3052 Et
588 2990 771 3050 divina
798 2990 961 3049 simul
1008 2996 1231 3047 resonet
1250 2987 1370 3043 laus
1398 3001 1615 3057 semper
1646 2986 1701 3039 in
1723 3000 1839 3040 ore.

488 3085 707 3142 Currite
734 3082 877 3158 [vos]
913 3083 1142 3155 juvenes
1170 3078 1375 3136 Christi
1403 3086 1763 3149 properanter
1797 3076 1864 3132 ad
1886 3072 2087 3138 aulam,

491 3177 829 3249 latentiaque
867 3172 1067 3231 animis
1107 3189 1271 3229 voces
1319 3171 1504 3227 audite
1549 3185 1835 3241 supernas.

491 3271 615 3331 Non
654 3287 755 3327 vos
777 3268 1013 3341 decipiat
1066 3266 1226 3323 fallax
1269 3265 1501 3321 dulcedo
1531 3264 1802 3335 iocorum,

488 3365 613 3423 Non
643 3360 882 3421 carnalis
910 3374 1085 3426 amor,
1137 3358 1316 3424 ludus,
1362 3357 1681 3431 petulantia,
1713 3356 1880 3410 risus.

491 3458 634 3516 Dum
654 3456 803 3527 viget
823 3463 851 3502 ι
877 3462 1043 3523 atque
1061 3450 1206 3507 valet
1227 3448 1404 3505 calido
1427 3446 1542 3521 [de]
1567 3446 1833 3519 sanguine
1866 3459 2088 3518 corpus.

494 3550 697 3608 Discite
741 3546 995 3620 florigera
1022 3552 1296 3602 sacratam
1325 3550 1485 3599 astate
1519 3541 1793 3612 sophiam,

494 3644 644 3703 More
672 3641 890 3699 fluentis
928 3655 1084 3710 aquae
1126 3636 1341 3709 fugiunt
1387 3636 1517 3707 quia
1552 3642 1799 3706 tempora
1848 3648 2085 3705 semper.

1233 3755 1371 3812 CXI.

799 3874 883 3930 Ad
910 3891 1061 3929 aram
1085 3874 1257 3929 sancti
1300 3868 1529 3926 Joannis
1558 3868 1837 3941 Baptista'.

492 3992 806 4050 Pmcursor
842 3989 1058 4053 Domini
1087 4002 1316 4058 magnus
1337 3985 1582 4056 Baptista
1611 3981 1867 4049 Joannes,

491 4087 649 4145 lianc
675 4092 834 4141 ornat
867 4090 1115 4138 sanctam
1140 4080 1351 4135 meritis
1377 4077 1701 4139 sublimibus
1724 4075 1926 4134 aulam.

490 4180 596 4250 Qui
631 4179 735 4236 fuit
799 4178 1050 4233 humanae
1078 4175 1418 4231 venerandus
1438 4186 1619 4244 prazco
1649 4170 1867 4237 salutis,

492 4273 597 4332 llic
626 4273 769 4330 ferat
796 4272 1055 4328 auxilium
1103 4269 1261 4325 nobis
1284 4266 1489 4323 virtute
1506 4279 1764 4337 superna.

1278 4404 1393 4462 XII.

1278 4407 1393 4463 Xll.

850 4505 931 4561 Ad
958 4519 1106 4559 aram
1135 4408 1303 4557 δαηΞὶ
1328 4498 1497 4555 Salvii
1518 4501 1789 4567 martyris.

496 4624 709 4681 Salvius
738 4622 827 4678 hic
854 4618 1050 4692 praesul
1080 4616 1291 4672 meritis
1336 4621 1393 4669 et
1416 4620 1628 4684 martyr
1658 4614 1943 4676 honestus,

492 4715 755 4775 Praesenti
777 4716 949 4772 sacris
970 4712 1110 4768 votis
1136 4716 1468 4766 memoratur
1489 4707 1551 4762 in.
1568 4722 1689 4762 ara.

1190 4823 1370 4879 CXIII.

918 4920 997 4975 Ad
1023 4936 1172 4975 aram
1201 4918 1370 4972 sancti
1396 4914 1646 4970 Bavonis.

493 5018 623 5076 "me
654 5015 772 5074 loca
802 5011 1104 5070 sanctificct
1129 5006 1469 5063 venerandus
1511 5004 1665 5061 Bavo
1701 5001 1977 5068 sacerdos,

495 5110 801 5183 Discipulus
824 5108 933 5163 vita
985 5103 1164 5161 Patris
1199 5101 1500 5174 condignus
1528 5097 1778 5154 Amandi.

568 5300 593 5330 ⁸
634 5287 759 5351 Ms,
792 5296 1049 5338 cantetur.

568 5360 597 5398 δ
638 5359 759 5417 Ms,
789 5357 901 5426 qui.

569 5441 590 5468 ε
618 5429 695 5483 lta
723 5419 827 5483 hoc
851 5442 1068 5483 carmen
1098 5426 1415 5482 inscribitur
1438 5422 1492 5475 in
1512 5420 1632 5476 cod.
1667 5436 1773 5474 ms.
1808 5419 2008 5477 Salisb.

563 5498 592 5540 ἀ
629 5500 721 5554 Sic
743 5498 930 5552 ﬁnitur
951 5515 1171 5554 carmen
1202 5498 1255 5552 in
1282 5497 1471 5552 eodem
1493 5493 1614 5548 cod.
1650 5506 1779 5558 ms.,
1806 5496 2084 5550 continua-

494 5578 587 5626 tur
613 5585 741 5625 vero
776 5570 828 5625 in
852 5570 1089 5625 editione
1118 5566 1462 5636 Qucrcetani.

572 5653 597 5682 ο
636 5641 759 5706 Ms,
789 5651 840 5694 et
861 5640 1034 5694 siccis.

572 5711 594 5752 ι
619 5712 750 5779 Qum
786 5712 873 5766 hic
892 5718 1212 5781 sequuntur,
1261 5725 1365 5765 non
1396 5713 1462 5769 ad
1486 5729 1750 5777 mensam,
1776 5711 1872 5769 sed
1908 5712 1976 5766 ad
2001 5710 2083 5765 lo—

493 5794 640 5854 cum,
670 5799 777 5853 quo
806 5782 1003 5837 fratres
1025 5786 1093 5839 ad
1128 5784 1374 5847 chorum,
1412 5786 1478 5840 ad
1500 5786 1787 5854 colloquia,
1819 5784 1886 5839 ad
1923 5783 2082 5841 scho-

497 5853 607 5909 lam
645 5856 724 5910 ire
754 5863 1174 5917 consueverunt.
1214 5856 1486 5923 pertinere
1518 5853 1785 5912 videntur.

1361 329 1424 386 Β.
1459 331 1520 387 ιτ.
1560 329 1789 385 ΑιΒιΝι
1826 328 1960 385 SEU
1995 326 2276 383 ALCL’lNl
2316 326 2604 385 OPERUM
2643 327 2825 384 PARS
2860 326 2948 383 Vl.

2124 446 2175 505 Α

2112 3178 2165 3241 (Σ

2113 4553 2168 4613 D

3686 296 3793 353 756

2922 446 3107 500 CXIV.

2310 540 2393 595 Ad
2414 541 2687 595 ecclesiam
2720 539 2892 593 sancti
2915 536 3173 608 Stephani
3192 544 3594 607 protomartst
3614 535 3665 590 ιι.

2204 659 2316 715 Hac
2342 674 2571 729 magnus
2593 657 2793 712 colitur
2821 655 3133 725 Stephanus
3167 660 3539 724 protomartyr
3559 651 3616 707 in
3646 648 3797 718 auia,

2202 753 2305 821 Qui
2341 752 2445 807 fuit
2466 751 2718 823 egregius
2762 748 2977 804 meritis
3027 754 3085 801 et
3106 745 3325 801 nomine
3348 744 3553 800 clarus.

2200 840 2304 909 Qui
2333 840 2537 911 lapides
2562 840 2705 893 inter
2742 835 3020 892 Christum
3050 833 3307 889 cernebat
3330 832 3385 886 in
3414 845 3562 898 arce,

2199 935 2283 990 Ad
2332 935 2690 1003 dextramque
2732 931 2829 987 Dei
2864 936 3098 986 stantem
3127 943 3292 999 super
3314 927 3485 982 ardua
3519 923 3644 981 coeli

2198 1028 2469 1094 Culmina,
2507 1028 2654 1083 ferre
2696 1039 2796 1080 suo
2846 1020 3103 1093 suffragia
3142 1026 3383 1090 martyre
3407 1032 3627 1088 magna.

2200 1124 2368 1195 Cujus
2391 1123 2600 1180 honore
2628 1120 2720 1192 pio
2746 1117 2876 1174 fecit
2926 1114 3251 1191 Ambrosius
3272 1113 3467 1176 aedem,

2198 1220 2320 1276 Jam
2381 1216 2635 1289 precibus
2659 1213 2870 1269 veniam
2920 1216 3225 1266 mereretur
3250 1209 3266 1249 ί
3298 1216 3359 1262 ut
3387 1204 3531 1260 illius
3558 1202 3738 1259 almis.

2198 1314 2308 1370 Pro
2331 1327 2440 1385 quo
2465 1311 2695 1383 quisque
2723 1308 2872 1378 legas
2908 1303 3125 1361 titulum
3151 1316 3383 1358 exorare
3424 1307 3725 1362 memento,

2201 1408 2380 1481 thue
2406 1420 2566 1462 suum
2609 1401 2875 1458 famulum
2925 1397 3176 1453 Christus
3197 1401 3485 1453 conservet
3512 1392 3569 1447 in
3595 1406 3794 1447 mrum.

2951 1511 3114 1570 CXV.

2555 1611 2638 1666 Ad
2658 1626 2808 1667 aram
2830 1607 3001 1663 sancti
3038 1602 3187 1659 Petri
3210 1602 3459 1675 apostoli.

2199 1730 2316 1789 Rex
2336 1725 2566 1787 Carolus
2585 1724 2789 1782 Christi
2820 1735 3017 1793 magno
3042 1718 3268 1775 devotus
3319 1728 3528 1779 amore,

2126 1810 2174 1871 Β
2200 1823 2447 1880 Iusserat
2478 1820 2619 1875 hanc
2643 1832 2795 1872 aram
2821 1813 3000 1870 sacris
3054 1809 3258 1866 vestire
3286 1806 3520 1864 metallis

2190 1916 2275 1975 Ad
2310 1916 2477 1976 decus
2502 1912 2779 1975 Ecclesiae,
2805 1907 3083 1979 propriam
3108 1903 3435 1973 sibimetque
3461 1899 3712 1956 salutem.

2187 2012 2386 2067 Petrus
2409 2006 2710 2080 apostolico
2759 2002 3016 2075 princeps
3042 1999 3098 2059 in
3130 1997 3346 2070 agmine
3364 1996 3576 2068 primus

2189 2103 2306 2160 Hoc
2332 2103 2507 2158 altare
2553 2106 2728 2170 regat,
2766 2095 2931 2154 simul
2958 2102 3017 2152 et
3038 2095 3156 2153 huic
3180 2090 3381 2164 templa
3414 2098 3629 2160 metm;

2188 2197 2421 2269 Adjuvet
2447 2204 2506 2252 et
2533 2193 2792 2266 precibus
2821 2188 3147 2248 famulorum
3182 2195 3311 2243 vota
3347 2201 3594 2245 suorum.

2188 2292 2305 2349 Hoc
2327 2306 2466 2361 opus
2491 2289 2722 2345 antistes
2747 2299 2878 2357 rege
2904 2283 3199 2338 mandante
3218 2278 3451 2351 peregit,

2187 2381 2548 2443 llildilbaldus
2584 2378 2600 2432 i
2641 2394 2812 2436 orans
2850 2375 3111 2448 Agripina
3136 2371 3335 2444 praesul
3363 2372 3418 2430 in
3447 2372 3604 2430 urbe.

2189 2477 2355 2552 217
2391 2474 2495 2531 Hic
2536 2488 2639 2546 pro
2681 2486 2833 2542 rege,
2882 2468 3109 2534 Patres,
3160 2464 3382 2523 Christo
3419 2464 3509 2537 pia
3548 2477 3779 2523 munera

3515 2554 3679 2629 [ferte
3698 2596 3716 2623 ,

2194 2661 2265 2719 Ut
2291 2666 2582 2717 conservet
2605 2671 2733 2714 eum
2750 2656 2994 2711 celestis
3028 2650 3203 2724 gratia
3234 2664 3473 2720 semper.

2190 2753 2319 2809 llaec
2349 2758 2436 2808 est
2467 2748 2611 2804 alma
2634 2748 2830 2804 domus
2850 2743 3011 2801 donis
3035 2739 3265 2799 solidata
3291 2738 3564 2811 supernis.

2192 2845 2345 2901 Hanc
2371 2851 2526 2915 regat
2553 2839 2919 2910 omnipotens,
2955 2848 3155 2907 magno
3182 2847 3308 2891 cum
3326 2832 3576 2905 principe
3596 2830 3785 2888 Petro.

2194 2937 2279 2994 Sit
2312 2936 2415 2992 tibi
2436 2942 2588 2991 certa
2617 2931 2789 2994 salus,
2818 2928 2995 2985 venire
3014 2942 3161 2999 spes,
3189 2924 3360 2997 ianua
3381 2925 3530 2987 Viue,

2193 3030 2451 3101 Quisquis
2474 3026 2640 3083 corde
2660 3024 2754 3095 pio
2776 3023 3053 3095 lacrymas
3079 3021 3184 3077 hac
3207 3018 3391 3076 fundis
3420 3017 3476 3073 in
3491 3016 3639 3075 aula.

2386 3239 2468 3295 Ad
2501 3237 2857 3295 conditorium
2893 3141 3199 3291 εῗῖἔιῖηηι
3238 3230 3608 3305 reliquiarum.

2192 3359 2341 3425 Ha‘c,
2368 3365 2426 3414 tu
2446 3372 2611 3429 quam
2633 3354 2849 3419 cernis,
2877 3358 3180 3423 prteparata
3201 3343 3554 3411 domuncula,
3583 3343 3778 3410 lector,

2192 3449 2493 3524 Relliquias
2530 3456 2755 3520 propter
2778 3460 2969 3503 sacras
2981 3444 3097 3515 jam
3126 3439 3344 3498 condita
3365 3443 3586 3495 constat

2192 3546 2266 3604 Ut
2288 3545 2440 3601 locus
2457 3542 2550 3599 hic
2574 3540 2810 3597 mundus
2836 3536 3099 3609 suffragia
3118 3540 3316 3590 sancta-
3332 3539 3550 3591 teneret
3576 3547 3593 3586 :

2193 3636 2453 3694 Servulus
2472 3641 2535 3691 ut
2559 3632 2763 3691 Christi
2791 3631 3019 3687 veniens
3047 3633 3236 3683 oraret
3266 3624 3321 3679 in
3348 3624 3480 3688 isto,

2193 3727 2439 3785 Iusserat
2456 3725 2685 3783 Albinus
2706 3731 2862 3777 vates
2883 3721 3001 3776 hrcc
3028 3726 3178 3775 tecta
3198 3730 3422 3789 parare,

2190 3822 2299 3879 Pro
2320 3834 2452 3893 quo,
2472 3818 2566 3892 qui
2590 3815 2804 3873 titulum
2826 3813 3029 3876 videas,
3059 3824 3219 3867 orare
3238 3814 3537 3865 memento.

2887 3923 3094 3982 CXVII.

2622 4020 2699 4077 De
2722 4018 2972 4076 ruriculis
3000 4013 3346 4088 castigandis.

2191 4136 2433 4193 Venerat
2466 4132 2650 4190 infelix
2679 4130 2924 4188 rurensis
2946 4128 3106 4185 turba
3132 4128 3353 4192 timore,

2191 4233 2365 4302 Quam
2394 4231 2599 4305 premit
2620 4228 2890 4301 epilicesk
2922 4226 3029 4283 illis
3059 4226 3334 4282 inamatus
3362 4222 3663 4279 Amandus.

2192 4327 2331 4399 Quid
2357 4325 2565 4382 faciunt
2593 4323 2821 4379 miseri?
2862 4321 3203 4391 Rumpantur
3230 4318 3393 4375 dorsa
3420 4314 3673 4388 ﬂagellis.

2192 4419 2279 4476 Sit
2298 4435 2391 4475 rea
2414 4416 2672 4475 ruriculis
2692 4422 2903 4470 tantum
2922 4411 3225 4469 substantia
3254 4409 3429 4468 salva.

2875 4526 3109 4584 CXVIII.

2447 4627 2523 4683 De
2550 4625 2752 4683 (edibus
2777 4624 2944 4680 sacris
2966 4623 3031 4678 ab
3054 4621 3282 4678 Alcuino
3304 4618 3536 4692 refectis.

2190 4745 2419 4801 Albinus
2442 4742 2670 4799 veniens
2693 4739 2985 4811 peregrino
3008 4738 3155 4794 vatis
3182 4737 3253 4793 ab
3272 4735 3429 4800 orbe,

2192 4837 2290 4893 llis
2324 4851 2490 4908 quem
2526 4834 2730 4891 direxit
2756 4832 3018 4905 prmclara
3043 4831 3329 4889 Britannia
3352 4830 3537 4886 terris.

2193 4931 2439 5003 Suscipit
2459 4931 2607 4988 hunc
2640 4926 2892 4993 Carolus,
2919 4924 3083 4995 hujus
3110 4940 3210 4980 rex
3235 4923 3473 4995 inclytus
3505 4920 3676 4987 orbis,

2189 5026 2324 5081 Cum
2349 5026 2549 5095 pietate
2570 5036 2741 5078 sacra:
2763 5022 2967 5092 sophizc
2995 5030 3108 5075 tum
3131 5027 3359 5090 propter
3378 5031 3642 5073 amorem.

2188 5116 2290 5175 Hic
2315 5118 2494 5173 diruta
2521 5115 2610 5172 diu
2642 5128 2989 5170 camerarum
3020 5110 3258 5169 cuhnina
3278 5107 3470 5179 jussit,

2260 5297 2288 5337 ⁸
2319 5294 2485 5361 Edit.,
2508 5296 2635 5349 vicet
2656 5303 2725 5350 et.

2255 5368 2284 5409 ιι
2327 5366 2440 5422 Hoc
2472 5355 2689 5439 pariter
2738 5372 2794 5422 ct
2821 5365 3156 5435 subsequens
3195 5375 3415 5418 carmen
3461 5355 3788 5415 contulimus

2184 5454 2311 5497 cum
2360 5454 2465 5493 ms.
2508 5438 2707 5494 Salisb.

2262 5512 2277 5587 ξ
2332 5509 2642 5587 Qad-“53's:
2672 5517 2920 5587 metitur:

2258 5579 2272 5631 i
2340 5566 2725 5635 llildilbaldus.
2756 5578 3137 5639 Hildebaldus,
3196 5573 3569 5638 Hildeboldns,
3629 5566 3790 5626 Coto—

2183 5652 2857 5779 prgisiglajehiepiscopus
2878 5659 2933 5707 et
2952 5648 3421 5721 archieapellanus
3438 5641 3629 5719 palatii
3649 5640 3802 5699 oblita

2257 5796 2281 5834 ιλ
2324 5793 2529 5849 Sensus
2552 5793 2838 5851 obscurus.
