4106 6540
570 85 1255 97 Μ

231 494 334 549 757

230 695 331 751 Hic
351 696 467 751 loca
503 694 749 765 reliquiis
778 702 1023 750 statuens
1057 694 1338 763 aptissima
1365 692 1563 756 sacris,

228 783 555 842 Sanctorum
577 786 793 856 requies
817 778 1077 841 certos'ut
1090 785 1317 839 haberet
1341 785 1598 847 honores,

230 874 305 932 Ut
333 878 491 934 decet
516 877 569 932 in
602 878 765 932 terris
791 877 1044 932 venerari
1072 884 1263 931 sancta
1290 875 1530 947 piorum,

229 964 377 1034 Quos
399 968 544 1023 Deus
569 969 625 1022 in
649 967 804 1023 coalis
834 967 1005 1022 voluit
1042 982 1272 1037 regnare
1293 981 1391 1037 per
1415 980 1611 1020 aevum.

229 1087 333 1135 I3.
384 1087 476 1135 ll
535 1087 1086 1136 κοκυτιιιιι
1142 1089 1203 1137 Ι.
1263 1087 1504 1135 ’1⁸211
1561 1083 1818 1133 ’Διη-

184 1216 187 1219 ,
266 1158 671 1207 ιυιαιιει
708 1160 808 1206 If
837 1158 897 1206 Ι.
929 1159 1257 1207 “ANB!
1291 1154 1779 1205 ιιιοισεκιι.

390 1353 420 1395 δ
458 1352 537 1409 De
566 1332 659 1409 via;
678 1353 877 1424 duplici
906 1262 1237 1407 αὲξὶἲοιαηι
1265 1359 1312 1405 et
1339 1365 1652 1419 cauponam.

231 1463 333 1523 IIic
354 1473 413 1522 tu
443 1482 540 1538 per
576 1475 803 1523 stratum
829 1481 1064 1537 pergens
1098 1467 1355 1530 subsiste,
1388 1466 1588 1530 viator,

233 1557 544 1614 Versiculos
572 1574 776 1629 paucos
801 1559 1042 1614 studiosa
1080 1557 1300 1628 perlege
1330 1564 1531 1611 mente.

231 1648 289 1704 In
322 1651 432 1717 via,
453 1665 617 1720 quam
647 1652 851 1716 cernis,
883 1650 1085 1722 duplici
1112 1650 1318 1705 ditatur
1355 1650 1601 1704 honore:

200 1806 205 1809 ς
234 1741 359 1799 Ηωε
387 1743 455 1799 ad
480 1760 779 1815 cauponem
799 1745 946 1801 ducit
968 1752 1156 1816 potare
1184 1755 1207 1784 ο
1237 1744 1508 1800 volentem
1537 1762 1549 1795 :

233 1833 407 1905 Elige,
433 1835 577 1905 quod
598 1835 808 1905 placeat
844 1835 942 1890 tibi
964 1851 1107 1890 nunc
1128 1836 1248 1898 iter,
1276 1848 1405 1889 ecce
1432 1833 1640 1898 viator,

230 1928 341 1983 Aut
362 1938 551 2001 potare
578 1943 809 1993 mecum,
837 1944 1023 1987 sacros
1055 1937 1148 1984 aut
1169 1928 1382 1986 discere
1405 1926 1592 1981 libros.

234 2018 295 2077 Si
325 2031 516 2092 potare
540 2023 691 2089 velis,
723 2039 975 2079 nummos
1010 2031 1271 2095 praestare
1307 2020 1532 2077 debebis
1561 2036 1575 2073 :

233 2109 456 2169 Discere
478 2115 524 2171 si
553 2115 767 2187 cupias,
798 2115 992 2185 gratis,
1016 2113 1163 2185 quod
1198 2111 1423 2184 qumris,
1454 2110 1704 2167 habebis.

980 2226 1099 2281 XX.

980 2226 1024 2281 X
1085 2266 1099 2281 .

604 2321 633 2362 ἀ
660 2320 743 2375 Ad
770 2225 1238 2376 ecclesgmxsancti
1266 2317 1431 2373 Petri.

231 2434 485 2508 Clavigcr
509 2434 787 2501 aetherius,
810 2445 1000 2505 portas
1025 2432 1120 2503 qui
1145 2433 1334 2505 pandit
1365 2430 1603 2504 Olympi,

235 2527 450 2592 Petrus,
478 2524 777 2597 apostolico
811 2524 1107 2597 praeclarus
1153 2524 1206 2579 in
1243 2524 1456 2596 agmine
1491 2534 1515 2562 ε
1542 2523 1821 2594 princeps,

233 2619 492 2690 Protegat
534 2617 678 2672 hanc
712 2617 918 2689 aulam.
947 2615 1166 2672 Christo
1208 2615 1450 2671 donante
1483 2630 1583 2686 per
1618 2629 1821 2679 aevum,

236 2710 413 2779 Quam
433 2709 597 2765 Pater
621 2711 873 2781 egregius
900 2707 1241 2764 IIrodbertus
1268 2705 1286 2747 ε
1321 2705 1529 2762 fecerat
1557 2705 1710 2772 olim,

237 2801 312 2859 Ut
338 2801 480 2858 foret
501 2802 798 2858 altithrono
819 2801 957 2867 laus,
984 2800 1155 2871 gloria
1180 2815 1395 2871 semper
1434 2800 1490 2855 in
1529 2799 1643 2865 illa,

234 2894 452 2965 Septies
474 2895 640 2964 inque
665 2894 753 2949 die
774 2893 961 2949 Iaudes
992 2893 1084 2949 ubi
1110 2891 1295 2948 dicere
1319 2890 1540 2948 Christo

233 2986 576 3041 Conveniunt
593 2985 818 3059 pariter,
844 2986 1039 3042 devoto
1062 2994 1301 3057 pectore,
1337 2984 1556 3040 fratres.

234 3077 371 3145 Vos,
395 3080 521 3135 dum
546 3080 701 3152 signa
721 3089 935 3147 sonent,
960 3080 1197 3151 prompti
1229 3081 1255 3119 δ
1283 3077 1595 3135 concurrite
1616 3076 1823 3146 cuncti,

235 3172 458 3228 Vertico
480 3173 775 3239 submisso,
802 3172 997 3227 devota
1020 3180 1204 3227 mente
1229 3171 1432 3226 vernile.

232 3263 526 3332 Angelicus
545 3263 803 3334 quoniam
835 3270 1010 3319 cmtus
1033 3278 1132 3319 vos
1162 3271 1372 3334 spectat
1402 3263 1454 3317 in
1491 3251 1641 3328 aula,

235 3354 310 3409 Et
333 3353 477 3408 Deus
504 3352 765 3408 auxilium
801 3352 1025 3408 humilis
1049 3351 1158 3408 fert
1175 3353 1203 3393 ιι
1228 3351 1392 3409 corde
1417 3351 1713 3422 precantis.

235 3445 379 3499 Ante
406 3444 578 3500 altare
599 3442 695 3499 Dei
722 3442 994 3517 lacrymas
1017 3454 1349 3515 quapropter
1371 3459 1589 3501 amaras

237 3535 470 3593 Fundite
491 3576 505 3603 ,
540 3534 820 3592 dulcisona
843 3535 1051 3608 pariter
1071 3550 1194 3591 cum
1225 3535 1385 3591 laude
1417 3534 1675 3603 Tonanti,
1740 3606 1743 3607 ν

243 3628 315 3685 Ut
339 3643 434 3685 vos
454 3635 740 3683 conservet
764 3626 969 3698 pariter
992 3626 1198 3696 pietate
1217 3631 1465 3695 paterna.

547 3838 631 3895 Ad
659 3855 811 3894 aram
836 3743 1239 3908 beaﬁexfii'ainis
1271 3833 1483 3891 Mariae.

238 3941 521 4000 Auxiliare
540 3941 650 3998 tuis
663 3938 938 4012 precibus,
967 3938 1059 4009 pia
1082 3935 1252 4009 Virgo
1280 3936 1469 4001 Maria,

242 4034 459 4092 Eterni
483 4034 624 4106 regis
646 4031 899 4097 famulos,
930 4030 1116 4102 regina
1144 4029 1414 4100 polorum.

241 4128 472 4186 Nomine
493 4143 726 4198 namque
756 4133 847 4182 tuo
873 4124 1128 4197 quoniam
1153 4125 1270 4180 haec
1311 4131 1397 4177 est
1422 4136 1517 4176 ara
1547 4119 1754 4185 dicata,

243 4222 444 4279 Tristia
466 4220 759 4293 depellens,
784 4219 941 4275 nobis
963 4224 1019 4272 et
1041 4229 1300 4289 prospera
1326 4213 1534 4269 donans
1569 4211 1610 4267 ⁸.

930 4307 1137 4364 CXXII.

697 4401 781 4457 Ad
822 4408 1062 4456 sanctum
1093 4398 1380 4452 Andream.

244 4497 362 4553 lloc
391 4496 561 4553 altare
583 4494 696 4550 suis
722 4492 950 4559 meritis,
976 4489 1230 4547 defendat
1250 4489 1319 4543 ab
1353 4489 1514 4544 hoste

244 4588 498 4644 Andreas
521 4583 724 4642 Christi
748 4583 1009 4649 famulus,
1036 4582 1129 4653 qui
1152 4580 1289 4637 retia
1311 4579 1501 4636 mundi

247 4679 619 4749 Contempsit,
649 4677 927 4734 Christum
956 4682 1068 4731 tota
1101 4674 1304 4729 virtute
1337 4679 1579 4739 secutus,

248 4772 327 4829 De
346 4786 513 4829 cruce
536 4770 630 4843 qui
653 4784 809 4827 sacra
832 4767 956 4826 felix
982 4765 1302 4824 conscendit
1326 4762 1340 4815 i
1379 4762 1688 4835 Olympum.

324 4918 351 4948 ιι
392 4905 522 4962 Haec
555 4905 622 4962 de
656 4903 947 4959 eameratis
994 4900 1239 4956 basilica:
1282 4897 1616 4954 Turonensis
1643 4906 1835 4952 orato-

249 4979 352 5035 riis
381 4976 630 5049 intelligit
658 4974 999 5031 Mabillonius
1026 4982 1158 5028 tom.
1184 4970 1227 5025 Il
1256 4969 1476 5037 Annal.,
1508 4968 1633 5023 libr.
1660 4983 1832 5033 xxv",

250 5047 753 5176 paglzigccarmen
802 5116 857 5172 in
905 5115 1039 5172 edit.
1067 5110 1546 5190 Querceta_ni_cum
1591 5108 1838 5190 sequenti

250 5207 428 5248 eonne
441 5207 560 5245 tum
588 5190 848 5255 habetur;
876 5204 905 5241 a
934 5203 1041 5257 quo
1071 5182 1250 5257 tamen
1288 5182 1417 5257 illud
1441 5182 1510 5235 ob
1535 5182 1839 5257 argumenti

252 5264 629 5321 diversitatem
660 5250 1051 5331 separaviuius,
1078 5256 1248 5311 secuti
1285 5254 1528 5331 codicem
1566 5250 1843 5306 salisbur-

253 5348 501 5405 genaem,
535 5333 628 5404 qui
680 5327 1083 5405 hosce__versus
1130 5343 1239 5405 non
1294 5327 1481 5405 habet.

332 5419 356 5447 ο
396 5395 571 5470 Edit.,
589 5411 819 5474 portare.
844 5400 1072 5456 Videtur
1112 5398 1303 5454 deesse
1349 5395 1581 5452 alterum
1623 5407 1842 5450 versum

262 5480 328 5536 de
357 5476 448 5532 via
478 5477 545 5534 ad
572 5473 834 5530 Scholam.
1186 5540 1200 5545 _
1785 5533 1799 5545 ,

328 5549 354 5588 ά
394 5547 583 5602 Exstat
611 5546 712 5601 hoc
749 5557 969 5598 carmen
1010 5556 1132 5597 cum
1169 5540 1355 5595 decem
1387 5534 1738 5608 sequentibus
1766 5534 1840 5608 ‘in

261 5621 382 5675 cod.
411 5634 510 5673 ms.
537 5614 956 5687 Salishnrgensi,
981 5627 1046 5667 ex
1081 5611 1307 5687 quoilla
1347 5605 1543 5664 alicubi
1589 5605 1845 5663 emcnda-

265 5692 442 5748 vimus
485 5696 539 5744 et
567 5682 1007 5759 singulis'titulos
1044 5682 1362 5756 adiecimus.

340 5772 364 5801 θ
402 5759 547 5815 Edit.
570 5799 585 5826 ,
614 5758 862 5813 maxime.

339 5832 360 5871 ί
405 5820 754 5885 Ιινοάὸενειιε.
807 5827 1042 5881 Sanctus
1088 5823 1296 5893 scilicet
1336 5821 1613 5893 Rupertus
1636 5820 1851 5891 primus

264 5897 1005 5975 episcoptts‘Salisburgensis
1034 5904 1089 5953 et
1117 5895 1369 5952 conditor
1388 5892 1852 5950 monasteriisan-

262 5969 340 6031 eii
370 5969 517 6028 Petri
541 5969 762 6028 ibidem.

1226 488 1553 548 CARMINA.
1610 518 1682 528 —
1716 483 2237 544 INSCRIPTIONES
2272 485 2526 544 VARIIE.

232 605 302 661 lit
323 605 520 671 cernis,
547 604 742 663 lector.
770 608 934 659 totam
960 615 1223 658 renovare
1249 616 1348 673 per
1376 601 1556 656 aulam
1586 614 1633 654 ι.
1838 594 1894 657 A'

1859 4692 1918 4757 D

3393 490 3496 543 7.13

2598 601 2832 670 CXXIII.

2382 694 2463 747 Ad
2494 706 2737 750 sanctum
2773 695 3023 760 Paulum.

1915 780 2041 838 Il:ec
2063 783 2181 840 loca
2218 793 2403 840 sancta
2425 792 2574 841 tenet
2608 786 2903 857 praeclarus
2927 804 2981 842 in
3004 787 3139 845 orbe
3163 788 3432 863 magister

1917 874 2137 943 Paulus,
2164 877 2462 947 apostolico
2483 888 2803 935 numeratus
2839 880 2893 935 in
2919 881 3115 937 ordine
3142 882 3350 949 doctor,

1917 966 2027 1020 Vas
2062 968 2265 1037 sophia:
2300 967 2552 1034 electum,
2588 970 2828 1025 caelestis
2850 985 3029 1040 praeco
3050 970 3265 1035 salutis.

1919 1058 2193 1132 Sanguine
2216 1063 2309 1133 qui
2337 1078 2497 1119 roseo
2524 1064 2647 1120 coeli
2678 1066 2983 1135 penetravit
3019 1066 3072 1119 in
3100 1079 3285 1122 arcem
3306 1065 3358 1120 ι.

2582 1175 2816 1233 CXXIV.

2473 1263 2493 1304 ι
2532 1265 2600 1321 In
2624 1265 2946 1324 Cwmeterio.

1918 1353 2049 1410 Hmc
2084 1363 2294 1425 aequata
2331 1356 2448 1413 solo
2476 1357 2634 1413 viluit
2684 1360 2875 1415 domus
2906 1359 3105 1431 inclyta
3136 1361 3432 1432 quondam,

1919 1446 2036 1502 Non
2071 1447 2195 1502 tulit
2220 1450 2361 1504 hanc
2382 1451 2644 1519 speciem,
2672 1450 2872 1508 Christi
2899 1453 3126 1509 devotus
3157 1454 3365 1510 honore

1918 1540 2171 1595 Arnonus
2205 1542 2400 1612 praesul
2430 1528 2679 1610 humilis;
2729 1560 2993 1601 renovare
3010 1544 3287 1615 iacentem

1918 1629 2129 1701 Incipit,
2152 1638 2207 1687 et
2240 1631 2435 1688 melius
2461 1641 2629 1689 totam
2671 1645 3051 1692 construxerat
3072 1637 3272 1704 aedem;

1918 1719 2259 1778 Consecrans
2287 1725 2515 1780 summis
2540 1724 2993 1783 intercessoribus
3028 1729 3195 1786 illam.

1918 1812 2187 1885 Principis
2203 1816 2405 1887 egregii
2426 1817 2603 1886 primo
2627 1818 2902 1876 Michaelis
2922 1823 3151 1885 honore,

1920 1906 2189 1978 Principis
2235 1908 2497 1965 Ecclesia!
2530 1926 2741 1966 necnon
2771 1913 2873 1968 sub
2901 1914 3119 1969 nomine
3141 1912 3325 1981 Petri;

1924 1999 2189 2071 Principis
2210 2010 2267 2056 et
2289 2001 2519 2057 fratrum
2545 2004 2811 2074 prmclari,
2842 2014 2897 2061 et
2929 2006 3107 2061 Patris
3130 2004 3398 2073 Amandi;

1920 2089 1992 2147 Ut
2018 2100 2290 2159 sanetum,
2313 2092 2505 2161 voluit,
2541 2094 2901 2167 polyan‘drum
2925 2094 3187 2153 fratribus
3214 2084 3380 2154 esset.

1918 2179 2029 2236 Vos
2056 2183 2108 2237 in
2130 2198 2266 2253 pace
2300 2183 2397 2241 Dei
2423 2185 2576 2240 chari
2610 2187 2957 2259 requiescite,
2987 2186 3205 2253 fratres,

1920 2273 2103 2330 Donec
2132 2276 2201 2330 ab
2222 2275 2447 2332 aetheria
2477 2277 2676 2333 clamet
2700 2279 2823 2349 pius
2843 2279 3067 2352 angelus
3087 2294 3218 2336 arce
3244 2298 3257 2335 :

1922 2363 2139 2437 Surgite
2164 2382 2306 2422 nunc
2328 2366 2563 2440 prompti
2578 2377 2617 2401 "
2641 2377 2802 2426 terrae.
2824 2371 2890 2428 de
2906 2370 3150 2442 pulvere,
3180 2368 3376 2429 fratres
3404 2390 3418 2427 :

1920 2453 2030 2511 Vos
2051 2466 2209 2514 vocat
2230 2458 2525 2517 adveniens
2545 2450 2711 2532 iudex
2745 2462 2812 2518 de
2838 2462 3076 2518 culmine
3098 2463 3221 2520 caeli
3257 2480 3271 2517 :

1921 2545 2059 2602 Cum
2082 2548 2294 2604 meritis
2319 2550 2531 2607 animas
2559 2552 2798 2622 propriis
2824 2552 3089 2609 assumite
3110 2560 3325 2610 vestras
3356 2571 3370 2608 :

1922 2637 2065 2695 Ante
2085 2637 2181 2695 Dei
2203 2639 2408 2698 Christi
2436 2658 2692 2714 magnum
2720 2634 2882 2699 modo
2906 2651 3050 2699 state
3079 2645 3341 2712 tribunal,

1925 2729 1998 2788 Ut
2019 2731 2291 2804 condigna
2322 2733 2436 2788 suis
2463 2734 2644 2805 capiat
2667 2734 2791 2805 quis
2815 2735 3040 2807 praemia
3075 2735 3257 2792 factis.

1925 2821 2143 2894 Vosque
2174 2824 2361 2880 timete
2391 2826 2535 2880 diem
2576 2826 2750 2892 horis,
2782 2841 2997 2897 precor,
3037 2828 3292 2883 omnibus
3335 2828 3509 2895 illum,

1925 2916 2092 2989 218
2127 2914 2231 2985 Qui
2276 2915 2456 2989 legitis
2502 2932 2697 2973 versus
2742 2919 2944 2990 operis,
2977 2918 3105 2974 dum
3153 2926 3367 2990 tempus
3414 2920 3518 2976 ha-

3247 3009 3441 3083 pictis,

1926 3098 2001 3157 Ut
2021 3115 2121 3156 vos
2146 3099 2390 3156 inveniat
2408 3100 2633 3156 veniens
2659 3099 2751 3156 lux
2780 3100 2870 3156 illa
2891 3109 3115 3172 paratos
3146 3111 3196 3156 η.

1924 3190 2105 3263 Atque
2147 3192 2254 3249 mei
2279 3206 2550 3249 memores
2573 3233 2589 3260 ,
2625 3192 2853 3265 supplex
2880 3207 3044 3265 rogo,
3075 3206 3291 3265 semper
3324 3192 3379 3249 in
3413 3208 3513 3250 ore

1847 3320 1898 3387 ο
1928 3282 2103 3387 Dicite
2131 3298 2148 3339 :
2192 3281 2410 3340 Christe
2450 3293 2545 3340 tuo
2574 3292 2599 3320 ο
2639 3282 2843 3342 famulo
2888 3286 3011 3357 pius
3045 3292 3166 3341 esto
3192 3299 3291 3356 per
3316 3294 3517 3341 aevum.

1924 3373 2121 3432 Alcuin
2152 3386 2179 3427 ιι
2199 3375 2354 3433 dicor
2373 3390 2499 3449 ego,
2521 3374 2637 3445 jam
2668 3392 2765 3433 vos
2790 3377 2909 3434 sine
2931 3377 3040 3434 fine
3064 3378 3263 3433 valete.

2621 3469 2835 3527 CXXV.

2409 3560 2492 3617 Ad
2518 3571 2756 3617 sanctam
2797 3560 3050 3617 Mariam.

1928 3648 2058 3708 Haec
2076 3651 2268 3709 domus
2297 3650 2559 3708 Ecclesiis
2578 3651 2702 3707 aliis
2729 3660 2790 3707 ut
2818 3660 2996 3707 mater
3021 3654 3275 3720 habetur,

1929 3742 2094 3816 Virgo
2115 3744 2209 3799 Dei
2233 3742 2437 3800 Christi
2471 3753 2646 3801 mater
2666 3752 2999 3816 quapropter
3027 3745 3082 3801 in
3107 3745 3212 3801 ista

1928 3835 2066 3893 Cum
2092 3835 2310 3893 Christo
2338 3835 2556 3902 colitur,
2588 3837 2843 3908 precibus
2868 3852 2989 3907 qua:
3012 3846 3196 3893 servet
3216 3837 3364 3895 ovile

1929 3932 2080 3990 Istud
2107 3932 2177 3990 ab
2215 3932 2374 3988 hoste
2402 3931 2530 4005 piis,
2559 3928 2889 4002 ﬂagitamus,
2920 3946 3134 4003 semper
3156 3933 3380 4004 ubique.

2608 4025 2841 4082 CXXVI.

2219 4117 2301 4172 Ad
2331 4124 2573 4174 sanctum
2601 4114 2867 4171 Joannem
2902 4110 3220 4189 Baptistaus.

1933 4212 2047 4269 Hoc
2073 4210 2320 4283 Baptista
2350 4219 2543 4284 potens
2569 4218 2755 4267 teneat
2775 4208 2944 4265 altare
2970 4209 3231 4276 Joannes,

1934 4306 2140 4380 Martyr
2160 4292 2221 4363 et
2247 4307 2502 4378 egregius
2530 4301 2692 4361 simul
2719 4304 3041 4361 Anastasius
3071 4304 3263 4360 almus.

1934 4399 2050 4457 Iloc
2078 4398 2479 4456 Maximilianus
2502 4399 2632 4453 item
2660 4395 2941 4453 confessor
2958 4397 3201 4466 habebit,

1934 4491 2046 4550 Nos
2079 4491 2334 4565 precibus
2357 4490 2553 4547 borum
2581 4487 2785 4546 Christi
2812 4487 2903 4563 pia
2934 4487 3126 4544 dextra
3148 4497 3351 4545 tuetur.

2602 4600 2860 4660 CXXVII.

2420 4673 2501 4729 Ad
2530 4678 2773 4729 sanctum
2795 4670 3047 4729 Paulum.

1940 4770 2055 4828 [Iac
2090 4769 2290 4827 Paulus
2317 4766 2508 4824 doctor
2533 4766 2720 4824 mundi
2750 4772 2805 4821 et
2833 4760 3153 4824 Benedictus
3175 4766 3229 4823 in
3258 4782 3381 4836 ara,

2015 4908 2041 4948 ε
2080 4904 2203 4972 Ms.,
2234 4903 2541 4975 prumptim.

2011 4977 2043 5019 ιι
2082 4977 2206 5040 Ms.,
2238 4974 2454 5029 humilis
2480 4983 2579 5029 est.

2021 5050 2038 5089 ί
2085 5047 2251 5113 Edit.,
2282 5044 2458 5099 donis.

2016 5117 2031 5169 i
2080 5119 2248 5183 Edit.,
2285 5114 2562 5170 concessit.

2016 5190 2041 5231 Ιι
2084 5189 2224 5243 Edit.
2244 5228 2259 5253 ,
2290 5188 2348 5240 in
2377 5203 2519 5240 arce.

2016 5258 2035 5298 ι
2080 5258 2194 5315 Hoc
2240 5271 2486 5321 carmen,
2517 5253 2699 5323 judice
2740 5254 2941 5311 Mabill.
2983 5254 3105 5311 Act.
3159 5253 3351 5311 Sanct.
3391 5253 3525 5313 Ben.

1942 5347 2069 5390 szec.
2099 5345 2173 5395 ιν,
2206 5335 2349 5439 p’art.
2382 5343 2421 5391 ι,
2452 5341 2576 5439 pag.
2625 5326 2713 5390 63,
2754 5326 3158 5408 inte'_','.gcndu;n
3188 5334 3274 5380 est
3318 5325 3382 5380 de
3404 5341 3524 5382 ora.

1946 5402 2084 5439 tm-in
2113 5398 2152 5439 Ω
2255 5398 2353 5439 ptri
2408 5396 2450 5439 Ε
2476 5414 2635 5439 σνήηη
2703 5409 2845 5439 ηηηιι
2899 5408 3139 5439 Anum“...
3185 5397 3503 5439 inclnnravil

1946 5402 2084 5477 torio
2113 5398 2169 5456 S.
2210 5396 2356 5453 Petri
2407 5396 2655 5472 Elatiam,
2703 5409 2845 5477 quod
2889 5396 3142 5465 Αἶιηοηυς
3185 5397 3525 5477 instauravit,

1946 5474 2291 5545 fratrumun
2335 5469 2736 5545 polyanrlrunn,'
2763 5478 2816 5533 id
2845 5488 2950 5545 εει,
2994 5469 3358 5545 οωηιθιείξιιη]
3406 5484 3529 5545 esse

1947 5543 2142 5605 voluit.
2172 5539 2441 5615 a’djun'cto'
2460 5546 2515 5601 S.
2550 5539 2824 5606 Michaelis
2851 5558 2907 5606 et
2938 5539 3016 5607 ’5.
3039 5540 3264 5610 Amano.
3291 5539 3531 5613 Ρ³¹Υ⁰⁰ί⁹

1945 5615 2058 5672 nio.
2097 5616 2226 5672 Vide
2248 5632 2408 5685 supra
2436 5633 2655 5672 carmen
2675 5618 2767 5677 29.

2024 5698 2062 5720 ⁸·
2103 5687 2202 5742 Ms.
2220 5729 2233 5751 ,
2264 5688 2568 5759 prumptim.

2024 5770 2055 5800 ιι
2078 5759 2248 5825 Edit.,
2276 5768 2511 5829 pacatos.

2025 5837 2050 5866 °
2085 5830 2252 5901 Edit.,
2287 5829 2446 5901 dicite
2470 5840 2737 5901 perpetrm.

2026 5911 2053 5953 P
2083 5899 2208 5969 Ms.,
2231 5898 2509 5955 Alchuine.
