4106 6480
477 356 590 418 785
1340 356 1405 413 Β.
1442 356 1507 414 F.
1548 350 1777 416 ALBINI
1814 355 1948 416 SEU
1986 357 2268 417 ALCUINI
2302 357 2591 416 OPERUM
2625 357 2806 416 PARS
2843 359 2931 418 Yl.
3662 362 3764 417 766

481 474 556 532 Ut
580 473 782 531 dudum
807 472 1053 546 angelico
1080 472 1245 531 discit
1268 473 1585 545 virguncula
1615 472 1750 541 fatu,
2101 475 2150 534 A
2179 472 2349 544 Cujus
2374 474 2670 545 prmstabat
2697 473 2966 530 defunctis
2995 475 3187 530 umbra
3216 473 3485 531 medelam
3513 494 3528 531 :

480 566 618 621 Cum
643 563 808 622 Pater
840 564 1108 622 altisonus
1134 562 1354 622 Gabriel
1378 565 1621 621 misisset
1650 565 1718 621 ab
1744 567 1927 621 astris.
2182 563 2320 618 Dum
2346 564 2463 619 sani
2487 579 2677 621 rursus
2704 566 2933 621 redeunt
2960 565 3025 621 ad
3058 565 3259 619 lumina
3292 565 3441 631 vitae,

478 656 609 714 Haec
631 656 756 722 fuit,
787 658 1040 730 egregius
1065 672 1227 729 quam
1256 658 1459 729 promit
1481 658 1727 713 carmine
1757 666 1929 725 vates,
2179 655 2437 723 Quamvis
2469 666 2596 712 ante
2628 657 2800 729 nigra:
2826 656 3154 714 lustrassent
3178 658 3365 713 limina
3391 661 3604 715 mortis.

478 748 584 819 Qui
615 749 853 822 Solymis
878 749 1152 821 quondam
1178 750 1329 806 dives
1354 750 1603 820 regnavit
1632 748 1688 804 in
1719 750 1868 806 arvis
1894 766 1908 804 :
2178 747 2278 805 llic
2302 763 2517 820 quoque
2541 748 2855 822 peplitibus,
2886 766 2989 805 nec
3014 766 3122 805 non
3144 761 3198 805 et
3224 765 3383 806 crure
3409 751 3661 822 gemello,

476 841 646 912 220
674 838 877 895 Hortus
900 838 1179 896 conclusus
1209 839 1421 895 florenti
1453 840 1507 894 in
1534 840 1740 897 vertice
1765 855 2025 909 vernans.
2176 840 2440 897 Claudum
2468 850 2743 899 restaurat
2766 844 2939 899 fretus
2970 844 3172 899 virtute
3198 843 3494 910 Tonantis;

476 933 628 991 Fons
654 950 873 1006 quoque
898 934 1137 1006 signatus
1164 934 1372 991 caelesti
1402 932 1615 1006 gurgite
1640 930 1882 1005 pollens;
2179 935 2249 990 Et
2282 936 2392 991 cito
2423 937 2631 992 sanatis
2656 936 2913 1008 praecepit
2939 951 3167 1008 pergere
3190 936 3412 1006 plantis,

476 1025 699 1083 Necnon
726 1036 781 1083 et
806 1034 992 1082 turtur
1022 1025 1307 1082 tremulus.
1336 1024 1436 1082 Cui
1467 1025 1731 1097 praescius
1760 1024 1883 1080 iniit
2175 1028 2350 1096 Quem
2380 1030 2531 1100 prius
2558 1030 2626 1085 ad
2667 1030 2926 1099 templum
2954 1031 3203 1102 gestabat
3230 1030 3369 1085 forte
3408 1030 3767 1102 propinquus.

473 1118 716 1193 Angelus
743 1135 759 1174 :
786 1116 868 1174 Eu
897 1118 1139 1175 sobolem
1169 1118 1482 1189 generabis,
1513 1116 1691 1189 virgo,
1718 1130 2032 1188 perennem,
2174 1119 2276 1175 Hic
2305 1120 2470 1176 etiam
2497 1120 2657 1177 binos
2685 1121 2966 1178 mulctavit
2987 1129 3162 1178 morte
3188 1123 3478 1194 malignos,
3738 1123 3745 1131 ’

476 1211 654 1282 Atque
677 1213 1028 1284 puerperium
1056 1212 1301 1283 paritura
1321 1220 1593 1284 puerpera
1615 1211 1845 1285 gignens
2175 1210 2275 1278 Qui
2303 1211 2540 1282 pretium
2569 1212 2720 1268 fundi
2748 1212 2997 1268 celarunt
3023 1211 3212 1269 fraude
3238 1214 3550 1271 nefandum.

475 1302 647 1359 Filius
670 1303 966 1359 Altithroni
993 1303 1205 1360 faustus
1235 1305 1505 1361 vocitetur
1529 1304 1584 1359 in
1614 1314 1790 1361 savum
1822 1313 1841 1353 :
2172 1301 2399 1375 insuper
2423 1314 2479 1361 et
2506 1305 2777 1377 magicum
2801 1304 2920 1361 falsi
2948 1306 3267 1376 phantasma
3290 1306 3549 1374 Simonis,

475 1397 712 1469 Spiritus
740 1415 772 1454 e
800 1398 941 1455 caelo
969 1400 1152 1455 ve‘niet
1175 1399 1556 1455 sanctissimus
1585 1401 1639 1456 in
1669 1408 1746 1466 te,
2174 1394 2440 1453 Funditus
2468 1406 2759 1464 evacuans,
2792 1406 2963 1455 tetras
2987 1399 3219 1456 detrusit
3246 1401 3297 1455 in
3326 1401 3585 1471 umbras;

474 1488 664 1545 Virtus
692 1504 822 1545 ecce
849 1497 943 1545 tuo
970 1488 1183 1545 confert
1206 1490 1526 1546 umbracula
1557 1490 1730 1547 cordi.
2174 1487 2478 1544 Romanum
2510 1488 2706 1561 vulgum
2730 1489 2946 1546 solvens
2977 1506 3165 1547 errore
3192 1500 3429 1561 vetusto,

474 1578 655 1638 Patris
677 1581 1027 1640 obumbrabit
1050 1592 1127 1648 te,
1156 1582 1347 1653 Virgo,
1374 1582 1521 1637 celsa
1547 1589 1809 1652 potestas.
2174 1582 2277 1653 Qui
2304 1582 2564 1654 pmcelsa
2596 1582 2744 1638 rudis
2774 1583 2989 1658 scandit
3016 1583 3231 1655 fastigia
3258 1587 3447 1653 turris,

482 1674 603 1743 Quo
628 1676 777 1732 dictu
812 1675 974 1731 matri
1008 1683 1325 1747 turgescunt
1348 1675 1559 1731 viscera
1589 1675 1746 1742 fmtu,
2173 1673 2353 1745 Atque
2382 1682 2677 1730 coronatus
2704 1673 2845 1728 lauri
2873 1673 2939 1729 de
2964 1672 3157 1730 fronde
3178 1674 3398 1739 volavit,

475 1766 581 1835 Qui
611 1768 827 1837 genitus
853 1768 1115 1822 mundum
1144 1766 1453 1822 miseranda
1480 1766 1603 1822 labe
1631 1766 1893 1835 resolvit,
2105 1826 2142 1837 _
2176 1763 2283 1821 Sed
2306 1780 2429 1821 mox
2455 1765 2724 1820 :ethereas
2751 1765 3046 1821 demittens
3074 1763 3324 1822 fruetifer
3352 1782 3537 1834 auras,

473 1826 653 1933 Atque
673 1860 972 1918 crucifixus
995 1860 1201 1933 polluta
1222 1858 1436 1931 piacula
1464 1858 1641 1915 tersit.
1875 1826 1891 1835 ⁷
2101 1826 2149 1891 Β
2176 1854 2425 1913 Ccmuus
2449 1856 2517 1911 ad
2542 1864 2768 1924 terram,
2798 1854 3094 1912 confractis
3119 1856 3335 1912 ossibus
3362 1826 3547 1924 ambo,

1196 1951 1349 2011 CLll.
2175 1946 2415 2019 Corruit,
2448 1956 2506 2005 et
2528 1948 2694 2005 Petro
2719 1947 2888 2005 cessit
2921 1948 3150 2004 victoria
3173 1948 3325 2003 belli.

622 2062 647 2092 ι
684 2048 882 2105 Versus
909 2047 1120 2104 Alcuini
1144 2048 1209 2103 de
1232 2048 1454 2104 ecclesia
1477 2050 1649 2105 sancti
1671 2049 1927 2123 Liutgeri.
2176 2039 2279 2110 Qui
2306 2056 2468 2099 οτιιοθ
2492 2039 2740 2098 conﬁnis
2769 2042 3010 2113 gaudens
3035 2049 3309 2096 ίοηηθηῑδ
3335 2040 3539 2107 luebat.

473 2139 575 2197 llic
601 2140 765 2197 Pater
790 2141 1044 2213 egregius
1070 2141 1282 2197 meritis
1303 2138 1619 2197 Bonifacius
1646 2142 1807 2198 almis
2175 2131 2407 2190 Horrida
2438 2134 2674 2191 crudelis
2698 2149 2962 2205 passurus
2981 2134 3211 2190 Vulnera
3239 2134 3392 2190 ferri.

475 2233 614 2289 Cum
646 2232 811 2289 sociis
837 2233 1045 2304 pariter
1071 2232 1336 2289 fundebat
1360 2234 1642 2304 sanguinis
1668 2234 1893 2302 undam,

2175 2225 2347 2294 Quem
2375 2224 2539 2292 Deus,
2563 2226 2785 2283 aeternis
2813 2233 3064 2281 ornatum
3084 2226 3210 2297 jure
3240 2225 3554 2298 triumphis,

469 2325 681 2398 Inclyta
714 2326 967 2399 martyrii
1000 2334 1282 2383 sumentes
1306 2333 1597 2383 stemmata
1623 2328 1789 2384 sacri.
2175 2319 2399 2377 Arbiter
2423 2320 2770 2392 omnipolens
2794 2320 2864 2375 ad
2886 2319 3010 2376 coeli
3033 2319 3271 2375 culmina
3303 2321 3469 2377 vexit.

477 2417 650 2473 Terra
677 2417 838 2474 beata
868 2417 1033 2473 nimis
1064 2426 1379 2474 sanctorum
1410 2418 1671 2490 sanguine
1702 2419 1893 2476 dives!
2892 2430 3072 2488 CLIV.

472 2509 800 2567 Transvolat
823 2511 954 2567 hinc
982 2512 1157 2566 victor
1187 2511 1344 2567 miles
1371 2513 1440 2567 ad
1467 2512 1691 2589 prremia
1724 2511 1873 2579 coeli,
2646 2524 2836 2583 δαηειί
2866 2524 3028 2579 Pauli
3052 2526 3296 2598 αροειοιί,

473 2602 677 2661 Ultima
704 2604 1004 2676 cespitibus
1029 2605 1154 2661 istis
1182 2606 1411 2678 vestigia
1440 2606 1713 2677 linquens.

2179 2616 2407 2687 Saulus,
2437 2620 2531 2691 qui
2561 2626 2779 2676 sanctas
2808 2614 3097 2674 mulctavit
3125 2634 3350 2675 carcere
3378 2619 3584 2685 turbas,

472 2693 690 2751 Suadeo
717 2705 1071 2768 quapropter,
1105 2706 1335 2752 curvato
1364 2698 1594 2769 poplite,
1622 2699 1868 2771 supplex,

1852 2739 1868 2768 ι
2177 2711 2443 2769 Credulus
2464 2710 2717 2780 efﬁcitur,
2748 2718 2960 2767 mutato
2985 2711 3207 2766 nomine
3232 2709 3434 2767 Paulus
3460 2730 3473 2765 :

470 2788 581 2857 Τυ,
604 2790 915 2861 quicunque
953 2791 1110 2863 legis,
1140 2793 1306 2848 terris
1341 2792 1429 2848 his
1454 2792 1639 2849 oscula
1671 2792 1794 2866 ligo.
2179 2804 2418 2860 Plurima
2450 2803 2732 2875 frugiferis
2760 2803 3083 2875 dispergens
3111 2803 3319 2858 semina
3346 2802 3547 2870 verbis,

472 2881 614 2953 Spes
639 2882 737 2938 tibi
760 2898 956 2954 magna
985 2884 1099 2949 fiat,
1132 2884 1403 2957 lacrymas
1434 2885 1733 2941 ascendere
1758 2884 1960 2941 caelum
2179 2897 2257 2952 De
2282 2911 2393 2968 quo
2420 2912 2573 2953 δίκη
2600 2911 2757 2967 seges
2779 2895 2966 2950 mundi
2994 2895 3264 2950 succi-erit
3287 2894 3343 2949 in
3366 2908 3520 2950 occa.

469 2973 610 3030 Iline
634 2975 877 3045 potuisse
902 2984 1047 3042 tuas,
1078 2974 1245 3031 fultas
1269 2976 1594 3046 patronibus
1619 2976 1649 3018 ι’
1680 2977 1820 3035 istis.
2179 2989 2351 3056 Quem
2384 2989 2526 3045 Deus
2557 2988 2779 3044 inﬁdum
2812 2987 2939 3042 cceli
2966 2987 3224 3042 clamavit
3248 2988 3316 3042 ab
3351 3002 3501 3053 arce,

471 3066 572 3124 llic
597 3075 782 3124 manet
811 3067 901 3123 ille
932 3084 1098 3124 cruor
1126 3077 1324 3125 cuncto
1348 3070 1644 3140 pretiosior
1670 3085 1824 3135 auro,
2183 3079 2325 3146 Quid
2347 3097 2427 3134 me
2447 3079 2772 3152 persequeris
2795 3078 2930 3135 dura
2955 3093 3079 3135 cum
3106 3078 3254 3134 calce
3283 3077 3602 3151 refragans‘l

470 3160 823 3233 Membraque
848 3161 1057 3219 cmlesti
1087 3179 1212 3219 rore
1234 3163 1325 3219 hic
1352 3162 1570 3234 perfusa
1591 3164 1894 3235 quiescunt.
2100 3194 2148 3255 ο
2184 3174 2327 3247 Ergo
2357 3174 2503 3230 diem
2531 3189 2596 3230 ac
2620 3174 2834 3230 noctem
2866 3172 3021 3243 ponti
3052 3173 3153 3228 sub
3179 3173 3392 3245 gurgite
3422 3185 3637 3232 mersus

470 3254 704 3326 Adjuvat
732 3256 861 3311 hinc
884 3256 1085 3313 Paulus
1113 3258 1328 3322 doctor,
1356 3256 1670 3313 Bonifacius
1693 3256 1841 3323 inde,
2124 3254 2135 3255 ί
2180 3267 2372 3341 Magna
2402 3280 2761 3338 supernarum
2789 3264 2989 3320 meruit
3012 3262 3321 3334 spectacula
3355 3278 3560 3321 rerum.

474 3348 598 3407 ilice
626 3350 731 3406 illis
754 3351 973 3421 quando
997 3358 1217 3407 constat
1245 3350 1409 3406 simul
1434 3351 1558 3405 aula
1585 3351 1786 3407 dicata.
2180 3360 2366 3416 Tertia
2395 3358 2658 3414 caelorum
2688 3365 2876 3429 raptus
2902 3355 3118 3427 fastigia
3144 3354 3381 3419 scandit,

1188 3444 1364 3502 CLI".
2179 3450 2358 3522 Atque
2391 3450 2499 3522 poli
2520 3463 2779 3520 proceres
2808 3446 2946 3502 vidit
2971 3459 3097 3503 cum
3124 3453 3305 3500 mente
3333 3444 3620 3516 maniplos.

514 3550 537 3579 ε
567 3537 646 3593 De
671 3537 905 3593 basilicis
933 3547 1242 3593 sanctorum
1267 3537 1630 3611 apostolorum
1668 3534 1841 3593 sancti
1869 3535 2038 3592 Petri.
2179 3544 2352 3614 Quem
2390 3558 2461 3616 py
2472 3541 2714 3599 (bonissa
2738 3554 2946 3611 procax
2969 3537 3227 3594 clamavit
3254 3551 3387 3592 voce
3407 3544 3684 3609 proterva,

475 3630 628 3689 lianc
657 3633 854 3688 Petrus
880 3632 1125 3687 absidam
1152 3631 1178 3673 δ
1214 3640 1530 3689 sanctorum
1557 3638 1707 3688 sorte
1732 3638 1983 3696 coronat,
2182 3636 2420 3708 Spiritus
2444 3633 2729 3700 abscessit,
2765 3631 2933 3688 Paulo
2954 3637 3220 3703 purgante
3247 3628 3505 3700 puellam,

479 3724 732 3797 Claviger
755 3726 1050 3790 aethereus,
1082 3725 1176 3797 qui
1204 3733 1422 3796 portam
1449 3723 1641 3794 pandit
1670 3722 1725 3779 in
1753 3723 1947 3790 aethra,
2180 3727 2240 3784 In
2265 3742 2575 3797 vacuasque
2598 3724 2792 3798 procul
2820 3723 3035 3795 fugiens
3062 3724 3286 3779 evanuit
3306 3737 3490 3779 auras.

471 3814 688 3874 Ianitor
714 3825 933 3874 aeterna:
962 3817 1249 3873 recludens
1276 3816 1467 3872 limina
1493 3818 1633 3872 riuo.
2182 3818 2425 3875 Etfcbum
2450 3833 2701 3890 puerum,
2727 3817 3050 3873 lustrantem
3083 3823 3290 3875 tartara
3315 3814 3512 3871 mortis

473 3910 741 3969 Omnibus
764 3913 857 3968 hic
879 3914 1154 3984 geminum
1185 3913 1414 3984 digessit
1440 3914 1633 3983 dogma
1662 3926 1761 3981 per
1789 3910 2003 3975 orbem,
2183 3912 2443 3978 Suscitat,
2477 3912 2530 3966 in
2556 3909 2809 3984 proprias
2836 3910 3018 3964 anima
3044 3913 3367 3980 penetrante
3388 3905 3674 3962 medullas.

478 4005 637 4073 Quod
666 4003 813 4059 binis
842 4012 1061 4059 constat
1090 4004 1424 4074 descriptum
1450 4004 1552 4057 rite
1581 4002 1782 4058 libellis
1808 4013 1856 4067 ο,
2182 4002 2372 4059 Nonne
2396 4017 2612 4073 magum
2641 4002 2840 4057 merito
2867 3999 3097 4071 geminis
3119 3996 3393 4054 fraudavit
3422 3997 3631 4064 ocellis,

475 4095 706 4153 Pectore
734 4096 826 4167 qui
855 4096 1042 4167 patulo
1068 4095 1271 4151 Christi
1305 4102 1572 4165 prmccpta
1604 4103 1914 4164 capessant.
2182 4096 2445 4154 Cernerct
2468 4105 2527 4150 ut
2550 4108 2826 4164 nunquam
2849 4092 3223 4163 splendentem
3246 4090 3450 4146 lumine
3473 4086 3779 4147 Pbcebum‘l

476 4187 551 4245 Ut
573 4189 725 4259 prius
751 4204 1033 4259 aequoreas
1060 4187 1317 4257 captabat
1345 4196 1492 4242 recte
1520 4195 1793 4252 catervas,
2185 4189 2447 4247 Cruribus
2473 4198 2636 4260 atque
2661 4187 2804 4243 suris
2835 4185 3088 4243 claudum
3117 4192 3389 4241 restaurat
3412 4192 3697 4256 :egrotum,

482 4282 650 4337 Linea
685 4281 1048 4351 squamigeris
1073 4281 1375 4335 extendens
1403 4280 1619 4335 vincula
1642 4280 1868 4334 turmis:
2183 4283 2353 4350 Quem
2384 4280 2601 4336 fortuna
2629 4280 2784 4350 prius
2812 4294 3002 4352 gressu
3028 4278 3265 4349 privavit
3289 4286 3559 4347 egentem.

473 4372 573 4428 Sic
599 4372 881 4428 hominum
911 4386 1136 4438 cuneos,
1167 4370 1353 4425 mundi
1382 4370 1447 4425 de
1474 4370 1686 4441 gurgite
1716 4378 1925 4441 raptos,
2190 4374 2390 4443 Sicque
2419 4365 2637 4425 Patrem
2664 4370 2849 4440 populi
2881 4366 2899 4406 ί
2928 4384 3089 4438 quem
3117 4367 3287 4423 febris
3317 4367 3479 4422 torsit
3503 4364 3719 4430 anhela,

478 4466 643 4521 Ducit
665 4467 731 4521 ad
763 4475 1027 4522 aeternum
1053 4466 1260 4521 caelesti
1286 4465 1491 4535 remige
1522 4464 1780 4535 regnum';
2185 4465 2448 4522 Torridus
2472 4470 2633 4533 atque
2660 4461 2841 4539 calor,
2860 4459 3091 4532 frigidus
3120 4461 3145 4498 ⁸
3172 4458 3421 4514 brumale
3441 4456 3728 4528 coquebat.

480 4559 555 4617 Ut
582 4561 676 4615 tibi
706 4560 956 4615 Salvator
986 4575 1116 4614 vera
1143 4575 1269 4614 cum
1296 4575 1429 4614 voce
1455 4559 1767 4630 spopondit,
2106 4575 2157 4638 ι)
2183 4556 2293 4613 Nec
2322 4572 2429 4612 non
2458 4554 2666 4610 extales
2692 4552 2933 4608 multa...
2962 4568 3121 4623 pinna
3150 4550 3399 4623 pudenda
3422 4552 3473 4603 ll.

476 4654 710 4720 Quando
735 4654 1039 4725 piscantem
1071 4655 1249 4724 panda
1276 4653 1341 4709 de
1362 4668 1541 4725 puppe
1568 4655 1819 4708 vocabat.
2185 4649 2409 4705 Curavit
2434 4648 2618 4712 citius,
2648 4645 2878 4700 Domino
2910 4644 3200 4706 tribuente,
3236 4641 3523 4697 medelam.

478 4746 584 4814 Qui
616 4748 766 4819 ponti
799 4748 1030 4819 pedibus
1056 4747 1289 4803 calcavit
1316 4747 1511 4803 caerula
1537 4745 1738 4817 glauci,
2184 4740 2321 4797 Dum
2353 4746 2626 4793 sarmenta
2659 4737 2809 4806 prius
2837 4735 3162 4807 glomeraret
3189 4733 3385 4788 Paulus
3409 4732 3475 4788 ad
3506 4732 3705 4802 ignem,

480 4842 593 4897 Sed
623 4857 776 4897 mare
804 4850 1141 4912 mergcnlem
1170 4841 1392 4896 tumidis
1416 4857 1521 4895 non
1553 4839 1765 4895 sorbuit
1794 4839 1953 4895 undis
1978 4858 1990 4895 :
2188 4835 2449 4890 Torrihus
2477 4838 2537 4885 ut
2565 4829 2730 4900 pellat
2766 4827 3043 4883 brumosis
3071 4824 3265 4895 frigida
3293 4825 3481 4889 nimis,

484 4934 718 4991 Dextera
745 4933 878 4989 dum
908 4934 1111 4991 Christi
1140 4934 1409 5005 turgentia
1443 4948 1721 4987 marmora
1752 4934 1971 5004 pressit,
2188 4928 2383 4997 Vipera
2411 4925 2529 4980 dira
2557 4938 2775 4978 manum
2804 4921 2988 4976 lethali
3016 4920 3175 4977 dente
3198 4919 3510 4981 momordit,

559 5104 582 5131 η
618 5090 676 5146 S.
712 5089 967 5157 Liutgcri.
1015 5092 1072 5147 ld
1104 5099 1212 5155 est,
1256 5090 1323 5144 de
1372 5089 1601 5145 ecclesia
1647 5088 1705 5143 S.
1751 5086 2013 5142 Bonifacii
2053 5103 2083 5141 a
2188 5086 2471 5141 stolorum.
2499 5082 2849 5157 Cyrususor
2882 5077 3082 5157 in_ms._
3112 5074 3325 5157 —_—Non
3357 5073 3624 5157 assentior
3660 5073 3779 5157 viro

487 5172 679 5219 sancto
722 5148 993 5232 Liudgero
1042 5148 1373 5217 constructa.
1422 5161 1532 5215 lloc
1569 5174 1790 5214 carmen
1839 5166 2085 5232 recenset
2190 5158 2323 5211 alias
2352 5156 2691 5216 doctissimo,
2724 5166 2847 5232 eum
2874 5150 3019 5203 nulla
3069 5148 3229 5232 huius
3266 5148 3780 5232 conjecturaahrat'io

488 5214 1013 5304 letfriilns—scr‘tjptor
1047 5214 1194 5287 {ille
1222 5214 1395 5286 sancti
1424 5214 1674 5304 lliullgeri
1695 5231 1946 5304 rpisenpi
1989 5229 2086 5283 Mi-
2190 5236 2486 5304 appareat;_
2508 5235 2565 5282 et
2592 5214 2835 5304 carmina
2868 5214 3155 5304 sequentia
3175 5220 3240 5301 de
3269 5216 3494 5304 reliquis
3519 5214 3780 5304 apostolis

492 5285 1006 5375 iiiigardefordeiisis
1055 5285 1195 5374 apud
1225 5285 1592 5371 Χγιξςιρὴίιιυξ
1626 5285 1805 5375 primi.
1854 5285 2083 5355 Μ’ληιιιη
2192 5285 2576 5375 quleejusdem
2606 5285 3001 5375 profectosunt
3023 5291 3283 5356 auctoris,
3320 5285 3565 5345 ad‘iilum
3594 5285 3779 5341 locum

491 5365 612 5432 Λρῖ.
648 5375 747 5431 SS.
779 5365 1119 5431 Bened.s:ee.
1157 5393 1229 5439 tv,
1255 5365 1461 5445 partis,
1491 5365 1788 5446 pag-9.4.”,
1817 5444 1829 5446 _
1915 5442 1966 5446 ω
2190 5365 2639 5446 pertinereliaud
2662 5365 2969 5446 videantur.
3100 5432 3132 5446 ῃ
3169 5431 3208 5446 ﬁ
3252 5429 3263 5443 _
3304 5438 3316 5446 ‘
3358 5429 3371 5446 ‘
3418 5445 3431 5446 ί
3461 5427 3554 5446 π.

564 5427 1379 5518 spissata;spatiere:
1408 5427 1680 5515 péu'ro‘yies.
1733 5444 1851 5499 Vid.
1903 5442 2084 5499 Gloss.
2192 5427 2208 5443 ‘
2269 5442 2436 5518 enim
2478 5438 2685 5518 libellis.
2719 5432 3140 5518 Duasninteliigit
3169 5427 3609 5518 Epistolasgeug
3655 5440 3783 5518 399-

494 5498 1029 5579 canasi'iéé’iséé."
1058 5498 1163 5518 rm
1408 5498 1421 5515 ”
1466 5498 1469 5499 ν
2050 5498 2053 5499 ν
2194 5513 2315 5567 stoli
2346 5512 2655 5575 eanonicas,
2688 5523 2808 5579 qua:
2852 5498 3367 5576 Christi'prmeepta
3407 5511 3464 5558 et
3488 5500 3610 5557 ﬁdei
3648 5498 3783 5572 dog-

574 5537 608 5574 n
652 5537 685 5573 tl
718 5536 821 5575 nac
847 5536 999 5574 voce.
2194 5536 2315 5567 sum
2346 5536 2655 5575 caumucus,
2688 5536 2699 5562 ι

571 5602 593 5630 ε
613 5536 840 5645 ἶῖάίιιηη
878 5600 963 5644 est
992 5591 1096 5645 hoc
1139 5604 1359 5663 carmen
1388 5602 1509 5643 cum
1537 5585 1892 5663 sequentibus
1919 5585 2090 5641 unde-
2192 5583 2699 5663 mata-continent.”

496 5664 601 5719 cim
631 5664 773 5717 inter
808 5662 991 5717 Strabi
1021 5670 1290 5733 poemata.
1313 5650 1801 5733 Quemnacarm.
2272 5654 2296 5733 ς
2334 5654 2488 5733 iter},
2521 5650 2718 5733 P‘ublii.

564 5735 591 5775 ἀ
620 5734 774 5789 Hanc
808 5733 997 5788 Petrus
1020 5722 1282 5786 obsidam.
1311 5722 1475 5785 Forte
1513 5728 1799 5785 ecclesiam
1822 5728 2091 5781 Taneten-
2270 5727 2296 5766 ⁸
2334 5722 2519 5789 Forte,
2550 5722 2719 5793 frigus
2749 5731 2817 5776 et.

495 5820 614 5864 sem
659 5808 715 5863 in
763 5806 980 5877 Anglia,
1032 5820 1197 5877 quam
1244 5802 1529 5877 Eadbarga
1578 5801 1853 5877 abbatissa
1880 5797 2087 5877 eodem
2270 5797 2295 5837 ιι
2337 5794 2513 5855 Locus
2539 5802 2845 5865 corruptus.

500 5894 640 5951 pene
663 5868 906 5949 tempore
934 5868 1224 5935 aedificavit
1260 5874 1314 5929 in
1364 5868 1623 5928 honorem
1664 5868 1927 5941 principis
1959 5881 2083 5937 apo-
