4106 6558
230 398 337 456 765

229 511 338 568 Sed
365 510 569 569 Paulus
595 510 833 584 gelidum
858 526 969 568 non
996 513 1170 570 sensit
1192 514 1416 572 vulnere
1439 515 1609 579 virus,

226 603 455 661 laedere
477 617 579 660 nec
607 612 859 661 sanctum
889 604 1056 660 valuit
1076 606 1295 663 crudele
1322 620 1613 663 venenum.

229 699 480 769 Denique
507 713 801 768 squamosa
831 705 1142 755 contectum
1169 699 1310 771 pelle
1330 700 1597 757 celidrum
1621 712 1649 741 ι

226 789 493 849 Protinus
518 792 575 847 in
602 789 851 847 ﬂammas
877 792 1191 848 torrendum
1223 792 1447 849 tradidit
1480 801 1649 848 atras.

226 882 525 953 Postquam
551 881 842 955 complevit
863 882 1101 940 labentis
1127 890 1374 955 tempora
1404 883 1551 950 vitm,

229 975 393 1047 221
417 972 733 1046 Martyrium
759 974 929 1030 rubro
951 974 1200 1046 quaesivit
1223 964 1487 1046 sanguine
1515 987 1755 1042 sacrum,

226 1064 650 1139 Purpureusque
688 1081 852 1121 cruor
893 1065 922 1107 ι)
955 1080 1217 1122 venarum
1243 1066 1394 1122 fonte
1422 1067 1684 1122 cucurrit.

227 1159 369 1217 Ossa
398 1167 548 1233 tegat
570 1158 731 1215 tellus
760 1159 1013 1230 quamvis
1033 1160 1193 1215 modo
1224 1158 1367 1215 mole
1390 1159 1647 1229 sepulcri,

224 1254 486 1309 Attamen
519 1254 575 1308 in
610 1268 872 1325 proceras
904 1253 1150 1309 ascendit
1174 1252 1412 1323 Spiritus
1434 1267 1610 1318 arces,

228 1346 478 1405 Ctetibus
510 1347 788 1420 angelicis,
820 1347 1067 1402 nimbosa
1098 1358 1199 1415 per
1217 1345 1442 1412 aethera,
1469 1345 1682 1401 ductus.

951 1436 1109 1495 CLV.

661 1530 848 1588 Sancti
886 1529 1114 1585 Andrea:
1154 1528 1399 1601 apostoli.

230 1624 337 1681 llic
363 1622 527 1680 simul
548 1622 799 1680 Andreas
823 1620 1012 1691 templi
1037 1621 1308 1676 tutabitur
1333 1635 1506 1685 aram,

230 1718 381 1775 Petri
410 1732 725 1790 germanus,
748 1715 841 1786 qui
865 1714 1143 1787 quondam
1171 1712 1363 1769 funera
1384 1714 1517 1769 lethi

230 1810 463 1868 Horrida
490 1826 807 1883 perpessus,
832 1817 1045 1865 sacrata
1071 1823 1236 1865 carne
1259 1807 1518 1879 pependit
1551 1827 1563 1861 :

231 1903 407 1973 Quem
445 1902 588 1958 Deus
614 1900 817 1959 Oceani
844 1900 1167 1956 lustrantem
1198 1898 1402 1954 frustra
1426 1909 1450 1937 α
1482 1898 1722 1969 phasello

226 1995 463 2053 Caelitus
488 1994 685 2052 ascivit
717 1992 974 2068 gradiens
996 2008 1098 2064 per
1123 1993 1309 2049 littora
1337 1994 1491 2063 ponti
1521 2010 1536 2046 ε

229 2086 491 2145 Protinus
515 2086 761 2144 Andreas
786 2094 1146 2159 compunctus
1165 2100 1299 2142 voce
1323 2085 1587 2142 Tonantis

229 2176 478 2238 Credidit
505 2186 771 2236 atemum
800 2178 1105 2235 salvantem
1129 2177 1325 2234 saecula
1352 2192 1561 2250 regem,

231 2271 476 2331 Pendula
512 2281 755 2343 captura:
775 2281 1132 2328 contemnens
1162 2271 1301 2327 retia
1330 2279 1549 2343 spretae,

232 2366 304 2424 Et
328 2366 478 2423 dicto
502 2366 668 2422 citius
699 2362 904 2423 Christi
940 2371 1215 2437 prmcepta
1245 2362 1487 2420 facessit.

230 2459 371 2527 Quis
400 2473 695 2514 numerare
736 2457 903 2524 valet,
929 2456 1211 2529 populosis
1233 2455 1431 2527 oppida
1457 2456 1654 2526 turbis,

232 2538 383 2610 Illius
410 2550 628 2623 eloquio
653 2566 774 2622 qua:
804 2548 928 2604 fana
953 2548 1184 2620 profana
1220 2547 1513 2616 fricabant,

232 2647 466 2707 Credula
492 2647 795 2720 pandentes
821 2647 933 2719 regi
957 2644 1258 2718 praecordia
1288 2644 1550 2701 Christo?

232 2742 443 2814 Nempe
473 2741 647 2799 vicem
670 2739 901 2796 Domino
933 2740 1177 2796 solvebat
1201 2739 1348 2796 calce
1372 2747 1623 2806 cruenta,

234 2841 378 2897 Dum
411 2839 593 2896 crucis
616 2838 672 2894 in
694 2837 883 2909 patulo
911 2852 1207 2909 suspensus
1247 2837 1431 2909 stipite
1458 2844 1691 2908 martyr,

238 2928 445 2988 Ultima
470 2926 718 2984 mortalis
743 2926 940 2984 clausit
967 2927 1235 2999 spiracula
1260 2927 1408 2995 vitaz,

236 3025 550 3099 Purpureas
570 3040 793 3085 sumens
818 3024 1036 3081 Christo
1060 3034 1322 3098 regnante
1352 3040 1603 3082 coronas.

959 3118 1139 3176 CLVI.

703 3209 891 3267 Sancti
911 3209 1103 3267 Jacobi
1123 3210 1367 3283 apostoli.

238 3306 343 3365 llic
363 3320 581 3379 quoque
597 3302 859 3371 Iacobus,
882 3312 1065 3361 cretus
1106 3304 1352 3375 genitore
1375 3312 1590 3359 vetusto

238 3400 526 3456 Dilubrum
554 3404 747 3455 sancto
767 3394 1008 3454 defendit
1042 3398 1282 3469 tegmine
1324 3396 1550 3453 celsum.

238 3493 347 3561 Qui
374 3491 645 3549 clamante
671 3489 763 3562 pio
780 3489 934 3563 ponti
965 3490 1030 3548 de
1062 3489 1308 3561 margine
1340 3488 1559 3545 Christo

238 3585 552 3659 Linquebat
577 3584 860 3658 proprium
900 3582 1079 3654 panda
1105 3597 1229 3638 cum
1258 3595 1435 3653 puppe
1459 3590 1765 3654 parentem.

240 3680 507 3738 l’rimitus
524 3678 795 3750 Hispanas
819 3676 848 3718 ἀ
892 3676 1161 3735 convertit
1190 3676 1444 3748 dogmate
1470 3682 1682 3747 gentes,

243 3775 489 3831 Barbara
514 3772 718 3829 divinis
739 3779 1068 3829 convertens
1091 3769 1305 3842 agmina
1341 3769 1525 3834 dictis,

244 3870 381 3938 Quae
402 3867 615 3939 priscos
637 3866 841 3922 dudum
875 3865 1036 3930 ritus,
1066 3870 1125 3921 et
1146 3863 1323 3919 lurida
1343 3861 1491 3929 fana,

245 3963 523 4021 Damonis
560 3960 821 4020 horrendi
852 3961 1077 4031 decepta
1100 3959 1293 4015 fraude
1313 4000 1328 4025 ,
1358 3959 1632 4015 colebant.

246 4055 493 4114 Plurima
525 4054 617 4111 hic
640 4052 839 4125 praesul
864 4052 1101 4124 patravit
1118 4054 1271 4123 signa
1290 4048 1613 4122 stupendus,

244 4147 388 4216 Qua:
412 4162 562 4202 nunc
603 4145 660 4201 in
687 4144 896 4201 chartis
923 4143 1241 4199 scribuntur
1265 4143 1368 4197 rite
1401 4138 1706 4214 quadratis.

247 4241 412 4298 Ilune
436 4246 561 4295 trux
589 4237 856 4302 Herodes,
886 4243 1080 4308 regnat
1113 4235 1391 4291 tetrarcha
1417 4242 1703 4306 tyrannus,

248 4332 582 4389 Percussum
608 4330 880 4386 machaera
909 4327 1115 4385 crudeli
1147 4335 1321 4383 morte
1345 4325 1560 4381 necavit
1583 4340 1603 4377 :

248 4425 430 4491 Quem
450 4431 607 4493 pater
627 4422 899 4487 excelsus,
921 4419 1015 4491 qui
1040 4426 1259 4475 sanctos
1274 4419 1397 4489 jure
1426 4418 1744 4490 triumphat,

250 4515 420 4571 Venit
440 4514 495 4569 in
523 4513 791 4570 mthereas
812 4512 1025 4568 meritis
1058 4511 1388 4583 fulgentibus
1427 4526 1603 4568 arces.

961 4605 1162 4664 CLVII.

480 4703 661 4761 Sancti
688 4700 915 4758 Joannis
942 4700 1170 4773 apostoli
1195 4707 1245 4754 et
1266 4699 1617 4771 evangelistw.

255 4795 375 4854 Nec
395 4798 575 4852 minus
595 4797 802 4851 interea
831 4793 1164 4866 glomeretur
1189 4793 1349 4865 virgo
1380 4789 1642 4859 Joannes,

256 4892 436 4959 Quem
463 4904 723 4963 germana
751 4887 912 4944 simul
939 4885 1123 4959 junxit
1149 4882 1440 4950 concordia
1469 4882 1708 4949 Christo,

339 5082 368 5113 ι
405 5069 592 5134 Forte,
626 5068 923 5125 colubrum.

335 5143 368 5184 δ
403 5132 809 5212 Purpureusque
832 5134 1541 5212 erueraAuctorsermonis
1564 5132 1623 5187 ll
1653 5132 1705 5188 in
1728 5132 1858 5187 edit.

259 5212 446 5272 Paris.
491 5208 655 5281 Oper.
688 5208 747 5266 S.
780 5210 1078 5281 Ambrosii,
1099 5225 1224 5281 pag.
1250 5208 1374 5281 με,
1413 5213 1646 5281 etauct.
1694 5219 1859 5281 scrin.

262 5286 360 5349 50,
386 5294 519 5341 tom.
542 5276 610 5340 Ἦ
636 5282 799 5355 Oper.
831 5276 1444 5355 S.Chrysost6mi,pag.
1470 5276 1594 5339 267,
1614 5276 1865 5355 scribunt

267 5347 523 5413 truncum
551 5347 724 5412 sancti
756 5353 907 5409 Pauli
937 5347 1099 5421 caput
1122 5352 1264 5406 lacte
1292 5347 1406 5421 p'rn’
1439 5347 1702 5421 sanguine
1750 5361 1867 5400 ma-

267 5444 432 5484 nasse
464 5447 478 5482 :
508 5427 603 5484 sed
650 5428 767 5483 haec
806 5424 955 5479 nullo
1001 5419 1228 5499 antiquo
1258 5419 1494 5499 auctore
1526 5419 1860 5499 probantur;

266 5509 328 5556 et
352 5499 635 5565 Alcuiuus,
663 5506 727 5552 ut
768 5512 837 5552 ex
868 5499 972 5552 hoc
1011 5489 1439 5565 loco'probatur,
1470 5489 1672 5565 factum
1717 5489 1868 5565 igne:

269 5571 435 5626 ravit.
488 5558 630 5626 vra:
670 5567 982 5625 Tillemont.
1021 5558 1330 5629 Mémbires,
1379 5570 1509 5617 tom.
1558 5560 1599 5625 l,
1650 5568 1766 5614 not.
1798 5558 1869 5616 80

272 5658 375 5700 sur
402 5642 548 5699 saint
573 5641 738 5712 Paul,
761 5654 884 5712 pag.
917 5638 1044 5712 538,
1073 5638 1205 5712 edit.
1231 5634 1409 5699 Paris,
1434 5648 1579 5712 asino
1602 5631 1761 5685 1701.

347 5723 375 5754 ο
422 5712 675 5768 Frustra.
718 5702 1030 5782 L'egéndum
1077 5709 1287 5779 ﬂustra,
1346 5714 1408 5782 ut
1437 5703 1581 5782 infra
1629 5702 1872 5782 carmine

274 5784 401 5841 163.
450 5784 729 5847 Elustrum
787 5775 922 5837 vero
963 5788 1049 5837 est
1077 5775 1243 5849 'aqua
1295 5775 1552 5849 velanda
1602 5776 1873 5849 crispans,

273 5865 333 5912 et
362 5842 563 5913 dicitur
588 5869 620 5911 a
664 5855 797 5927 (luo,
825 5852 969 5925 fluis.
1015 5842 1272 5921 Ducange
1317 5847 1519 5912 Gloss,
1549 5860 1683 5903 voce
1714 5842 1874 5899 Ἠπ-

274 5937 470 5983 stram.

1237 400 1571 460 canum.
1606 432 1678 442 —
1714 399 2243 460 mscemroivss
2283 396 2541 471 nam.

3422 397 3527 452 765

1851 522 1899 584 Α
1930 517 2065 572 Dum
2099 515 2332 588 pandam
2361 515 2545 571 vetulo
2588 515 2785 588 linquit
2825 532 2947 573 cum
2971 526 3128 590 patre
3150 516 3416 586 carinam,

1932 609 2159 666 Retibus
2194 625 2478 682 azquoreas
2506 610 2848 668 claudentem
2881 628 3155 668 marmore
3184 614 3417 684 praedas,

1929 700 2031 768 Qui
2060 701 2211 770 prius
2236 700 2435 772 algosis
2460 702 2715 758 verrebat
2751 703 2947 758 czerula
2982 706 3167 771 remis,
3264 749 3268 751 Α

1929 792 2179 850 Piscibus
2215 794 2442 849 insidias
2472 804 2697 850 nectens
2725 798 2825 851 sub
2847 796 3059 867 gurgite
3086 796 3235 868 ponti
3268 813 3282 851 :

1931 885 2039 941 Sed
2066 885 2338 941 clamante
2362 886 2472 941 Deo
2492 885 2761 943 luctantes
2796 888 2981 944 littore
3009 888 3277 961 lymphas,

1929 975 2339 1049 Retiferamque
2360 993 2552 1032 navem
2578 994 2709 1035 caro
2733 996 2856 1035 eum
2887 980 3057 1035 fratre
3091 981 3369 1051 relinquit,

1932 1067 2000 1123 Et
2028 1069 2313 1123 Dominum
2339 1070 2606 1140 sequitur,
2632 1072 2756 1127 coeli
2779 1072 2872 1143 qui
2906 1083 3100 1144 regnat
3123 1073 3176 1129 in
3203 1090 3353 1130 arce.

1932 1157 2033 1215 llic
2057 1159 2161 1215 fuit
2188 1162 2438 1233 egregius
2461 1162 2665 1219 Christi
2701 1165 2980 1235 regnantis
3005 1166 3257 1222 alumnus

1930 1249 2197 1308 Omnibus
2225 1253 2486 1321 anterior,
2515 1267 2712 1325 magno
2740 1255 2970 1311 dilectus
2998 1272 3203 1324 amore,

1932 1341 2105 1410 Quem
2128 1358 2224 1399 rex
2251 1351 2550 1411 extorrem,
2593 1346 2780 1402 Roma:
2802 1348 2895 1418 qui
2928 1362 3094 1419 regna
3124 1348 3364 1420 regebat,

1933 1435 2121 1495 Trusit
2144 1436 2200 1492 in
2226 1438 2503 1505 exsilium,
2535 1439 2729 1511 cymba
2763 1450 2915 1495 trans
2938 1441 3135 1497 carrula
3162 1452 3381 1499 vectum
3400 1485 3415 1497 .

1933 1526 2099 1583 Exsul
2132 1543 2239 1599 qua
2262 1530 2473 1603 positus
2494 1546 2676 1586 rerum
2698 1533 3003 1603 spectacula
3032 1533 3188 1602 plura

1932 1619 2120 1676 Crevit
2149 1631 2174 1660 ο
2201 1621 2257 1676 in
2286 1622 2509 1687 exstasi,
2542 1623 2753 1679 cmlcsti
2779 1626 3004 1680 numine
3027 1626 3219 1693 frctus,

1932 1712 2065 1779 Qua:
2088 1712 2251 1768 modo
2272 1714 2606 1769 membranis
2627 1728 2726 1785 per
2748 1716 3008 1771 mundum
3033 1719 3234 1787 scripta
3257 1718 3533 1787 leguntur.

1933 1803 2239 1874 Pausatque
2266 1802 2481 1875 Epheso
2509 1804 2527 1844 τ
2551 1803 2811 1875 ρι’ωῐειιυδ
2837 1822 3064 1877 corpore
3086 1810 3308 1879 prmsul,

1864 1906 1908 1967 Β
1934 1893 2165 1950 Praemia
2187 1903 2527 1965 sumpturus,
2556 1912 2679 1952 cum
2703 1898 2919 1971 clangct
2942 1898 3170 1956 classica
3203 1901 3374 1973 salpix
3410 1904 3437 1943 ⁸

1936 1981 2137 2038 Ultima
2167 1983 2296 2040 dum
2320 1984 2519 2057 priscis
2544 1986 2801 2043 labuntur
2831 1999 3075 2061 tempora
3103 1992 3299 2049 saeclis.

2628 2077 2851 2136 CLVIII.

2386 2166 2577 2224 Sancti
2610 2168 2825 2226 Thema:
2858 2172 3107 2244 apostoli.

1932 2260 2037 2318 llic
2057 2259 2300 2319 Thomas
2327 2261 2611 2335 Didymus,
2634 2278 2833 2322 nomen
2873 2267 3100 2324 sortitus
3139 2268 3429 2337 Achivum,

1936 2352 2138 2410 Servat
2156 2362 2432 2411 sacratum
2457 2364 2604 2412 sarta
2630 2357 2903 2413 testudine
2935 2359 3230 2431 templum;

1935 2444 2175 2503 Vulnera
2201 2449 2295 2520 qui
2325 2456 2556 2522 tangens
2583 2451 2786 2508 crudeli
2821 2455 3044 2526 cuspide
3076 2464 3247 2527 gesta,

1934 2539 2183 2598 Credidit
2206 2546 2482 2616 extemplo
2503 2545 2808 2603 salvantem
2835 2549 2995 2605 saecla
3022 2553 3379 2608 monarchum
3411 2571 3425 2609 :

1938 2634 2200 2704 Quamvis
2228 2645 2358 2693 ante
2383 2635 2529 2694 foret
2550 2639 2715 2695 sociis
2740 2640 3056 2698 incredulus
3090 2642 3272 2713 almis,

1937 2726 2117 2799 Atque
2145 2728 2309 2786 fidem
2336 2730 2501 2787 dubio
2523 2740 2765 2803 gestaret
2792 2736 2959 2791 corde
2988 2735 3289 2804 sinistram,

1940 2822 2079 2879 Dum
2110 2824 2280 2882 chaos
2299 2821 2519 2893 inferni,
2544 2841 2776 2898 surgens
2805 2826 2871 2883 de
2900 2835 3077 2884 morte
3114 2828 3446 2903 Redemptor

1912 2916 2236 2989 'Linqueret
2259 2917 2595 2986 abstrusum,
2625 2927 2781 2974 vasta
2809 2921 3106 2977 comitante
3127 2931 3367 2978 caterva.

1942 3007 2049 3065 Sed
2081 3024 2208 3065 mox
2239 3009 2554 3081 ambiguum
2579 3011 2851 3065 convertit
2872 3011 3040 3066 rubra
3074 3013 3326 3081 cicatrix,

1940 3100 2221 3174 Discipulo
2256 3101 2497 3170 palpanti
2528 3103 2699 3157 trucis
2724 3102 3044 3158 vulnuscula
3069 3102 3221 3173 ferri,

1944 3194 2083 3249 Dum
2120 3194 2330 3251 foribus
2360 3194 2582 3263 clausis,
2621 3195 2897 3266 trepidans
2916 3213 3021 3268 qua
3059 3200 3216 3255 turba
3247 3198 3472 3270 latebat,

1864 3279 1912 3342 C
1943 3285 2161 3344 Pacifer
2184 3288 2416 3342 intraret
2441 3286 2695 3344 Christus
2727 3288 2981 3345 Salvator
3002 3290 3057 3345 in
3088 3291 3294 3349 aulam.

1945 3381 2099 3438 Hunc
2130 3381 2296 3451 igitur
2323 3379 2542 3438 soboles
2581 3381 2733 3437 misit
2760 3384 3068 3461 veneranda
3100 3384 3368 3444 Tonantis

1943 3475 2088 3531 ans
2112 3482 2300 3547 gentes
2341 3474 2500 3530 almis
2530 3482 2852 3532 convertere
2875 3474 3045 3533 Biblis
3066 3478 3095 3518 ιι

1944 3568 2187 3626 Plurima
2210 3567 2516 3638 magnificis
2538 3574 2848 3637 patrantem
2872 3568 3027 3639 signa
3051 3569 3363 3643 triumphis.

1943 3661 2095 3718 India
2133 3668 2248 3717 tum
2277 3659 2449 3716 sacris
2471 3659 2642 3715 coluit
2663 3658 2959 3715 simulacra
2988 3660 3261 3729 nefandis,

1947 3753 2223 3811 Doctrinis
2246 3760 2493 3808 veterum
2525 3751 2741 3808 stolidis
2777 3752 3045 3808 instructa
3073 3762 3404 3825 parentum;

1951 3847 2061 3903 Sed
2087 3844 2317 3902 confusa
2351 3843 2459 3901 ﬁde
2481 3845 2538 3901 in
2565 3843 2773 3900 Thoma
2806 3846 3054 3902 lucrante
3074 3847 3305 3903 salutem

1947 3938 2191 3997 Credidit
2214 3938 2269 3993 in
2290 3934 2591 4002 Christum,
2622 3935 2747 3993 celi
2774 3937 2869 4008 qui
2900 3946 3115 4009 sceptra
3143 3938 3434 4010 gubernat.

1951 4033 2196 4103 Denique
2226 4040 2506 4089 transacto
2530 4032 2820 4103 prresentis
2845 4042 3092 4102 tempore
3117 4033 3246 4088 vitae

1951 4125 2211 4183 Protinus
2250 4124 2554 4204 tethqreum
2582 4122 2822 4180 Thomas
2858 4124 3112 4180 lustravit
3137 4122 3447 4199 Olympum,

1954 4219 2129 4287 Quem
2158 4217 2269 4273 fani
2290 4216 2489 4272 flamen
2518 4218 2724 4273 veteris
2754 4217 3039 4290 cultorque
3060 4219 3246 4275 sacelli

1957 4312 2237 4385 Sanguine
2264 4322 2547 4366 rorantem
2577 4312 2755 4380 rigido
2777 4313 3189 4369 transverberat
3210 4327 3364 4381 ense,

1956 4406 2189 4462 Praemia
2220 4413 2584 4475 sumpturum,
2628 4420 2753 4461 cum
2782 4405 2945 4462 tellus
2961 4413 3156 4477 sponte
3181 4405 3451 4474 dehiscet,

1957 4499 2153 4557 Omnia
2175 4498 2242 4554 de
2277 4498 2477 4570 priscis
2499 4504 2560 4553 et
2583 4505 2810 4568 surgent
2838 4510 3069 4568 corpora
3093 4498 3316 4555 lumbis.

2669 4587 2851 4644 CLIX.

2423 4678 2611 4737 Sancti
2636 4677 2827 4735 Jacobi
2866 4680 3111 4752 apostoli.

1966 4777 2079 4834 Nec
2102 4792 2209 4832 non
2238 4774 2497 4841 Iacobus,
2524 4773 2729 4831 Christi
2766 4781 3064 4829 matertera
3093 4774 3109 4814 ί
3144 4783 3347 4838 cretus,

1968 4871 2036 4928 Et
2070 4869 2384 4927 consobrini
2406 4867 2548 4924 felici
2572 4866 2790 4923 nomine
2812 4865 3012 4933 fretus,

1885 4641 1937 4697 0

2040 5055 2068 5096 ει
2099 5054 2267 5117 Edit.,
2293 5051 2519 5122 Spanas.

2046 5139 2069 5166 ο
2101 5126 2288 5191 Forte,
2311 5123 2473 5177 crevit
2499 5137 2530 5176 a
2566 5135 2746 5176 cerno.

2046 5198 2067 5239 ί
2099 5194 2270 5260 Edit.,
2303 5195 2495 5263 c/fazto.

2047 5272 2073 5311 ε
2123 5255 2360 5339 Salpia};
2382 5264 2556 5319 Tuba.
2597 5260 2718 5318 Vid.
2770 5261 2914 5317 hanc
2961 5268 3153 5317 vocem
3197 5258 3396 5332 sapius
3429 5255 3574 5330 apud

1972 5335 2254 5406 Ducange,
2278 5335 2455 5391 Gloss.

2044 5413 2073 5453 ιι
2103 5410 2274 5474 Edit.,
2301 5406 2479 5462 Bittis.

2053 5484 2071 5523 i
2100 5472 2407 5535 Matertera.
2432 5478 2693 5548 Sequitur
2705 5476 2794 5531 hic
2806 5472 3138 5548 AlcuinttsS.
3158 5472 3575 5548 Hieronymum,

1977 5553 2116 5609 Ven.
2154 5551 2358 5607 Bedam
2380 5558 2437 5604 et
2478 5542 2638 5614 alios,
2689 5548 2781 5618 qui
2809 5543 3337 5618 MariamCleophre,
3367 5542 3577 5599 'Jacobi

1979 5624 2209 5680 Minoris
2250 5629 2525 5686 matrem,
2577 5615 2764 5675 veram
2815 5618 2990 5688 beaue
3044 5615 3280 5688 Virginis
3326 5630 3578 5688 sororem

1979 5696 2148 5753 fuisse
2196 5684 2543 5767 eredebant,_
2571 5698 2779 5767 textum
2812 5689 2871 5743 S.
2921 5684 3293 5767 Joannis:cap.
3330 5703 3448 5752 xu,
3480 5684 3575 5767 ἓξ,

1982 5767 2316 5838 accipientes
2342 5763 2641 5819 secundum
2671 5761 2931 5838 litteram.
2966 5758 3099 5838 Vide
3121 5758 3327 5838 donliac
3376 5774 3435 5812 re
3468 5758 3580 5838 _cri-

1980 5828 2123 5895 tieos
2163 5836 2335 5893 fusius
2379 5842 2699 5899 tractantes,
2752 5831 3078 5887 nominatim
3121 5828 3434 5886 'l‘illemont.
3468 5828 3577 5883 loc.

1980 5911 2102 5979 cit.,
2133 5917 2245 5965 not.
2286 5907 2321 5962 2
2346 5922 2443 5963 sur
2470 5906 2521 5962 la
2545 5906 2721 5963 sainte
2748 5903 2968 5975 Vierge,
3013 5918 3138 5973 pag.
3164 5899 3290 5957 458.
