4106 6468
474 291 578 347 767

475 409 628 466 llanc
647 404 817 463 :edem
841 403 1057 461 Domini
1096 405 1162 460 de
1198 419 1411 459 summo
1441 412 1623 460 servat
1641 404 1888 476 Olympo,

476 501 652 570 Quem
681 497 834 570 plebs
860 496 1046 554 Iudaea
1068 509 1212 550 saevo
1238 497 1544 551 bacchante
1564 496 1802 551 tumultu

473 591 700 651 Pulsum
725 591 792 649 de
821 590 986 662 pinna
1008 587 1228 645 fullonis
1255 586 1400 644 fuste
1435 587 1674 643 necavit.

476 687 630 755 Quod
652 684 929 742 Christum
959 681 1196 753 populis,
1233 681 1500 737 scandens
1525 680 1742 751 fastigia
1778 678 1987 750 templi,

475 780 904 837 Concionaretur
921 777 1114 833 crebro
1137 791 1391 832 sermone
1421 775 1697 832 sacerdos.

472 870 536 928 In
564 870 718 940 cujus
733 869 962 941 genibus
987 868 1146 938 pellis
1167 868 1369 924 callosa
1392 866 1650 933 refertur,

475 963 618 1020 Dum
647 961 858 1020 crebris
881 960 1094 1018 vicibus
1115 967 1300 1015 oraret
1324 975 1460 1015 voce
1489 958 1812 1023 Tonantem,

473 1052 776 1124 Poplitibus
797 1051 952 1109 ﬂexis
982 1051 1213 1107 tundens
1241 1051 1552 1122 pavimenta
1577 1049 1780 1106 sacelli.

477 1148 657 1203 Lanea
679 1146 856 1202 villosi
893 1145 1100 1215 sprevit
1118 1143 1387 1199 velamina
1413 1143 1583 1214 pepli,

475 1239 644 1294 Linea
669 1237 914 1300 brumosi
942 1251 1167 1292 sumens
1201 1234 1448 1291 mantilia
1470 1233 1676 1291 ﬂabris.

477 1331 574 1388 Sic
622 1343 843 1402 quoque
883 1326 1206 1401 ﬂagrantem
1253 1336 1610 1384 contemnens
1654 1341 1888 1398 corpore
1936 1341 2070 1381 nar-

1822 1417 1998 1490 ldum.

474 1511 840 1570 Thermarum
871 1510 1093 1581 penitus
1131 1510 1372 1581 neglexit
1395 1519 1616 1581 pectore
1650 1522 1930 1580 pompam,

476 1606 596 1663 Non
632 1605 1058 1677 cirros-capitis,
1091 1603 1296 1661 ferrata
1324 1603 1554 1673 forcipe,
1586 1603 1842 1675 dempsit,

476 1701 640 1771 222
665 1698 775 1755 Nec
804 1697 980 1754 culter
1004 1696 1182 1752 malas
1211 1697 1383 1752 vestis
1417 1696 1674 1766 lanugine
1700 1695 1832 1750 rasit
1862 1713 1875 1748 :

475 1791 642 1862 Cujus
663 1792 926 1847 virtutum
953 1796 1101 1846 tanta
1136 1787 1410 1859 praeconia
1437 1795 1712 1852 constant,

479 1884 551 1940 Ut
573 1882 812 1941 vindicta
834 1880 1008 1946 necis,
1037 1894 1201 1950 quam
1232 1879 1350 1936 dira
1377 1886 1555 1934 morte
1585 1877 1790 1942 luebat,

476 1977 735 2034 lnteritus
755 1975 912 2031 ﬂeret
945 1972 1188 2046 Solyme,
1227 1972 1521 2045 populique
1557 1971 1714 2028 ruina
1739 1984 1786 2026 ιι.

480 2070 619 2128 Dum
641 2069 800 2126 Titus
821 2083 1015 2134 cresar,
1046 2069 1215 2123 densa
1243 2066 1539 2123 comitante
1565 2072 1809 2130 caterva,

483 2162 686 2221 Urbem
725 2159 998 2218 ferriferis
1020 2159 1250 2216 vallaret
1275 2158 1516 2216 millibus
1539 2156 1799 2228 amplam,

475 2258 613 2314 Cum
637 2257 884 2328 genitore
905 2253 1091 2322 simul,
1125 2253 1388 2311 Romanis
1411 2253 1629 2308 arcibus
1650 2259 1775 2308 orto
1801 2271 1814 2306 :

477 2352 663 2407 Donec
683 2348 804 2404 dira
829 2346 1002 2403 fames
1031 2345 1370 2416 consumpsit
1396 2353 1578 2416 strage
1604 2353 1869 2410 catervas,

477 2441 746 2498 Manibus
771 2439 1083 2496 obstruetas
1100 2446 1159 2492 et
1186 2437 1327 2492 muri
1354 2450 1574 2491 carcere
1594 2444 1796 2504 septas.

477 2531 766 2601 Tempore,
807 2544 915 2600 quo
950 2535 1201 2584 tenerum
1235 2527 1495 2582 mactavit
1523 2525 1724 2583 femina
1751 2535 1940 2583 natum

477 2622 702 2695 Insuper
722 2619 1014 2677 assandum
1036 2618 1274 2674 verubus
1305 2619 1582 2674 transﬁxit
1618 2619 1795 2674 acutis
1825 2639 1840 2673 :

479 2718 652 2786 Quem
674 2722 887 2772 coctum
917 2713 1124 2770 laribus
1147 2711 1385 2768 crudelis
1418 2721 1595 2767 mater
1615 2712 1834 2777 edebat,

480 2808 742 2864 Humana:
767 2806 986 2879 penitus
1005 2802 1353 2872 natumjura
1379 2804 1691 2871 resolvens;

479 2899 749 2954 Horresco
774 2895 1039 2960 referens,
1065 2893 1239 2950 Eﬂ’ebi
1260 2893 1425 2949 funus
1453 2895 1732 2950 acerbum.

478 2989 574 3047 Sic
599 2989 836 3047 vindicta
866 2987 1048 3044 crucis
1067 2987 1350 3043 mulctavit
1375 2985 1528 3042 clade
1555 2983 1820 3042 nefandos
1849 3007 1865 3042 ;

480 3082 576 3140 Sic
598 3095 814 3153 quoque
834 3077 1020 3134 Jacobi
1043 3076 1329 3132 mulctavit
1355 3077 1536 3146 passio
1560 3083 1764 3132 sontes.

482 3173 753 3230 Undecies
779 3179 1010 3226 centena
1037 3168 1202 3224 simul
1232 3168 1493 3224 cecidisse
1517 3167 1772 3238 leguntur

482 3263 670 3330 Millia,
699 3277 802 3334 per
822 3261 1101 3323 miseram,
1124 3259 1464 3314 moribundis
1491 3259 1728 3326 civibus,
1753 3260 1945 3316 urbem
1972 3278 1984 3314 :

481 3359 708 3428 Insuper
724 3362 783 3413 et
804 3361 1022 3411 centum
1046 3353 1356 3409 vendantur
1377 3351 1544 3407 millia
1564 3353 1788 3422 passim,

481 3449 631 3518 Quos
651 3446 859 3520 rigidus
887 3445 1017 3503 ferri
1039 3444 1316 3515 neglectus
1344 3458 1533 3500 mucro
1564 3443 1807 3515 reliquit,

483 3541 551 3598 Et
578 3539 740 3597 famis
759 3539 953 3612 exigua
979 3537 1263 3610 perierunt
1279 3536 1470 3593 funera
1499 3537 1658 3608 stipe.

1201 3627 1361 3685 CLX.

911 3720 1096 3778 Sancti
1128 3718 1363 3790 Philippi
1397 3719 1640 3790 apostoli.

485 3816 586 3875 llic
621 3829 838 3888 quoque
876 3819 1268 3871 commemorat
1314 3819 1614 3868 metrorum
1660 3826 1815 3869 coma
1867 3811 2076 3883 Philip-

1833 3902 2002 3978 lpum,

486 4001 659 4069 Quem
689 4000 813 4069 pius
835 3996 1047 4055 :ethrali
1068 3996 1262 4052 ditavit
1283 3995 1454 4067 gratia
1484 3993 1766 4062 Christus;

487 4093 727 4148 Barbara
763 4089 853 4159 qui
879 4087 1064 4144 docuit
1090 4087 1354 4143 doctrinis
1383 4086 1598 4156 agmina
1629 4087 1820 4150 sacris,

485 4182 721 4238 Credere
741 4196 840 4252 per
860 4179 1140 4252 Scythiam
1155 4179 1453 4234 salvantcm
1469 4178 1665 4233 saecula
1688 4175 1966 4234 Christum
1989 4196 2000 4230 :

487 4275 593 4344 Qui
619 4276 819 4331 dudum
845 4282 985 4329 tetra
1015 4273 1303 4343 torpebant
1327 4273 1521 4328 mortis
1543 4273 1598 4327 in
1619 4271 1810 4328 umbra

489 4366 781 4423 Auctorem
809 4364 948 4420 lucis
973 4363 1261 4420 tenebroso
1290 4363 1455 4421 corde
1490 4371 1774 4436 negantes,

487 4460 665 4530 Atque
694 4465 960 4514 creaturae
980 4455 1308 4513 famulantes
1328 4455 1521 4512 ordine
1551 4471 1731 4512 verso.

486 4551 673 4608 Donec
698 4548 1052 4619 apostolicam
1074 4548 1374 4626 hauserunt
1410 4563 1543 4604 aure
1569 4548 1863 4619 loquelam,

488 4642 736 4714 Limpida
757 4638 1003 4711 perpetui
1033 4647 1322 4695 cernentes
1352 4639 1552 4695 lumina
1591 4638 1803 4695 Phoebi.

487 4733 693 4790 Omnes
719 4731 966 4788 certatim
995 4738 1316 4803 merguntur
1334 4730 1547 4801 gurgite
1571 4744 1753 4796 sacro,

491 4822 782 4894 Flagitium
807 4820 1028 4876 sceleris
1055 4829 1350 4894 purgantes
1369 4819 1516 4877 fonte
1536 4821 1758 4877 lavacri.

493 4913 623 4968 Inde
653 4912 838 4970 Asiam
869 4920 1147 4983 preperat,
1175 4913 1384 4968 sanctis
1413 4921 1732 4968 convertere
1760 4912 1937 4982 biblis,

493 5000 638 5058 ldola
668 5015 787 5071 quze
808 5000 1009 5056 dudum
1034 4999 1255 5070 decepta
1283 5000 1472 5056 fraude
1491 5001 1721 5056 colebat.

501 5093 700 5151 Sedula
733 5092 762 5132 δ
789 5091 883 5148 sed
909 5092 1072 5148 citius
1100 5092 1288 5162 pandit
1312 5093 1610 5162 praecordia
1639 5094 1876 5159 Christo,
1928 5134 1932 5138 ι

500 5185 794 5258 Splendida
821 5183 1071 5254 discipuli
1096 5185 1221 5239 dum
1245 5183 1408 5242 fantis
1437 5185 1601 5240 verba
1633 5186 1886 5254 capessit.

501 5278 612 5334 Sed
648 5277 776 5332 felix
811 5276 954 5332 Asize
987 5278 1257 5333 convertit
1281 5277 1532 5348 dogmate
1556 5292 1804 5348 regnum,

502 5370 562 5426 In
585 5384 690 5440 qua
721 5375 844 5441 post
863 5368 1068 5424 obitum
1101 5367 1252 5423 fatali
1290 5377 1437 5426 sorte
1464 5368 1711 5440 quiescit,

576 5561 602 5589 ιι
629 5545 931 5629 Descriptio
974 5544 1674 5629 ex_ci¢1ii“1erosplymitaxii,
1728 5561 1889 5617 quam
1940 5547 2088 5620 legas

505 5619 647 5690 apud
674 5615 990 5686 Joscphum,
1015 5617 1080 5672 de
1107 5616 1253 5673 Bello
1282 5615 1522 5673 Judaico.
1574 5655 1578 5660 .

581 5691 607 5728 δ
633 5689 742 5752 AL,
788 5687 1019 5741 credula.

580 5771 603 5799 ε
647 5759 728 5815 ΑΙ.
763 5758 1016 5829 miriﬁcis.

1335 287 1398 345 Β.
1439 288 1502 346 F.
1541 289 1768 346 ALBlNI
1809 289 1940 347 SEU
1981 285 2263 344 ALCUINI
2303 282 2594 343 OPERUM
2635 279 2814 337 PARS
2853 277 2942 335 VL

2024 397 2031 405 “
2086 401 2137 463 Δ
2163 399 2328 468 Cujus
2357 399 2461 454 hoc
2489 396 2748 466 templum
2781 399 2990 450 sacrata
3017 389 3258 446 tuebitur
3283 401 3377 442 ara
3405 384 3546 460 HL,
3591 384 3767 458 arca].

3662 271 3769 328 768

2883 501 3063 562 CLXI.

2531 617 2720 678 Sancti
2755 614 3136 674 Bartholoma’i
3161 611 3408 685 apostoli.

2173 732 2374 790 Ultima
2408 739 2677 787 terramm
2701 726 3028 801 praepollens
3051 726 3210 784 'lndia
3241 731 3481 790 constat,

2172 824 2346 891 Quam
2368 825 2421 877 in
2451 831 2565 878 tres
2592 830 2776 894 partes
2800 821 3067 877 librorum
3095 819 3296 890 scripta
3324 822 3697 890 sequestram,

2172 912 2319 969 ldola
2352 927 2477 983 quae
2501 912 2668 968 coluit
2696 912 2924 985 paganis
2945 911 3125 967 dedita
3152 909 3346 966 sacris.

2173 1005 2281 1062 Sed
2307 1005 2724 1062 Bartholomeus
2750 1004 3020 1061 destruxit
3039 1002 3216 1058 lurida
3249 1000 3396 1067 fana,

2173 1098 2393 1170 Efﬁgies
2415 1107 2665 1154 veterum
2703 1097 3056 1167 confringens
3077 1097 3202 1167 jure
3227 1097 3474 1158 deorum,

2171 1189 2384 1245 llebrea
2406 1205 2570 1261 quem
2596 1190 2797 1246 clamat
2824 1189 3129 1260 peregrinis
3147 1189 3329 1259 lingua
3344 1185 3603 1261 loquelis.

2172 1281 2360 1338 Proles
2387 1281 2770 1352 suspendentis
2795 1295 2966 1351 aquas
2985 1280 3041 1334 in
3065 1277 3305 1334 nubibus
3329 1278 3491 1342 atris,

2173 1373 2406 1430 Humida
2433 1372 2698 1428 nimbosis
2717 1371 2844 1428 dum
2867 1371 3075 1427 stillant
3101 1372 3306 1427 ethera
3335 1370 3525 1440 guttis,

2174 1467 2319 1536 Quot
2367 1464 2582 1541 [quem]
2633 1467 2816 1536 signat
2861 1479 3152 1537 procerum
3195 1463 3438 1520 calcatis
3481 1461 3621 1518 dona
3643 1472 3776 1531 pro-

3494 1549 3671 1623 [fundi

2177 1649 2248 1706 Ut
2269 1648 2545 1720 quondam
2573 1648 2772 1705 cecinit
2793 1647 3135 1702 Psalmorum
3162 1643 3406 1701 carmine
3429 1655 3620 1703 vates:

2107 1761 2150 1818 ῃ
2175 1744 2318 1801 Ecce
2338 1743 2483 1801 latex
2513 1752 2665 1801 rorat
2686 1741 2994 1800 tenebrosis
3021 1740 3260 1797 nubibus
3281 1741 3448 1798 aeris.

2175 1836 2307 1893 Post
2334 1838 2454 1894 haec
2475 1837 2724 1907 martyrii
2752 1842 3030 1891 mercatur
3055 1839 3205 1889 serta
3226 1840 3453 1888 cmenta

2176 1928 2243 1984 Et
2269 1930 2518 2000 sequitur
2547 1929 2833 1985 Dominum
2879 1928 3057 1999 pictus
3083 1940 3208 1983 cum
3251 1923 3386 1998 μί..
3418 1923 3496 1998 ἰη]
3523 1924 3776 1997 stigmate

3499 2019 3703 2077 Christi

2174 2113 2342 2184 Cujus
2365 2114 2472 2170 hoc
2495 2111 2758 2184 templum
2787 2115 3094 2170 veneranda
3119 2112 3366 2169 tuebitur
3393 2125 3512 2169 ara.

2407 2318 2594 2379 Sancti
2623 2322 2678 2379 Μ
2684 2228 3120 2394 (1:11.123:lein
3134 2330 3184 2378 et
3207 2322 3558 2399 euangelista.

2177 2439 2445 2496 Mattheus
2463 2437 2744 2510 egregium
2774 2423 3091 2495 describens
3121 2437 3315 2509 dogma
3339 2438 3551 2505 salutis,

2178 2529 2386 2586 llebrea
2417 2543 2515 2602 per
2542 2528 2796 2600 simplum
2827 2528 3053 2600 digessit
3082 2527 3227 2586 dicta
3247 2529 3517 2595 libellum,

2177 2620 2416 2675 Plurima
2441 2619 2738 2675 sanctiﬁcis
2764 2629 2787 2658 ο
2811 2623 3052 2677 narrans
3075 2619 3338 2677 miracula
3366 2619 3560 2687 saeclis,

2177 2704 2310 2772 Quae
2356 2705 2517 2760 modo
2562 2718 2662 2774 per
2707 2705 2972 2761 mundum
3003 2702 3286 2778 divulgant
3326 2692 3530 2779 scripta
3567 2708 3810 2778 triqua-'

3497 2798 3700 2874 [arm

2178 2889 2348 2956 Quem
2375 2887 2539 2944 Fison
2561 2886 2777 2955 ﬂuvius,
2811 2888 3050 2960 paradisi
3077 2889 3226 2947 fonte
3247 2891 3586 2958 redundansr

2178 2979 2406 3050 Tropica
2431 2980 2704 3051 portendit
2725 2982 2970 3051 pandens
2994 2984 3254 3052 mysteria
3285 2999 3491 3041 rerum.

2178 3070 2368 3128 Fontis
2386 3073 2634 3146 designat
2656 3072 2907 3129 Salvator
2916 3075 3038 3146 jure
3052 3073 3304 3147 figuram,

2127 3164 2141 3178 ⁸
2179 3165 2256 3220 De
2286 3180 2396 3235 quo
2417 3164 2738 3235 quadriﬂuis
2765 3165 3066 3223 decurrunt
3102 3164 3322 3224 ﬂumina
3352 3153 3503 3226 rivis.

2174 3256 2445 3323 Quattuor
2471 3263 2532 3312 nt
2559 3260 2858 3328 quondam,
2886 3260 3158 3317 nascentis
3184 3262 3396 3334 origine
3421 3262 3588 3330 saecli,

2176 3349 2422 3421 Limpida
2442 3364 2540 3420 per
2560 3349 2727 3406 latum
2757 3348 3027 3408 ﬂuxerunt
3054 3351 3278 3409 ﬂumina
3308 3356 3566 3413 mundum
3590 3374 3604 3423 ;

2177 3443 2296 3511 Quo
2326 3439 2523 3499 rubros
2545 3441 2730 3511 ﬂores,
2757 3451 2812 3500 et
2838 3454 2993 3516 prata
3017 3445 3247 3504 virentia
3270 3448 3464 3520 glebis.

2185 3536 2509 3609 Gurgitibus
2535 3538 2707 3608 puris,
2751 3545 2805 3594 et
2825 3539 3018 3611 glauco
3041 3555 3166 3597 rore
3193 3541 3447 3613 rigabant
3477 3557 3494 3599 :
3519 3537 3521 3539 ’

2180 3629 2273 3684 Sic
2300 3627 2546 3684 doctrina
2571 3628 2667 3685 Dei
2691 3629 2864 3696 ﬂuxit,
2897 3630 2966 3687 de
2995 3630 3144 3688 fonte
3174 3641 3462 3703 quaterno,

2178 3722 2341 3778 Arida
2369 3722 2568 3779 divinis
2591 3723 2834 3779 irrorans
2861 3723 3028 3780 corda
3060 3726 3349 3782 scatebris.

2178 3814 2329 3871 lianc
2359 3817 2591 3886 scriptor
2606 3831 2770 3872 verax
2801 3817 3072 3887 expressit
3107 3817 3374 3875 Mattheus
3393 3819 3542 3888 olim,

2178 3908 2458 3978 Quemque
2485 3909 2749 3980 propheta
2780 3907 2899 3975 Dei,
2937 3925 3094 3966 sacro
3134 3912 3428 3981 Spiramine
3449 3912 3661 3986 plenus,

2179 3999 2423 4056 Humana
2447 4002 2628 4072 specie
2647 4002 2784 4057 vidit
2802 4003 3069 4074 signarier
3086 4005 3215 4062 olim
3235 4025 3250 4071 ;
3620 4049 3625 4056 .

2178 4089 2331 4159 Quod
2358 4091 2558 4148 Christi
2582 4101 2785 4164 patres,
2813 4103 2868 4151 et
2891 4107 3020 4152 avos
3047 4105 3360 4155 numeraret
3388 4115 3610 4156 avorum
3633 4142 3648 4164 ,

2179 4183 2222 4238 E
2242 4184 2398 4253 queis
2421 4181 2669 4238 Salvator
2707 4192 2893 4238 noster
2917 4184 3186 4241 cunabula
3213 4187 3357 4242 sacri

2180 4273 2520 4346 Sumpserat,
2545 4275 2601 4330 in
2633 4276 2836 4334 mundo
2855 4285 3071 4333 sacrata
3092 4275 3118 4318 ἀ
3144 4274 3358 4347 piacula
3383 4278 3626 4337 demens.
3644 4291 3671 4322 ο

2865 4374 3090 4446 CLXIII.

2625 4479 2814 4537 Sancti
2835 4480 3066 4536 Simonis
3099 4482 3346 4553 apostoli.

2177 4599 2369 4654 Simon
2395 4595 2631 4660 Zelotes,
2663 4611 2763 4653 nec
2784 4612 2893 4653 non
2912 4595 3202 4654 Cananeus
3234 4597 3401 4664 idem,

2178 4688 2326 4745 Inter
2354 4687 2676 4760 apostolicos
2704 4686 2852 4743 Petri
2877 4689 3202 4760 cognomine
3229 4686 3447 4747 functus
3474 4687 3521 4758 τ,

2179 4780 2366 4838 Coetus
2394 4780 2486 4852 qui
2510 4779 2694 4835 docuit
2714 4780 2942 4852 gentiles
2968 4780 3165 4852 dogma
3187 4795 3507 4852 supernum,

2183 4874 2256 4930 Ut
2287 4873 2489 4930 celsam
2517 4879 2764 4943 peterent
2787 4870 2995 4929 caelesti
3026 4873 3245 4930 tramite
3276 4886 3525 4945 regnum.

2181 4963 2347 5034 Cujus
2372 4963 2426 5018 in
2453 4964 2558 5018 hac
2581 4962 2701 5018 aula
2732 4978 2887 5020 sacra
2915 4962 3226 5019 servabitur
3251 4977 3369 5030 ara,

2181 5055 2316 5110 Cum
2342 5054 2497 5125 polus
2521 5062 2576 5110 ct
2608 5053 2781 5119 tellus,
2821 5069 2885 5112 ac
2904 5055 3058 5124 ponti
3100 5051 3288 5110 ﬂustra
3313 5041 3614 5123 fatiscant,

2183 5145 2366 5202 Donec
2394 5147 2662 5216 supremis
2690 5145 2988 5202 scintillent
3023 5145 3184 5202 saecla
3208 5145 3426 5212 favillis,

2185 5238 2251 5293 Et
2277 5236 2460 5294 mundi
2497 5235 2685 5302 moles,
2715 5245 2945 5303 montes,
2970 5234 3242 5306 collesque
3268 5236 3596 5307 liquescant,

2185 5328 2360 5398 Atque
2388 5334 2674 5391 creatum,
2707 5341 2956 5382 cerarum
2988 5324 3164 5380 ﬂuxus
3187 5326 3256 5382 ad
3286 5327 3480 5394 instar,

2188 5417 2433 5473 Machina
2470 5416 2807 5483 succumbat,
2840 5412 3056 5469 ﬂamma
3081 5415 3409 5487 crepitante,
3439 5432 3539 5488 per
3561 5419 3775 5477 orbein.

2260 5550 2286 5590 ά
2327 5551 2434 5612 AL,
2469 5550 2740 5605 scelerata.

2266 5633 2286 5660 θ
2322 5621 2487 5685 Edil.,
2511 5621 2748 5676 demens.

2269 5693 2286 5730 ί
2323 5692 2431 5758 AL,
2463 5693 2646 5761 fretus.
