4106 6494
318 384 425 447 ’769

1002 499 1228 558 CLXIV.

642 592 827 653 Sancti
852 592 1013 650 lude
1049 594 1304 651 Thaddci
1332 594 1581 667 apostoli.

316 688 617 764 Supremus
643 703 931 745 numerum
956 688 1281 744 conclaudat
1306 686 1561 744 Taddeus
1584 686 1781 752 almus,

312 780 416 840 Cui
456 794 761 854 cognomen
817 786 939 836 erat
982 779 1307 849 praeclarum
1351 776 1572 835 Bibleus
1617 775 1901 851 [Libbeus]

310 961 487 1033 Quem
516 961 738 1021 duxisse
778 960 962 1020 ferunt
986 974 1033 1028 ι,
1061 960 1268 1020 Christi
1317 975 1440 1018 cum
1472 866 1904 1094 gramiﬁltlféze-

1597 1051 1764 1094 πριηηι

1597 1051 1765 1125 [clum

308 1147 584 1221 ΔΝΜ.
608 1145 884 1221 quondam
908 1146 1004 1219 qui
1029 1146 1182 1220 regni
1218 1152 1431 1219 sceptra
1451 1145 1674 1217 regebat
1698 1161 1714 1199 :

312 1237 607 1311 Postquam
635 1246 937 1295 tartarenm
964 1237 1244 1294 damnavit
1263 1245 1439 1294 morte
1469 1244 1792 1308 tyrannum,

194 1345 201 1349 ·
311 1330 384 1390 Et
409 1332 565 1390 tetris
588 1333 739 1389 erebi
768 1331 1009 1404 gaudens
1037 1332 1263 1387 emersit
1290 1331 1359 1387 ab
1379 1330 1575 1396 antris,

312 1424 453 1481 Exin
473 1424 747 1481 sidereum
761 1421 1013 1479 Christus
1038 1422 1287 1478 ascendit
1324 1420 1629 1493 Olympum.

312 1516 522 1572 Dicitur
545 1516 639 1573 hic
656 1515 823 1572 etiam
848 1515 1069 1588 vulgato
1096 1515 1315 1571 nomine
1344 1514 1535 1579 Iudas,

311 1602 479 1673 Cuius
495 1604 749 1676 praesenti
767 1603 961 1660 laudes
990 1603 1340 1661 celebrantur
1364 1604 1419 1659 in
1444 1603 1568 1659 aula
1600 1622 1612 1655 :

311 1692 417 1763 Qui
454 1696 611 1751 nobis
634 1695 823 1751 binum
853 1694 1089 1751 facundo
1110 1692 1311 1751 famine
1339 1695 1547 1752 biblum
1575 1705 1599 1734 ε

310 1786 517 1854 Edidit,
544 1787 800 1857 antiquas
834 1785 1185 1859 promulgans
1208 1802 1304 1842 ore
1332 1785 1598 1857 loquelas,

1312 386 1646 443 CARMINA.
1686 417 1758 429 —
1794 386 2319 446 INSCRIPTIONES
2359 388 2614 446 \‘AIIIE.
3497 390 3604 443 770

1931 512 1981 567 Α
2008 502 2111 570 Qui
2152 502 2439 558 Dominum
2461 501 2617 568 lucis,
2648 502 3005 558 redimentem
3028 502 3293 576 sanguine
3326 504 3494 572 secta,
3544 518 3547 519 '

2006 592 2279 659 Vendidit,
2308 601 2370 649 ut
2394 593 2623 662 cupidus
2650 592 2855 647 fulvum
2882 595 3153 650 numisma
3183 604 3455 667 capessat.

2005 680 2262 738 Matthias
2288 682 2510 748 idcirco,
2538 690 2723 753 spreto
2747 682 2958 740 latrone
2981 682 3220 739 nefando

2004 767 2065 826 In
2086 770 2320 826 Domino
2342 769 2516 827 fretus
2545 788 2830 829 numerum
2861 775 3129 845 supplevit
3150 776 3424 844 eumdem,

2002 859 2235 919 Iunctus
2259 862 2572 933 apostolicis
2595 872 2841 934 gratatur
2857 863 2980 933 jure
3004 867 3313 938 triumphis.

2680 953 2929 1011 CLXVII.

2488 1046 2570 1102 Ad
2602 1057 2839 1102 sanctam
2883 1066 3112 1104 crucem.

2004 1129 2276 1189 Vexillum
2297 1133 2528 1193 sublime
2551 1138 2728 1193 crucis
2753 1152 3015 1195 venerare
3046 1138 3245 1208 ﬁdelis,

2076 1224 2196 1293 Qua
2224 1226 2316 1296 qui
2339 1242 2398 1283 se
2425 1229 2620 1296 munit,
2649 1231 2827 1286 tristia
2850 1246 2961 1287 non
2996 1234 3209 1299 metuit,

2003 1314 2151 1371 Crux
2169 1315 2457 1373 benedicta
2483 1319 2642 1385 nitet,
2669 1318 2931 1378 Dominus
2964 1337 3070 1392 qua
3096 1338 3263 1380 carne
3286 1326 3560 1396 pependit,

2072 1404 2250 1478 Atque
2268 1424 2370 1463 suo
2393 1408 2592 1463 clausit
2610 1408 2802 1467 funere
2825 1413 3025 1467 mentis
3048 1410 3170 1486 μ’..
3198 1414 3414 1490 mortis]
3439 1417 3564 1473 iter.

2005 1496 2105 1553 Hic
2130 1505 2321 1554 auctor
2348 1499 2472 1555 vita:
2495 1509 2729 1556 mortem
2755 1501 3038 1561 moriendo
3064 1507 3315 1576 peremit,

2080 1582 2405 1641 Vulneribus
2428 1600 2634 1644 sanans
2661 1587 2888 1644 vulnera
2912 1599 3101 1646 nostra
3124 1592 3259 1648 suis.

2174 1768 2260 1823 Ad
2300 1770 2554 1843 templum
2584 1678 3072 1827 sanihxlvliilliaelis
3108 1772 3434 1845 archangeli.

308 1876 473 1949 323
494 1877 643 1947 Quas
662 1878 849 1934 Enoch
874 1857 1363 1950 prim—descripsi;
1384 1886 1626 1948 tempore
1655 1888 1828 1941 nugs,
1935 1857 1980 1919 Β
2005 1858 2145 1914 Ante
2175 1861 2432 1917 thronum
2454 1863 2644 1918 aeterni
2674 1861 2803 1918 felix
2828 1865 2922 1934 qui
2951 1865 3094 1936 regis
3117 1866 3173 1921 in
3196 1880 3395 1933 aevum,

307 1970 452 2023 Ante
475 1984 647 2042 rapax
668 1970 930 2025 mundum
955 1985 1119 2041 quam
1140 1976 1342 2040 pontus
1363 1967 1626 2041 plecteret
1649 1968 1832 2034 undis,

307 2061 507 2119 Dicens
534 2080 550 2117 :
575 2062 717 2118 Ecce
740 2062 892 2117 venit
912 2062 1177 2119 Dominus
1208 2077 1336 2118 cum
1360 2061 1596 2117 millibus
1621 2061 1798 2127 almis,

308 2150 521 2208 Ponere
533 2150 797 2222 judicium
822 2153 1036 2208 cunctis
1057 2151 1431 2208 habitantibus
1457 2150 1667 2219 orbem,

309 2244 459 2313 Quos
484 2245 659 2302 nubes
684 2244 920 2317 appellat
947 2258 1090 2316 aqua
1114 2244 1355 2301 stillante
1375 2252 1648 2309 carentes,

310 2336 529 2411 Frigida
563 2351 703 2410 quas
735 2336 940 2409 rapidis
978 2337 1297 2409 dispergunt
1329 2333 1548 2389 ﬂamina
1575 2332 1754 2390 ventis
1784 2376 1793 2383 .

311 2426 424 2485 Nec
451 2444 561 2485 non
585 2425 869 2484 arboribus
894 2425 1066 2483 sterili
1094 2426 1161 2481 de
1189 2426 1374 2495 stipite
1408 2425 1552 2480 natis

309 2518 623 2591 Comparat,
647 2518 892 2574 autumni
913 2510 1037 2589 qusi
1054 2515 1287 2573 fructum
1313 2524 1559 2585 tempore
1583 2514 1837 2587 perdunt.

311 2611 405 2672 Sic
421 2626 641 2685 quoque
660 2610 970 2683 spumiferis
990 2610 1260 2666 undarum
1284 2607 1535 2666 fluctibus
1560 2622 1711 2679 aequa
1719 2616 1758 2675 t,

311 2704 631 2762 Errabunda
658 2718 862 2759 vocans
885 2701 1148 2760 caelorum
1179 2700 1358 2757 sidera
1388 2705 1595 2765 sontes,

310 2797 478 2867 Queis
503 2805 721 2854 servata
744 2804 918 2853 restat
943 2796 1246 2853 tenebrosis
1269 2808 1431 2865 poena
1456 2791 1723 2865 procellis.

313 2888 517 2960 Nempe
542 2884 687 2944 feras
713 2895 923 2960 gentes,
950 2894 1007 2942 et
1028 2886 1180 2957 ponti
1212 2883 1444 2940 barbam
1466 2900 1655 2956 regna,

311 2980 480 3037 Iudas
512 2981 584 3037 ad
611 2979 901 3038 Dominum
924 2976 1187 3035 doctrinis
1214 2975 1442 3032 ﬂexerat
1468 2976 1656 3043 almis;

310 3070 480 3147 Cujus
502 3072 559 3128 in
582 3070 839 3127 Armenia
865 3072 1101 3142 sopitum
1128 3078 1307 3126 morte
1331 3070 1589 3136 cadaver,

312 3164 769 3221 Exsurrecturum
802 3160 955 3218 fatali
990 3160 1120 3233 ﬁne,
1159 3160 1426 3233 quiescit:
1487 3155 1492 3161 ’

313 3255 425 3316 Sed
452 3265 636 3313 tamen
655 3256 920 3313 :ethereas
941 3254 1195 3310 lustravit
1218 3253 1442 3326 spiritus
1465 3268 1641 3311 arces.
1677 3254 1682 3259 ’

993 3344 1195 3401 CLXV.

315 3436 497 3495 Poeta
529 3437 700 3495 aratio
727 3439 815 3493 ad
834 3435 1111 3493 duodecim
1144 3434 1409 3509 apostolos
1444 3452 1607 3505 supra
1639 3433 1903 3490 laudatos.

310 3527 437 3589 Iam
458 3530 546 3587 bis
566 3544 698 3587 sena
722 3528 886 3585 simul
906 3528 1105 3600 digessi
1129 3528 1350 3585 nomina
1374 3528 1617 3594 Patrum,

314 3621 363 3680 E
386 3620 583 3694 quibus
600 3619 913 3678 Altithrono
935 3634 1234 3677 conversus
1260 3620 1491 3677 credidit
1516 3620 1683 3676 orbis.

315 3714 430 3773 Bos
452 3713 703 3788 precibus
728 3728 898 3769 verna
924 3711 953 3753 ἀ
978 3712 1209 3779 crebris,
1242 3719 1299 3768 et
1326 3720 1548 3784 pectore
1573 3711 1740 3778 fulvo,

317 3804 394 3864 Ut
414 3806 547 3864 mihi
567 3804 864 3862 clementer
889 3818 1156 3860 noxarum
1184 3803 1427 3873 pondera
1458 3802 1672 3867 laxent;

316 3897 389 3954 Et
411 3896 627 3954 veniam
648 3895 842 3952 dantes
868 3894 1160 3951 commissa
1188 3892 1400 3965 piacula
1428 3892 1642 3948 solvant
1670 3907 1685 3947 :

310 3987 599 4057 Quatenus
624 3986 681 4042 in
709 3986 953 4057 requiem
982 3984 1167 4040 divina
1187 3985 1361 4056 gratia
1394 3994 1421 4023 ο
1444 3982 1637 4049 fretus,

318 4076 552 4136 Ultimus
574 4077 865 4151 ingrediar,
889 4074 1108 4132 Christo
1126 4085 1425 4147 pugnante,
1449 4090 1548 4145 per
1570 4076 1763 4130 aethra.

992 4186 1217 4244 CLXVI.

747 4280 931 4339 Sancti
964 4278 1202 4335 Hatthicz
1229 4278 1474 4350 apostoli.

317 4375 436 4433 IIoc
460 4388 620 4433 sacer
641 4375 899 4432 observat
926 4372 1197 4428 dilubrum
1225 4369 1483 4426 Matthias
1510 4361 1729 4438 almum,

320 4464 475 4524 Unus
506 4464 602 4536 qui
632 4462 806 4519 fertur
842 4462 911 4519 de
936 4460 1277 4533 septuaginta
1312 4458 1480 4515 fuisse

319 4555 609 4627 Discipulis
631 4552 865 4621 Domini,
893 4551 987 4624 qui
1014 4567 1231 4607 sacrum
1258 4551 1452 4624 dogma
1477 4552 1761 4608 docebant.

319 4646 493 4716 Quem
511 4646 654 4702 Deus
678 4644 909 4702 electum
932 4642 1167 4715 signavit
1192 4651 1341 4698 sorte
1365 4659 1622 4715 superna,

319 4736 460 4793 Dum
481 4733 649 4793 ludas
677 4733 949 4799 Scarioth,
981 4731 1205 4803 stropha
1231 4732 1491 4803 deceptus
1519 4733 1727 4805 iniqua,

320 4829 550 4885 Culmen
579 4824 862 4896 apostolici
890 4822 1095 4879 celsum
1123 4822 1387 4894 perdebat
1410 4824 1653 4891 honoris,

319 4921 501 4993 Atque
528 4918 694 4975 ﬁbras
718 4915 890 4974 olidas
916 4922 1056 4970 tetro
1084 4929 1209 4968 cum
1230 4914 1438 4970 viscere
1467 4914 1657 4980 fundit,

320 5015 457 5072 Cum
479 5013 691 5084 crepuit
716 5010 926 5066 medius
953 5008 1149 5079 laqueo
1176 5023 1472 5080 suspensus
1496 5008 1568 5063 ab
1595 5010 1703 5066 alto
1728 5029 1743 5077 ;

393 5140 420 5169 ι
452 5125 620 5192 Quem
672 5122 886 5178 duxisse
919 5119 1116 5193 ferunt.
1153 5118 1347 5193 Iudam
1404 5119 1755 5193 'I'baddaeum,
1784 5132 1911 5193 post

320 5190 525 5254 Christi
547 5190 941 5257 ascensionem,
962 5191 1222 5247 Edessam
1259 5190 1331 5261 ad
1374 5205 1557 5261 regem
1598 5190 1904 5261 Abagai'um

324 5268 553 5323 missum
572 5264 762 5330 fuisse,
794 5273 1017 5332 sanctus
1036 5276 1256 5332 quoque
1294 5260 1653 5332 Hieranymus
1674 5260 1909 5319 credidit

325 5337 407 5411 (In
429 5336 619 5393 Matth.
638 5349 772 5411 cap.
800 5350 858 5399 x,
884 5332 963 5402 ι).
987 5330 1094 5386 Alii
1118 5330 1263 5411 vero_
1278 5330 1574 5411 scriptores
1597 5334 1911 5411 existimant

324 5403 579 5463 sanctum
637 5403 1025 5474 Hieronymum
1082 5403 1729 5474 non_bene__distinxisse
1764 5405 1907 5460 inter

325 5476 663 5557 Thaddzeum
714 5472 1017 5557 apostolum
1034 5480 1127 5557 “et
1174 5472 1701 5557 alium‘j‘haddzpum
1741 5490 1908 5557 unum

325 5565 395 5604 ex
418 5547 490 5603 70
519 5543 816 5614 discipulis,
845 5558 1007 5614 quem
1034 5543 1298 5599 Eusebius
1319 5543 1518 5598 Hister.
1544 5543 1751 5599 Eecles.
1782 5546 1906 5600 libr.

328 5636 371 5686 ι,
401 5635 451 5675 c.
484 5618 581 5684 l5;
609 5614 734 5672 libr.
762 5629 824 5679 II,
853 5632 903 5670 c.
936 5614 985 5675 l.
1009 5629 1040 5686 a
1070 5622 1258 5686 sancto
1278 5614 1491 5686 rTboma
1517 5617 1761 5686 apostolo
1781 5618 1911 5672 mis-

328 5684 472 5753 sum,
501 5688 661 5759 paulo
678 5695 803 5756 post
826 5685 1199 5742 ascensionem
1229 5684 1430 5740 Christi
1454 5686 1507 5739 in
1549 5684 1767 5753 coelum,
1822 5703 1913 5742 vc-

329 5761 477 5815 nisse
522 5759 778 5815 Edessam
817 5764 1081 5812 memorat
1115 5756 1185 5811 ad
1212 5770 1391 5815 regem
1416 5756 1745 5815 Abatzarum.
1800 5757 1912 5813 Til-

329 5774 477 5816 IIISSO
522 5774 778 5815 wessam
817 5774 1081 5812 ωεωοηι
1115 5774 1185 5811 aa
1212 5774 1391 5816 regem
1416 5774 1745 5816 nnagarum.
1801 5774 1833 5812 Ἰ
1848 5774 1912 5813 ΙΙ⁴

331 5774 477 5816 uisse
522 5772 778 5815 messam
817 5772 1081 5812 memorat
1115 5772 1185 5811 au
1212 5772 1391 5823 regem
1416 5772 1745 5826 nnagarum.
1800 5772 1831 5812 Ἰ

331 5830 553 5888 iemont.
579 5828 616 5885 ι.
645 5831 764 5899 cit.,
790 5835 903 5885 n'ot.
934 5826 967 5883 5
993 5842 1087 5885 sur
1107 5826 1248 5883 saint
1273 5824 1526 5884 Thomas.
1553 5843 1676 5903 pag.
1709 5828 1831 5887 615.

2046 1982 2049 1987 ι
2076 1950 2304 2007 Michael
2334 1963 2548 2008 summa
2570 1953 2626 2009 in
2655 1969 2784 2009 arce
2807 1955 3059 2011 minister
3087 1954 3257 2021 ades;

2005 2038 2356 2113 Aliger-osque
2376 2043 2519 2097 inter
2541 2044 2719 2099 socios
2740 2060 2840 2116 per
2860 2044 3006 2101 secla
3042 2046 3316 2103 manentis

2075 2132 2339 2200 Luminis,
2369 2143 2427 2189 et
2451 2136 2602 2205 pacis
2631 2150 2800 2206 regna
2822 2135 2984 2192 beata
3010 2137 3161 2191 canis
3193 2155 3207 2191 :

2002 2220 2252 2297 Protege,
2277 2239 2443 2295 quam
2470 2226 2631 2281 terris
2656 2226 2752 2281 tibi
2772 2226 2897 2298 jure
2924 2228 3223 2283 dicavimus
3252 2226 3455 2295 aulam,

2074 2315 2339 2386 Optantes
2371 2317 2625 2387 precibus
2656 2318 2920 2374 scandere
2950 2319 3019 2373 ad
3047 2328 3197 2375 astra
3230 2320 3362 2377 tuis.

2004 2404 2273 2478 Igneaque
2301 2404 2485 2464 infesti
2511 2418 2745 2463 noceant
2772 2424 2841 2464 ne
2868 2408 2971 2463 tela
3000 2410 3277 2478 draconis,

2074 2497 2400 2554 Continuam
2432 2497 2663 2553 inﬁrmis
2695 2499 2873 2569 pande
2904 2500 3168 2571 benignus
3202 2516 3384 2574 opem.

2004 2588 2283 2657 Quatenus
2309 2588 2525 2658 expleto
2548 2589 2675 2645 belli
2705 2594 2989 2661 praesentis
3014 2607 3209 2664 agone,

2079 2678 2158 2735 Ad
2181 2677 2427 2751 palmam.
2447 2678 2569 2735 vita:
2596 2695 2695 2736 nos
2723 2689 2815 2736 tua
2840 2682 3036 2738 dextra
3059 2683 3219 2740 levet.

2696 2773 2903 2830 CLXIX
2913 2814 2930 2829 .

2318 2863 2395 2923 De
2427 2867 2624 2922 catenis
2658 2868 2828 2921 sancti
2863 2867 3014 2923 Petri
3054 2871 3301 2941 apostoli.

2006 2955 2105 3014 Bis
2130 2955 2361 3012 solidata
2382 2954 2537 3023 ﬁdes,
2565 2957 2651 3013 his
2674 2966 2763 3012 est
2787 2958 2905 3025 tibi,
2935 2956 3129 3026 Roma,
3153 2959 3386 3026 catenis,

2006 3046 2290 3119 Simplicio
2314 3063 2462 3103 nunc
2488 3048 2604 3117 ipse
2633 3048 2788 3104 dedit
2808 3064 2965 3105 sacra
2988 3049 3112 3121 jure
3138 3058 3345 3107 tenere.

2006 3137 2205 3196 Libera
2226 3153 2445 3211 semper
2467 3139 2576 3194 eris
2603 3156 2619 3193 :
2640 3140 2770 3209 quid
2791 3142 2936 3197 enim
2954 3157 3064 3198 non
3084 3143 3300 3199 vincula
3320 3150 3602 3215 prmstent,

1931 3210 1980 3273 ε
2008 3228 2142 3299 Quae
2168 3210 2367 3303 tetigit,
2393 3230 2486 3301 qui
2510 3238 2704 3286 cuncta
2725 3238 2907 3301 potest
2931 3232 3256 3289 absolvere?
3284 3210 3442 3306 cujus

2007 3318 2135 3376 Hac
2161 3320 2362 3376 invicta
2392 3336 2606 3387 manus,
2632 3320 2717 3377 vel
2744 3322 3015 3394 relligiosa
3040 3324 3318 3396 triumpho

2005 3412 2206 3469 lania
2228 3429 2339 3469 non
2366 3412 2476 3468 ullo
2502 3414 2719 3484 penitus
2745 3416 3062 3485 quatientur
3089 3416 3161 3472 ab
3185 3417 3360 3473 hoste.

2005 3500 2222 3560 Claudit
2252 3503 2357 3559 iter
2374 3501 2552 3571 bellis,
2579 3505 2675 3575 qui
2699 3513 2911 3577 portam
2932 3508 3123 3578 pandit
3153 3508 3207 3564 in
3239 3508 3423 3566 astris.

2694 3594 2904 3655 CLXX.

2293 3685 2477 3742 Sancti
2526 3684 2686 3742 Pauli
2731 3689 2957 3759 apostoli
2993 3690 3314 3748 intercessio.

2005 3775 2363 3847 Omnipotens
2392 3776 2627 3848 genitor,
2657 3780 2869 3834 cunctis
2897 3781 2991 3850 qui
3016 3781 3266 3852 gentibus
3292 3781 3496 3839 almum

2082 3867 2314 3941 Egregia
2341 3866 2493 3923 Pauli
2522 3868 2704 3924 fundis
2732 3869 2801 3924 ab
2822 3885 2917 3925 ore
2936 3869 3117 3939 jubar.

2005 3957 2152 4015 Illius
2177 3957 2334 4013 nobis
2357 3957 2610 4030 precibus
2630 3959 2697 4013 da
2727 3960 2943 4030 gaudia,
2970 3976 3135 4033 regna

2079 4046 2190 4108 Nos
2217 4051 2375 4124 Cujus
2403 4052 2624 4107 monitis
2655 4066 2881 4122 poscere
2913 4053 3059 4109 celsa
3081 4052 3261 4124 iubes.

2696 4141 2926 4200 CLXXI.

2291 4234 2376 4288 Ad
2400 4231 2647 4304 templum
2669 4235 2838 4289 sancti
2866 4234 3029 4291 Pauli
3047 4236 3293 4308 apostoli.

2008 4325 2110 4393 Qui
2138 4339 2301 4380 cruce
2330 4324 2571 4378 munitus
2600 4337 2829 4393 superas
2853 4321 2968 4380 fera
2994 4327 3177 4397 praelia
3208 4328 3418 4396 mundi,

2077 4416 2394 4486 Felicesque
2426 4413 2598 4469 trahis
2619 4415 2794 4471 victor
2820 4416 2888 4471 ad
2916 4424 3062 4472 astra
3098 4418 3314 4475 choros.

2008 4508 2180 4567 Serva
2214 4505 2384 4581 [ἰείη
2417 4503 2595 4578 saeva]
2618 4546 2633 4571 ,
2678 4503 2864 4574 Paule,
2898 4507 2978 4563 tui
3020 4509 3327 4565 veneranda
3358 4509 3600 4567 sacraria

2079 4669 2157 4726 Ne
2185 4671 2326 4725 latro
2349 4667 2684 4740 depopulans
2705 4675 2883 4725 vastet
2903 4669 3044 4727 ovile
3072 4680 3243 4727 tuum.
3338 4598 3591 4675 nemp“.

2669 4758 2922 4815 CLXXII.

2112 4853 2195 4907 Ad
2222 4850 2471 4925 templum
2504 4860 2809 4908 sanctorum
2838 4847 3092 4923 Stephani
3123 4862 3173 4908 et
3214 4851 3491 4910 laurentii

2646 4931 2959 4993 martyrum.

2006 5014 2087 5070 En
2112 5011 2421 5085 Stephanus
2456 5010 2665 5084 lapides
2695 5011 2904 5079 suﬁ'ert,
2930 5012 3254 5069 Laurentius
3278 5015 3454 5086 ignes,

2078 5127 2108 5166 δ
2145 5125 2277 5195 Leg.
2307 5125 2539 5195 acetiam.

2080 5208 2103 5235 ε
2136 5194 2400 5252 Binum...
2454 5194 2696 5261 Biblum,
2758 5195 2812 5250 id
2848 5206 2933 5251 est
2956 5195 3145 5250 binum
3180 5196 3398 5259 librum,
3424 5212 3595 5254 unum

2008 5275 2219 5323 tantum
2273 5272 2453 5348 exstat
2514 5265 2742 5350 apostoli
2792 5263 2945 5350 inda;
2971 5267 3325 5350 scriptum;
3352 5266 3594 5350 Epistula

2009 5351 2203 5419 nempe
2256 5336 2516 5418 canonica
2558 5337 2812 5392 omnibus
2862 5336 3229 5419 ﬁdelibus,.in
3276 5336 3597 5394 Deo—Patre

2008 5407 2338 5489 dilectuetna
2361 5405 2570 5489 Cltrtsto
2601 5405 2731 5489 Iesu
2751 5417 2945 5489 vocatis
2958 5432 2973 5473 ,-
2989 5413 3249 5489 mscrtpta
3265 5425 3281 5474 ;
3296 5406 3440 5489 aliud
3460 5410 3596 5489 stt-ri-

2044 5485 2159 5532 tum
2185 5477 2254 5533 ab
2282 5476 2526 5533 Ecclesia
2554 5485 2831 5547 receptum
2862 5476 3174 5546 ignoratur:
3194 5477 3330 5536 Nam
3356 5478 3598 5535 Pseudo—-

2032 5547 2381 5621 ivangelium,
2411 5546 2520 5621 divi
2557 5544 2708 5621 Iud?
2759 5544 2979 5621 nomine
3008 5558 3379 5621 personatum,
3429 5548 3591 5606 Gela-

2010 5617 2416 5699 siushpontifex
2480 5618 2826 5690 improbavit.
2877 5617 3073 5675 Miru'm
3118 5619 3165 5678 si
3201 5621 3258 5677 id
3303 5619 3593 5679 Alcuinutn

2010 5690 2182 5746 latuit.
2410 5724 2411 5727 η

2078 5757 2106 5798 ἀ
2157 5756 2337 5825 Forte,
2363 5775 2593 5817 veneror.

2083 5841 2108 5869 ο
2150 5829 2277 5903 ch.
2316 5830 2490 5885 divino
2510 5846 2739 5887 munere.
