4106 6492
505 311 608 367 ⁸771
1358 310 1421 366 B.
1463 309 1525 367 Ρ.
1567 308 1797 366 ΑιΒιΝι
1836 307 1970 366 SEU
2008 306 2083 362 AI

2207 304 2289 360 [NI
2327 301 2617 361 OPERUM
2652 299 2833 356 PARS
2873 300 2960 357 VI.
3693 283 3803 343 ’ἵἸὲ

579 417 792 491 Perque
820 419 926 474 iter
948 425 1237 491 angust
1261 432 1432 489 regna
1455 418 1617 473 beata
1639 426 1850 490 petunt.

504 505 638 565 lure
660 510 827 565 micat
845 508 1008 565 rutilo
1028 509 1314 566 levitarum
1341 510 1462 566 aula
1487 511 1689 578 colore,

579 597 727 669 Quos
750 601 877 657 vita:
901 601 971 657 ad
993 600 1230 674 palmam
1257 617 1406 658 mors
1434 604 1674 673 pretiosa
1703 608 1881 658 vocat.

1169 692 1443 750 CLXXIII.

838 785 919 841 Ad
952 801 1103 841 aram
1135 786 1299 842 beatae
1330 786 1549 858 virginis
1581 785 1795 844 Maria.

507 879 673 953 Virgo
693 878 790 935 Dei
815 878 1072 952 genitrix,
1098 887 1301 935 nostra;
1320 866 1508 952 regina
1532 880 1747 945 salutis,

578 972 679 1028 llic
698 972 949 1043 precibus
970 970 1187 1027 famulis
1213 970 1479 1028 auxiliare
1509 972 1636 1028 tuis.

507 1063 625 1121 Hoc
646 1066 821 1122 altare
840 1065 950 1120 tuis
969 1064 1228 1135 quoniam
1256 1072 1344 1119 est
1360 1063 1677 1120 venerabile
1702 1064 1868 1130 votis,

577 1153 893 1229 Virginibus
922 1155 1096 1212 sacris
1124 1155 1265 1223 laus,
1298 1156 1489 1223 decus,
1514 1164 1678 1227 atque
1706 1156 1876 1212 salus.

1163 1247 1442 1307 CLXXIV.

722 1340 805 1396 Ad
835 1339 1112 1399 ecclesiam
1147 1350 1194 1397 et
1231 1360 1383 1401 aram
1419 1345 1585 1399 beatm
1638 1341 1890 1416 Virginis.

511 1434 636 1493 Rrec
656 1435 752 1491 tibi
776 1445 965 1493 sancta
987 1436 1180 1492 domus
1200 1445 1391 1491 sancta
1413 1445 1517 1504 est,
1547 1438 1896 1495 sanctissima
1915 1434 2100 1510 Virgo,

511 1526 673 1601 Virgo
704 1526 894 1595 Maria,
924 1527 1018 1583 Dei
1049 1541 1115 1582 ac
1142 1528 1371 1599 genitrix
1399 1528 1603 1585 intacta
1632 1530 1919 1589 Tonantis.

507 1617 834 1691 Perpetuam
868 1620 1071 1675 mundo
1104 1620 1337 1692 genuisti
1375 1621 1531 1693 virgo
1561 1621 1812 1689 salutem,

508 1709 849 1783 Quapropter
876 1710 1110 1766 mundus
1134 1718 1282 1767 totus
1308 1718 1363 1766 te
1388 1711 1576 1774 laudat
1597 1712 1816 1783 ubique.

506 1800 590 1859 En
610 1816 713 1874 ego
731 1803 929 1873 quippe
952 1811 1077 1858 tuus
1104 1800 1338 1858 famulus
1362 1811 1416 1859 te
1437 1802 1598 1860 laudo
1620 1802 1939 1871 Cammnis;

507 1894 592 1950 'I‘u
611 1894 744 1950 mihi
768 1893 943 1950 dulcis
967 1908 1141 1960 amor,
1172 1891 1358 1961 decus,
1385 1903 1441 1950 et
1468 1910 1594 1966 spes
1622 1910 1819 1966 magna
1854 1894 2066 1951 salutis.

503 1987 784 2045 Auxiliare
812 1996 962 2043 tuum
992 2003 1232 2056 servum,
1259 1987 1564 2044 clarissima
1588 1986 1756 2060 Virgo
1780 2005 1796 2055 ;

506 2079 627 2138 Vox
655 2095 778 2137 mea
805 2087 859 2136 te
886 2079 1144 2153 lacrymis
1172 2080 1375 2152 pulsat,
1402 2096 1559 2138 mens
1586 2080 1743 2136 ardet
1771 2096 1993 2138 amore:

504 2170 619 2230 Nec
639 2187 749 2228 non
769 2179 1092 2228 cunctorum
1116 2173 1369 2243 precibus
1390 2174 1480 2230 hic
1510 2190 1691 2233 annue
1714 2174 1970 2243 fratrum,

502 2265 592 2323 Ad
620 2273 675 2322 te
698 2266 792 2338 qui
817 2264 1059 2321 clamant
1083 2283 1096 2320 :
1120 2263 1306 2338 Virgo,
1337 2273 1395 2322 tu
1419 2269 1598 2339 gratia
1616 2268 1794 2339 plena,

502 2359 613 2417 Per
633 2367 687 2416 te
704 2366 994 2415 conservet
1013 2374 1229 2429 semper
1246 2375 1348 2415 nos
1367 2361 1541 2432 gratia
1563 2360 1789 2419 Christi.

500 2448 747 2521 Quisque
768 2450 916 2522 legas
939 2466 1131 2506 versus
1155 2450 1281 2507 dic:
1309 2450 1546 2518 Christe,
1574 2460 1726 2509 tuere
1752 2462 1994 2525 poetam,

505 2542 637 2600 Hau:
657 2558 874 2615 quoque
897 2558 1091 2599 mensa
1117 2550 1209 2598 tuo
1234 2552 1449 2599 sacrata
1472 2553 1557 2600 est
1578 2545 1818 2611 nomine,
1848 2544 2036 2618 Virgo,

506 2632 593 2689 Tu
623 2635 811 2707 regina
839 2635 969 2704 poli,
1000 2635 1177 2705 campi
1206 2633 1324 2701 llos,
1357 2635 1469 2690 lilia
1496 2636 1708 2703 mundi,

504 2724 708 2782 Hortus
733 2726 1043 2793 conclusus,
1075 2728 1202 2781 vitae
1229 2726 1373 2794 fons,
1399 2743 1541 2782 vena
1569 2728 1784 2783 salutis.

503 2817 705 2891 Accipe.
727 2818 1029 2875 clementer
1058 2819 1387 2875 famulorum
1412 2828 1539 2876 vota
1566 2828 1805 2887 tuorum,

505 2912 683 2985 Atque
706 2911 820 2969 Deo
851 2911 1073 2971 Christo
1101 2913 1291 2969 humili
1320 2929 1453 2985 rogo
1478 2915 1644 2971 redde
1667 2923 1916 2987 precatu.

1171 3002 1408 3061 CLXXV

932 3095 1015 3150 ΑΗ
1046 3112 1199 3151 aram
1228 3098 1399 3152 sancti
1430 3096 1674 3153 Martini.

506 3188 625 3247 lioc
650 3187 821 3244 altare
850 3188 947 3256 tibi
973 3196 1208 3257 constat,
1236 3190 1490 3257 Martinc,
1515 3193 1779 3256 dicatum,

579 3278 875 3338 Confessor
896 3281 1106 3337 meritis
1133 3298 1365 3354 magnus
1398 3283 1453 3337 in
1481 3281 1616 3337 orbe
1644 3282 1769 3353 piis.

1175 3373 1455 3430 CLXXVI.

797 3462 881 3520 Ad
914 3473 1157 3522 sanctum
1193 3464 1457 3520 Joannem
1488 3465 1806 3537 Baptistam.

509 3558 559 3617 0
587 3559 829 3629 Baptista
851 3566 1066 3630 potens,
1095 3558 1305 3614 tinxisti
1331 3558 1387 3614 in
1403 3556 1641 3615 Iordane
1663 3559 1961 3626 Christum,

582 3652 682 3711 llic
706 3654 958 3726 precibus
982 3652 1105 3709 lava
1126 3652 1356 3709 crimina
1385 3661 1574 3709 nostra
1593 3652 1719 3709 tuis.

1052 3742 1219 3817 225.
1268 3742 1567 3800 CLxxvu.

948 3834 1027 3889 Ad
1063 3850 1213 3889 aram
1248 3836 1420 3890 sancti
1454 3834 1669 3890 Aniani.

511 3927 629 3986 liae
657 3927 781 4001 pius
816 3925 1062 3983 Anianus
1095 3942 1252 3983 sacra
1287 3936 1626 3983 memoratur
1661 3927 1717 3982 in
1756 3943 1875 3994 ara,

582 4018 878 4075 Confessor
901 4017 1104 4075 Christi
1125 4027 1348 4075 sanctus
1374 4020 1428 4075 in
1456 4035 1551 4075 ore
1575 4020 1679 4077 sui.

1150 4110 1477 4167 CLXXVIII.

727 4201 811 4257 Ad
838 4202 1091 4274 templum
1121 4212 1172 4259 et
1207 4202 1379 4259 altare
1415 4205 1587 4260 sancti
1628 4203 1890 4260 Hedardi.

515 4286 643 4345 Ilico
674 4301 760 4347 est
784 4293 905 4348 aula
931 4293 1149 4365 quidem
1180 4294 1353 4350 sancti
1383 4295 1690 4350 veneranda
1726 4293 1998 4360 Medardi;

586 4383 741 4440 Haud
769 4386 949 4442 minus
976 4386 1147 4442 altare
1174 4388 1280 4443 hoc
1308 4388 1456 4444 illius
1479 4402 1599 4444 esse
1632 4388 1819 4458 liquet.

514 4474 634 4533 lluc
659 4477 969 4549 quicunque
996 4478 1101 4535 lidc
1131 4481 1331 4544 veniat,
1368 4496 1464 4537 sua
1493 4482 1725 4536 crimina
1758 4481 1909 4550 ﬂere,

585 4568 669 4626 0b
692 4572 945 4627 meritum
975 4573 1171 4639 sancti,
1208 4574 1296 4629 hic
1325 4574 1556 4646 accipiet
1582 4575 1817 4629 veniam.

1169 4666 1453 4722 CLXXIX.

698 4752 777 4806 Ad
801 4771 953 4810 aram
980 4766 1284 4813 sanctorum
1312 4756 1556 4824 Quintini
1587 4768 1634 4812 et
1665 4758 1926 4829 Dionysii.

515 4842 630 4900 llac
654 4844 763 4900 duo
784 4847 1033 4919 praeclari
1057 4848 1247 4905 Patres
1271 4858 1602 4907 venerantur
1627 4852 1682 4907 in
1710 4867 1828 4917 ara,

516 4936 809 5003 Quintinus
834 4941 1125 5011 siquidem,
1154 4949 1376 4999 sanctus
1405 4942 1695 5014 Dionysius
1719 4953 1906 5013 atque,

517 5026 617 5089 ilic
636 5029 918 5087 confessor
945 5043 1067 5087 erat
1096 5031 1324 5099 Christi,
1353 5033 1447 5089 sed
1481 5044 1692 5106 martyr
1717 5042 1773 5089 et
1800 5034 1920 5098 ille;

515 5122 600 5179 Ad
626 5121 911 5178 Dominum
936 5123 1111 5193 prosit
1135 5140 1367 5194 quorum
1398 5125 1718 5183 intercessio
1754 5126 1930 5181 nobis.

1184 5212 1441 5269 CLXXX.

759 5301 843 5356 Ad
873 5318 1025 5358 aram
1045 5313 1348 5360 sanctorum
1374 5304 1539 5362 Saleii
1561 5316 1611 5363 et
1632 5306 1883 5365 Amandi.

522 5396 737 5455 Salvius
764 5396 908 5452 hanc
935 5412 1108 5462 aram,
1138 5412 1335 5468 magno
1365 5413 1581 5471 quoque
1603 5440 1619 5455 .
1640 5442 1653 5456 .
1677 5442 1692 5457 .
1716 5402 1964 5464 Amando
1988 5420 2013 5449 ι

589 5489 1007 5561 Amplectuntur
1032 5491 1177 5546 enim
1208 5493 1483 5549 mentibus
1507 5494 1770 5552 ambobus
1797 5497 1827 5539 δ

524 5584 697 5643 Ambo
719 5583 976 5642 florentes
1002 5585 1313 5653 virtutibus,
1342 5585 1500 5643 ambo
1521 5590 1749 5659 perenni

596 5732 623 5795 ξ
660 5720 843 5795 Εοτῐε,
870 5738 1091 5795 magnus
1111 5739 1313 5795 quoque
1331 5733 1545 5784 sanctus
1566 5724 1859 5783 Amandus.

598 5792 628 5835 δ
663 5792 846 5863 Forte,
885 5792 1036 5849 ambo
1062 5792 1171 5851 suis
1197 5792 1275 5852 vel
1298 5796 1419 5856 viis.

2131 421 2180 480 Α
2278 414 2556 473 (ἔωιοιδυω
2578 430 2771 487 regno,
2800 414 3099 479 credimus,
3122 418 3184 468 ut
3209 417 3490 467 maneant.

2868 504 3155 564 CLXXXI.

2438 598 2522 653 Ad
2549 597 2823 655 ecclesiam
2846 605 2896 652 et
2927 613 3079 653 aram
3107 593 3278 650 sancti
3308 590 3575 648 Haut-itii.

2206 689 2396 748 Victor
2417 691 2488 748 ab
2510 693 2668 749 hoste
2695 691 2859 757 redit,
2882 691 3069 746 divino
3093 703 3323 747 munere
3351 685 3558 751 clarus,

2278 782 2415 837 Dum
2439 781 2561 856 [F.,
2579 782 2727 855 cum]
2748 782 2960 853 legione
2984 796 3157 847 sacra,
3182 780 3359 835 victor
3377 777 3446 834 ab
3466 777 3623 834 hoste
3642 773 3803 829 redit.

2207 873 2397 929 Proelia
2426 890 2561 947 pace
2592 874 2687 931 Dei
2718 874 3004 930 Mauritius
3028 874 3197 929 ardua
3220 871 3375 940 vicit,

2276 966 2625 1037 Exsuperans
2648 967 2836 1024 mundi
2859 968 3064 1038 prazlia,
3096 981 3228 1036 pace
3258 966 3377 1020 Dei.

2206 1055 2335 1114 Haec
2372 1060 2595 1127 domus,
2632 1075 2784 1128 ecce,
2823 1075 2923 1117 suo
2960 1058 3178 1116 titulata
3214 1068 3297 1115 est
3334 1056 3558 1116 nomine
3593 1062 3807 1119 sancta,

2276 1147 2505 1221 Fulgeat
2528 1159 2587 1206 et
2612 1151 2842 1217 meritis,
2882 1152 3000 1207 haec
3025 1151 3217 1207 domus
3245 1163 3374 1205 ecce
3399 1147 3513 1205 suis
3538 1163 3556 1214 ;

2206 1242 2373 1313 Cujus
2394 1244 2601 1302 honore
2623 1261 2841 1302 sacrum
2863 1253 2920 1302 et
2944 1247 3112 1301 micat
3141 1246 3246 1302 hoc
3272 1244 3448 1300 altare
3475 1241 3735 1305 dicatum,

2278 1334 2526 1393 Gaudeat
2552 1343 2608 1393 et
2638 1336 2871 1410 populus
2909 1339 3065 1409 cujus
3098 1338 3307 1393 honore
3341 1348 3519 1391 sacro.

2860 1430 3167 1487 CLXXXII.

2497 1526 2583 1581 Ad
2608 1540 2762 1580 aram
2789 1525 2960 1581 sancti
2985 1524 3214 1581 Joannis
3241 1521 3517 1594 Baptista.

2208 1614 2315 1671 Ara
2341 1616 2528 1673 dicata
2548 1616 2650 1673 tibi
2677 1617 2845 1673 micat
2866 1617 3005 1683 haec,
3036 1617 3282 1689 Baptista
3311 1613 3591 1679 Joannes;

2206 1707 2484 1766 Laudibus
2507 1710 2651 1766 hanc
2670 1709 2849 1782 dignis
2876 1725 3094 1783 semper
3116 1724 3327 1765 memor
3353 1715 3475 1764 esto
3499 1701 3805 1762 colendam.

2132 1780 2181 1843 Β
2206 1800 2312 1870 Qui
2334 1802 2625 1860 Dominum
2658 1780 2833 1861 sacris
2861 1780 3109 1861 meruisti
3148 1803 3360 1876 tingere
3394 1802 3450 1857 in
3480 1800 3662 1867 undis.

2206 1891 2254 1950 0
2282 1891 2446 1950 felix!
2479 1893 2732 1966 precibus
2765 1902 2984 1951 nostras
3007 1895 3101 1952 hic
3124 1894 3287 1951 ablue
3311 1894 3520 1967 culpas.

2833 1986 3165 2045 CLXXXIIL

2588 2078 2675 2135 Ad
2694 2080 2950 2137 sacellum
2975 2084 3149 2137 sancti
3176 2079 3423 2137 Martini.

2205 2170 2324 2229 Hoc
2351 2170 2581 2230 defende
2604 2174 2715 2230 tuis
2741 2174 3017 2244 precibus,
3050 2173 3304 2240 Martiae,
3334 2171 3595 2232 sacellum

2207 2262 2431 2333 Sancte,
2462 2266 2591 2339 piis,
2622 2266 2783 2322 simul
2812 2273 2870 2322 et
2899 2276 3119 2324 nostras
3153 2267 3378 2339 dignare
3407 2273 3634 2338 rogatus

2206 2356 2499 2428 Esaudire,
2525 2356 2710 2424 Pater,
2738 2357 2923 2414 varios
2949 2373 3015 2413 ac
3041 2357 3287 2429 deprime
3321 2355 3520 2413 fluctus

2206 2449 2422 2519 Cordis,
2451 2460 2516 2507 ut
2540 2460 2802 2509 mter-nam
2825 2451 3109 2506 valeamus
3131 2466 3357 2523 carpere
3381 2450 3555 2505 vitam

2839 2543 3170 2602 CLXXXIV.

2422 2635 2504 2690 Ad
2532 2637 2806 2692 ecclesiam
2830 2638 3004 2693 sancti
3029 2635 3284 2707 Stephani
3308 2636 3580 2707 martyris.

2210 2724 2337 2783 llaec
2374 2725 2613 2800 (domus)
2652 2738 2856 2784 aeterna
2894 2728 3061 2784 micat
3094 2728 3371 2800 Stephano
3409 2734 3812 2800 protomartyre

3488 2819 3737 2894 [magno,

2208 2909 2311 2980 Qui
2342 2910 2559 2967 veniam
2591 2911 2735 2970 inter
2760 2913 2976 2970 veniam
3009 2924 3032 2952 ο
3066 2912 3432 2983 lapidantibus
3460 2911 3612 2967 illum

2209 3001 2493 3072 Deposcit;
2522 3002 2725 3059 Christi
2748 3018 2907 3060 sacra
2932 3013 3021 3062 est
3038 3004 3289 3077 exempla
3306 3011 3544 3060 secutus.

2131 3144 2183 3210 c
2210 3093 2441 3166 Adjuvat
2461 3110 2590 3153 ecce
2609 3096 2723 3152 suis
2745 3096 2998 3168 precibus
3019 3097 3139 3168 plus
3161 3104 3369 3169 martyr
3385 3096 3610 3151 amicos.

2836 3191 3143 3249 CLXXXV.

2499 3284 2579 3339 Ad
2604 3283 2853 3355 templum
2882 3284 3053 3340 sancti
3086 3282 3233 3338 Petri
3262 3283 3508 3354 apostoli.

2208 3374 2403 3433 Petrus
2422 3380 2720 3449 apostolico
2747 3388 3036 3437 conservet
3062 3380 3285 3436 nomine
3310 3394 3547 3453 semper,

2278 3467 2580 3527 Praeclarus
2598 3472 2873 3544 princeps,
2897 3480 3041 3529 tecta
3064 3480 3280 3529 sacrata
3305 3472 3426 3529 sibi.

2209 3556 2312 3626 Qui
2334 3559 2541 3616 clavem
2562 3561 2686 3619 «eli
2704 3563 2954 3620 manibus
2976 3565 3224 3635 deportat
3246 3563 3513 3629 honestis,

2277 3652 2615 3712 Clementem
2636 3657 2792 3714 nobis
2814 3658 3017 3730 pandat
3036 3658 3104 3714 ad
3127 3666 3273 3713 astra
3299 3658 3464 3713 viam.

2842 3747 3174 3806 CLXXXVI.

2470 3843 2551 3898 Ad
2576 3861 2731 3900 aram
2752 3855 3061 3899 sanctorum
3090 3844 3550 3917 archangslorum.

2208 3935 2363 3993 Hanc
2386 3946 2538 4009 regat
2555 3940 2899 4012 omnipotens
2927 3938 3155 3997 Michael
3178 3941 3406 4014 angelus
3436 3955 3611 4008 aram,

2278 4029 2385 4084 Pcr
2413 4046 2573 4102 quem
2602 4034 2781 4089 victus
2809 4042 2931 4089 crat
2954 4034 3195 4106 perﬁdus
3222 4034 3310 4091 ille
3332 4035 3525 4101 draco,

2208 4119 2278 4174 Et
2295 4121 2483 4190 procul
2512 4120 2718 4191 ejectus
2738 4122 2885 4179 celso
2905 4125 2972 4180 de
2996 4125 3232 4180 culmine
3259 4124 3384 4181 caeli

2280 4212 2381 4280 Qui
2405 4214 2627 4285 culpare
2648 4217 2798 4287 cupit
2820 4232 3037 4288 semper
3066 4218 3121 4272 in
3142 4233 3238 4273 ore
3263 4220 3401 4288 pios.

2209 4304 2463 4377 Iungitur
2498 4308 2626 4363 huic
2651 4307 2893 4377 Gabriel,
2925 4311 3106 4366 socius
3135 4312 3485 4379 venerabilis,
3517 4328 3648 4379 arm,

2282 4400 2383 4468 Qui
2412 4401 2613 4456 virtute
2634 4403 2724 4473 pia
2748 4402 2915 4476 fulget
2942 4405 2997 4460 in
3023 4420 3149 4462 arce
3176 4406 3304 4477 poli.

2131 4510 2185 4571 ι)
2211 4490 2377 4562 Cujus
2400 4493 2470 4547 ab
2490 4508 2586 4548 ore
2611 4510 2769 4551 sacro
2794 4498 2980 4553 mundi
3003 4513 3263 4570 generare
3284 4501 3512 4557 salutem

2282 4582 2482 4639 Didicit
2501 4593 2788 4653 :eternum,
2822 4587 2975 4659 virgo
3000 4588 3187 4655 Maria,
3215 4591 3406 4656 Deum,

2212 4672 2440 4730 Additur
2468 4676 2552 4731 his
2573 4676 2831 4747 Raphael,
2862 4679 3050 4735 oculos
3074 4682 3166 4749 qui
3190 4682 3327 4737 forte
3350 4683 3533 4739 Tobite

2283 4764 2528 4833 Sanavit,
2569 4779 2754 4824 natum
2802 4770 2955 4826 duxit
2988 4780 3047 4827 et
3084 4772 3171 4829 ille
3206 4790 3385 4830 suum.

2212 4858 2324 4914 llos
2348 4868 2462 4915 tres
2484 4860 2573 4917 hic
2600 4864 2857 4932 precibus
2885 4865 3088 4921 nostris
3115 4875 3296 4922 astare
3318 4883 3632 4941 precamur,

2283 4950 2483 5007 Audiat
2514 4964 2575 5007 ut
2598 4954 2829 5011 famulos
2852 4955 3101 5013 Christus
3126 4958 3197 5013 ab
3219 4974 3344 5015 arce
3370 4976 3517 5016 suos.

2827 5045 3182 5105 CLXXXVII.

2503 5140 2582 5197 Ad
2606 5157 2757 5194 aram
2790 5139 2962 5196 sancti
2987 5140 3213 5198 Joannis
3245 5143 3521 5217 Baptista.

2213 5234 2369 5291 Hanc
2395 5231 2637 5303 Baptista
2672 5240 2869 5302 potens
2894 5233 3107 5289 meritis
3137 5234 3401 5291 tutabitur
3418 5252 3592 5299 aram.

2286 5324 2389 5393 Qui
2412 5324 2698 5381 Dominum
2726 5321 3005 5384 Christum
3027 5325 3188 5380 tinxit
3213 5326 3269 5382 in
3294 5341 3455 5383 amne
3484 5342 3661 5386 sacro.

2215 5418 2314 5476 Ilic
2345 5418 2548 5475 electus
2581 5425 2703 5472 erat
2728 5418 2921 5473 matris
2952 5417 3020 5473 de
3046 5425 3269 5484 ventre;
3298 5417 3563 5478 Tonantis

2288 5511 2405 5568 Vox
2443 5508 2629 5576 Verbi,
2669 5517 2726 5565 et
2766 5518 2967 5565 nostra:
3002 5523 3183 5579 praeco
3219 5508 3413 5566 salutis
3444 5519 3586 5567 erat.

2218 5601 2318 5658 llic
2352 5600 2455 5659 fuit
2483 5602 2733 5677 egregius
2763 5600 2965 5658 Christi
2994 5602 3401 5675 paranympbus
3430 5602 3485 5659 in
3505 5604 3671 5669 orbe,

2292 5746 2315 5775 ε
2371 5734 2556 5803 Forte,
2583 5734 2815 5808 indignis
2834 5737 3015 5792 uenia.
