4106 6474
454 339 574 402 775

1173 457 1351 514 CCIV.

809 552 892 608 Ad
914 565 1064 605 arant
1092 550 1260 604 sancti
1289 545 1449 601 Pauli
1471 543 1712 618 apostoli.

464 644 695 702 Nomine
713 657 948 713 namque
976 648 1093 707 tuo,
1121 639 1313 696 doctor
1336 636 1642 694 clarissime
1669 634 1877 694 mundi.

466 735 632 792 Paule
657 734 771 791 Deo
793 731 1012 789 Christo
1037 730 1178 787 coelo
1197 735 1423 786 vocatus
1447 729 1515 783 ab
1548 727 1662 782 alto
1687 745 1702 778 :

471 823 599 880 Haec
616 836 858 894 praesens
884 820 1056 877 titulis
1081 820 1210 875 vitae
1238 816 1548 874 sacrabitur
1570 832 1691 882 ara,

467 915 528 972 In
557 929 666 986 qua
684 927 878 985 magna
899 910 1045 966 salus
1067 909 1236 976 venit,
1265 923 1392 979 spes
1415 915 1568 963 certa
1597 908 1811 963 salutis.

1180 1019 1336 1080 CCV.

750 1115 830 1172 De
855 1114 1185 1172 dedicatione
1215 1112 1446 1170 ecclesia
1477 1111 1801 1168 Gorziensis.

468 1215 577 1270 Ista
612 1213 806 1270 domus
836 1211 1068 1267 Domino
1092 1208 1333 1275 Christo,
1364 1211 1676 1280 sanctisque
1707 1210 1889 1264 dicata
1921 1215 2030 1272 est,

471 1304 732 1362 Ardentis
752 1301 881 1368 Iuli,
907 1302 1089 1372 quinis
1109 1309 1166 1357 et
1189 1300 1371 1357 Idibus
1392 1300 1549 1373 [Ed.,
1572 1299 1816 1374 indibus]
1843 1299 1995 1355 olim.

473 1391 626 1451 lianc
645 1395 766 1466 pius
794 1395 1122 1464 archipater,
1149 1391 1404 1448 Metensis
1431 1391 1602 1464 gloria
1627 1392 1823 1462 plebis,

475 1484 799 1556 Hrogandus
824 1495 851 1525 ι
877 1482 1101 1555 praesul,
1125 1496 1326 1554 magno
1353 1483 1592 1539 sacravit
1615 1484 1840 1545 honore.

1189 1593 1365 1650 CCVI.

977 1684 1162 1742 Oratio
1190 1686 1260 1742 ad
1280 1684 1568 1743 Christum.

477 1780 558 1838 Da
586 1791 680 1838 tua
707 1778 1080 1836 Celsithronus
1101 1778 1258 1834 nobis
1283 1777 1540 1848 suﬁragia
1568 1793 1804 1850 semper,

477 1870 754 1928 Exaudire
772 1883 965 1941 preces
992 1866 1342 1934 famulorum,
1371 1867 1608 1935 Christe,
1640 1877 1877 1934 tuorum,

481 1962 585 2032 Qui
612 1961 712 2017 tibi
729 1968 858 2017 vota
883 1958 1062 2015 ferant
1089 1958 1284 2016 devoto
1305 1967 1526 2030 pectore
1554 1959 1753 2026 laudis,

479 2053 807 2124 Perpetuam
835 2052 1084 2108 tribuens
1109 2049 1362 2107 clementi
1391 2065 1616 2108 munere
1647 2053 1835 2108 vitam.

476 2142 718 2214 Quisque
741 2141 854 2198 Deo
876 2142 1240 2213 lacrymas....
1266 2141 1409 2197 hanc
1440 2140 1622 2198 fundis
1646 2141 1715 2198 ad
1754 2157 1931 2208 aram,

483 2236 614 2292 Esto
641 2247 852 2290 memor
879 2233 1074 2298 nostri,
1104 2231 1278 2288 cimini
1306 2232 1399 2304 qui
1429 2233 1674 2289 carmina
1701 2231 1946 2299 Christo,

374 2350 376 2353 ·
478 2328 749 2386 Exaudire
771 2341 964 2398 preces
990 2324 1339 2393 famulorum,
1363 2325 1600 2390 Christe,
1619 2331 1861 2392 tuorum,

480 2419 588 2487 Qui
615 2419 714 2475 tibi
740 2425 868 2474 vota
899 2416 1076 2473 ferant
1097 2419 1352 2487 przesenti
1374 2416 1551 2473 laudis
1572 2417 1627 2473 in
1650 2433 1768 2483 ara,

483 2511 553 2567 Et
570 2511 639 2566 da
663 2509 902 2566 ctelestis
926 2508 1088 2566 nobis
1109 2508 1202 2579 pia
1231 2508 1371 2563 dona
1399 2508 1614 2563 salutis.

482 2601 572 2658 Sis
597 2615 808 2657 memor
830 2599 1066 2664 Alcuini,
1090 2599 1282 2664 lector,
1307 2613 1459 2670 rogo,
1487 2598 1746 2670 carminis
1771 2595 1952 2666 hujus.

481 2690 566 2750 'I'u
591 2690 724 2745 mihi
750 2690 924 2746 dulcis
945 2702 1097 2744 amor
1117 2702 1333 2760 semper
1355 2669 1512 2743 soror
1538 2669 1738 2761 inclyta
1766 2671 1939 2754 salve,

507 2845 512 2850 _
555 2781 616 2838 In
643 2781 898 2851 precibus
923 2778 1107 2834 fratris
1130 2779 1206 2835 sis
1234 2793 1446 2835 memor
1469 2779 1710 2848 ipsa-tui.

487 2873 722 2930 Delicias
752 2872 922 2938 saecli,
949 2886 1199 2944 pompas,
1226 2886 1495 2944 gazasque
1513 2871 1779 2937 caducas,-

557 2963 758 3030 Ilente,
781 2963 1176 3036 manu,.lingua
1203 2978 1460 3034 spernere
1486 2963 1633 3021 disce
1660 2971 1774 3018 tua.

489 3057 578 3115 Sit
597 3059 698 3114 tibi
725 3056 979 3115 Christus
1005 3072 1184 3125 amor,
1213 3057 1408 3122 virtus,
1432 3056 1572 3121 laus,
1595 3056 1780 3112 orariis
1807 3051 2088 3119 Christus,

571 3149 986 3219 Permaneat....
1018 3156 1075 3203 et
1108 3161 1325 3217 semper
1353 3147 1407 3202 in
1432 3161 1530 3204 ore
1557 3156 1732 3202 sonet.

1207 3237 1406 3294 CCVII.

788 3333 870 3389 Ad
897 3348 1050 3388 erant
1077 3331 1144 3387 ab
1173 3329 1496 3387 Ilildebaldo
1526 3337 1790 3387 ornatam.

489 3428 696 3484 Ductus
724 3439 914 3483 amore
941 3430 1036 3478 tuo
1063 3438 1282 3494 magno,
1304 3421 1590 3478 mitissime
1617 3421 1856 3488 Christe,

490 3518 670 3588 Atque
706 3524 800 3571 tuo
827 3515 1054 3586 pariter,
1085 3512 1426 3570 sanctissima
1448 3512 1604 3584 virgo
1635 3511 1826 3579 Maria,

489 3611 668 3681 Atque
692 3606 806 3674 tuo,
829 3607 1039 3662 meritis
1059 3604 1344 3676 praeclare,
1379 3602 1632 3660 Mcdarde
1659 3602 1936 3668 sacerdos,

495 3700 743 3759 iusserat
767 3688 909 3755 hanc
936 3712 1090 3755 aram
1119 3696 1366 3768 pulchris
1391 3709 1590 3754 ornare
1619 3693 1857 3751 metallis

495 3790 842 3848 IIlldcbaltlus
865 3788 897 3830 δ
926 3802 1117 3853 ovans,
1142 3787 1365 3843 humilis
1389 3792 1548 3856 pater
1571 3795 1734 3855 atque
1763 3785 2042 3852 sacerdos,

494 3883 603 3939 Pro
635 3897 764 3953 quo,
795 3881 1031 3937 lectores
1061 3879 1226 3945 tituli,
1257 3893 1486 3936 exorare
1516 3892 1788 3950 rogamus.

1188 3968 1412 4027 CCVIII.

491 4065 576 4120 Ad
598 4061 831 4136 picturas
859 4061 1283 4134 patriarcharum
1313 4060 1504 4128 Adam,
1530 4059 1646 4117 Noe
1667 4069 1719 4116 et
1740 4061 2008 4117 Abraham
2043 4073 2089 4115 ε.

494 4156 596 4214 llic
624 4156 768 4211 Deus
791 4153 1134 4224 omnipotens
1161 4151 1337 4206 Adam
1358 4151 1427 4208 de
1448 4152 1668 4223 pulvere
1690 4153 1952 4226 plasmat.

493 4247 692 4304 Accola
718 4246 808 4302 hic
830 4243 1004 4301 factus
1033 4242 1273 4315 paradisi
1303 4243 1554 4314 primitus
1578 4243 1776 4300 Adam.

497 4338 665 4411 226
688 4336 919 4394 Nomina
938 4349 1079 4407 pone
1099 4332 1264 4390 Pater
1276 4335 1490 4389 cunctis
1509 4334 1878 4391 animantibus
1897 4333 2091 4392 Adam.

495 4431 661 4488 Costa
686 4429 789 4484 viri
816 4435 1047 4482 matrem
1073 4433 1335 4496 pausante
1363 4425 1587 4495 protulit
1608 4425 1799 4481 Adam.

495 4523 595 4581 Hic
623 4521 844 4577 seducta
874 4517 975 4572 fuit
999 4515 1215 4582 mulier,
1241 4515 1496 4572 seductus
1519 4524 1574 4571 et
1593 4516 1786 4571 Adam.

495 4615 607 4671 llas
634 4610 916 4669 cherubim
936 4617 1123 4681 portas
1149 4605 1379 4662 ﬂammis
1400 4605 1628 4662 defende
1658 4609 1864 4663 beatas.

493 4708 669 4776 Perge
697 4703 844 4761 I0"..s
871 4701 1042 4758 Adam
1068 4708 1125 4755 et
1143 4698 1318 4755 felicia
1347 4714 1511 4773 regna
1541 4699 1806 4771 relinque.

498 4803 669 4858 Terra
699 4797 795 4854 tibi
824 4795 1052 4851 tribulos
1075 4809 1175 4865 pro
1195 4793 1424 4849 crimine
1451 4794 1721 4862 germinet
1752 4793 1943 4850 Adam.

500 4892 665 4949 Livor
690 4890 827 4945 edax
857 4886 1043 4942 fratris
1079 4884 1173 4957 qui
1196 4884 1402 4955 justum
1431 4885 1664 4955 perculit
1683 4883 1816 4940 Abel
1842 4885 1870 4925 ἀ

501 4983 602 5041 Hic
622 4980 735 5038 Noe
756 4979 985 5035 dilectus
1008 4978 1237 5033 Domino
1261 4977 1364 5033 sibi
1387 4977 1618 5032 fabricat
1645 4991 1828 5032 arcam
1856 4995 1868 5030 :

500 5075 582 5131 En
609 5080 760 5130 natat
786 5071 842 5127 in
880 5069 1121 5141 liquidis,
1144 5069 1330 5125 mundi
1356 5083 1479 5125 cum
1502 5067 1734 5135 civibus,
1763 5084 1909 5124 arca.

575 5243 601 5271 ι
629 5228 679 5282 Il
688 5224 1055 5312 rogandust
1079 5232 1182 5312 est,
1205 5225 1865 5312 Grodegapgus_Metensis
1882 5227 2088 5312 episco-

502 5317 626 5373 pus,
653 5296 1056 5369 qui'ecclesiam
1097 5296 1412 5351 monasterii
1442 5296 1756 5353 Gorziensis
1798 5296 2088 5363 dedicavit,

503 5383 561 5424 et
581 5368 837 5424 reliquias
856 5366 1030 5422 sancti
1052 5365 1266 5421 Nazarii
1287 5367 1485 5422 ibidem
1507 5367 1790 5423 collocavit
1814 5384 1847 5421 v
1865 5368 1940 5422 Id.
1958 5367 2088 5424 Jul..

503 5383 561 5427 et
581 5383 837 5438 reliquias
856 5383 1030 5449 sancti
1052 5383 1266 5448 natam
1287 5383 1485 5422 tntuem
1507 5383 1790 5423 eouocavrt
1814 5384 1847 5421 v
1866 5383 1940 5422 In.
1958 5383 2090 5434 Jun,

501 5435 996 5567 Vide
1042 5435 1242 5493 Manil].
1283 5436 1476 5492 Annal.
1516 5436 1672 5504 Ben.,
1705 5447 1833 5494 tom.
1872 5438 1936 5505 II,
1967 5455 2088 5512 pag.

579 5527 1002 5650 ξἸῗὶὶάῖὗξιιάκε.
1026 5577 1120 5634 Ille
1135 5579 1232 5634 abs
1251 5577 1414 5634 dubio
1433 5578 1768 5636 Coloniensis
1786 5579 2090 5650 episcopus,

505 5668 535 5706 a
566 5667 673 5733 quo
715 5647 941 5733 Carolus
970 5649 1202 5733 Magnus
1237 5659 1636 5733 sacramentum
1666 5647 1928 5733 Dominici
1973 5647 2096 5706 cor-

543 5723 654 5776 oris
679 5730 733 5776 et
755 5723 1032 5790 sanguinis
1054 5723 1230 5791 petiit,
1257 5728 1316 5774 ut
1339 5723 1541 5776 exitum
1569 5737 1723 5776 suum
1748 5723 2097 5779 continuaret

526 5793 721 5865 amjam
744 5791 1040 5871 moriturus
1060 5800 1116 5849 et
1130 5801 1343 5866 postera
1364 5791 1452 5847 die
1476 5793 1627 5852 obiit.
1653 5791 1876 5863 Mabill.,
1898 5794 2092 5850 Annal.

1325 344 1387 397 Β.
1426 343 1491 397 r.
1531 339 1759 395 annm
1793 315 1928 394 seu
1969 334 2250 394 ALCUI‘NI
2288 327 2577 390 orsum:
2615 323 2795 381 rans
2832 323 2922 378 vr.

2081 454 2130 513 Α
2157 450 2297 505 Ecce
2324 444 2573 502 columba
2599 443 2689 513 pia
2711 438 2868 511 pacis
2892 435 2996 492 tibi
3019 439 3203 507 portat
3226 431 3427 489 olivam
3453 446 3468 482 :

2156 540 2294 596 Alba
2316 536 2569 594 columba
2595 532 2739 588 redit
2759 542 2928 586 corvo
2945 531 3210 599 pereunte
3237 521 3460 593 nigello.

2157 634 2330 704 Perge
2356 629 2506 685 foras
2529 633 2588 684 et
2612 625 2748 682 educ
2773 631 2831 680 et
2850 630 3047 678 cuncta
3073 617 3330 675 animalia
3355 623 3559 672 tecum.

2159 722 2259 778 Est
2283 729 2444 791 pater
2465 717 2558 772 hic
2575 715 2781 771 Abram
2806 712 3041 784 patriam
3069 709 3345 767 dimittere
3361 706 3568 778 jussus,

2163 812 2261 869 llic
2287 809 2439 868 Sarri
2464 807 2687 864 latitans
2708 803 2906 862 casulae
2930 809 3057 877 post
3069 801 3212 860 ostia
3233 799 3376 858 risit.

2114 3169 2163 3232 C

3639 285 3748 362 πθ

2874 895 3056 955 CCIX.

2669 992 2745 1050 De
2770 992 3002 1066 quadam
3026 987 3266 1047 ecclesia.

2167 1098 2271 1166 Qui
2302 1096 2442 1169 regit
2463 1094 2695 1166 imperio
2717 1092 2968 1164 pelagum
2989 1095 3303 1155 terramque
3328 1079 3622 1153 polumque

2169 1190 2323 1245 Hanc
2360 1195 2514 1260 regat
2539 1187 2657 1257 ipse
2683 1186 2797 1243 suis
2826 1182 2982 1238 donis
3008 1177 3324 1237 coelestibus
3355 1171 3573 1228 aulam:

2167 1282 2228 1338 In
2252 1297 2359 1354 qua
2389 1281 2585 1343 cultus,
2615 1279 2806 1342 honor,
2841 1273 3030 1330 laudes
3045 1279 3104 1328 et
3129 1269 3300 1340 gloria
3319 1263 3547 1329 Christi.

2170 1371 2400 1447 Semper
2421 1371 2478 1428 in
2510 1378 2772 1428 aeternum
2802 1372 3022 1424 maneat
3039 1362 3258 1435 pietatis
3279 1371 3484 1416 amore.

2905 1454 3063 1513 CCX.

2502 1565 2509 1573 '
2536 1553 2611 1611 De
2637 1551 2846 1609 Christo
2885 1547 3146 1605 salvatore
3169 1541 3355 1598 mundi
3383 1551 3429 1595 ο.

2173 1650 2340 1725 Virgo
2364 1648 2532 1705 Maria
2553 1647 2709 1712 nitet,
2731 1641 2882 1698 nullo
2910 1643 3212 1696 temerante
3233 1631 3521 1705 pudorem,

2243 1744 2377 1800 Post
2398 1747 2619 1812 partum
2645 1735 2831 1802 Pueri,
2857 1734 3012 1805 virgo
3039 1728 3212 1786 Maria
3233 1725 3391 1782 nitet.

2097 1813 2147 1871 Β
2173 1834 2345 1891 Filius
2373 1809 2465 1888 hic
2484 1828 2723 1886 hominis
2747 1827 2809 1881 fit
2832 1822 3070 1880 maxima
3091 1815 3320 1889 quaestio
3354 1809 3566 1876 mundi,

2243 1926 2539 1983 Nobiscum
2562 1920 2708 1976 Deus
2727 1926 2834 1983 est,
2855 1915 3027 1972 Filius
3050 1912 3144 1970 hic
3167 1909 3426 1967 hominis.

2175 2017 2276 2075 Hic
2298 2019 2485 2084 homo,
2519 2014 2614 2086 qui
2643 2013 2789 2068 Deus
2808 2018 2915 2076 est,
2950 2021 3078 2080 spes
3105 2014 3194 2062 est
3218 2004 3441 2072 antiqua
3472 1998 3740 2070 priorum.

2247 2109 2387 2182 Spes
2407 2109 2465 2164 in
2489 2106 2599 2162 ﬁne
2627 2105 2753 2177 piis,
2779 2103 2871 2158 hic
2893 2101 3079 2166 homo,
3111 2098 3206 2169 qui
3241 2096 3386 2152 Deus
3407 2104 3511 2149 est.

2175 2203 2386 2274 Aspera
2412 2213 2565 2255 mors
2590 2195 2775 2269 populi
2801 2193 2949 2265 ligno
2974 2190 3206 2248 deducta
3229 2185 3493 2249 cucurrit,

2247 2294 2508 2351 Autertur
2532 2291 2680 2363 ligno
2706 2303 2902 2361 aspera
2942 2301 3090 2343 mors
3112 2281 3315 2357 populi.

2181 2388 2389 2444 Lumen
2408 2385 2600 2442 adesse
2629 2383 2725 2440 Dei
2751 2379 3027 2455 persensit
3055 2379 3320 2435 Tartarus
3347 2375 3556 2445 ingens,

2252 2477 2366 2535 Nec
2391 2477 2621 2534 credunt
2650 2473 2917 2539 homines,
2948 2472 3133 2527 lumen
3155 2469 3348 2525 adesse
3373 2464 3492 2520 Dei.

2184 2570 2331 2626 Mors
2357 2567 2470 2624 fera
2491 2582 2590 2637 per
2613 2566 2890 2622 hominem
2909 2563 3170 2620 miserum
3183 2558 3286 2616 sibi
3309 2555 3549 2615 subdidit
3564 2553 3782 2622 urbem.

2257 2658 2483 2716 Subdita
2515 2656 2827 2729 congemuit
2848 2668 2996 2711 mors
3018 2652 3135 2709 fera
3160 2665 3260 2722 per
3284 2647 3581 2704 hominem.

2186 2753 2438 2811 Suscitat
2461 2766 2588 2809 ecce
2617 2764 2788 2822 genus
2818 2747 3009 2814 morti,
3039 2753 3196 2817 pater
3219 2741 3310 2798 ille
3333 2736 3612 2814 profanus,

2257 2845 2342 2902 Ad
2366 2845 2533 2901 vitam
2559 2842 2813 2901 Christus
2836 2840 3065 2898 suscitat
3089 2851 3218 2893 ecce
3246 2848 3436 2908 genus.

2763 2944 3240 2958 mm

2561 2994 3435 3084 ADHORTATIONES

2949 3129 3040 3169 seu

2690 3223 2924 3272 VERSUS
2966 3219 3286 3266 ιιοιυιιιε.

2906 3313 3081 3371 CCXI.

2518 3410 2830 3466 Adhortatio
2866 3412 2934 3463 ad
2963 3415 3248 3462 nocturnas
3275 3403 3483 3460 laudes.

2195 3503 2416 3577 Surgite
2444 3516 2562 3566 vos,
2596 3499 2814 3563 fratres,
2845 3495 3042 3551 laudes
3060 3503 3117 3551 et
3143 3493 3308 3550 dicite
3334 3492 3577 3559 Christo,

2196 3597 2323 3653 Haec
2351 3605 2438 3653 est
2463 3603 2588 3667 apta
2611 3593 2804 3650 domus
2839 3598 3106 3644 nocturno
3133 3595 3376 3655 tempore
3395 3584 3588 3640 vobis.‘

2194 3686 2492 3759 Pervigiles
2519 3683 2775 3756 precibus
2792 3680 2906 3752 jam
2932 3693 3030 3734 vos
3056 3677 3292 3732 insistite
3321 3674 3518 3740 sacris,

2192 3778 2480 3833 Credimus
2506 3774 2769 3831 auxilium
2807 3777 3068 3842 praestare
3096 3764 3408 3838 petentibus
3429 3764 3553 3819 istic

2195 3868 2483 3942 Angelicos
2504 3873 2701 3930 cintus,
2732 3862 2909 3919 noctis
2932 3860 3023 3930 qui
3047 3867 3294 3929 tempora
3321 3863 3562 3919 servant,

2194 3962 2407 4033 Quique
2443 3959 2624 4016 ferant
2649 3957 2866 4013 Christo
2894 3953 3124 4010 fratrum
3144 3952 3235 4022 pia
3255 3957 3381 4005 vota
3407 3947 3663 4019 benigne,

2198 4053 2297 4110 llic
2323 4067 2422 4108 vos
2451 4050 2734 4108 inveniant
2753 4046 3040 4120 vigilantes
3067 4055 3285 4112 semper
3311 4039 3563 4104 honeste,

2193 4145 2373 4217 Atque
2397 4145 2487 4216 pia
2509 4151 2691 4199 mente
2719 4140 2922 4213 Regem
2944 4135 3164 4192 laudare
3187 4146 3501 4205 supernum.
3615 4198 3620 4202 ἢ

2893 4229 3096 4287 CCXII.

2445 4330 2757 4385 Adhortatio
2791 4327 2860 4382 ad
2893 4323 3260 4380 excutiendum
3281 4335 3542 4375 somnum.

2197 4423 2396 4496 Surge,
2421 4437 2638 4494 precor,
2658 4419 2896 4493 juvenis,
2924 4417 3111 4488 vigeas
3135 4414 3266 4471 dum
3287 4427 3518 4484 corpore
3541 4425 3676 4467 uno

2121 4537 2172 4599 ι)
2196 4517 2266 4574 Et
2285 4517 2382 4572 tibi
2406 4515 2582 4587 pande
2608 4514 2752 4570 viam
2786 4511 3043 4585 precibus
3064 4507 3132 4565 ad
3153 4522 3318 4580 regna
3345 4504 3627 4577 polorum:

2200 4608 2312 4665 Nec
2339 4602 2556 4665 ded'eris
2585 4621 2778 4663 sensus
2809 4612 2946 4669 tota,
2969 4617 3124 4674 rogo,
3146 4607 3306 4656 nocte
3323 4614 3541 4670 sopore.

2199 4700 2464 4756 Assiduus
2491 4697 2680 4771 gelida:
2709 4711 2930 4752 somnus
2961 4702 3048 4750 est
3069 4692 3262 4748 mortis
3287 4691 3505 4761 imago:

2197 4794 2383 4866 Longa
2412 4790 2719 4864 quiescenti
2749 4788 2949 4844 facient
2967 4786 3064 4841 tibi
3095 4783 3206 4839 fata
3234 4782 3577 4854 sepulcrum:

2196 4885 2360 4940 Artes
2382 4898 2508 4938 nam
2531 4881 2704 4937 hostis
2723 4879 2888 4935 habet
2914 4877 3170 4947 antiquus
3191 4873 3339 4931 mille
3364 4871 3614 4929 nocendi.

2197 4974 2431 5045 Pervigil
2456 4973 2659 5031 idcirco
2683 4985 2939 5043 magnum
2967 4968 3064 5026 tibi
3090 4967 3263 5023 conde
3289 4963 3643 5037 triumphum,

2197 5067 2266 5124 Ut
2291 5068 2382 5139 pia
2407 5076 2459 5124 te
2482 5065 2684 5122 Christi
2721 5070 3005 5120 conservet
3029 5061 3252 5116 dextera
3272 5072 3506 5129 semper.

2196 5227 2397 5283 Bened.
2439 5233 2567 5282 tom.
2592 5226 2660 5292 II,
2700 5240 2803 5297 pag

2199 5314 2325 5354 men
2364 5298 2486 5353 IIS.

2274 5379 2297 5408 ε
2348 5367 2501 5423 Hanc
2551 5367 2959 5436 inscriptionem
3001 5361 3385 5436 decerpsimus
3413 5374 3503 5436 ex
3562 5357 3793 5430 longiori

2201 5439 2594 5508 epigrammate
2645 5430 2744 5492 l99
2789 5435 3043 5492 editionis
3105 5430 3429 5501 Quercetani
3456 5471 3471 5494 ,
3509 5444 3646 5508 cum
3690 5444 3795 5486 nec

2202 5501 2326 5564 cum
2357 5509 2820 5572 antecedentibus,
2872 5521 2973 5562 nec
3019 5520 3146 5561 cum
3171 5501 3628 5573 consequentibus
3671 5514 3794 5573 ver-

2203 5579 2358 5636 sibus
2382 5580 2580 5635 ibidem
2604 5580 2769 5634 ullam
2807 5571 3006 5633 habeat
3046 5571 3479 5638 connexionem;
3512 5579 3569 5628 et
3591 5585 3715 5628 cum
3735 5571 3791 5627 il.

2202 5651 2270 5705 lis
2297 5665 2402 5706 non
2435 5650 2597 5705 fuerit
2623 5651 2930 5718 conjuncta,
2961 5649 3062 5704 nisi
3088 5663 3154 5701 ex
3183 5645 3390 5702 incuria
3417 5642 3718 5714 scriptoris.

2275 5720 2301 5760 ἀ
2329 5720 2492 5801 Edim
2522 5721 2576 5801 id
2598 5720 3044 5801 justrim_perculit
3076 5719 3265 5773 Adam.

2281 5803 2304 5831 ε
2332 5792 2412 5848 Ex
2439 5791 2558 5849 cod.
2591 5808 2692 5849 ms.
2729 5790 2928 5850 Salisb.

2809 5265 2824 5279 .
2861 5223 2990 5290 407,
3019 5239 3074 5278 n.
3108 5220 3197 5276 14.
3219 5249 3290 5260 -—-
3316 5216 3452 5274 Vide
3487 5230 3650 5286 supra
3678 5233 3791 5277 car
