  <div class='ocr_page' id='page_1' title='image "/cluster/home/n/w/nwhite01/storage/ocr_20150623/101/umn.31951002477394h/403.png"; bbox 0 0 4106 6510; ppageno 0'>
   <div class='ocr_carea' id='block_1_1' title="bbox 507 292 610 348">
    <p class='ocr_par' dir='ltr' id='par_1_1' title="bbox 507 292 610 348">
     <span class='ocr_line' id='line_1_1' title="bbox 507 292 610 348; baseline 0.029 -3"><span class='ocrx_word' id='word_1_1' title='bbox 507 292 610 348; x_wconf 78' lang='lat'><strong>779</strong></span> 
     </span>
    </p>
   </div>
   <div class='ocr_carea' id='block_1_2' title="bbox 508 401 1690 480">
    <p class='ocr_par' dir='ltr' id='par_1_2' title="bbox 508 401 1690 480">
     <span class='ocr_line' id='line_1_2' title="bbox 508 401 1690 480; baseline -0.011 -14"><span class='ocrx_word' id='word_1_2' title='bbox 508 413 682 480; x_wconf 74' lang='lat' dir='ltr'><strong>Atque</strong></span> <span class='ocrx_word' id='word_1_3' title='bbox 711 407 788 463; x_wconf 91' lang='lat' dir='ltr'><strong>tui</strong></span> <span class='ocrx_word' id='word_1_4' title='bbox 811 416 989 462; x_wconf 88' lang='lat' dir='ltr'><strong>tecum</strong></span> <span class='ocrx_word' id='word_1_5' title='bbox 1010 403 1228 460; x_wconf 84' lang='lat' dir='ltr'><strong>valeant</strong></span> <span class='ocrx_word' id='word_1_6' title='bbox 1251 403 1310 458; x_wconf 87' lang='lat' dir='ltr'><strong>in</strong></span> <span class='ocrx_word' id='word_1_7' title='bbox 1337 401 1532 460; x_wconf 73' lang='lat' dir='ltr'><strong>saecula</strong></span> <span class='ocrx_word' id='word_1_8' title='bbox 1556 401 1690 457; x_wconf 89' lang='lat' dir='ltr'><strong>nali.</strong></span> 
     </span>
    </p>
   </div>
   <div class='ocr_carea' id='block_1_3' title="bbox 507 484 2088 572">
    <p class='ocr_par' dir='ltr' id='par_1_3' title="bbox 507 484 2088 572">
     <span class='ocr_line' id='line_1_3' title="bbox 507 484 2088 572; baseline -0.013 -13"><span class='ocrx_word' id='word_1_9' title='bbox 507 501 577 558; x_wconf 81' lang='lat' dir='ltr'><strong>Et</strong></span> <span class='ocrx_word' id='word_1_10' title='bbox 614 506 781 572; x_wconf 87' lang='lat' dir='ltr'><strong>caput</strong></span> <span class='ocrx_word' id='word_1_11' title='bbox 821 498 970 556; x_wconf 82' lang='lat' dir='ltr'><strong>orbis</strong></span> <span class='ocrx_word' id='word_1_12' title='bbox 1009 497 1204 562; x_wconf 83' lang='lat' dir='ltr'><strong>honor,</strong></span> <span class='ocrx_word' id='word_1_13' title='bbox 1256 508 1452 567; x_wconf 85' lang='lat' dir='ltr'><strong>magne</strong></span> <span class='ocrx_word' id='word_1_14' title='bbox 1499 491 1629 566; x_wconf 72' lang='grc' dir='ltr'><strong>[Με.</strong></span> <span class='ocrx_word' id='word_1_15' title='bbox 1663 489 1807 557; x_wconf 87' lang='lat' dir='ltr'><strong>Sal.,</strong></span> <span class='ocrx_word' id='word_1_16' title='bbox 1839 484 2088 559; x_wconf 82' lang='lat' dir='ltr'><strong>magnus]</strong></span> 
     </span>
    </p>
   </div>
   <div class='ocr_carea' id='block_1_4' title="bbox 1521 582 2087 664">
    <p class='ocr_par' dir='ltr' id='par_1_4' title="bbox 1521 582 2087 664">
     <span class='ocr_line' id='line_1_4' title="bbox 1521 582 2087 664; baseline -0.014 -23"><span class='ocrx_word' id='word_1_17' title='bbox 1521 585 1656 664; x_wconf 76' lang='lat' dir='ltr'><strong>[Leo</strong></span> <span class='ocrx_word' id='word_1_18' title='bbox 1683 599 1840 654; x_wconf 89' lang='lat' dir='ltr'><strong>papa,</strong></span> <span class='ocrx_word' id='word_1_19' title='bbox 1870 582 2049 637; x_wconf 90' lang='lat' dir='ltr'><strong>valeto</strong></span> <span class='ocrx_word' id='word_1_20' title='bbox 2074 597 2087 632; x_wconf 94' lang='lat'><strong>:</strong></span> 
     </span>
    </p>
   </div>
   <div class='ocr_carea' id='block_1_5' title="bbox 508 673 2091 756">
    <p class='ocr_par' dir='ltr' id='par_1_5' title="bbox 508 673 2091 756">
     <span class='ocr_line' id='line_1_5' title="bbox 508 673 2091 756; baseline -0.008 -18"><span class='ocrx_word' id='word_1_21' title='bbox 508 683 590 741; x_wconf 82' lang='lat' dir='ltr'><strong>Tu</strong></span> <span class='ocrx_word' id='word_1_22' title='bbox 632 697 849 756; x_wconf 86' lang='lat' dir='ltr'><strong>quoque</strong></span> <span class='ocrx_word' id='word_1_23' title='bbox 883 679 1116 750; x_wconf 69' lang='lat' dir='ltr'><strong>iustitia:</strong></span> <span class='ocrx_word' id='word_1_24' title='bbox 1147 687 1447 749; x_wconf 81' lang='lat' dir='ltr'><strong>sceptrum,</strong></span> <span class='ocrx_word' id='word_1_25' title='bbox 1493 677 1585 733; x_wconf 80' lang='lat' dir='ltr'><strong>lux</strong></span> <span class='ocrx_word' id='word_1_26' title='bbox 1610 675 1744 748; x_wconf 84' lang='lat' dir='ltr'><strong>[Ib.,</strong></span> <span class='ocrx_word' id='word_1_27' title='bbox 1769 673 2091 748; x_wconf 70' lang='lat' dir='ltr'><strong>lex],scdis,</strong></span> 
     </span>
    </p>
   </div>
   <div class='ocr_carea' id='block_1_6' title="bbox 1326 254 2953 340">
    <p class='ocr_par' dir='ltr' id='par_1_6' title="bbox 1326 254 2953 340">
     <span class='ocr_line' id='line_1_6' title="bbox 1326 254 2953 340; baseline -0.011 0"><span class='ocrx_word' id='word_1_28' title='bbox 1326 285 1388 340; x_wconf 73' lang='grc' dir='ltr'><strong>Β.</strong></span> <span class='ocrx_word' id='word_1_29' title='bbox 1429 283 1495 340; x_wconf 79' lang='lat' dir='ltr'><strong>r.</strong></span> <span class='ocrx_word' id='word_1_30' title='bbox 1536 279 1765 338; x_wconf 73' lang='lat' dir='ltr'><strong>ALBlNl</strong></span> <span class='ocrx_word' id='word_1_31' title='bbox 1806 279 1942 337; x_wconf 76' lang='lat' dir='ltr'><strong>sse</strong></span> <span class='ocrx_word' id='word_1_32' title='bbox 1983 254 2266 335; x_wconf 79' lang='lat' dir='ltr'><strong>ALCUlNl</strong></span> <span class='ocrx_word' id='word_1_33' title='bbox 2310 273 2601 333; x_wconf 66' lang='lat' dir='ltr'><strong>eranum</strong></span> <span class='ocrx_word' id='word_1_34' title='bbox 2643 269 2825 326; x_wconf 66' lang='lat' dir='ltr'><strong>rans</strong></span> <span class='ocrx_word' id='word_1_35' title='bbox 2865 266 2953 323; x_wconf 82' lang='lat' dir='ltr'><strong>vt.</strong></span> 
     </span>
    </p>
   </div>
   <div class='ocr_carea' id='block_1_7' title="bbox 2113 373 3405 456">
    <p class='ocr_par' dir='ltr' id='par_1_7' title="bbox 2113 373 3405 456">
     <span class='ocr_line' id='line_1_7' title="bbox 2113 373 3405 456; baseline -0.017 -8"><span class='ocrx_word' id='word_1_36' title='bbox 2113 399 2168 456; x_wconf 87' lang='grc' dir='ltr'><strong>Λ</strong></span> <span class='ocrx_word' id='word_1_37' title='bbox 2193 391 2271 448; x_wconf 88' lang='lat' dir='ltr'><strong>Te</strong></span> <span class='ocrx_word' id='word_1_38' title='bbox 2298 392 2443 448; x_wconf 90' lang='lat' dir='ltr'><strong>Deus</strong></span> <span class='ocrx_word' id='word_1_39' title='bbox 2467 398 2725 454; x_wconf 66' lang='lat' dir='ltr'><strong>aeternus,</strong></span> <span class='ocrx_word' id='word_1_40' title='bbox 2756 383 2941 440; x_wconf 87' lang='lat' dir='ltr'><strong>multis</strong></span> <span class='ocrx_word' id='word_1_41' title='bbox 2963 379 3196 438; x_wconf 71' lang='lat' dir='ltr'><strong>feliciter</strong></span> <span class='ocrx_word' id='word_1_42' title='bbox 3219 373 3374 430; x_wconf 83' lang='lat' dir='ltr'><strong>annis</strong></span> <span class='ocrx_word' id='word_1_43' title='bbox 3391 417 3405 436; x_wconf 72' lang='grc'><strong>,.</strong></span> 
     </span>
    </p>
   </div>
   <div class='ocr_carea' id='block_1_8' title="bbox 3663 247 3774 308">
    <p class='ocr_par' dir='ltr' id='par_1_8' title="bbox 3663 247 3774 308">
     <span class='ocr_line' id='line_1_8' title="bbox 3663 247 3774 308; baseline -0.027 -1"><span class='ocrx_word' id='word_1_44' title='bbox 3663 247 3774 308; x_wconf 79' lang='grc'><strong>’180</strong></span> 
     </span>
    </p>
   </div>
   <div class='ocr_carea' id='block_1_9' title="bbox 2262 473 3416 544">
    <p class='ocr_par' dir='ltr' id='par_1_9' title="bbox 2262 473 3416 544">
     <span class='ocr_line' id='line_1_9' title="bbox 2262 473 3416 544; baseline -0.019 -5"><span class='ocrx_word' id='word_1_45' title='bbox 2262 481 2540 539; x_wconf 86' lang='lat' dir='ltr'><strong>Concedat</strong></span> <span class='ocrx_word' id='word_1_46' title='bbox 2557 493 2772 536; x_wconf 86' lang='lat' dir='ltr'><strong>sacrum</strong></span> <span class='ocrx_word' id='word_1_47' title='bbox 2793 473 3150 544; x_wconf 89' lang='lat' dir='ltr'><strong>multiplicare</strong></span> <span class='ocrx_word' id='word_1_48' title='bbox 3179 483 3308 540; x_wconf 78' lang='lat' dir='ltr'><strong>greg</strong></span> <span class='ocrx_word' id='word_1_49' title='bbox 3329 480 3416 520; x_wconf 61' lang='lat' dir='ltr'><strong>&#39;m.</strong></span> 
     </span>
    </p>
   </div>
   <div class='ocr_carea' id='block_1_10' title="bbox 2192 551 3648 630">
    <p class='ocr_par' dir='ltr' id='par_1_10' title="bbox 2192 551 3648 630">
     <span class='ocr_line' id='line_1_10' title="bbox 2192 551 3648 630; baseline -0.018 0"><span class='ocrx_word' id='word_1_50' title='bbox 2192 572 2265 630; x_wconf 94' lang='lat' dir='ltr'><strong>Ut</strong></span> <span class='ocrx_word' id='word_1_51' title='bbox 2283 573 2402 626; x_wconf 90' lang='lat' dir='ltr'><strong>laus</strong></span> <span class='ocrx_word' id='word_1_52' title='bbox 2429 579 2485 626; x_wconf 90' lang='lat' dir='ltr'><strong>et</strong></span> <span class='ocrx_word' id='word_1_53' title='bbox 2503 584 2717 626; x_wconf 89' lang='lat' dir='ltr'><strong>merces</strong></span> <span class='ocrx_word' id='word_1_54' title='bbox 2753 573 2972 622; x_wconf 86' lang='lat' dir='ltr'><strong>maneat</strong></span> <span class='ocrx_word' id='word_1_55' title='bbox 2997 561 3119 626; x_wconf 82' lang='lat' dir='ltr'><strong>tibi,</strong></span> <span class='ocrx_word' id='word_1_56' title='bbox 3143 566 3332 615; x_wconf 88' lang='lat' dir='ltr'><strong>sancte</strong></span> <span class='ocrx_word' id='word_1_57' title='bbox 3357 551 3648 618; x_wconf 73' lang='lat' dir='ltr'><strong>sacerdos,</strong></span> 
     </span>
    </p>
   </div>
   <div class='ocr_carea' id='block_1_11' title="bbox 2265 651 3442 730">
    <p class='ocr_par' dir='ltr' id='par_1_11' title="bbox 2265 651 3442 730">
     <span class='ocr_line' id='line_1_11' title="bbox 2265 651 3442 730; baseline -0.015 -16"><span class='ocrx_word' id='word_1_58' title='bbox 2265 657 2534 730; x_wconf 84' lang='lat' dir='ltr'><strong>Tempore</strong></span> <span class='ocrx_word' id='word_1_59' title='bbox 2561 665 2823 730; x_wconf 87' lang='lat' dir='ltr'><strong>perpetuo</strong></span> <span class='ocrx_word' id='word_1_60' title='bbox 2846 654 2997 726; x_wconf 82' lang='lat' dir='ltr'><strong>pacis</strong></span> <span class='ocrx_word' id='word_1_61' title='bbox 3023 651 3078 706; x_wconf 89' lang='lat' dir='ltr'><strong>in</strong></span> <span class='ocrx_word' id='word_1_62' title='bbox 3101 651 3236 706; x_wconf 85' lang='lat' dir='ltr'><strong>orbe</strong></span> <span class='ocrx_word' id='word_1_63' title='bbox 3264 659 3442 703; x_wconf 83' lang='lat' dir='ltr'><strong>sacro.</strong></span> 
     </span>
    </p>
   </div>
   <div class='ocr_carea' id='block_1_12' title="bbox 1845 739 3429 838">
    <p class='ocr_par' dir='ltr' id='par_1_12' title="bbox 1845 739 3429 838">
     <span class='ocr_line' id='line_1_12' title="bbox 1845 739 3429 838; baseline -0.014 -26"><span class='ocrx_word' id='word_1_64' title='bbox 1845 739 2096 838; x_wconf 57' lang='lat' dir='ltr'><strong>[honoris</strong></span> <span class='ocrx_word' id='word_1_65' title='bbox 2191 749 2456 822; x_wconf 89' lang='lat' dir='ltr'><strong>Dogmata</strong></span> <span class='ocrx_word' id='word_1_66' title='bbox 2484 749 2682 804; x_wconf 76' lang='lat' dir='ltr'><strong>divina:</strong></span> <span class='ocrx_word' id='word_1_67' title='bbox 2709 747 2840 816; x_wconf 82' lang='lat' dir='ltr'><strong>legis</strong></span> <span class='ocrx_word' id='word_1_68' title='bbox 2871 750 3202 799; x_wconf 78' lang='lat' dir='ltr'><strong>renoventur</strong></span> <span class='ocrx_word' id='word_1_69' title='bbox 3229 739 3429 809; x_wconf 78' lang='lat' dir='ltr'><strong>ubique</strong></span> 
     </span>
    </p>
   </div>
   <div class='ocr_carea' id='block_1_13' title="bbox 509 856 2095 936">
    <p class='ocr_par' dir='ltr' id='par_1_13' title="bbox 509 856 2095 936">
     <span class='ocr_line' id='line_1_13' title="bbox 509 856 2095 936; baseline -0.008 -16"><span class='ocrx_word' id='word_1_70' title='bbox 509 865 807 936; x_wconf 85' lang='lat' dir='ltr'><strong>Perpetuus</strong></span> <span class='ocrx_word' id='word_1_71' title='bbox 855 862 987 936; x_wconf 80' lang='lat' dir='ltr'><strong>[lb.,</strong></span> <span class='ocrx_word' id='word_1_72' title='bbox 1038 858 1335 933; x_wconf 87' lang='lat' dir='ltr'><strong>perpetuis]</strong></span> <span class='ocrx_word' id='word_1_73' title='bbox 1367 859 1548 914; x_wconf 85' lang='lat' dir='ltr'><strong>valeas</strong></span> <span class='ocrx_word' id='word_1_74' title='bbox 1595 856 1814 912; x_wconf 75' lang='lat' dir='ltr'><strong>Christo</strong></span> <span class='ocrx_word' id='word_1_75' title='bbox 1860 857 2095 909; x_wconf 78' lang='lat' dir='ltr'><strong>donante</strong></span> 
     </span>
    </p>
   </div>
   <div class='ocr_carea' id='block_1_14' title="bbox 1761 947 2092 1022">
    <p class='ocr_par' dir='ltr' id='par_1_14' title="bbox 1761 947 2092 1022">
     <span class='ocr_line' id='line_1_14' title="bbox 1761 947 2092 1022; baseline -0.009 -18"><span class='ocrx_word' id='word_1_76' title='bbox 1761 947 2092 1022; x_wconf 89' lang='lat' dir='ltr'><strong>[triumphis.</strong></span> 
     </span>
    </p>
   </div>
   <div class='ocr_carea' id='block_1_15' title="bbox 508 1040 1952 1121">
    <p class='ocr_par' dir='ltr' id='par_1_15' title="bbox 508 1040 1952 1121">
     <span class='ocr_line' id='line_1_15' title="bbox 508 1040 1952 1121; baseline -0.008 -16"><span class='ocrx_word' id='word_1_77' title='bbox 508 1050 758 1121; x_wconf 85' lang='lat' dir='ltr'><strong>Claviger</strong></span> <span class='ocrx_word' id='word_1_78' title='bbox 777 1047 1058 1112; x_wconf 65' lang='lat' dir='ltr'><strong>aatherius,</strong></span> <span class='ocrx_word' id='word_1_79' title='bbox 1089 1045 1282 1100; x_wconf 92' lang='lat' dir='ltr'><strong>doctor</strong></span> <span class='ocrx_word' id='word_1_80' title='bbox 1310 1042 1471 1099; x_wconf 87' lang='lat' dir='ltr'><strong>simul</strong></span> <span class='ocrx_word' id='word_1_81' title='bbox 1499 1041 1732 1112; x_wconf 81' lang='lat' dir='ltr'><strong>inclytus</strong></span> <span class='ocrx_word' id='word_1_82' title='bbox 1768 1040 1918 1093; x_wconf 79' lang='lat' dir='ltr'><strong>orbis</strong></span> <span class='ocrx_word' id='word_1_83' title='bbox 1936 1079 1952 1102; x_wconf 88' lang='lat'><strong>,</strong></span> 
     </span>
    </p>
   </div>
   <div class='ocr_carea' id='block_1_16' title="bbox 510 1132 1917 1213">
    <p class='ocr_par' dir='ltr' id='par_1_16' title="bbox 510 1132 1917 1213">
     <span class='ocr_line' id='line_1_16' title="bbox 510 1132 1917 1213; baseline -0.011 -15"><span class='ocrx_word' id='word_1_84' title='bbox 510 1141 588 1198; x_wconf 88' lang='lat' dir='ltr'><strong>Te</strong></span> <span class='ocrx_word' id='word_1_85' title='bbox 619 1140 872 1213; x_wconf 84' lang='lat' dir='ltr'><strong>precibus</strong></span> <span class='ocrx_word' id='word_1_86' title='bbox 897 1138 1103 1209; x_wconf 88' lang='lat' dir='ltr'><strong>pariter</strong></span> <span class='ocrx_word' id='word_1_87' title='bbox 1128 1143 1416 1192; x_wconf 83' lang='lat' dir='ltr'><strong>conservet</strong></span> <span class='ocrx_word' id='word_1_88' title='bbox 1440 1149 1656 1204; x_wconf 83' lang='lat' dir='ltr'><strong>semper</strong></span> <span class='ocrx_word' id='word_1_89' title='bbox 1680 1132 1879 1200; x_wconf 82' lang='lat' dir='ltr'><strong>ubique</strong></span> <span class='ocrx_word' id='word_1_90' title='bbox 1904 1148 1917 1182; x_wconf 86' lang='lat'>:</span> 
     </span>
    </p>
   </div>
   <div class='ocr_carea' id='block_1_17' title="bbox 508 1222 1953 1303">
    <p class='ocr_par' dir='ltr' id='par_1_17' title="bbox 508 1222 1953 1303">
     <span class='ocr_line' id='line_1_17' title="bbox 508 1222 1953 1303; baseline -0.009 -15"><span class='ocrx_word' id='word_1_91' title='bbox 508 1232 595 1300; x_wconf 82' lang='lat' dir='ltr'><strong>Et,</strong></span> <span class='ocrx_word' id='word_1_92' title='bbox 621 1247 758 1303; x_wconf 90' lang='lat' dir='ltr'><strong>quos</strong></span> <span class='ocrx_word' id='word_1_93' title='bbox 783 1231 954 1287; x_wconf 83' lang='lat' dir='ltr'><strong>Roma</strong></span> <span class='ocrx_word' id='word_1_94' title='bbox 983 1237 1131 1284; x_wconf 87' lang='lat' dir='ltr'><strong>tenet</strong></span> <span class='ocrx_word' id='word_1_95' title='bbox 1156 1229 1364 1283; x_wconf 87' lang='lat' dir='ltr'><strong>circum</strong></span> <span class='ocrx_word' id='word_1_96' title='bbox 1394 1241 1492 1281; x_wconf 90' lang='lat' dir='ltr'><strong>sua</strong></span> <span class='ocrx_word' id='word_1_97' title='bbox 1522 1223 1746 1286; x_wconf 60' lang='lat' dir='ltr'><strong>moenia,</strong></span> <span class='ocrx_word' id='word_1_98' title='bbox 1779 1222 1953 1276; x_wconf 83' lang='lat' dir='ltr'><strong>sancti</strong></span> 
     </span>
    </p>
   </div>
   <div class='ocr_carea' id='block_1_18' title="bbox 509 1315 1881 1396">
    <p class='ocr_par' dir='ltr' id='par_1_18' title="bbox 509 1315 1881 1396">
     <span class='ocr_line' id='line_1_18' title="bbox 509 1315 1881 1396; baseline -0.011 -15"><span class='ocrx_word' id='word_1_99' title='bbox 509 1326 620 1380; x_wconf 68' lang='lat' dir='ltr'><strong>Vos</strong></span> <span class='ocrx_word' id='word_1_100' title='bbox 644 1325 899 1396; x_wconf 84' lang='lat' dir='ltr'><strong>precibus</strong></span> <span class='ocrx_word' id='word_1_101' title='bbox 918 1321 1127 1393; x_wconf 89' lang='lat' dir='ltr'><strong>pariter</strong></span> <span class='ocrx_word' id='word_1_102' title='bbox 1156 1319 1360 1374; x_wconf 88' lang='lat' dir='ltr'><strong>sanctis</strong></span> <span class='ocrx_word' id='word_1_103' title='bbox 1382 1325 1637 1372; x_wconf 82' lang='lat' dir='ltr'><strong>tueantur</strong></span> <span class='ocrx_word' id='word_1_104' title='bbox 1661 1315 1881 1384; x_wconf 86' lang='lat' dir='ltr'><strong>ubique.</strong></span> 
     </span>
    </p>
   </div>
   <div class='ocr_carea' id='block_1_19' title="bbox 509 1409 1815 1488">
    <p class='ocr_par' dir='ltr' id='par_1_19' title="bbox 509 1409 1815 1488">
     <span class='ocr_line' id='line_1_19' title="bbox 509 1409 1815 1488; baseline -0.008 -16"><span class='ocrx_word' id='word_1_105' title='bbox 509 1421 555 1473; x_wconf 85' lang='lat' dir='ltr'><strong>t)</strong></span> <span class='ocrx_word' id='word_1_106' title='bbox 587 1419 795 1482; x_wconf 85' lang='lat' dir='ltr'><strong>Patres,</strong></span> <span class='ocrx_word' id='word_1_107' title='bbox 817 1415 1068 1488; x_wconf 87' lang='lat' dir='ltr'><strong>populus,</strong></span> <span class='ocrx_word' id='word_1_108' title='bbox 1095 1413 1354 1467; x_wconf 78' lang='lat' dir='ltr'><strong>Romana:</strong></span> <span class='ocrx_word' id='word_1_109' title='bbox 1391 1410 1564 1481; x_wconf 88' lang='lat' dir='ltr'><strong>gloria</strong></span> <span class='ocrx_word' id='word_1_110' title='bbox 1599 1409 1774 1480; x_wconf 87' lang='lat' dir='ltr'><strong>gentis</strong></span> <span class='ocrx_word' id='word_1_111' title='bbox 1802 1448 1815 1472; x_wconf 90' lang='lat'><strong>,</strong></span> 
     </span>
    </p>
   </div>
   <div class='ocr_carea' id='block_1_20' title="bbox 513 1501 1987 1582">
    <p class='ocr_par' dir='ltr' id='par_1_20' title="bbox 513 1501 1987 1582">
     <span class='ocr_line' id='line_1_20' title="bbox 513 1501 1987 1582; baseline -0.007 -17"><span class='ocrx_word' id='word_1_112' title='bbox 513 1511 741 1582; x_wconf 86' lang='lat' dir='ltr'><strong>Semper</strong></span> <span class='ocrx_word' id='word_1_113' title='bbox 765 1508 820 1564; x_wconf 91' lang='lat' dir='ltr'><strong>in</strong></span> <span class='ocrx_word' id='word_1_114' title='bbox 855 1515 1143 1573; x_wconf 65' lang='lat' dir='ltr'><strong>aeternum,</strong></span> <span class='ocrx_word' id='word_1_115' title='bbox 1169 1505 1399 1560; x_wconf 90' lang='lat' dir='ltr'><strong>Domino</strong></span> <span class='ocrx_word' id='word_1_116' title='bbox 1435 1503 1750 1568; x_wconf 82' lang='lat' dir='ltr'><strong>miserante,</strong></span> <span class='ocrx_word' id='word_1_117' title='bbox 1781 1501 1987 1557; x_wconf 80' lang='lat' dir='ltr'><strong>valete!</strong></span> 
     </span>
    </p>
   </div>
   <div class='ocr_carea' id='block_1_21' title="bbox 1179 1636 1433 1693">
    <p class='ocr_par' dir='ltr' id='par_1_21' title="bbox 1179 1636 1433 1693">
     <span class='ocr_line' id='line_1_21' title="bbox 1179 1636 1433 1693; baseline -0.012 0"><span class='ocrx_word' id='word_1_118' title='bbox 1179 1636 1433 1693; x_wconf 73' lang='lat' dir='ltr'><strong>CCXXV.</strong></span> 
     </span>
    </p>
   </div>
   <div class='ocr_carea' id='block_1_22' title="bbox 826 1730 1774 1802">
    <p class='ocr_par' dir='ltr' id='par_1_22' title="bbox 826 1730 1774 1802">
     <span class='ocr_line' id='line_1_22' title="bbox 826 1730 1774 1802; baseline -0.008 -11"><span class='ocrx_word' id='word_1_119' title='bbox 826 1735 908 1791; x_wconf 80' lang='lat' dir='ltr'><strong>Ad</strong></span> <span class='ocrx_word' id='word_1_120' title='bbox 937 1732 1162 1790; x_wconf 82' lang='lat' dir='ltr'><strong>Leonem</strong></span> <span class='ocrx_word' id='word_1_121' title='bbox 1188 1732 1327 1785; x_wconf 78' lang='lat' dir='ltr'><strong>sedis</strong></span> <span class='ocrx_word' id='word_1_122' title='bbox 1357 1730 1700 1802; x_wconf 79' lang='lat' dir='ltr'><strong>apostolicum</strong></span> <span class='ocrx_word' id='word_1_123' title='bbox 1727 1743 1774 1782; x_wconf 80' lang='grc' dir='ltr'><strong>α.</strong></span> 
     </span>
    </p>
   </div>
   <div class='ocr_carea' id='block_1_23' title="bbox 513 1821 2096 1897">
    <p class='ocr_par' dir='ltr' id='par_1_23' title="bbox 513 1821 2096 1897">
     <span class='ocr_line' id='line_1_23' title="bbox 513 1821 2096 1897; baseline -0.006 -12"><span class='ocrx_word' id='word_1_124' title='bbox 513 1828 846 1886; x_wconf 82' lang='lat' dir='ltr'><strong>Pontificalis</strong></span> <span class='ocrx_word' id='word_1_125' title='bbox 890 1843 1049 1897; x_wconf 72' lang='lat' dir='ltr'><strong>apex,</strong></span> <span class='ocrx_word' id='word_1_126' title='bbox 1087 1826 1362 1897; x_wconf 88' lang='lat' dir='ltr'><strong>princeps,</strong></span> <span class='ocrx_word' id='word_1_127' title='bbox 1422 1824 1754 1895; x_wconf 85' lang='lat' dir='ltr'><strong>patriarcha,</strong></span> <span class='ocrx_word' id='word_1_128' title='bbox 1799 1821 2096 1886; x_wconf 85' lang='lat' dir='ltr'><strong>sacerdos,</strong></span> 
     </span>
    </p>
   </div>
   <div class='ocr_carea' id='block_1_24' title="bbox 513 1915 1954 1984">
    <p class='ocr_par' dir='ltr' id='par_1_24' title="bbox 513 1915 1954 1984">
     <span class='ocr_line' id='line_1_24' title="bbox 513 1915 1954 1984; baseline -0.005 -9"><span class='ocrx_word' id='word_1_129' title='bbox 513 1919 715 1975; x_wconf 68' lang='lat' dir='ltr'><strong>Praesul</strong></span> <span class='ocrx_word' id='word_1_130' title='bbox 744 1925 922 1972; x_wconf 85' lang='lat' dir='ltr'><strong>amate</strong></span> <span class='ocrx_word' id='word_1_131' title='bbox 951 1918 1079 1979; x_wconf 88' lang='lat' dir='ltr'><strong>Deo,</strong></span> <span class='ocrx_word' id='word_1_132' title='bbox 1109 1924 1420 1972; x_wconf 84' lang='lat' dir='ltr'><strong>sanctorum</strong></span> <span class='ocrx_word' id='word_1_133' title='bbox 1443 1924 1628 1970; x_wconf 83' lang='lat' dir='ltr'><strong>sancte</strong></span> <span class='ocrx_word' id='word_1_134' title='bbox 1653 1915 1914 1984; x_wconf 78' lang='lat' dir='ltr'><strong>magister</strong></span> <span class='ocrx_word' id='word_1_135' title='bbox 1938 1955 1954 1980; x_wconf 96' lang='lat'><strong>,</strong></span> 
     </span>
    </p>
   </div>
   <div class='ocr_carea' id='block_1_25' title="bbox 514 2007 1880 2080">
    <p class='ocr_par' dir='ltr' id='par_1_25' title="bbox 514 2007 1880 2080">
     <span class='ocr_line' id='line_1_25' title="bbox 514 2007 1880 2080; baseline -0.004 -14"><span class='ocrx_word' id='word_1_136' title='bbox 514 2012 706 2066; x_wconf 81' lang='lat' dir='ltr'><strong>Pastor</strong></span> <span class='ocrx_word' id='word_1_137' title='bbox 733 2008 1086 2080; x_wconf 85' lang='lat' dir='ltr'><strong>apostolicus,</strong></span> <span class='ocrx_word' id='word_1_138' title='bbox 1118 2022 1346 2078; x_wconf 83' lang='lat' dir='ltr'><strong>magnus</strong></span> <span class='ocrx_word' id='word_1_139' title='bbox 1367 2007 1474 2062; x_wconf 85' lang='lat' dir='ltr'><strong>Leo</strong></span> <span class='ocrx_word' id='word_1_140' title='bbox 1497 2021 1656 2076; x_wconf 87' lang='lat' dir='ltr'><strong>papa,</strong></span> <span class='ocrx_word' id='word_1_141' title='bbox 1683 2007 1880 2061; x_wconf 81' lang='lat' dir='ltr'><strong>valeto.</strong></span> 
     </span>
    </p>
   </div>
   <div class='ocr_carea' id='block_1_26' title="bbox 512 2099 1857 2171">
    <p class='ocr_par' dir='ltr' id='par_1_26' title="bbox 512 2099 1857 2171">
     <span class='ocr_line' id='line_1_26' title="bbox 512 2099 1857 2171; baseline -0.004 -13"><span class='ocrx_word' id='word_1_142' title='bbox 512 2103 652 2168; x_wconf 80' lang='lat' dir='ltr'><strong>Lux,</strong></span> <span class='ocrx_word' id='word_1_143' title='bbox 676 2104 844 2158; x_wconf 88' lang='lat' dir='ltr'><strong>decus</strong></span> <span class='ocrx_word' id='word_1_144' title='bbox 863 2100 1138 2167; x_wconf 71' lang='lat' dir='ltr'><strong>Ecclesiae,</strong></span> <span class='ocrx_word' id='word_1_145' title='bbox 1167 2099 1616 2171; x_wconf 62' lang='lat' dir='ltr'><strong>Romanaegloria</strong></span> <span class='ocrx_word' id='word_1_146' title='bbox 1646 2100 1822 2170; x_wconf 82' lang='lat' dir='ltr'><strong>gentis</strong></span> <span class='ocrx_word' id='word_1_147' title='bbox 1843 2140 1857 2162; x_wconf 90' lang='lat'><strong>,</strong></span> 
     </span>
    </p>
   </div>
   <div class='ocr_carea' id='block_1_27' title="bbox 514 2189 1858 2263">
    <p class='ocr_par' dir='ltr' id='par_1_27' title="bbox 514 2189 1858 2263">
     <span class='ocr_line' id='line_1_27' title="bbox 514 2189 1858 2263; baseline -0.004 -14"><span class='ocrx_word' id='word_1_148' title='bbox 514 2195 583 2249; x_wconf 84' lang='lat' dir='ltr'><strong>Et</strong></span> <span class='ocrx_word' id='word_1_149' title='bbox 617 2192 792 2263; x_wconf 87' lang='lat' dir='ltr'><strong>patrio</strong></span> <span class='ocrx_word' id='word_1_150' title='bbox 817 2193 1006 2263; x_wconf 73' lang='lat' dir='ltr'><strong>patria:</strong></span> <span class='ocrx_word' id='word_1_151' title='bbox 1037 2191 1233 2262; x_wconf 87' lang='lat' dir='ltr'><strong>populo</strong></span> <span class='ocrx_word' id='word_1_152' title='bbox 1259 2205 1381 2262; x_wconf 88' lang='lat' dir='ltr'><strong>spes</strong></span> <span class='ocrx_word' id='word_1_153' title='bbox 1404 2205 1597 2259; x_wconf 85' lang='lat' dir='ltr'><strong>magna</strong></span> <span class='ocrx_word' id='word_1_154' title='bbox 1619 2189 1811 2245; x_wconf 85' lang='lat' dir='ltr'><strong>salutis</strong></span> <span class='ocrx_word' id='word_1_155' title='bbox 1845 2208 1858 2243; x_wconf 90' lang='lat'><strong>:</strong></span> 
     </span>
    </p>
   </div>
   <div class='ocr_carea' id='block_1_28' title="bbox 513 2280 1813 2354">
    <p class='ocr_par' dir='ltr' id='par_1_28' title="bbox 513 2280 1813 2354">
     <span class='ocr_line' id='line_1_28' title="bbox 513 2280 1813 2354; baseline -0.001 -17"><span class='ocrx_word' id='word_1_156' title='bbox 513 2282 775 2354; x_wconf 80' lang='lat' dir='ltr'><strong>Egregius</strong></span> <span class='ocrx_word' id='word_1_157' title='bbox 801 2281 1012 2346; x_wconf 87' lang='lat' dir='ltr'><strong>doctor,</strong></span> <span class='ocrx_word' id='word_1_158' title='bbox 1038 2281 1248 2336; x_wconf 87' lang='lat' dir='ltr'><strong>meritis</strong></span> <span class='ocrx_word' id='word_1_159' title='bbox 1274 2291 1330 2337; x_wconf 89' lang='lat' dir='ltr'><strong>et</strong></span> <span class='ocrx_word' id='word_1_160' title='bbox 1356 2281 1574 2336; x_wconf 88' lang='lat' dir='ltr'><strong>nomine</strong></span> <span class='ocrx_word' id='word_1_161' title='bbox 1600 2280 1783 2336; x_wconf 87' lang='lat' dir='ltr'><strong>clarus</strong></span> <span class='ocrx_word' id='word_1_162' title='bbox 1799 2319 1813 2346; x_wconf 90' lang='lat'><strong>,</strong></span> 
     </span>
    </p>
   </div>
   <div class='ocr_carea' id='block_1_29' title="bbox 521 2371 1705 2443">
    <p class='ocr_par' dir='ltr' id='par_1_29' title="bbox 521 2371 1705 2443">
     <span class='ocr_line' id='line_1_29' title="bbox 521 2371 1705 2443; baseline -0.003 -14"><span class='ocrx_word' id='word_1_163' title='bbox 521 2375 792 2429; x_wconf 80' lang='lat' dir='ltr'><strong>Virtutum</strong></span> <span class='ocrx_word' id='word_1_164' title='bbox 815 2373 985 2428; x_wconf 89' lang='lat' dir='ltr'><strong>titulis</strong></span> <span class='ocrx_word' id='word_1_165' title='bbox 1007 2380 1122 2427; x_wconf 89' lang='lat' dir='ltr'><strong>toto</strong></span> <span class='ocrx_word' id='word_1_166' title='bbox 1145 2373 1437 2443; x_wconf 68' lang='lat' dir='ltr'><strong>praeclarus</strong></span> <span class='ocrx_word' id='word_1_167' title='bbox 1460 2373 1513 2426; x_wconf 93' lang='lat' dir='ltr'><strong>in</strong></span> <span class='ocrx_word' id='word_1_168' title='bbox 1550 2371 1705 2427; x_wconf 83' lang='lat' dir='ltr'><strong>orbe.</strong></span> 
     </span>
    </p>
   </div>
   <div class='ocr_carea' id='block_1_30' title="bbox 517 2466 1873 2532">
    <p class='ocr_par' dir='ltr' id='par_1_30' title="bbox 517 2466 1873 2532">
     <span class='ocr_line' id='line_1_30' title="bbox 517 2466 1873 2532; baseline 0 -12"><span class='ocrx_word' id='word_1_169' title='bbox 517 2467 595 2523; x_wconf 89' lang='lat' dir='ltr'><strong>Te</strong></span> <span class='ocrx_word' id='word_1_170' title='bbox 624 2467 767 2522; x_wconf 87' lang='lat' dir='ltr'><strong>Deus</strong></span> <span class='ocrx_word' id='word_1_171' title='bbox 803 2473 1058 2527; x_wconf 65' lang='lat' dir='ltr'><strong>aeternus,</strong></span> <span class='ocrx_word' id='word_1_172' title='bbox 1086 2466 1272 2521; x_wconf 91' lang='lat' dir='ltr'><strong>mundi</strong></span> <span class='ocrx_word' id='word_1_173' title='bbox 1295 2467 1623 2522; x_wconf 84' lang='lat' dir='ltr'><strong>mitissimus</strong></span> <span class='ocrx_word' id='word_1_174' title='bbox 1640 2474 1834 2522; x_wconf 84' lang='lat' dir='ltr'><strong>auctor</strong></span> <span class='ocrx_word' id='word_1_175' title='bbox 1857 2506 1873 2532; x_wconf 96' lang='lat'><strong>,</strong></span> 
     </span>
    </p>
   </div>
   <div class='ocr_carea' id='block_1_31' title="bbox 518 2559 1796 2630">
    <p class='ocr_par' dir='ltr' id='par_1_31' title="bbox 518 2559 1796 2630">
     <span class='ocr_line' id='line_1_31' title="bbox 518 2559 1796 2630; baseline 0 -16"><span class='ocrx_word' id='word_1_176' title='bbox 518 2559 772 2614; x_wconf 87' lang='lat' dir='ltr'><strong>Salvator</strong></span> <span class='ocrx_word' id='word_1_177' title='bbox 791 2559 1005 2630; x_wconf 82' lang='lat' dir='ltr'><strong>generis</strong></span> <span class='ocrx_word' id='word_1_178' title='bbox 1026 2559 1271 2624; x_wconf 85' lang='lat' dir='ltr'><strong>humani,</strong></span> <span class='ocrx_word' id='word_1_179' title='bbox 1300 2560 1571 2614; x_wconf 76' lang='lat' dir='ltr'><strong>maximus</strong></span> <span class='ocrx_word' id='word_1_180' title='bbox 1589 2561 1796 2626; x_wconf 69' lang='lat' dir='ltr'><strong>hmres,</strong></span> 
     </span>
    </p>
   </div>
   <div class='ocr_carea' id='block_1_32' title="bbox 515 2649 1959 2721">
    <p class='ocr_par' dir='ltr' id='par_1_32' title="bbox 515 2649 1959 2721">
     <span class='ocr_line' id='line_1_32' title="bbox 515 2649 1959 2721; baseline -0.002 -16"><span class='ocrx_word' id='word_1_181' title='bbox 515 2650 774 2721; x_wconf 76' lang='lat' dir='ltr'><strong>Protegat</strong></span> <span class='ocrx_word' id='word_1_182' title='bbox 803 2657 966 2720; x_wconf 87' lang='lat' dir='ltr'><strong>atque</strong></span> <span class='ocrx_word' id='word_1_183' title='bbox 994 2657 1150 2719; x_wconf 88' lang='lat' dir='ltr'><strong>regat</strong></span> <span class='ocrx_word' id='word_1_184' title='bbox 1181 2649 1420 2720; x_wconf 66' lang='lat' dir='ltr'><strong>long-aevo</strong></span> <span class='ocrx_word' id='word_1_185' title='bbox 1453 2658 1693 2720; x_wconf 89' lang='lat' dir='ltr'><strong>tempore</strong></span> <span class='ocrx_word' id='word_1_186' title='bbox 1719 2665 1909 2705; x_wconf 89' lang='lat' dir='ltr'><strong>sanum</strong></span> <span class='ocrx_word' id='word_1_187' title='bbox 1944 2666 1959 2702; x_wconf 90' lang='lat'><strong>:</strong></span> 
     </span>
    </p>
   </div>
   <div class='ocr_carea' id='block_1_33' title="bbox 516 2740 1835 2812">
    <p class='ocr_par' dir='ltr' id='par_1_33' title="bbox 516 2740 1835 2812">
     <span class='ocr_line' id='line_1_33' title="bbox 516 2740 1835 2812; baseline -0.002 -14"><span class='ocrx_word' id='word_1_188' title='bbox 516 2741 697 2812; x_wconf 81' lang='lat' dir='ltr'><strong>Atque</strong></span> <span class='ocrx_word' id='word_1_189' title='bbox 725 2741 822 2795; x_wconf 89' lang='lat' dir='ltr'><strong>tibi</strong></span> <span class='ocrx_word' id='word_1_190' title='bbox 855 2741 1060 2796; x_wconf 89' lang='lat' dir='ltr'><strong>tribuat</strong></span> <span class='ocrx_word' id='word_1_191' title='bbox 1086 2740 1262 2796; x_wconf 81' lang='lat' dir='ltr'><strong>felicia</strong></span> <span class='ocrx_word' id='word_1_192' title='bbox 1289 2750 1531 2812; x_wconf 71' lang='lat' dir='ltr'><strong>tempora</strong></span> <span class='ocrx_word' id='word_1_193' title='bbox 1557 2742 1796 2798; x_wconf 90' lang='lat' dir='ltr'><strong>clemens</strong></span> <span class='ocrx_word' id='word_1_194' title='bbox 1820 2757 1835 2795; x_wconf 87' lang='lat'><strong>:</strong></span> 
     </span>
    </p>
   </div>
   <div class='ocr_carea' id='block_1_34' title="bbox 518 2831 1928 2903">
    <p class='ocr_par' dir='ltr' id='par_1_34' title="bbox 518 2831 1928 2903">
     <span class='ocr_line' id='line_1_34' title="bbox 518 2831 1928 2903; baseline 0.001 -17"><span class='ocrx_word' id='word_1_195' title='bbox 518 2832 729 2902; x_wconf 82' lang='lat' dir='ltr'><strong>Augeat</strong></span> <span class='ocrx_word' id='word_1_196' title='bbox 752 2838 807 2886; x_wconf 90' lang='lat' dir='ltr'><strong>et</strong></span> <span class='ocrx_word' id='word_1_197' title='bbox 831 2846 1116 2886; x_wconf 89' lang='lat' dir='ltr'><strong>numerum</strong></span> <span class='ocrx_word' id='word_1_198' title='bbox 1147 2831 1349 2902; x_wconf 83' lang='lat' dir='ltr'><strong>populi,</strong></span> <span class='ocrx_word' id='word_1_199' title='bbox 1377 2848 1474 2903; x_wconf 88' lang='lat' dir='ltr'><strong>per</strong></span> <span class='ocrx_word' id='word_1_200' title='bbox 1493 2833 1746 2902; x_wconf 80' lang='lat' dir='ltr'><strong>dogmata</strong></span> <span class='ocrx_word' id='word_1_201' title='bbox 1777 2833 1928 2888; x_wconf 82' lang='lat' dir='ltr'><strong>verbi</strong></span> 
     </span>
    </p>
   </div>
   <div class='ocr_carea' id='block_1_35' title="bbox 521 2922 1648 2993">
    <p class='ocr_par' dir='ltr' id='par_1_35' title="bbox 521 2922 1648 2993">
     <span class='ocr_line' id='line_1_35' title="bbox 521 2922 1648 2993; baseline 0.002 -16"><span class='ocrx_word' id='word_1_202' title='bbox 521 2923 594 2979; x_wconf 90' lang='lat' dir='ltr'><strong>Ut</strong></span> <span class='ocrx_word' id='word_1_203' title='bbox 620 2922 934 2993; x_wconf 82' lang='lat' dir='ltr'><strong>multiplicia</strong></span> <span class='ocrx_word' id='word_1_204' title='bbox 963 2922 1116 2976; x_wconf 63' lang='lat' dir='ltr'><strong>laetus</strong></span> <span class='ocrx_word' id='word_1_205' title='bbox 1139 2925 1387 2977; x_wconf 80' lang='lat' dir='ltr'><strong>mercede</strong></span> <span class='ocrx_word' id='word_1_206' title='bbox 1418 2923 1648 2990; x_wconf 87' lang='lat' dir='ltr'><strong>laboris,</strong></span> 
     </span>
    </p>
   </div>
   <div class='ocr_carea' id='block_1_36' title="bbox 517 3010 1824 3078">
    <p class='ocr_par' dir='ltr' id='par_1_36' title="bbox 517 3010 1824 3078">
     <span class='ocr_line' id='line_1_36' title="bbox 517 3010 1824 3078; baseline 0.005 -12"><span class='ocrx_word' id='word_1_207' title='bbox 517 3010 848 3067; x_wconf 88' lang='lat' dir='ltr'><strong>Celsithroni</strong></span> <span class='ocrx_word' id='word_1_208' title='bbox 868 3011 1052 3066; x_wconf 84' lang='lat' dir='ltr'><strong>videas</strong></span> <span class='ocrx_word' id='word_1_209' title='bbox 1078 3010 1268 3066; x_wconf 78' lang='lat' dir='ltr'><strong>faciem</strong></span> <span class='ocrx_word' id='word_1_210' title='bbox 1299 3015 1417 3069; x_wconf 88' lang='lat' dir='ltr'><strong>sine</strong></span> <span class='ocrx_word' id='word_1_211' title='bbox 1442 3013 1548 3069; x_wconf 80' lang='lat' dir='ltr'><strong>fine</strong></span> <span class='ocrx_word' id='word_1_212' title='bbox 1573 3017 1787 3072; x_wconf 85' lang='lat' dir='ltr'><strong>beatam</strong></span> <span class='ocrx_word' id='word_1_213' title='bbox 1809 3059 1824 3078; x_wconf 87' lang='lat'><strong>.</strong></span> 
     </span>
    </p>
   </div>
   <div class='ocr_carea' id='block_1_37' title="bbox 517 3103 1909 3174">
    <p class='ocr_par' dir='ltr' id='par_1_37' title="bbox 517 3103 1909 3174">
     <span class='ocr_line' id='line_1_37' title="bbox 517 3103 1909 3174; baseline 0.006 -17"><span class='ocrx_word' id='word_1_214' title='bbox 517 3103 755 3172; x_wconf 89' lang='lat' dir='ltr'><strong>Principi</strong></span> <span class='ocrx_word' id='word_1_215' title='bbox 780 3103 1076 3174; x_wconf 85' lang='lat' dir='ltr'><strong>apostolico</strong></span> <span class='ocrx_word' id='word_1_216' title='bbox 1107 3103 1268 3157; x_wconf 81' lang='lat' dir='ltr'><strong>Petro</strong></span> <span class='ocrx_word' id='word_1_217' title='bbox 1293 3105 1614 3174; x_wconf 67' lang='lat' dir='ltr'><strong>coniunctus</strong></span> <span class='ocrx_word' id='word_1_218' title='bbox 1637 3109 1688 3163; x_wconf 88' lang='lat' dir='ltr'><strong>in</strong></span> <span class='ocrx_word' id='word_1_219' title='bbox 1707 3123 1909 3172; x_wconf 59' lang='lat' dir='ltr'><strong>arvum,</strong></span> 
     </span>
    </p>
   </div>
   <div class='ocr_carea' id='block_1_38' title="bbox 519 3193 1764 3263">
    <p class='ocr_par' dir='ltr' id='par_1_38' title="bbox 519 3193 1764 3263">
     <span class='ocr_line' id='line_1_38' title="bbox 519 3193 1764 3263; baseline 0.006 -17"><span class='ocrx_word' id='word_1_220' title='bbox 519 3194 659 3248; x_wconf 87' lang='lat' dir='ltr'><strong>Arce</strong></span> <span class='ocrx_word' id='word_1_221' title='bbox 682 3193 793 3263; x_wconf 91' lang='lat' dir='ltr'><strong>poli</strong></span> <span class='ocrx_word' id='word_1_222' title='bbox 813 3193 1033 3248; x_wconf 85' lang='lat' dir='ltr'><strong>Christo</strong></span> <span class='ocrx_word' id='word_1_223' title='bbox 1058 3193 1213 3248; x_wconf 73' lang='lat' dir='ltr'><strong>hctus</strong></span> <span class='ocrx_word' id='word_1_224' title='bbox 1235 3195 1287 3248; x_wconf 91' lang='lat' dir='ltr'><strong>in</strong></span> <span class='ocrx_word' id='word_1_225' title='bbox 1317 3195 1563 3252; x_wconf 82' lang='lat' dir='ltr'><strong>laudibus</strong></span> <span class='ocrx_word' id='word_1_226' title='bbox 1589 3198 1764 3254; x_wconf 85' lang='lat' dir='ltr'><strong>almis.</strong></span> 
     </span>
    </p>
   </div>
   <div class='ocr_carea' id='block_1_39' title="bbox 526 3283 2035 3360">
    <p class='ocr_par' dir='ltr' id='par_1_39' title="bbox 526 3283 2035 3360">
     <span class='ocr_line' id='line_1_39' title="bbox 526 3283 2035 3360; baseline 0.006 -22"><span class='ocrx_word' id='word_1_227' title='bbox 526 3284 607 3338; x_wconf 89' lang='lat' dir='ltr'><strong>Tu</strong></span> <span class='ocrx_word' id='word_1_228' title='bbox 647 3297 777 3354; x_wconf 83' lang='lat' dir='ltr'><strong>rege</strong></span> <span class='ocrx_word' id='word_1_229' title='bbox 801 3283 1066 3339; x_wconf 86' lang='lat' dir='ltr'><strong>doctrinis</strong></span> <span class='ocrx_word' id='word_1_230' title='bbox 1093 3285 1274 3339; x_wconf 90' lang='lat' dir='ltr'><strong>munla</strong></span> <span class='ocrx_word' id='word_1_231' title='bbox 1306 3287 1424 3341; x_wconf 86' lang='lat' dir='ltr'><strong>laus</strong></span> <span class='ocrx_word' id='word_1_232' title='bbox 1450 3287 1477 3326; x_wconf 70' lang='grc' dir='ltr'>δ</span> <span class='ocrx_word' id='word_1_233' title='bbox 1509 3304 1670 3360; x_wconf 77' lang='lat' dir='ltr'><strong>regna</strong></span> <span class='ocrx_word' id='word_1_234' title='bbox 1708 3306 1804 3359; x_wconf 89' lang='lat' dir='ltr'><strong>per</strong></span> <span class='ocrx_word' id='word_1_235' title='bbox 1826 3291 2035 3347; x_wconf 85' lang='lat' dir='ltr'><strong>orbem.</strong></span> 
     </span>
    </p>
   </div>
   <div class='ocr_carea' id='block_1_40' title="bbox 522 3372 1845 3444">
    <p class='ocr_par' dir='ltr' id='par_1_40' title="bbox 522 3372 1845 3444">
     <span class='ocr_line' id='line_1_40' title="bbox 522 3372 1845 3444; baseline 0.005 -17"><span class='ocrx_word' id='word_1_236' title='bbox 522 3372 725 3427; x_wconf 85' lang='lat' dir='ltr'><strong>Charta</strong></span> <span class='ocrx_word' id='word_1_237' title='bbox 751 3380 841 3428; x_wconf 90' lang='lat' dir='ltr'><strong>tua</strong></span> <span class='ocrx_word' id='word_1_238' title='bbox 863 3382 1066 3437; x_wconf 89' lang='lat' dir='ltr'><strong>currat,</strong></span> <span class='ocrx_word' id='word_1_239' title='bbox 1095 3374 1304 3444; x_wconf 88' lang='lat' dir='ltr'><strong>signata</strong></span> <span class='ocrx_word' id='word_1_240' title='bbox 1337 3376 1389 3429; x_wconf 94' lang='lat' dir='ltr'><strong>in</strong></span> <span class='ocrx_word' id='word_1_241' title='bbox 1414 3378 1630 3431; x_wconf 89' lang='lat' dir='ltr'><strong>nomine</strong></span> <span class='ocrx_word' id='word_1_242' title='bbox 1658 3393 1845 3442; x_wconf 89' lang='lat' dir='ltr'><strong>sacro,</strong></span> 
     </span>
    </p>
   </div>
   <div class='ocr_carea' id='block_1_41' title="bbox 525 3462 2039 3539">
    <p class='ocr_par' dir='ltr' id='par_1_41' title="bbox 525 3462 2039 3539">
     <span class='ocr_line' id='line_1_41' title="bbox 525 3462 2039 3539; baseline 0.007 -23"><span class='ocrx_word' id='word_1_243' title='bbox 525 3463 630 3516; x_wconf 81' lang='lat' dir='ltr'><strong>Per</strong></span> <span class='ocrx_word' id='word_1_244' title='bbox 659 3471 883 3528; x_wconf 85' lang='lat' dir='ltr'><strong>terram,</strong></span> <span class='ocrx_word' id='word_1_245' title='bbox 911 3462 1153 3534; x_wconf 81' lang='lat' dir='ltr'><strong>pelagus,</strong></span> <span class='ocrx_word' id='word_1_246' title='bbox 1182 3466 1449 3535; x_wconf 84' lang='lat' dir='ltr'><strong>regiones,</strong></span> <span class='ocrx_word' id='word_1_247' title='bbox 1494 3483 1681 3539; x_wconf 86' lang='lat' dir='ltr'><strong>regna,</strong></span> <span class='ocrx_word' id='word_1_248' title='bbox 1719 3484 1815 3538; x_wconf 88' lang='lat' dir='ltr'><strong>per</strong></span> <span class='ocrx_word' id='word_1_249' title='bbox 1843 3471 2004 3528; x_wconf 83' lang='lat' dir='ltr'><strong>urbes</strong></span> <span class='ocrx_word' id='word_1_250' title='bbox 2024 3512 2039 3533; x_wconf 87' lang='lat'><strong>.</strong></span> 
     </span>
    </p>
   </div>
   <div class='ocr_carea' id='block_1_42' title="bbox 525 3554 1868 3630">
    <p class='ocr_par' dir='ltr' id='par_1_42' title="bbox 525 3554 1868 3630">
     <span class='ocr_line' id='line_1_42' title="bbox 525 3554 1868 3630; baseline 0.005 -21"><span class='ocrx_word' id='word_1_251' title='bbox 525 3554 834 3610; x_wconf 74' lang='lat' dir='ltr'><strong>Exhortans</strong></span> <span class='ocrx_word' id='word_1_252' title='bbox 859 3563 1049 3609; x_wconf 90' lang='lat' dir='ltr'><strong>sancto</strong></span> <span class='ocrx_word' id='word_1_253' title='bbox 1076 3563 1303 3612; x_wconf 87' lang='lat' dir='ltr'><strong>cunctos</strong></span> <span class='ocrx_word' id='word_1_254' title='bbox 1324 3573 1573 3613; x_wconf 86' lang='lat' dir='ltr'><strong>sermone</strong></span> <span class='ocrx_word' id='word_1_255' title='bbox 1608 3559 1868 3630; x_wconf 81' lang='lat' dir='ltr'><strong>legentes.</strong></span> 
     </span>
    </p>
   </div>
   <div class='ocr_carea' id='block_1_43' title="bbox 526 3647 1765 3715">
    <p class='ocr_par' dir='ltr' id='par_1_43' title="bbox 526 3647 1765 3715">
     <span class='ocr_line' id='line_1_43' title="bbox 526 3647 1765 3715; baseline 0.001 -11"><span class='ocrx_word' id='word_1_256' title='bbox 526 3647 746 3704; x_wconf 86' lang='lat' dir='ltr'><strong>Semina</strong></span> <span class='ocrx_word' id='word_1_257' title='bbox 767 3662 833 3700; x_wconf 90' lang='lat' dir='ltr'><strong>ne</strong></span> <span class='ocrx_word' id='word_1_258' title='bbox 864 3647 986 3702; x_wconf 73' lang='lat' dir='ltr'><strong>vitm</strong></span> <span class='ocrx_word' id='word_1_259' title='bbox 1009 3647 1282 3703; x_wconf 85' lang='lat' dir='ltr'><strong>maculent</strong></span> <span class='ocrx_word' id='word_1_260' title='bbox 1308 3649 1514 3704; x_wconf 82' lang='lat' dir='ltr'><strong>zizania</strong></span> <span class='ocrx_word' id='word_1_261' title='bbox 1541 3653 1731 3706; x_wconf 88' lang='lat' dir='ltr'><strong>mortis</strong></span> <span class='ocrx_word' id='word_1_262' title='bbox 1752 3694 1765 3715; x_wconf 92' lang='lat'><strong>,</strong></span> 
     </span>
    </p>
   </div>
   <div class='ocr_carea' id='block_1_44' title="bbox 526 3738 1898 3809">
    <p class='ocr_par' dir='ltr' id='par_1_44' title="bbox 526 3738 1898 3809">
     <span class='ocr_line' id='line_1_44' title="bbox 526 3738 1898 3809; baseline 0.004 -15"><span class='ocrx_word' id='word_1_263' title='bbox 526 3739 752 3795; x_wconf 81' lang='lat' dir='ltr'><strong>Crescat</strong></span> <span class='ocrx_word' id='word_1_264' title='bbox 781 3739 850 3794; x_wconf 90' lang='lat' dir='ltr'><strong>ab</strong></span> <span class='ocrx_word' id='word_1_265' title='bbox 877 3753 973 3793; x_wconf 89' lang='lat' dir='ltr'><strong>ore</strong></span> <span class='ocrx_word' id='word_1_266' title='bbox 1003 3747 1095 3793; x_wconf 93' lang='lat' dir='ltr'><strong>tuo</strong></span> <span class='ocrx_word' id='word_1_267' title='bbox 1116 3738 1378 3795; x_wconf 67' lang='lat' dir='ltr'><strong>caelorum</strong></span> <span class='ocrx_word' id='word_1_268' title='bbox 1408 3743 1635 3798; x_wconf 85' lang='lat' dir='ltr'><strong>candida</strong></span> <span class='ocrx_word' id='word_1_269' title='bbox 1677 3747 1898 3809; x_wconf 79' lang='lat' dir='ltr'><strong>messis,</strong></span> 
     </span>
    </p>
   </div>
   <div class='ocr_carea' id='block_1_45' title="bbox 525 3827 1736 3899">
    <p class='ocr_par' dir='ltr' id='par_1_45' title="bbox 525 3827 1736 3899">
     <span class='ocr_line' id='line_1_45' title="bbox 525 3827 1736 3899; baseline 0.004 -15"><span class='ocrx_word' id='word_1_270' title='bbox 525 3827 685 3885; x_wconf 82' lang='lat' dir='ltr'><strong>Unde</strong></span> <span class='ocrx_word' id='word_1_271' title='bbox 711 3829 807 3884; x_wconf 91' lang='lat' dir='ltr'><strong>Dei</strong></span> <span class='ocrx_word' id='word_1_272' title='bbox 831 3828 1060 3899; x_wconf 89' lang='lat' dir='ltr'><strong>populus</strong></span> <span class='ocrx_word' id='word_1_273' title='bbox 1082 3829 1230 3884; x_wconf 82' lang='lat' dir='ltr'><strong>vivat</strong></span> <span class='ocrx_word' id='word_1_274' title='bbox 1254 3829 1484 3887; x_wconf 90' lang='lat' dir='ltr'><strong>feliciter</strong></span> <span class='ocrx_word' id='word_1_275' title='bbox 1509 3835 1689 3890; x_wconf 85' lang='lat' dir='ltr'><strong>omnis</strong></span> <span class='ocrx_word' id='word_1_276' title='bbox 1723 3853 1736 3889; x_wconf 87' lang='lat'><strong>:</strong></span> 
     </span>
    </p>
   </div>
   <div class='ocr_carea' id='block_1_46' title="bbox 528 3916 1715 3995">
    <p class='ocr_par' dir='ltr' id='par_1_46' title="bbox 528 3916 1715 3995">
     <span class='ocr_line' id='line_1_46' title="bbox 528 3916 1715 3995; baseline 0.005 -21"><span class='ocrx_word' id='word_1_277' title='bbox 528 3916 778 3974; x_wconf 69' lang='lat' dir='ltr'><strong>Gaudeat</strong></span> <span class='ocrx_word' id='word_1_278' title='bbox 799 3927 854 3973; x_wconf 90' lang='lat' dir='ltr'><strong>et</strong></span> <span class='ocrx_word' id='word_1_279' title='bbox 874 3925 1058 3984; x_wconf 86' lang='lat' dir='ltr'><strong>teneat</strong></span> <span class='ocrx_word' id='word_1_280' title='bbox 1083 3927 1261 3975; x_wconf 88' lang='lat' dir='ltr'><strong>tecum</strong></span> <span class='ocrx_word' id='word_1_281' title='bbox 1283 3920 1522 3976; x_wconf 73' lang='lat' dir='ltr'><strong>cm&#39;lestia</strong></span> <span class='ocrx_word' id='word_1_282' title='bbox 1552 3940 1715 3995; x_wconf 87' lang='lat' dir='ltr'><strong>regna</strong></span> 
     </span>
    </p>
   </div>
   <div class='ocr_carea' id='block_1_47' title="bbox 535 4008 1900 4079">
    <p class='ocr_par' dir='ltr' id='par_1_47' title="bbox 535 4008 1900 4079">
     <span class='ocr_line' id='line_1_47' title="bbox 535 4008 1900 4079; baseline 0.007 -16"><span class='ocrx_word' id='word_1_283' title='bbox 535 4009 763 4079; x_wconf 86' lang='lat' dir='ltr'><strong>Semper</strong></span> <span class='ocrx_word' id='word_1_284' title='bbox 785 4008 840 4064; x_wconf 90' lang='lat' dir='ltr'><strong>in</strong></span> <span class='ocrx_word' id='word_1_285' title='bbox 861 4018 1146 4076; x_wconf 65' lang='lat' dir='ltr'><strong>aeternum,</strong></span> <span class='ocrx_word' id='word_1_286' title='bbox 1170 4026 1382 4066; x_wconf 87' lang='lat' dir='ltr'><strong>summo</strong></span> <span class='ocrx_word' id='word_1_287' title='bbox 1405 4015 1639 4071; x_wconf 81' lang='lat' dir='ltr'><strong>donante</strong></span> <span class='ocrx_word' id='word_1_288' title='bbox 1664 4026 1900 4074; x_wconf 80' lang='lat' dir='ltr'><strong>tonante.</strong></span> 
     </span>
    </p>
   </div>
   <div class='ocr_carea' id='block_1_48' title="bbox 534 4099 1705 4174">
    <p class='ocr_par' dir='ltr' id='par_1_48' title="bbox 534 4099 1705 4174">
     <span class='ocr_line' id='line_1_48' title="bbox 534 4099 1705 4174; baseline 0.004 -18"><span class='ocrx_word' id='word_1_289' title='bbox 534 4101 670 4157; x_wconf 77' lang='lat' dir='ltr'><strong>Vive</strong></span> <span class='ocrx_word' id='word_1_290' title='bbox 697 4101 809 4156; x_wconf 88' lang='lat' dir='ltr'><strong>Deo</strong></span> <span class='ocrx_word' id='word_1_291' title='bbox 828 4099 976 4166; x_wconf 84' lang='lat' dir='ltr'><strong>felix,</strong></span> <span class='ocrx_word' id='word_1_292' title='bbox 1007 4100 1132 4156; x_wconf 82' lang='lat' dir='ltr'><strong>felix</strong></span> <span class='ocrx_word' id='word_1_293' title='bbox 1170 4111 1227 4156; x_wconf 89' lang='lat' dir='ltr'><strong>et</strong></span> <span class='ocrx_word' id='word_1_294' title='bbox 1248 4104 1366 4158; x_wconf 87' lang='lat' dir='ltr'><strong>vive</strong></span> <span class='ocrx_word' id='word_1_295' title='bbox 1387 4120 1485 4174; x_wconf 92' lang='lat' dir='ltr'><strong>per</strong></span> <span class='ocrx_word' id='word_1_296' title='bbox 1510 4121 1705 4170; x_wconf 65' lang='lat' dir='ltr'><strong>aevum,</strong></span> 
     </span>
    </p>
   </div>
   <div class='ocr_carea' id='block_1_49' title="bbox 529 4190 1803 4263">
    <p class='ocr_par' dir='ltr' id='par_1_49' title="bbox 529 4190 1803 4263">
     <span class='ocr_line' id='line_1_49' title="bbox 529 4190 1803 4263; baseline 0.005 -18"><span class='ocrx_word' id='word_1_297' title='bbox 529 4192 711 4246; x_wconf 88' lang='lat' dir='ltr'><strong>Aurea</strong></span> <span class='ocrx_word' id='word_1_298' title='bbox 731 4190 832 4245; x_wconf 76' lang='lat' dir='ltr'><strong>&#39;lux</strong></span> <span class='ocrx_word' id='word_1_299' title='bbox 855 4192 1062 4257; x_wconf 88' lang='lat' dir='ltr'><strong>mundi,</strong></span> <span class='ocrx_word' id='word_1_300' title='bbox 1099 4201 1259 4247; x_wconf 78' lang='lat' dir='ltr'><strong>terra:</strong></span> <span class='ocrx_word' id='word_1_301' title='bbox 1279 4193 1382 4259; x_wconf 85' lang='lat' dir='ltr'><strong>sal,</strong></span> <span class='ocrx_word' id='word_1_302' title='bbox 1405 4203 1562 4263; x_wconf 89' lang='lat' dir='ltr'><strong>porta</strong></span> <span class='ocrx_word' id='word_1_303' title='bbox 1583 4196 1775 4252; x_wconf 87' lang='lat' dir='ltr'><strong>salutis</strong></span> <span class='ocrx_word' id='word_1_304' title='bbox 1791 4240 1803 4262; x_wconf 93' lang='lat'><strong>,</strong></span> 
     </span>
    </p>
   </div>
   <div class='ocr_carea' id='block_1_50' title="bbox 541 4282 2006 4361">
    <p class='ocr_par' dir='ltr' id='par_1_50' title="bbox 541 4282 2006 4361">
     <span class='ocr_line' id='line_1_50' title="bbox 541 4282 2006 4361; baseline 0.006 -24"><span class='ocrx_word' id='word_1_305' title='bbox 541 4282 609 4337; x_wconf 82' lang='lat' dir='ltr'><strong>Et</strong></span> <span class='ocrx_word' id='word_1_306' title='bbox 634 4283 800 4339; x_wconf 88' lang='lat' dir='ltr'><strong>decus</strong></span> <span class='ocrx_word' id='word_1_307' title='bbox 823 4282 1102 4348; x_wconf 77' lang='lat' dir='ltr'><strong>Ecclesiae,</strong></span> <span class='ocrx_word' id='word_1_308' title='bbox 1130 4285 1465 4356; x_wconf 86' lang='lat' dir='ltr'><strong>gemmisque</strong></span> <span class='ocrx_word' id='word_1_309' title='bbox 1485 4301 1685 4341; x_wconf 85' lang='lat' dir='ltr'><strong>corona</strong></span> <span class='ocrx_word' id='word_1_310' title='bbox 1714 4289 2006 4361; x_wconf 88' lang='lat' dir='ltr'><strong>refulgens.</strong></span> 
     </span>
    </p>
   </div>
   <div class='ocr_carea' id='block_1_51' title="bbox 535 4373 1904 4449">
    <p class='ocr_par' dir='ltr' id='par_1_51' title="bbox 535 4373 1904 4449">
     <span class='ocr_line' id='line_1_51' title="bbox 535 4373 1904 4449; baseline 0.004 -21"><span class='ocrx_word' id='word_1_311' title='bbox 535 4373 625 4428; x_wconf 90' lang='lat' dir='ltr'><strong>Sis</strong></span> <span class='ocrx_word' id='word_1_312' title='bbox 652 4389 859 4429; x_wconf 88' lang='lat' dir='ltr'><strong>memor</strong></span> <span class='ocrx_word' id='word_1_313' title='bbox 884 4374 1086 4440; x_wconf 81' lang='lat' dir='ltr'><strong>Albini,</strong></span> <span class='ocrx_word' id='word_1_314' title='bbox 1112 4385 1373 4434; x_wconf 87' lang='lat' dir='ltr'><strong>memoret</strong></span> <span class='ocrx_word' id='word_1_315' title='bbox 1399 4384 1450 4430; x_wconf 89' lang='lat' dir='ltr'><strong>te</strong></span> <span class='ocrx_word' id='word_1_316' title='bbox 1469 4379 1645 4449; x_wconf 86' lang='lat' dir='ltr'><strong>gratia</strong></span> <span class='ocrx_word' id='word_1_317' title='bbox 1670 4377 1904 4444; x_wconf 83' lang='lat' dir='ltr'><strong>Christi,</strong></span> 
     </span>
    </p>
   </div>
   <div class='ocr_carea' id='block_1_52' title="bbox 535 4463 1972 4544">
    <p class='ocr_par' dir='ltr' id='par_1_52' title="bbox 535 4463 1972 4544">
     <span class='ocr_line' id='line_1_52' title="bbox 535 4463 1972 4544; baseline 0.005 -25"><span class='ocrx_word' id='word_1_318' title='bbox 535 4463 665 4534; x_wconf 74' lang='lat' dir='ltr'><strong>Qua:</strong></span> <span class='ocrx_word' id='word_1_319' title='bbox 703 4473 757 4520; x_wconf 83' lang='lat' dir='ltr'><strong>te</strong></span> <span class='ocrx_word' id='word_1_320' title='bbox 781 4473 1080 4530; x_wconf 80' lang='lat' dir='ltr'><strong>conservet,</strong></span> <span class='ocrx_word' id='word_1_321' title='bbox 1108 4467 1302 4538; x_wconf 66' lang='lat' dir='ltr'><strong>przesul</strong></span> <span class='ocrx_word' id='word_1_322' title='bbox 1339 4469 1702 4536; x_wconf 81' lang='lat' dir='ltr'><strong>sanctissime,</strong></span> <span class='ocrx_word' id='word_1_323' title='bbox 1741 4487 1972 4544; x_wconf 88' lang='lat' dir='ltr'><strong>semper.</strong></span> 
     </span>
    </p>
   </div>
   <div class='ocr_carea' id='block_1_53' title="bbox 1183 4599 1462 4657">
    <p class='ocr_par' dir='ltr' id='par_1_53' title="bbox 1183 4599 1462 4657">
     <span class='ocr_line' id='line_1_53' title="bbox 1183 4599 1462 4657; baseline -0.004 -2"><span class='ocrx_word' id='word_1_324' title='bbox 1183 4599 1462 4657; x_wconf 78' lang='lat' dir='ltr'><strong>CCXXVI.</strong></span> 
     </span>
    </p>
   </div>
   <div class='ocr_carea' id='block_1_54' title="bbox 770 4692 1878 4763">
    <p class='ocr_par' dir='ltr' id='par_1_54' title="bbox 770 4692 1878 4763">
     <span class='ocr_line' id='line_1_54' title="bbox 770 4692 1878 4763; baseline 0.006 -17"><span class='ocrx_word' id='word_1_325' title='bbox 770 4693 854 4746; x_wconf 81' lang='lat' dir='ltr'><strong>Ad</strong></span> <span class='ocrx_word' id='word_1_326' title='bbox 882 4692 1104 4748; x_wconf 72' lang='lat' dir='ltr'><strong>Leonem</strong></span> <span class='ocrx_word' id='word_1_327' title='bbox 1131 4693 1476 4763; x_wconf 77' lang='lat' dir='ltr'><strong>apostolicum</strong></span> <span class='ocrx_word' id='word_1_328' title='bbox 1498 4697 1650 4750; x_wconf 80' lang='lat' dir='ltr'><strong>urbis</strong></span> <span class='ocrx_word' id='word_1_329' title='bbox 1682 4696 1878 4753; x_wconf 57' lang='lat' dir='ltr'><strong>Roman</strong></span> 
     </span>
    </p>
   </div>
   <div class='ocr_carea' id='block_1_55' title="bbox 532 4775 1944 4856">
    <p class='ocr_par' dir='ltr' id='par_1_55' title="bbox 532 4775 1944 4856">
     <span class='ocr_line' id='line_1_55' title="bbox 532 4775 1944 4856; baseline 0.003 -14"><span class='ocrx_word' id='word_1_330' title='bbox 532 4784 867 4842; x_wconf 81' lang='lat' dir='ltr'><strong>Pontiliealis</strong></span> <span class='ocrx_word' id='word_1_331' title='bbox 901 4775 1063 4856; x_wconf 75' lang='lat' dir='ltr'><strong>apex,</strong></span> <span class='ocrx_word' id='word_1_332' title='bbox 1095 4793 1152 4839; x_wconf 89' lang='lat' dir='ltr'><strong>et</strong></span> <span class='ocrx_word' id='word_1_333' title='bbox 1177 4785 1388 4855; x_wconf 83' lang='lat' dir='ltr'><strong>primus</strong></span> <span class='ocrx_word' id='word_1_334' title='bbox 1418 4787 1471 4840; x_wconf 89' lang='lat' dir='ltr'><strong>in</strong></span> <span class='ocrx_word' id='word_1_335' title='bbox 1498 4789 1631 4841; x_wconf 88' lang='lat' dir='ltr'><strong>orbe</strong></span> <span class='ocrx_word' id='word_1_336' title='bbox 1659 4791 1944 4856; x_wconf 84' lang='lat' dir='ltr'><strong>sacerdos,</strong></span> 
     </span>
    </p>
   </div>
   <div class='ocr_carea' id='block_1_56' title="bbox 602 4875 1700 4946">
    <p class='ocr_par' dir='ltr' id='par_1_56' title="bbox 602 4875 1700 4946">
     <span class='ocr_line' id='line_1_56' title="bbox 602 4875 1700 4946; baseline 0.004 -16"><span class='ocrx_word' id='word_1_337' title='bbox 602 4875 798 4931; x_wconf 85' lang='lat' dir='ltr'><strong>Pastor</strong></span> <span class='ocrx_word' id='word_1_338' title='bbox 821 4879 1172 4946; x_wconf 82' lang='lat' dir='ltr'><strong>apostolicus,</strong></span> <span class='ocrx_word' id='word_1_339' title='bbox 1201 4891 1340 4945; x_wconf 84' lang='lat' dir='ltr'><strong>papa</strong></span> <span class='ocrx_word' id='word_1_340' title='bbox 1364 4878 1542 4933; x_wconf 78' lang='lat' dir='ltr'><strong>valeto</strong></span> <span class='ocrx_word' id='word_1_341' title='bbox 1571 4879 1700 4934; x_wconf 86' lang='lat' dir='ltr'><strong>Leo.</strong></span> 
     </span>
    </p>
   </div>
   <div class='ocr_carea' id='block_1_57' title="bbox 535 4966 2045 5041">
    <p class='ocr_par' dir='ltr' id='par_1_57' title="bbox 535 4966 2045 5041">
     <span class='ocr_line' id='line_1_57' title="bbox 535 4966 2045 5041; baseline 0.004 -18"><span class='ocrx_word' id='word_1_342' title='bbox 535 4966 736 5024; x_wconf 76' lang='lat' dir='ltr'><strong>Sancte</strong></span> <span class='ocrx_word' id='word_1_343' title='bbox 763 4966 957 5034; x_wconf 87' lang='lat' dir='ltr'><strong>Pater,</strong></span> <span class='ocrx_word' id='word_1_344' title='bbox 981 4968 1169 5038; x_wconf 76' lang='lat' dir='ltr'><strong>patria:</strong></span> <span class='ocrx_word' id='word_1_345' title='bbox 1190 4969 1435 5037; x_wconf 60' lang='lat' dir='ltr'><strong>prieclari</strong></span> <span class='ocrx_word' id='word_1_346' title='bbox 1463 4981 1519 5025; x_wconf 90' lang='lat' dir='ltr'><strong>et</strong></span> <span class='ocrx_word' id='word_1_347' title='bbox 1547 4972 1761 5027; x_wconf 88' lang='lat' dir='ltr'><strong>culmen</strong></span> <span class='ocrx_word' id='word_1_348' title='bbox 1790 4975 2045 5041; x_wconf 87' lang='lat' dir='ltr'><strong>honoris,</strong></span> 
     </span>
    </p>
   </div>
   <div class='ocr_carea' id='block_1_58' title="bbox 611 5060 1948 5134">
    <p class='ocr_par' dir='ltr' id='par_1_58' title="bbox 611 5060 1948 5134">
     <span class='ocr_line' id='line_1_58' title="bbox 611 5060 1948 5134; baseline 0.004 -19"><span class='ocrx_word' id='word_1_349' title='bbox 611 5060 814 5133; x_wconf 80' lang='lat' dir='ltr'><strong>Dignus</strong></span> <span class='ocrx_word' id='word_1_350' title='bbox 839 5061 891 5114; x_wconf 82' lang='lat' dir='ltr'><strong>in</strong></span> <span class='ocrx_word' id='word_1_351' title='bbox 921 5062 1054 5116; x_wconf 89' lang='lat' dir='ltr'><strong>urbe</strong></span> <span class='ocrx_word' id='word_1_352' title='bbox 1080 5076 1257 5125; x_wconf 87' lang='lat' dir='ltr'><strong>sacra,</strong></span> <span class='ocrx_word' id='word_1_353' title='bbox 1287 5062 1478 5118; x_wconf 87' lang='lat' dir='ltr'><strong>doctus</strong></span> <span class='ocrx_word' id='word_1_354' title='bbox 1508 5064 1559 5117; x_wconf 91' lang='lat' dir='ltr'><strong>in</strong></span> <span class='ocrx_word' id='word_1_355' title='bbox 1589 5067 1722 5120; x_wconf 90' lang='lat' dir='ltr'><strong>orbe</strong></span> <span class='ocrx_word' id='word_1_356' title='bbox 1744 5068 1948 5134; x_wconf 89' lang='lat' dir='ltr'><strong>procul.</strong></span> 
     </span>
    </p>
   </div>
   <div class='ocr_carea' id='block_1_59' title="bbox 534 5149 1803 5220">
    <p class='ocr_par' dir='ltr' id='par_1_59' title="bbox 534 5149 1803 5220">
     <span class='ocr_line' id='line_1_59' title="bbox 534 5149 1803 5220; baseline 0 -12"><span class='ocrx_word' id='word_1_357' title='bbox 534 5149 768 5208; x_wconf 69' lang='lat' dir='ltr'><strong>Iustitia:</strong></span> <span class='ocrx_word' id='word_1_358' title='bbox 795 5150 994 5215; x_wconf 87' lang='lat' dir='ltr'><strong>cultor,</strong></span> <span class='ocrx_word' id='word_1_359' title='bbox 1020 5162 1223 5206; x_wconf 72' lang='lat' dir='ltr'><strong>sanctae</strong></span> <span class='ocrx_word' id='word_1_360' title='bbox 1244 5159 1301 5204; x_wconf 91' lang='lat' dir='ltr'><strong>et</strong></span> <span class='ocrx_word' id='word_1_361' title='bbox 1328 5152 1545 5220; x_wconf 75' lang='lat' dir='ltr'><strong>pietatis</strong></span> <span class='ocrx_word' id='word_1_362' title='bbox 1571 5163 1803 5209; x_wconf 86' lang='lat' dir='ltr'><strong>amator.</strong></span> 
     </span>
    </p>
   </div>
   <div class='ocr_carea' id='block_1_60' title="bbox 605 5239 1694 5314">
    <p class='ocr_par' dir='ltr' id='par_1_60' title="bbox 605 5239 1694 5314">
     <span class='ocr_line' id='line_1_60' title="bbox 605 5239 1694 5314; baseline 0.004 -20"><span class='ocrx_word' id='word_1_363' title='bbox 605 5239 824 5296; x_wconf 87' lang='lat' dir='ltr'><strong>Firmus</strong></span> <span class='ocrx_word' id='word_1_364' title='bbox 853 5242 907 5295; x_wconf 91' lang='lat' dir='ltr'><strong>in</strong></span> <span class='ocrx_word' id='word_1_365' title='bbox 930 5239 1142 5305; x_wconf 87' lang='lat' dir='ltr'><strong>ofliciis,</strong></span> <span class='ocrx_word' id='word_1_366' title='bbox 1171 5257 1334 5296; x_wconf 84' lang='lat' dir='ltr'><strong>verus</strong></span> <span class='ocrx_word' id='word_1_367' title='bbox 1365 5243 1420 5296; x_wconf 89' lang='lat' dir='ltr'><strong>in</strong></span> <span class='ocrx_word' id='word_1_368' title='bbox 1441 5243 1694 5314; x_wconf 83' lang='lat' dir='ltr'><strong>eloquiis.</strong></span> 
     </span>
    </p>
   </div>
   <div class='ocr_carea' id='block_1_61' title="bbox 539 5331 1875 5405">
    <p class='ocr_par' dir='ltr' id='par_1_61' title="bbox 539 5331 1875 5405">
     <span class='ocr_line' id='line_1_61' title="bbox 539 5331 1875 5405; baseline 0.004 -19"><span class='ocrx_word' id='word_1_369' title='bbox 539 5332 620 5386; x_wconf 89' lang='lat' dir='ltr'><strong>Tu</strong></span> <span class='ocrx_word' id='word_1_370' title='bbox 640 5331 807 5387; x_wconf 81' lang='lat' dir='ltr'><strong>decus</strong></span> <span class='ocrx_word' id='word_1_371' title='bbox 825 5331 1100 5395; x_wconf 62' lang='lat' dir='ltr'><strong>Ecclesim,</strong></span> <span class='ocrx_word' id='word_1_372' title='bbox 1130 5331 1315 5386; x_wconf 89' lang='lat' dir='ltr'><strong>mundi</strong></span> <span class='ocrx_word' id='word_1_373' title='bbox 1347 5332 1485 5399; x_wconf 88' lang='lat' dir='ltr'><strong>laus,</strong></span> <span class='ocrx_word' id='word_1_374' title='bbox 1513 5335 1683 5405; x_wconf 87' lang='lat' dir='ltr'><strong>gloria</strong></span> <span class='ocrx_word' id='word_1_375' title='bbox 1709 5336 1838 5392; x_wconf 88' lang='lat' dir='ltr'><strong>cleri</strong></span> <span class='ocrx_word' id='word_1_376' title='bbox 1862 5378 1875 5404; x_wconf 92' lang='lat'><strong>,</strong></span> 
     </span>
    </p>
   </div>
   <div class='ocr_carea' id='block_1_62' title="bbox 608 5421 1656 5496">
    <p class='ocr_par' dir='ltr' id='par_1_62' title="bbox 608 5421 1656 5496">
     <span class='ocr_line' id='line_1_62' title="bbox 608 5421 1656 5496; baseline 0.004 -19"><span class='ocrx_word' id='word_1_377' title='bbox 608 5421 928 5492; x_wconf 76' lang='lat' dir='ltr'><strong>Exemplum</strong></span> <span class='ocrx_word' id='word_1_378' title='bbox 951 5422 1094 5486; x_wconf 68' lang='lat' dir='ltr'><strong>vitm,</strong></span> <span class='ocrx_word' id='word_1_379' title='bbox 1120 5421 1292 5478; x_wconf 87' lang='lat' dir='ltr'><strong>forma</strong></span> <span class='ocrx_word' id='word_1_380' title='bbox 1313 5424 1504 5480; x_wconf 84' lang='lat' dir='ltr'><strong>salutis</strong></span> <span class='ocrx_word' id='word_1_381' title='bbox 1536 5441 1656 5496; x_wconf 91' lang='lat' dir='ltr'><strong>ope.</strong></span> 
     </span>
    </p>
   </div>
   <div class='ocr_carea' id='block_1_63' title="bbox 613 5555 1180 5624">
    <p class='ocr_par' dir='ltr' id='par_1_63' title="bbox 613 5555 1180 5624">
     <span class='ocr_line' id='line_1_63' title="bbox 613 5555 1180 5624; baseline -0.005 -12"><span class='ocrx_word' id='word_1_382' title='bbox 613 5570 638 5598; x_wconf 76' lang='grc' dir='ltr'>ι</span> <span class='ocrx_word' id='word_1_383' title='bbox 666 5556 744 5612; x_wconf 85' lang='lat' dir='ltr'><strong>lta</strong></span> <span class='ocrx_word' id='word_1_384' title='bbox 791 5555 1180 5624; x_wconf 87' lang='lat' dir='ltr'><strong>Quercetanus.</strong></span> 
     </span>
    </p>
   </div>
   <div class='ocr_carea' id='block_1_64' title="bbox 611 5627 1727 5695">
    <p class='ocr_par' dir='ltr' id='par_1_64' title="bbox 611 5627 1727 5695">
     <span class='ocr_line' id='line_1_64' title="bbox 611 5627 1727 5695; baseline 0 -13"><span class='ocrx_word' id='word_1_385' title='bbox 611 5628 641 5667; x_wconf 77' lang='grc' dir='ltr'><strong>ιι</strong></span> <span class='ocrx_word' id='word_1_386' title='bbox 676 5627 852 5682; x_wconf 88' lang='lat' dir='ltr'><strong>Locus</strong></span> <span class='ocrx_word' id='word_1_387' title='bbox 878 5636 1182 5695; x_wconf 88' lang='lat' dir='ltr'><strong>corruptus.</strong></span> <span class='ocrx_word' id='word_1_388' title='bbox 1225 5627 1409 5694; x_wconf 85' lang='lat' dir='ltr'><strong>Forte,</strong></span> <span class='ocrx_word' id='word_1_389' title='bbox 1439 5628 1727 5684; x_wconf 82' lang='lat' dir='ltr'><strong>mundana.</strong></span> 
     </span>
    </p>
   </div>
   <div class='ocr_carea' id='block_1_65' title="bbox 613 5695 1204 5766">
    <p class='ocr_par' dir='ltr' id='par_1_65' title="bbox 613 5695 1204 5766">
     <span class='ocr_line' id='line_1_65' title="bbox 613 5695 1204 5766; baseline 0 -14"><span class='ocrx_word' id='word_1_390' title='bbox 613 5708 637 5738; x_wconf 72' lang='grc' dir='ltr'><strong>ο</strong></span> <span class='ocrx_word' id='word_1_391' title='bbox 669 5695 872 5752; x_wconf 81' lang='lat' dir='ltr'><strong>Versus</strong></span> <span class='ocrx_word' id='word_1_392' title='bbox 899 5705 1204 5766; x_wconf 87' lang='lat' dir='ltr'><strong>corruptus.</strong></span> 
     </span>
    </p>
   </div>
   <div class='ocr_carea' id='block_1_66' title="bbox 2263 828 3614 912">
    <p class='ocr_par' dir='ltr' id='par_1_66' title="bbox 2263 828 3614 912">
     <span class='ocr_line' id='line_1_66' title="bbox 2263 828 3614 912; baseline -0.013 -14"><span class='ocrx_word' id='word_1_393' title='bbox 2263 843 2368 898; x_wconf 87' lang='lat' dir='ltr'><strong>Per</strong></span> <span class='ocrx_word' id='word_1_394' title='bbox 2392 850 2464 907; x_wconf 90' lang='lat' dir='ltr'><strong>te,</strong></span> <span class='ocrx_word' id='word_1_395' title='bbox 2492 857 2696 912; x_wconf 87' lang='lat' dir='ltr'><strong>perque</strong></span> <span class='ocrx_word' id='word_1_396' title='bbox 2725 851 2901 904; x_wconf 91' lang='lat' dir='ltr'><strong>tuum,</strong></span> <span class='ocrx_word' id='word_1_397' title='bbox 2929 845 3113 892; x_wconf 89' lang='lat' dir='ltr'><strong>sancte</strong></span> <span class='ocrx_word' id='word_1_398' title='bbox 3140 834 3306 890; x_wconf 86' lang='lat' dir='ltr'><strong>Pater</strong></span> <span class='ocrx_word' id='word_1_399' title='bbox 3327 873 3342 898; x_wconf 92' lang='lat'><strong>,</strong></span> <span class='ocrx_word' id='word_1_400' title='bbox 3372 828 3614 885; x_wconf 89' lang='lat' dir='ltr'><strong>studium</strong></span> 
     </span>
    </p>
   </div>
   <div class='ocr_carea' id='block_1_67' title="bbox 2195 922 3538 1006">
    <p class='ocr_par' dir='ltr' id='par_1_67' title="bbox 2195 922 3538 1006">
     <span class='ocr_line' id='line_1_67' title="bbox 2195 922 3538 1006; baseline -0.014 -14"><span class='ocrx_word' id='word_1_401' title='bbox 2195 936 2310 992; x_wconf 79' lang='lat' dir='ltr'><strong>Hoc</strong></span> <span class='ocrx_word' id='word_1_402' title='bbox 2339 950 2474 1006; x_wconf 85' lang='lat' dir='ltr'><strong>opus</strong></span> <span class='ocrx_word' id='word_1_403' title='bbox 2512 933 2721 1005; x_wconf 89' lang='lat' dir='ltr'><strong>antiqui</strong></span> <span class='ocrx_word' id='word_1_404' title='bbox 2749 932 2942 987; x_wconf 74' lang='lat' dir='ltr'><strong>Patres</strong></span> <span class='ocrx_word' id='word_1_405' title='bbox 2982 928 3159 984; x_wconf 88' lang='lat' dir='ltr'><strong>fecere</strong></span> <span class='ocrx_word' id='word_1_406' title='bbox 3184 941 3280 996; x_wconf 83' lang='lat' dir='ltr'><strong>per</strong></span> <span class='ocrx_word' id='word_1_407' title='bbox 3317 922 3538 985; x_wconf 89' lang='lat' dir='ltr'><strong>orbem,</strong></span> 
     </span>
    </p>
   </div>
   <div class='ocr_carea' id='block_1_68' title="bbox 2269 1015 3473 1096">
    <p class='ocr_par' dir='ltr' id='par_1_68' title="bbox 2269 1015 3473 1096">
     <span class='ocr_line' id='line_1_68' title="bbox 2269 1015 3473 1096; baseline -0.012 -13"><span class='ocrx_word' id='word_1_408' title='bbox 2269 1028 2515 1096; x_wconf 84' lang='lat' dir='ltr'><strong>Quorum</strong></span> <span class='ocrx_word' id='word_1_409' title='bbox 2543 1027 2687 1082; x_wconf 90' lang='lat' dir='ltr'><strong>dicta</strong></span> <span class='ocrx_word' id='word_1_410' title='bbox 2717 1024 2876 1080; x_wconf 85' lang='lat' dir='ltr'><strong>modo</strong></span> <span class='ocrx_word' id='word_1_411' title='bbox 2897 1022 3092 1092; x_wconf 75' lang='lat' dir='ltr'><strong>pagina</strong></span> <span class='ocrx_word' id='word_1_412' title='bbox 3119 1033 3272 1075; x_wconf 88' lang='lat' dir='ltr'><strong>sacra</strong></span> <span class='ocrx_word' id='word_1_413' title='bbox 3295 1015 3473 1079; x_wconf 90' lang='lat' dir='ltr'><strong>canit,</strong></span> 
     </span>
    </p>
   </div>
   <div class='ocr_carea' id='block_1_69' title="bbox 2197 1109 3428 1175">
    <p class='ocr_par' dir='ltr' id='par_1_69' title="bbox 2197 1109 3428 1175">
     <span class='ocr_line' id='line_1_69' title="bbox 2197 1109 3428 1175; baseline -0.013 0"><span class='ocrx_word' id='word_1_414' title='bbox 2197 1120 2265 1175; x_wconf 85' lang='lat' dir='ltr'><strong>Et</strong></span> <span class='ocrx_word' id='word_1_415' title='bbox 2288 1118 2505 1173; x_wconf 83' lang='lat' dir='ltr'><strong>virtutis</strong></span> <span class='ocrx_word' id='word_1_416' title='bbox 2530 1119 2701 1173; x_wconf 89' lang='lat' dir='ltr'><strong>honos</strong></span> <span class='ocrx_word' id='word_1_417' title='bbox 2724 1117 2835 1172; x_wconf 90' lang='lat' dir='ltr'><strong>lato</strong></span> <span class='ocrx_word' id='word_1_418' title='bbox 2853 1115 3161 1168; x_wconf 86' lang='lat' dir='ltr'><strong>celebratur</strong></span> <span class='ocrx_word' id='word_1_419' title='bbox 3187 1110 3241 1162; x_wconf 90' lang='lat' dir='ltr'><strong>in</strong></span> <span class='ocrx_word' id='word_1_420' title='bbox 3265 1109 3428 1171; x_wconf 84' lang='lat' dir='ltr'><strong>orbe;</strong></span> 
     </span>
    </p>
   </div>
   <div class='ocr_carea' id='block_1_70' title="bbox 2268 1203 3440 1278">
    <p class='ocr_par' dir='ltr' id='par_1_70' title="bbox 2268 1203 3440 1278">
     <span class='ocr_line' id='line_1_70' title="bbox 2268 1203 3440 1278; baseline -0.014 -12"><span class='ocrx_word' id='word_1_421' title='bbox 2268 1209 2520 1266; x_wconf 70' lang='lat' dir='ltr'><strong>Caelestis</strong></span> <span class='ocrx_word' id='word_1_422' title='bbox 2541 1223 2774 1278; x_wconf 90' lang='lat' dir='ltr'><strong>quorum</strong></span> <span class='ocrx_word' id='word_1_423' title='bbox 2801 1205 3017 1261; x_wconf 89' lang='lat' dir='ltr'><strong>nomina</strong></span> <span class='ocrx_word' id='word_1_424' title='bbox 3047 1203 3239 1258; x_wconf 83' lang='lat' dir='ltr'><strong>charta</strong></span> <span class='ocrx_word' id='word_1_425' title='bbox 3263 1207 3440 1259; x_wconf 84' lang='lat' dir='ltr'><strong>tenet,</strong></span> 
     </span>
    </p>
   </div>
   <div class='ocr_carea' id='block_1_71' title="bbox 2197 1288 3539 1370">
    <p class='ocr_par' dir='ltr' id='par_1_71' title="bbox 2197 1288 3539 1370">
     <span class='ocr_line' id='line_1_71' title="bbox 2197 1288 3539 1370; baseline -0.012 -14"><span class='ocrx_word' id='word_1_426' title='bbox 2197 1303 2265 1356; x_wconf 82' lang='lat' dir='ltr'><strong>Et</strong></span> <span class='ocrx_word' id='word_1_427' title='bbox 2295 1303 2412 1357; x_wconf 88' lang='lat' dir='ltr'><strong>laus</strong></span> <span class='ocrx_word' id='word_1_428' title='bbox 2429 1307 2689 1370; x_wconf 84' lang='lat' dir='ltr'><strong>perpetuo</strong></span> <span class='ocrx_word' id='word_1_429' title='bbox 2717 1297 2972 1352; x_wconf 87' lang='lat' dir='ltr'><strong>decantat</strong></span> <span class='ocrx_word' id='word_1_430' title='bbox 3013 1293 3255 1348; x_wconf 88' lang='lat' dir='ltr'><strong>carmine</strong></span> <span class='ocrx_word' id='word_1_431' title='bbox 3278 1288 3539 1350; x_wconf 85' lang='lat' dir='ltr'><strong>mundus,</strong></span> 
     </span>
    </p>
   </div>
   <div class='ocr_carea' id='block_1_72' title="bbox 2270 1380 3469 1463">
    <p class='ocr_par' dir='ltr' id='par_1_72' title="bbox 2270 1380 3469 1463">
     <span class='ocr_line' id='line_1_72' title="bbox 2270 1380 3469 1463; baseline -0.013 -15"><span class='ocrx_word' id='word_1_432' title='bbox 2270 1393 2612 1463; x_wconf 88' lang='lat' dir='ltr'><strong>Principibus</strong></span> <span class='ocrx_word' id='word_1_433' title='bbox 2633 1397 2841 1446; x_wconf 88' lang='lat' dir='ltr'><strong>structa</strong></span> <span class='ocrx_word' id='word_1_434' title='bbox 2869 1398 2955 1443; x_wconf 84' lang='lat' dir='ltr'><strong>est</strong></span> <span class='ocrx_word' id='word_1_435' title='bbox 2981 1385 3180 1440; x_wconf 86' lang='lat' dir='ltr'><strong>talibus</strong></span> <span class='ocrx_word' id='word_1_436' title='bbox 3206 1380 3469 1438; x_wconf 80' lang='lat' dir='ltr'><strong>Ecclesia.</strong></span> 
     </span>
    </p>
   </div>
   <div class='ocr_carea' id='block_1_73' title="bbox 2200 1467 3792 1554">
    <p class='ocr_par' dir='ltr' id='par_1_73' title="bbox 2200 1467 3792 1554">
     <span class='ocr_line' id='line_1_73' title="bbox 2200 1467 3792 1554; baseline -0.013 -14"><span class='ocrx_word' id='word_1_437' title='bbox 2200 1483 2318 1542; x_wconf 84' lang='lat' dir='ltr'><strong>lloc</strong></span> <span class='ocrx_word' id='word_1_438' title='bbox 2359 1499 2516 1554; x_wconf 80' lang='lat' dir='ltr'><strong>Opus,</strong></span> <span class='ocrx_word' id='word_1_439' title='bbox 2559 1483 2663 1537; x_wconf 91' lang='lat' dir='ltr'><strong>hoc</strong></span> <span class='ocrx_word' id='word_1_440' title='bbox 2685 1480 2953 1551; x_wconf 88' lang='lat' dir='ltr'><strong>studium,</strong></span> <span class='ocrx_word' id='word_1_441' title='bbox 2983 1475 3167 1547; x_wconf 84' lang='lat' dir='ltr'><strong>magni</strong></span> <span class='ocrx_word' id='word_1_442' title='bbox 3194 1481 3279 1528; x_wconf 88' lang='lat' dir='ltr'><strong>est</strong></span> <span class='ocrx_word' id='word_1_443' title='bbox 3299 1471 3535 1543; x_wconf 86' lang='lat' dir='ltr'><strong>pastoris</strong></span> <span class='ocrx_word' id='word_1_444' title='bbox 3559 1469 3612 1522; x_wconf 89' lang='lat' dir='ltr'><strong>in</strong></span> <span class='ocrx_word' id='word_1_445' title='bbox 3633 1467 3792 1532; x_wconf 72' lang='lat' dir='ltr'><strong>orbe,</strong></span> 
     </span>
    </p>
   </div>
   <div class='ocr_carea' id='block_1_74' title="bbox 2271 1565 3403 1645">
    <p class='ocr_par' dir='ltr' id='par_1_74' title="bbox 2271 1565 3403 1645">
     <span class='ocr_line' id='line_1_74' title="bbox 2271 1565 3403 1645; baseline -0.013 -14"><span class='ocrx_word' id='word_1_446' title='bbox 2271 1577 2476 1645; x_wconf 89' lang='lat' dir='ltr'><strong>Nempe</strong></span> <span class='ocrx_word' id='word_1_447' title='bbox 2503 1574 2706 1629; x_wconf 90' lang='lat' dir='ltr'><strong>talenta</strong></span> <span class='ocrx_word' id='word_1_448' title='bbox 2735 1571 2840 1628; x_wconf 88' lang='lat' dir='ltr'><strong>sibi</strong></span> <span class='ocrx_word' id='word_1_449' title='bbox 2864 1567 3226 1637; x_wconf 87' lang='lat' dir='ltr'><strong>multiplicare</strong></span> <span class='ocrx_word' id='word_1_450' title='bbox 3258 1565 3403 1620; x_wconf 71' lang='lat' dir='ltr'><strong>dam.</strong></span> 
     </span>
    </p>
   </div>
   <div class='ocr_carea' id='block_1_75' title="bbox 2201 1655 3649 1742">
    <p class='ocr_par' dir='ltr' id='par_1_75' title="bbox 2201 1655 3649 1742">
     <span class='ocr_line' id='line_1_75' title="bbox 2201 1655 3649 1742; baseline -0.015 -13"><span class='ocrx_word' id='word_1_451' title='bbox 2201 1672 2368 1742; x_wconf 75' lang='lat'><strong>228</strong></span> <span class='ocrx_word' id='word_1_452' title='bbox 2395 1668 2564 1724; x_wconf 86' lang='lat' dir='ltr'><strong>Totus</strong></span> <span class='ocrx_word' id='word_1_453' title='bbox 2593 1668 2724 1723; x_wconf 90' lang='lat' dir='ltr'><strong>hora</strong></span> <span class='ocrx_word' id='word_1_454' title='bbox 2753 1665 2972 1734; x_wconf 89' lang='lat' dir='ltr'><strong>quidem</strong></span> <span class='ocrx_word' id='word_1_455' title='bbox 2999 1667 3255 1732; x_wconf 88' lang='lat' dir='ltr'><strong>properat</strong></span> <span class='ocrx_word' id='word_1_456' title='bbox 3293 1655 3481 1712; x_wconf 88' lang='lat' dir='ltr'><strong>mundi</strong></span> 
     </span>
    </p>
   </div>
   <div class='ocr_carea' id='block_1_76' title="bbox 2274 1748 3382 1831">
    <p class='ocr_par' dir='ltr' id='par_1_76' title="bbox 2274 1748 3382 1831">
     <span class='ocr_line' id='line_1_76' title="bbox 2274 1748 3382 1831; baseline -0.016 -13"><span class='ocrx_word' id='word_1_457' title='bbox 2274 1763 2345 1819; x_wconf 92' lang='lat' dir='ltr'><strong>Ut</strong></span> <span class='ocrx_word' id='word_1_458' title='bbox 2372 1758 2645 1831; x_wconf 87' lang='lat' dir='ltr'><strong>quondam</strong></span> <span class='ocrx_word' id='word_1_459' title='bbox 2674 1764 2828 1812; x_wconf 88' lang='lat' dir='ltr'><strong>vates</strong></span> <span class='ocrx_word' id='word_1_460' title='bbox 2857 1754 3193 1824; x_wconf 75' lang='lat' dir='ltr'><strong>praecludere</strong></span> <span class='ocrx_word' id='word_1_461' title='bbox 3219 1748 3382 1804; x_wconf 89' lang='lat' dir='ltr'><strong>sacri.</strong></span> 
     </span>
    </p>
   </div>
   <div class='ocr_carea' id='block_1_77' title="bbox 2205 1833 3663 1921">
    <p class='ocr_par' dir='ltr' id='par_1_77' title="bbox 2205 1833 3663 1921">
     <span class='ocr_line' id='line_1_77' title="bbox 2205 1833 3663 1921; baseline -0.01 -14"><span class='ocrx_word' id='word_1_462' title='bbox 2205 1853 2271 1907; x_wconf 85' lang='lat' dir='ltr'><strong>Et</strong></span> <span class='ocrx_word' id='word_1_463' title='bbox 2291 1852 2458 1921; x_wconf 73' lang='lat' dir='ltr'><strong>iudex</strong></span> <span class='ocrx_word' id='word_1_464' title='bbox 2484 1848 2674 1921; x_wconf 86' lang='lat' dir='ltr'><strong>vigilat</strong></span> <span class='ocrx_word' id='word_1_465' title='bbox 2703 1833 2983 1902; x_wconf 86' lang='lat' dir='ltr'><strong>hominum</strong></span> <span class='ocrx_word' id='word_1_466' title='bbox 3011 1857 3176 1913; x_wconf 88' lang='lat' dir='ltr'><strong>super</strong></span> <span class='ocrx_word' id='word_1_467' title='bbox 3208 1850 3328 1896; x_wconf 88' lang='lat' dir='ltr'><strong>acta</strong></span> <span class='ocrx_word' id='word_1_468' title='bbox 3365 1851 3663 1909; x_wconf 80' lang='lat' dir='ltr'><strong>supernus,</strong></span> 
     </span>
    </p>
   </div>
   <div class='ocr_carea' id='block_1_78' title="bbox 2278 1933 3437 2010">
    <p class='ocr_par' dir='ltr' id='par_1_78' title="bbox 2278 1933 3437 2010">
     <span class='ocr_line' id='line_1_78' title="bbox 2278 1933 3437 2010; baseline -0.013 -10"><span class='ocrx_word' id='word_1_469' title='bbox 2278 1945 2350 2000; x_wconf 84' lang='lat' dir='ltr'><strong>Ut</strong></span> <span class='ocrx_word' id='word_1_470' title='bbox 2367 1951 2594 1999; x_wconf 89' lang='lat' dir='ltr'><strong>cunctos</strong></span> <span class='ocrx_word' id='word_1_471' title='bbox 2619 1938 2857 2010; x_wconf 89' lang='lat' dir='ltr'><strong>propriis</strong></span> <span class='ocrx_word' id='word_1_472' title='bbox 2874 1935 3086 2006; x_wconf 62' lang='lat' dir='ltr'><strong>jualicet</strong></span> <span class='ocrx_word' id='word_1_473' title='bbox 3106 1949 3173 1990; x_wconf 78' lang='lat' dir='ltr'><strong>ex</strong></span> <span class='ocrx_word' id='word_1_474' title='bbox 3204 1933 3437 1988; x_wconf 87' lang='lat' dir='ltr'><strong>meritis.</strong></span> 
     </span>
    </p>
   </div>
   <div class='ocr_carea' id='block_1_79' title="bbox 2205 2020 3584 2092">
    <p class='ocr_par' dir='ltr' id='par_1_79' title="bbox 2205 2020 3584 2092">
     <span class='ocr_line' id='line_1_79' title="bbox 2205 2020 3584 2092; baseline -0.012 -1"><span class='ocrx_word' id='word_1_475' title='bbox 2205 2037 2359 2092; x_wconf 88' lang='lat' dir='ltr'><strong>Tunc</strong></span> <span class='ocrx_word' id='word_1_476' title='bbox 2385 2033 2619 2089; x_wconf 86' lang='lat' dir='ltr'><strong>famulus</strong></span> <span class='ocrx_word' id='word_1_477' title='bbox 2643 2037 2820 2086; x_wconf 88' lang='lat' dir='ltr'><strong>sumet</strong></span> <span class='ocrx_word' id='word_1_478' title='bbox 2841 2029 3158 2084; x_wconf 89' lang='lat' dir='ltr'><strong>meritorum</strong></span> <span class='ocrx_word' id='word_1_479' title='bbox 3192 2024 3333 2080; x_wconf 89' lang='lat' dir='ltr'><strong>dona</strong></span> <span class='ocrx_word' id='word_1_480' title='bbox 3368 2020 3544 2077; x_wconf 84' lang='lat' dir='ltr'><strong>ﬁdelis</strong></span> <span class='ocrx_word' id='word_1_481' title='bbox 3562 2059 3584 2086; x_wconf 86' lang='lat'><strong>,</strong></span> 
     </span>
    </p>
   </div>
   <div class='ocr_carea' id='block_1_80' title="bbox 2275 2113 3392 2191">
    <p class='ocr_par' dir='ltr' id='par_1_80' title="bbox 2275 2113 3392 2191">
     <span class='ocr_line' id='line_1_80' title="bbox 2275 2113 3392 2191; baseline -0.014 -9"><span class='ocrx_word' id='word_1_482' title='bbox 2275 2127 2455 2182; x_wconf 71' lang='lat' dir='ltr'><strong>Laetus</strong></span> <span class='ocrx_word' id='word_1_483' title='bbox 2474 2132 2529 2180; x_wconf 90' lang='lat' dir='ltr'><strong>et</strong></span> <span class='ocrx_word' id='word_1_484' title='bbox 2567 2121 2793 2178; x_wconf 88' lang='lat' dir='ltr'><strong>intrabit</strong></span> <span class='ocrx_word' id='word_1_485' title='bbox 2821 2118 3014 2191; x_wconf 83' lang='lat' dir='ltr'><strong>gaudia</strong></span> <span class='ocrx_word' id='word_1_486' title='bbox 3043 2129 3254 2172; x_wconf 90' lang='lat' dir='ltr'><strong>summa</strong></span> <span class='ocrx_word' id='word_1_487' title='bbox 3275 2113 3392 2168; x_wconf 88' lang='lat' dir='ltr'><strong>Dei.</strong></span> 
     </span>
    </p>
   </div>
   <div class='ocr_carea' id='block_1_81' title="bbox 2206 2197 3726 2288">
    <p class='ocr_par' dir='ltr' id='par_1_81' title="bbox 2206 2197 3726 2288">
     <span class='ocr_line' id='line_1_81' title="bbox 2206 2197 3726 2288; baseline -0.013 -14"><span class='ocrx_word' id='word_1_488' title='bbox 2206 2218 2287 2274; x_wconf 88' lang='lat' dir='ltr'><strong>Tu</strong></span> <span class='ocrx_word' id='word_1_489' title='bbox 2326 2231 2541 2288; x_wconf 83' lang='lat' dir='ltr'><strong>quoque</strong></span> <span class='ocrx_word' id='word_1_490' title='bbox 2561 2221 2748 2270; x_wconf 86' lang='lat' dir='ltr'><strong>sancte</strong></span> <span class='ocrx_word' id='word_1_491' title='bbox 2769 2211 2948 2276; x_wconf 86' lang='lat' dir='ltr'><strong>Pater,</strong></span> <span class='ocrx_word' id='word_1_492' title='bbox 2978 2208 3194 2263; x_wconf 86' lang='lat' dir='ltr'><strong>laudem</strong></span> <span class='ocrx_word' id='word_1_493' title='bbox 3217 2207 3359 2261; x_wconf 88' lang='lat' dir='ltr'><strong>inter</strong></span> <span class='ocrx_word' id='word_1_494' title='bbox 3379 2206 3480 2260; x_wconf 90' lang='lat' dir='ltr'><strong>hos</strong></span> <span class='ocrx_word' id='word_1_495' title='bbox 3497 2197 3726 2258; x_wconf 82' lang='lat' dir='ltr'><strong>habebis</strong></span> 
     </span>
    </p>
   </div>
   <div class='ocr_carea' id='block_1_82' title="bbox 2280 2299 3408 2369">
    <p class='ocr_par' dir='ltr' id='par_1_82' title="bbox 2280 2299 3408 2369">
     <span class='ocr_line' id='line_1_82' title="bbox 2280 2299 3408 2369; baseline -0.011 -5"><span class='ocrx_word' id='word_1_496' title='bbox 2280 2308 2604 2365; x_wconf 83' lang='lat' dir='ltr'><strong>Sanctorum</strong></span> <span class='ocrx_word' id='word_1_497' title='bbox 2639 2306 2810 2368; x_wconf 83' lang='lat' dir='ltr'><strong>cives,</strong></span> <span class='ocrx_word' id='word_1_498' title='bbox 2834 2303 3018 2358; x_wconf 91' lang='lat' dir='ltr'><strong>clarus</strong></span> <span class='ocrx_word' id='word_1_499' title='bbox 3041 2301 3096 2355; x_wconf 92' lang='lat' dir='ltr'><strong>in</strong></span> <span class='ocrx_word' id='word_1_500' title='bbox 3118 2300 3251 2356; x_wconf 90' lang='lat' dir='ltr'><strong>orbe</strong></span> <span class='ocrx_word' id='word_1_501' title='bbox 3279 2299 3408 2369; x_wconf 87' lang='lat' dir='ltr'><strong>poli.</strong></span> 
     </span>
    </p>
   </div>
   <div class='ocr_carea' id='block_1_83' title="bbox 2209 2394 3411 2458">
    <p class='ocr_par' dir='ltr' id='par_1_83' title="bbox 2209 2394 3411 2458">
     <span class='ocr_line' id='line_1_83' title="bbox 2209 2394 3411 2458; baseline -0.012 1"><span class='ocrx_word' id='word_1_502' title='bbox 2209 2401 2284 2458; x_wconf 93' lang='lat' dir='ltr'><strong>Ut</strong></span> <span class='ocrx_word' id='word_1_503' title='bbox 2310 2409 2439 2458; x_wconf 90' lang='lat' dir='ltr'><strong>tunc</strong></span> <span class='ocrx_word' id='word_1_504' title='bbox 2467 2415 2589 2456; x_wconf 90' lang='lat' dir='ltr'><strong>esse</strong></span> <span class='ocrx_word' id='word_1_505' title='bbox 2610 2399 2767 2454; x_wconf 86' lang='lat' dir='ltr'><strong>bonis</strong></span> <span class='ocrx_word' id='word_1_506' title='bbox 2795 2396 2921 2452; x_wconf 72' lang='lat' dir='ltr'><strong>felix</strong></span> <span class='ocrx_word' id='word_1_507' title='bbox 2952 2394 3216 2451; x_wconf 87' lang='lat' dir='ltr'><strong>merearis</strong></span> <span class='ocrx_word' id='word_1_508' title='bbox 3239 2394 3411 2450; x_wconf 93' lang='lat' dir='ltr'><strong>in.....</strong></span> 
     </span>
    </p>
   </div>
   <div class='ocr_carea' id='block_1_84' title="bbox 2279 2487 3479 2550">
    <p class='ocr_par' dir='ltr' id='par_1_84' title="bbox 2279 2487 3479 2550">
     <span class='ocr_line' id='line_1_84' title="bbox 2279 2487 3479 2550; baseline -0.011 0"><span class='ocrx_word' id='word_1_509' title='bbox 2279 2495 2435 2550; x_wconf 88' lang='lat' dir='ltr'><strong>Nunc</strong></span> <span class='ocrx_word' id='word_1_510' title='bbox 2459 2493 2627 2549; x_wconf 89' lang='lat' dir='ltr'><strong>durus</strong></span> <span class='ocrx_word' id='word_1_511' title='bbox 2652 2492 2750 2547; x_wconf 87' lang='lat' dir='ltr'><strong>tibi</strong></span> <span class='ocrx_word' id='word_1_512' title='bbox 2773 2492 2848 2548; x_wconf 91' lang='lat' dir='ltr'><strong>sit</strong></span> <span class='ocrx_word' id='word_1_513' title='bbox 2865 2489 3045 2546; x_wconf 91' lang='lat' dir='ltr'><strong>nullus</strong></span> <span class='ocrx_word' id='word_1_514' title='bbox 3073 2489 3126 2543; x_wconf 91' lang='lat' dir='ltr'><strong>in</strong></span> <span class='ocrx_word' id='word_1_515' title='bbox 3150 2487 3284 2543; x_wconf 89' lang='lat' dir='ltr'><strong>orbe</strong></span> <span class='ocrx_word' id='word_1_516' title='bbox 3306 2487 3479 2540; x_wconf 70' lang='lat' dir='ltr'><strong>labor.</strong></span> 
     </span>
    </p>
   </div>
   <div class='ocr_carea' id='block_1_85' title="bbox 2208 2576 3516 2656">
    <p class='ocr_par' dir='ltr' id='par_1_85' title="bbox 2208 2576 3516 2656">
     <span class='ocr_line' id='line_1_85' title="bbox 2208 2576 3516 2656; baseline -0.009 -14"><span class='ocrx_word' id='word_1_517' title='bbox 2208 2587 2501 2644; x_wconf 71' lang='lat' dir='ltr'><strong>Pmnarum</strong></span> <span class='ocrx_word' id='word_1_518' title='bbox 2525 2599 2724 2656; x_wconf 86' lang='lat' dir='ltr'><strong>genera</strong></span> <span class='ocrx_word' id='word_1_519' title='bbox 2753 2589 3077 2653; x_wconf 88' lang='lat' dir='ltr'><strong>spreverunt</strong></span> <span class='ocrx_word' id='word_1_520' title='bbox 3093 2578 3277 2634; x_wconf 89' lang='lat' dir='ltr'><strong>omnia</strong></span> <span class='ocrx_word' id='word_1_521' title='bbox 3303 2576 3476 2632; x_wconf 86' lang='lat' dir='ltr'><strong>sancti</strong></span> <span class='ocrx_word' id='word_1_522' title='bbox 3499 2618 3516 2639; x_wconf 89' lang='lat'><strong>,</strong></span> 
     </span>
    </p>
   </div>
   <div class='ocr_carea' id='block_1_86' title="bbox 2280 2666 3588 2742">
    <p class='ocr_par' dir='ltr' id='par_1_86' title="bbox 2280 2666 3588 2742">
     <span class='ocr_line' id='line_1_86' title="bbox 2280 2666 3588 2742; baseline -0.008 -11"><span class='ocrx_word' id='word_1_523' title='bbox 2280 2676 2418 2731; x_wconf 89' lang='lat' dir='ltr'><strong>Cum</strong></span> <span class='ocrx_word' id='word_1_524' title='bbox 2444 2673 2662 2730; x_wconf 80' lang='lat' dir='ltr'><strong>Christo</strong></span> <span class='ocrx_word' id='word_1_525' title='bbox 2695 2681 2754 2725; x_wconf 91' lang='lat' dir='ltr'><strong>ut</strong></span> <span class='ocrx_word' id='word_1_526' title='bbox 2783 2679 3042 2742; x_wconf 85' lang='lat' dir='ltr'><strong>caperent</strong></span> <span class='ocrx_word' id='word_1_527' title='bbox 3080 2685 3245 2740; x_wconf 86' lang='lat' dir='ltr'><strong>regna</strong></span> <span class='ocrx_word' id='word_1_528' title='bbox 3274 2667 3433 2722; x_wconf 87' lang='lat' dir='ltr'><strong>beata</strong></span> <span class='ocrx_word' id='word_1_529' title='bbox 3458 2666 3588 2736; x_wconf 88' lang='lat' dir='ltr'><strong>poli.</strong></span> 
     </span>
    </p>
   </div>
   <div class='ocr_carea' id='block_1_87' title="bbox 2212 2758 3552 2832">
    <p class='ocr_par' dir='ltr' id='par_1_87' title="bbox 2212 2758 3552 2832">
     <span class='ocr_line' id='line_1_87' title="bbox 2212 2758 3552 2832; baseline -0.009 -10"><span class='ocrx_word' id='word_1_530' title='bbox 2212 2766 2420 2823; x_wconf 80' lang='lat' dir='ltr'><strong>Horum</strong></span> <span class='ocrx_word' id='word_1_531' title='bbox 2443 2772 2631 2821; x_wconf 84' lang='lat' dir='ltr'><strong>sancta</strong></span> <span class='ocrx_word' id='word_1_532' title='bbox 2658 2777 2894 2832; x_wconf 88' lang='lat' dir='ltr'><strong>sequens</strong></span> <span class='ocrx_word' id='word_1_533' title='bbox 2921 2760 3051 2816; x_wconf 77' lang='lat' dir='ltr'><strong>felix</strong></span> <span class='ocrx_word' id='word_1_534' title='bbox 3074 2758 3300 2827; x_wconf 84' lang='lat' dir='ltr'><strong>vestigia</strong></span> <span class='ocrx_word' id='word_1_535' title='bbox 3323 2765 3517 2828; x_wconf 86' lang='lat' dir='ltr'><strong>pastor</strong></span> <span class='ocrx_word' id='word_1_536' title='bbox 3533 2796 3552 2822; x_wconf 87' lang='lat'><strong>,</strong></span> 
     </span>
    </p>
   </div>
   <div class='ocr_carea' id='block_1_88' title="bbox 2286 2848 3413 2921">
    <p class='ocr_par' dir='ltr' id='par_1_88' title="bbox 2286 2848 3413 2921">
     <span class='ocr_line' id='line_1_88' title="bbox 2286 2848 3413 2921; baseline -0.01 -11"><span class='ocrx_word' id='word_1_537' title='bbox 2286 2853 2558 2910; x_wconf 88' lang='lat' dir='ltr'><strong>Doetrinis</strong></span> <span class='ocrx_word' id='word_1_538' title='bbox 2595 2853 2794 2908; x_wconf 90' lang='lat' dir='ltr'><strong>mentis</strong></span> <span class='ocrx_word' id='word_1_539' title='bbox 2823 2867 2946 2907; x_wconf 90' lang='lat' dir='ltr'><strong>cum</strong></span> <span class='ocrx_word' id='word_1_540' title='bbox 2974 2849 3178 2921; x_wconf 88' lang='lat' dir='ltr'><strong>pietate</strong></span> <span class='ocrx_word' id='word_1_541' title='bbox 3198 2848 3371 2903; x_wconf 90' lang='lat' dir='ltr'><strong>sacris</strong></span> <span class='ocrx_word' id='word_1_542' title='bbox 3400 2865 3413 2899; x_wconf 92' lang='lat'><strong>:</strong></span> 
     </span>
    </p>
   </div>
   <div class='ocr_carea' id='block_1_89' title="bbox 2217 2940 3344 3015">
    <p class='ocr_par' dir='ltr' id='par_1_89' title="bbox 2217 2940 3344 3015">
     <span class='ocr_line' id='line_1_89' title="bbox 2217 2940 3344 3015; baseline -0.008 -13"><span class='ocrx_word' id='word_1_543' title='bbox 2217 2946 2288 3003; x_wconf 87' lang='lat' dir='ltr'><strong>Ut</strong></span> <span class='ocrx_word' id='word_1_544' title='bbox 2311 2955 2365 3001; x_wconf 88' lang='lat' dir='ltr'><strong>te</strong></span> <span class='ocrx_word' id='word_1_545' title='bbox 2389 2944 2666 3015; x_wconf 89' lang='lat' dir='ltr'><strong>perpetuis</strong></span> <span class='ocrx_word' id='word_1_546' title='bbox 2693 2943 2955 2998; x_wconf 65' lang='lat' dir='ltr'><strong>caelorum</strong></span> <span class='ocrx_word' id='word_1_547' title='bbox 2993 2941 3165 3012; x_wconf 85' lang='lat' dir='ltr'><strong>gloria</strong></span> <span class='ocrx_word' id='word_1_548' title='bbox 3187 2940 3344 2995; x_wconf 90' lang='lat' dir='ltr'><strong>donis</strong></span> 
     </span>
    </p>
   </div>
   <div class='ocr_carea' id='block_1_90' title="bbox 2289 3034 3498 3104">
    <p class='ocr_par' dir='ltr' id='par_1_90' title="bbox 2289 3034 3498 3104">
     <span class='ocr_line' id='line_1_90' title="bbox 2289 3034 3498 3104; baseline -0.007 -9"><span class='ocrx_word' id='word_1_549' title='bbox 2289 3039 2423 3096; x_wconf 90' lang='lat' dir='ltr'><strong>Cum</strong></span> <span class='ocrx_word' id='word_1_550' title='bbox 2459 3038 2678 3094; x_wconf 90' lang='lat' dir='ltr'><strong>Christo</strong></span> <span class='ocrx_word' id='word_1_551' title='bbox 2699 3043 2755 3090; x_wconf 86' lang='lat' dir='ltr'><strong>et</strong></span> <span class='ocrx_word' id='word_1_552' title='bbox 2780 3035 2986 3090; x_wconf 90' lang='lat' dir='ltr'><strong>sanctis</strong></span> <span class='ocrx_word' id='word_1_553' title='bbox 3013 3034 3265 3104; x_wconf 88' lang='lat' dir='ltr'><strong>accipiat,</strong></span> <span class='ocrx_word' id='word_1_554' title='bbox 3297 3041 3498 3088; x_wconf 85' lang='lat' dir='ltr'><strong>teneat.</strong></span> 
     </span>
    </p>
   </div>
   <div class='ocr_carea' id='block_1_91' title="bbox 2137 3124 3613 3200">
    <p class='ocr_par' dir='ltr' id='par_1_91' title="bbox 2137 3124 3613 3200">
     <span class='ocr_line' id='line_1_91' title="bbox 2137 3124 3613 3200; baseline -0.007 -11"><span class='ocrx_word' id='word_1_555' title='bbox 2137 3125 2188 3188; x_wconf 84' lang='lat' dir='ltr'><strong>C</strong></span> <span class='ocrx_word' id='word_1_556' title='bbox 2220 3133 2440 3189; x_wconf 76' lang='lat' dir='ltr'><strong>Miserat</strong></span> <span class='ocrx_word' id='word_1_557' title='bbox 2465 3131 2608 3185; x_wconf 92' lang='lat' dir='ltr'><strong>hunc</strong></span> <span class='ocrx_word' id='word_1_558' title='bbox 2636 3143 2863 3200; x_wconf 85' lang='lat' dir='ltr'><strong>puerum</strong></span> <span class='ocrx_word' id='word_1_559' title='bbox 2903 3135 3096 3180; x_wconf 69' lang='lat' dir='ltr'><strong>vestra:</strong></span> <span class='ocrx_word' id='word_1_560' title='bbox 3119 3124 3338 3195; x_wconf 87' lang='lat' dir='ltr'><strong>pietatis</strong></span> <span class='ocrx_word' id='word_1_561' title='bbox 3367 3130 3613 3187; x_wconf 86' lang='lat' dir='ltr'><strong>amator,</strong></span> 
     </span>
    </p>
   </div>
   <div class='ocr_carea' id='block_1_92' title="bbox 2285 3222 3582 3292">
    <p class='ocr_par' dir='ltr' id='par_1_92' title="bbox 2285 3222 3582 3292">
     <span class='ocr_line' id='line_1_92' title="bbox 2285 3222 3582 3292; baseline -0.012 -7"><span class='ocrx_word' id='word_1_562' title='bbox 2285 3227 2490 3285; x_wconf 70' lang='lat' dir='ltr'><strong>Prtesul</strong></span> <span class='ocrx_word' id='word_1_563' title='bbox 2515 3225 2846 3282; x_wconf 88' lang='lat' dir='ltr'><strong>Eantbaldus</strong></span> <span class='ocrx_word' id='word_1_564' title='bbox 2872 3222 2898 3264; x_wconf 72' lang='grc' dir='ltr'>ἀ</span> <span class='ocrx_word' id='word_1_565' title='bbox 2928 3237 3152 3277; x_wconf 88' lang='lat' dir='ltr'><strong>munera</strong></span> <span class='ocrx_word' id='word_1_566' title='bbox 3177 3236 3339 3292; x_wconf 87' lang='lat' dir='ltr'><strong>parva</strong></span> <span class='ocrx_word' id='word_1_567' title='bbox 3365 3233 3582 3290; x_wconf 87' lang='lat' dir='ltr'><strong>gerens.</strong></span> 
     </span>
    </p>
   </div>
   <div class='ocr_carea' id='block_1_93' title="bbox 2215 3311 3614 3393">
    <p class='ocr_par' dir='ltr' id='par_1_93' title="bbox 2215 3311 3614 3393">
     <span class='ocr_line' id='line_1_93' title="bbox 2215 3311 3614 3393; baseline -0.011 -14"><span class='ocrx_word' id='word_1_568' title='bbox 2215 3325 2388 3393; x_wconf 84' lang='lat' dir='ltr'><strong>Quem</strong></span> <span class='ocrx_word' id='word_1_569' title='bbox 2412 3331 2505 3376; x_wconf 84' lang='lat' dir='ltr'><strong>tua</strong></span> <span class='ocrx_word' id='word_1_570' title='bbox 2531 3318 2791 3390; x_wconf 87' lang='lat' dir='ltr'><strong>suscipiat</strong></span> <span class='ocrx_word' id='word_1_571' title='bbox 2814 3318 3048 3378; x_wconf 77' lang='lat' dir='ltr'><strong>bonitas,</strong></span> <span class='ocrx_word' id='word_1_572' title='bbox 3072 3315 3320 3378; x_wconf 88' lang='lat' dir='ltr'><strong>obsecro,</strong></span> <span class='ocrx_word' id='word_1_573' title='bbox 3345 3311 3576 3383; x_wconf 87' lang='lat' dir='ltr'><strong>benigne</strong></span> <span class='ocrx_word' id='word_1_574' title='bbox 3597 3349 3614 3378; x_wconf 89' lang='lat'><strong>,</strong></span> 
     </span>
    </p>
   </div>
   <div class='ocr_carea' id='block_1_94' title="bbox 2289 3407 3565 3486">
    <p class='ocr_par' dir='ltr' id='par_1_94' title="bbox 2289 3407 3565 3486">
     <span class='ocr_line' id='line_1_94' title="bbox 2289 3407 3565 3486; baseline -0.008 -18"><span class='ocrx_word' id='word_1_575' title='bbox 2289 3414 2356 3468; x_wconf 90' lang='lat' dir='ltr'><strong>Et</strong></span> <span class='ocrx_word' id='word_1_576' title='bbox 2381 3410 2511 3486; x_wconf 90' lang='lat' dir='ltr'><strong>[est]</strong></span> <span class='ocrx_word' id='word_1_577' title='bbox 2541 3410 2775 3466; x_wconf 90' lang='lat' dir='ltr'><strong>famulus</strong></span> <span class='ocrx_word' id='word_1_578' title='bbox 2800 3418 2999 3473; x_wconf 86' lang='lat' dir='ltr'><strong>vester,</strong></span> <span class='ocrx_word' id='word_1_579' title='bbox 3027 3407 3171 3461; x_wconf 86' lang='lat' dir='ltr'><strong>filius</strong></span> <span class='ocrx_word' id='word_1_580' title='bbox 3205 3413 3364 3474; x_wconf 88' lang='lat' dir='ltr'><strong>atque</strong></span> <span class='ocrx_word' id='word_1_581' title='bbox 3390 3417 3565 3459; x_wconf 86' lang='lat' dir='ltr'><strong>meus.</strong></span> 
     </span>
    </p>
   </div>
   <div class='ocr_carea' id='block_1_95' title="bbox 2219 3497 3382 3572">
    <p class='ocr_par' dir='ltr' id='par_1_95' title="bbox 2219 3497 3382 3572">
     <span class='ocr_line' id='line_1_95' title="bbox 2219 3497 3382 3572; baseline -0.011 -10"><span class='ocrx_word' id='word_1_582' title='bbox 2219 3502 2475 3562; x_wconf 59' lang='lat' dir='ltr'><strong>Ecclesia:</strong></span> <span class='ocrx_word' id='word_1_583' title='bbox 2496 3516 2692 3572; x_wconf 88' lang='lat' dir='ltr'><strong>magno</strong></span> <span class='ocrx_word' id='word_1_584' title='bbox 2717 3514 2867 3571; x_wconf 75' lang='lat' dir='ltr'><strong>papae</strong></span> <span class='ocrx_word' id='word_1_585' title='bbox 2893 3506 2948 3553; x_wconf 90' lang='lat' dir='ltr'><strong>et</strong></span> <span class='ocrx_word' id='word_1_586' title='bbox 2972 3508 3193 3568; x_wconf 81' lang='lat' dir='ltr'><strong>pastore</strong></span> <span class='ocrx_word' id='word_1_587' title='bbox 3219 3497 3382 3551; x_wconf 85' lang='lat' dir='ltr'><strong>Leoni</strong></span> 
     </span>
    </p>
   </div>
   <div class='ocr_carea' id='block_1_96' title="bbox 2289 3589 3490 3652">
    <p class='ocr_par' dir='ltr' id='par_1_96' title="bbox 2289 3589 3490 3652">
     <span class='ocr_line' id='line_1_96' title="bbox 2289 3589 3490 3652; baseline -0.007 0"><span class='ocrx_word' id='word_1_588' title='bbox 2289 3598 2517 3652; x_wconf 83' lang='lat' dir='ltr'><strong>Albinus</strong></span> <span class='ocrx_word' id='word_1_589' title='bbox 2548 3596 2797 3650; x_wconf 86' lang='lat' dir='ltr'><strong>chartam</strong></span> <span class='ocrx_word' id='word_1_590' title='bbox 2822 3593 3044 3647; x_wconf 89' lang='lat' dir='ltr'><strong>miserat</strong></span> <span class='ocrx_word' id='word_1_591' title='bbox 3070 3592 3209 3646; x_wconf 86' lang='lat' dir='ltr'><strong>hanc</strong></span> <span class='ocrx_word' id='word_1_592' title='bbox 3236 3589 3490 3645; x_wconf 88' lang='lat' dir='ltr'><strong>famulus.</strong></span> 
     </span>
    </p>
   </div>
   <div class='ocr_carea' id='block_1_97' title="bbox 2870 3705 3171 3762">
    <p class='ocr_par' dir='ltr' id='par_1_97' title="bbox 2870 3705 3171 3762">
     <span class='ocr_line' id='line_1_97' title="bbox 2870 3705 3171 3762; baseline -0.007 0"><span class='ocrx_word' id='word_1_593' title='bbox 2870 3705 3171 3762; x_wconf 69' lang='lat' dir='ltr'><strong>CCXXV&quot;.</strong></span> 
     </span>
    </p>
   </div>
   <div class='ocr_carea' id='block_1_98' title="bbox 2670 3778 3365 3848">
    <p class='ocr_par' dir='ltr' id='par_1_98' title="bbox 2670 3778 3365 3848">
     <span class='ocr_line' id='line_1_98' title="bbox 2670 3778 3365 3848; baseline -0.007 -14"><span class='ocrx_word' id='word_1_594' title='bbox 2670 3780 2752 3834; x_wconf 78' lang='lat' dir='ltr'><strong>Ad</strong></span> <span class='ocrx_word' id='word_1_595' title='bbox 2795 3778 3046 3834; x_wconf 73' lang='lat' dir='ltr'><strong>Caro/um</strong></span> <span class='ocrx_word' id='word_1_596' title='bbox 3091 3778 3365 3848; x_wconf 83' lang='lat' dir='ltr'><strong>Magnum.</strong></span> 
     </span>
    </p>
   </div>
   <div class='ocr_carea' id='block_1_99' title="bbox 2219 3865 3704 3944">
    <p class='ocr_par' dir='ltr' id='par_1_99' title="bbox 2219 3865 3704 3944">
     <span class='ocr_line' id='line_1_99' title="bbox 2219 3865 3704 3944; baseline -0.006 -14"><span class='ocrx_word' id='word_1_597' title='bbox 2219 3874 2302 3930; x_wconf 79' lang='lat' dir='ltr'><strong>Ad</strong></span> <span class='ocrx_word' id='word_1_598' title='bbox 2326 3889 2422 3928; x_wconf 89' lang='lat' dir='ltr'><strong>nos</strong></span> <span class='ocrx_word' id='word_1_599' title='bbox 2449 3873 2646 3944; x_wconf 85' lang='lat' dir='ltr'><strong>quippe</strong></span> <span class='ocrx_word' id='word_1_600' title='bbox 2671 3881 2793 3926; x_wconf 90' lang='lat' dir='ltr'><strong>tuus</strong></span> <span class='ocrx_word' id='word_1_601' title='bbox 2821 3869 3053 3924; x_wconf 83' lang='lat' dir='ltr'><strong>famulus</strong></span> <span class='ocrx_word' id='word_1_602' title='bbox 3083 3868 3333 3923; x_wconf 75' lang='lat' dir='ltr'><strong>veniebat</strong></span> <span class='ocrx_word' id='word_1_603' title='bbox 3357 3865 3626 3922; x_wconf 83' lang='lat' dir='ltr'><strong>Homerus</strong></span> <span class='ocrx_word' id='word_1_604' title='bbox 3653 3875 3704 3931; x_wconf 71' lang='grc' dir='ltr'><strong>θ.</strong></span> 
     </span>
    </p>
   </div>
   <div class='ocr_carea' id='block_1_100' title="bbox 2295 3958 3394 4016">
    <p class='ocr_par' dir='ltr' id='par_1_100' title="bbox 2295 3958 3394 4016">
     <span class='ocr_line' id='line_1_100' title="bbox 2295 3958 3394 4016; baseline -0.006 0"><span class='ocrx_word' id='word_1_605' title='bbox 2295 3963 2492 4016; x_wconf 83' lang='lat' dir='ltr'><strong>Nuntia</strong></span> <span class='ocrx_word' id='word_1_606' title='bbox 2520 3961 2644 4016; x_wconf 64' lang='lat' dir='ltr'><strong>beta</strong></span> <span class='ocrx_word' id='word_1_607' title='bbox 2666 3960 2844 4014; x_wconf 81' lang='lat' dir='ltr'><strong>ferens</strong></span> <span class='ocrx_word' id='word_1_608' title='bbox 2871 3959 3037 4014; x_wconf 82' lang='lat' dir='ltr'><strong>David</strong></span> <span class='ocrx_word' id='word_1_609' title='bbox 3065 3958 3134 4012; x_wconf 88' lang='lat' dir='ltr'><strong>ab</strong></span> <span class='ocrx_word' id='word_1_610' title='bbox 3157 3972 3254 4012; x_wconf 86' lang='lat' dir='ltr'><strong>ore</strong></span> <span class='ocrx_word' id='word_1_611' title='bbox 3281 3965 3394 4010; x_wconf 89' lang='lat' dir='ltr'><strong>tuo.</strong></span> 
     </span>
    </p>
   </div>
   <div class='ocr_carea' id='block_1_101' title="bbox 2222 4050 3810 4122">
    <p class='ocr_par' dir='ltr' id='par_1_101' title="bbox 2222 4050 3810 4122">
     <span class='ocr_line' id='line_1_101' title="bbox 2222 4050 3810 4122; baseline -0.004 -15"><span class='ocrx_word' id='word_1_612' title='bbox 2222 4053 2449 4108; x_wconf 80' lang='lat' dir='ltr'><strong>Fecerat</strong></span> <span class='ocrx_word' id='word_1_613' title='bbox 2484 4063 2539 4108; x_wconf 90' lang='lat' dir='ltr'><strong>et</strong></span> <span class='ocrx_word' id='word_1_614' title='bbox 2566 4051 2821 4106; x_wconf 87' lang='lat' dir='ltr'><strong>Flaccum</strong></span> <span class='ocrx_word' id='word_1_615' title='bbox 2848 4051 3168 4122; x_wconf 77' lang='lat' dir='ltr'><strong>gaudentem</strong></span> <span class='ocrx_word' id='word_1_616' title='bbox 3197 4050 3250 4104; x_wconf 91' lang='lat' dir='ltr'><strong>in</strong></span> <span class='ocrx_word' id='word_1_617' title='bbox 3290 4057 3509 4119; x_wconf 76' lang='lat' dir='ltr'><strong>pectore</strong></span> <span class='ocrx_word' id='word_1_618' title='bbox 3537 4055 3776 4103; x_wconf 86' lang='lat' dir='ltr'><strong>vestrum</strong></span> <span class='ocrx_word' id='word_1_619' title='bbox 3796 4088 3810 4112; x_wconf 93' lang='lat'><strong>,</strong></span> 
     </span>
    </p>
   </div>
   <div class='ocr_carea' id='block_1_102' title="bbox 2294 4141 3396 4215">
    <p class='ocr_par' dir='ltr' id='par_1_102' title="bbox 2294 4141 3396 4215">
     <span class='ocr_line' id='line_1_102' title="bbox 2294 4141 3396 4215; baseline -0.005 -17"><span class='ocrx_word' id='word_1_620' title='bbox 2294 4145 2478 4215; x_wconf 85' lang='lat' dir='ltr'><strong>Deque</strong></span> <span class='ocrx_word' id='word_1_621' title='bbox 2500 4144 2671 4199; x_wconf 89' lang='lat' dir='ltr'><strong>salute</strong></span> <span class='ocrx_word' id='word_1_622' title='bbox 2701 4152 2810 4206; x_wconf 86' lang='lat' dir='ltr'><strong>tua,</strong></span> <span class='ocrx_word' id='word_1_623' title='bbox 2846 4144 2912 4197; x_wconf 91' lang='lat' dir='ltr'><strong>de</strong></span> <span class='ocrx_word' id='word_1_624' title='bbox 2933 4141 3240 4212; x_wconf 77' lang='lat' dir='ltr'><strong>scholisque</strong></span> <span class='ocrx_word' id='word_1_625' title='bbox 3273 4151 3396 4195; x_wconf 74' lang='lat' dir='ltr'><strong>tuae.</strong></span> 
     </span>
    </p>
   </div>
   <div class='ocr_carea' id='block_1_103' title="bbox 2225 4229 3634 4300">
    <p class='ocr_par' dir='ltr' id='par_1_103' title="bbox 2225 4229 3634 4300">
     <span class='ocr_line' id='line_1_103' title="bbox 2225 4229 3634 4300; baseline -0.003 -12"><span class='ocrx_word' id='word_1_626' title='bbox 2225 4233 2268 4288; x_wconf 93' lang='lat'><strong>0</strong></span> <span class='ocrx_word' id='word_1_627' title='bbox 2296 4234 2428 4289; x_wconf 90' lang='lat' dir='ltr'><strong>mihi</strong></span> <span class='ocrx_word' id='word_1_628' title='bbox 2453 4233 2626 4289; x_wconf 63' lang='lat' dir='ltr'><strong>dulcis</strong></span> <span class='ocrx_word' id='word_1_629' title='bbox 2670 4249 2846 4298; x_wconf 83' lang='lat' dir='ltr'><strong>amor,</strong></span> <span class='ocrx_word' id='word_1_630' title='bbox 2875 4232 3049 4286; x_wconf 88' lang='lat' dir='ltr'><strong>dulcis</strong></span> <span class='ocrx_word' id='word_1_631' title='bbox 3077 4231 3367 4300; x_wconf 66' lang='lat' dir='ltr'><strong>praesentia</strong></span> <span class='ocrx_word' id='word_1_632' title='bbox 3394 4229 3634 4296; x_wconf 86' lang='lat' dir='ltr'><strong>Christi,</strong></span> 
     </span>
    </p>
   </div>
   <div class='ocr_carea' id='block_1_104' title="bbox 2296 4324 3630 4390">
    <p class='ocr_par' dir='ltr' id='par_1_104' title="bbox 2296 4324 3630 4390">
     <span class='ocr_line' id='line_1_104' title="bbox 2296 4324 3630 4390; baseline -0.002 -9"><span class='ocrx_word' id='word_1_633' title='bbox 2296 4328 2462 4383; x_wconf 87' lang='lat' dir='ltr'><strong>Dulce</strong></span> <span class='ocrx_word' id='word_1_634' title='bbox 2490 4337 2642 4383; x_wconf 91' lang='lat' dir='ltr'><strong>tuum</strong></span> <span class='ocrx_word' id='word_1_635' title='bbox 2663 4327 2926 4390; x_wconf 86' lang='lat' dir='ltr'><strong>studium,</strong></span> <span class='ocrx_word' id='word_1_636' title='bbox 2953 4337 3010 4380; x_wconf 89' lang='lat' dir='ltr'><strong>et</strong></span> <span class='ocrx_word' id='word_1_637' title='bbox 3033 4325 3205 4380; x_wconf 87' lang='lat' dir='ltr'><strong>dulcis</strong></span> <span class='ocrx_word' id='word_1_638' title='bbox 3228 4324 3296 4380; x_wconf 88' lang='lat' dir='ltr'><strong>ab</strong></span> <span class='ocrx_word' id='word_1_639' title='bbox 3325 4339 3422 4381; x_wconf 89' lang='lat' dir='ltr'><strong>ore</strong></span> <span class='ocrx_word' id='word_1_640' title='bbox 3444 4339 3630 4379; x_wconf 88' lang='lat' dir='ltr'><strong>sonus.</strong></span> 
     </span>
    </p>
   </div>
   <div class='ocr_carea' id='block_1_105' title="bbox 2227 4415 3603 4490">
    <p class='ocr_par' dir='ltr' id='par_1_105' title="bbox 2227 4415 3603 4490">
     <span class='ocr_line' id='line_1_105' title="bbox 2227 4415 3603 4490; baseline -0.004 -16"><span class='ocrx_word' id='word_1_641' title='bbox 2227 4420 2414 4490; x_wconf 67' lang='lat' dir='ltr'><strong>Tuque</strong></span> <span class='ocrx_word' id='word_1_642' title='bbox 2440 4420 2626 4490; x_wconf 84' lang='lat' dir='ltr'><strong>tuique</strong></span> <span class='ocrx_word' id='word_1_643' title='bbox 2652 4419 2811 4473; x_wconf 91' lang='lat' dir='ltr'><strong>simul</strong></span> <span class='ocrx_word' id='word_1_644' title='bbox 2841 4433 2939 4489; x_wconf 84' lang='lat' dir='ltr'><strong>per</strong></span> <span class='ocrx_word' id='word_1_645' title='bbox 2972 4415 3168 4471; x_wconf 73' lang='lat' dir='ltr'><strong>saecula</strong></span> <span class='ocrx_word' id='word_1_646' title='bbox 3201 4431 3415 4485; x_wconf 86' lang='lat' dir='ltr'><strong>semper</strong></span> <span class='ocrx_word' id='word_1_647' title='bbox 3440 4415 3603 4469; x_wconf 88' lang='lat' dir='ltr'><strong>amici</strong></span> 
     </span>
    </p>
   </div>
   <div class='ocr_carea' id='block_1_106' title="bbox 2156 4483 3495 4580">
    <p class='ocr_par' dir='ltr' id='par_1_106' title="bbox 2156 4483 3495 4580">
     <span class='ocr_line' id='line_1_106' title="bbox 2156 4483 3495 4580; baseline -0.005 -13"><span class='ocrx_word' id='word_1_648' title='bbox 2156 4483 2205 4544; x_wconf 68' lang='grc' dir='ltr'><strong>υ</strong></span> <span class='ocrx_word' id='word_1_649' title='bbox 2299 4483 2640 4575; x_wconf 71' lang='lat' dir='ltr'><strong>Pervaleant,</strong></span> <span class='ocrx_word' id='word_1_650' title='bbox 2673 4483 2913 4580; x_wconf 79' lang='lat' dir='ltr'><strong>vigeant,</strong></span> <span class='ocrx_word' id='word_1_651' title='bbox 2942 4508 3110 4562; x_wconf 80' lang='lat' dir='ltr'><strong>David</strong></span> <span class='ocrx_word' id='word_1_652' title='bbox 3132 4483 3333 4577; x_wconf 76' lang='lat' dir='ltr'><strong>ubique</strong></span> <span class='ocrx_word' id='word_1_653' title='bbox 3355 4507 3495 4561; x_wconf 87' lang='lat' dir='ltr'><strong>vale.</strong></span> 
     </span>
    </p>
   </div>
   <div class='ocr_carea' id='block_1_107' title="bbox 2226 4599 3563 4674">
    <p class='ocr_par' dir='ltr' id='par_1_107' title="bbox 2226 4599 3563 4674">
     <span class='ocr_line' id='line_1_107' title="bbox 2226 4599 3563 4674; baseline -0.004 -15"><span class='ocrx_word' id='word_1_654' title='bbox 2226 4604 2382 4660; x_wconf 78' lang='lat' dir='ltr'><strong>Hunc</strong></span> <span class='ocrx_word' id='word_1_655' title='bbox 2409 4604 2605 4659; x_wconf 88' lang='lat' dir='ltr'><strong>iterum</strong></span> <span class='ocrx_word' id='word_1_656' title='bbox 2635 4618 2863 4674; x_wconf 91' lang='lat' dir='ltr'><strong>puerum</strong></span> <span class='ocrx_word' id='word_1_657' title='bbox 2892 4611 3087 4656; x_wconf 61' lang='lat' dir='ltr'><strong>vestrae</strong></span> <span class='ocrx_word' id='word_1_658' title='bbox 3121 4601 3323 4671; x_wconf 89' lang='lat' dir='ltr'><strong>pietate</strong></span> <span class='ocrx_word' id='word_1_659' title='bbox 3349 4599 3563 4663; x_wconf 85' lang='lat' dir='ltr'><strong>remisi,</strong></span> 
     </span>
    </p>
   </div>
   <div class='ocr_carea' id='block_1_108' title="bbox 2298 4689 3812 4764">
    <p class='ocr_par' dir='ltr' id='par_1_108' title="bbox 2298 4689 3812 4764">
     <span class='ocr_line' id='line_1_108' title="bbox 2298 4689 3812 4764; baseline -0.003 -16"><span class='ocrx_word' id='word_1_660' title='bbox 2298 4693 2514 4750; x_wconf 86' lang='lat' dir='ltr'><strong>Serviat</strong></span> <span class='ocrx_word' id='word_1_661' title='bbox 2535 4701 2596 4748; x_wconf 93' lang='lat' dir='ltr'><strong>ut</strong></span> <span class='ocrx_word' id='word_1_662' title='bbox 2617 4693 2772 4747; x_wconf 89' lang='lat' dir='ltr'><strong>nobis</strong></span> <span class='ocrx_word' id='word_1_663' title='bbox 2793 4690 2910 4764; x_wconf 70' lang='grc' dir='ltr'><strong>μ’..</strong></span> <span class='ocrx_word' id='word_1_664' title='bbox 2937 4689 3112 4764; x_wconf 79' lang='lat' dir='ltr'><strong>vobis]</strong></span> <span class='ocrx_word' id='word_1_665' title='bbox 3135 4691 3397 4756; x_wconf 81' lang='lat' dir='ltr'><strong>carmine,</strong></span> <span class='ocrx_word' id='word_1_666' title='bbox 3421 4691 3605 4755; x_wconf 85' lang='lat' dir='ltr'><strong>corde,</strong></span> <span class='ocrx_word' id='word_1_667' title='bbox 3627 4703 3812 4744; x_wconf 85' lang='lat' dir='ltr'><strong>manu.</strong></span> 
     </span>
    </p>
   </div>
   <div class='ocr_carea' id='block_1_109' title="bbox 2858 4803 3179 4859">
    <p class='ocr_par' dir='ltr' id='par_1_109' title="bbox 2858 4803 3179 4859">
     <span class='ocr_line' id='line_1_109' title="bbox 2858 4803 3179 4859; baseline -0.009 0"><span class='ocrx_word' id='word_1_668' title='bbox 2858 4803 3179 4859; x_wconf 75' lang='lat' dir='ltr'><strong>CCXXV&#39;llI.</strong></span> 
     </span>
    </p>
   </div>
   <div class='ocr_carea' id='block_1_110' title="bbox 2443 4873 3598 4945">
    <p class='ocr_par' dir='ltr' id='par_1_110' title="bbox 2443 4873 3598 4945">
     <span class='ocr_line' id='line_1_110' title="bbox 2443 4873 3598 4945; baseline -0.004 -14"><span class='ocrx_word' id='word_1_669' title='bbox 2443 4878 2528 4932; x_wconf 76' lang='lat' dir='ltr'><strong>Ad</strong></span> <span class='ocrx_word' id='word_1_670' title='bbox 2550 4876 2814 4940; x_wconf 77' lang='lat' dir='ltr'><strong>eumdem,</strong></span> <span class='ocrx_word' id='word_1_671' title='bbox 2852 4875 2918 4929; x_wconf 83' lang='lat' dir='ltr'><strong>de</strong></span> <span class='ocrx_word' id='word_1_672' title='bbox 2947 4875 3136 4930; x_wconf 75' lang='lat' dir='ltr'><strong>studiis</strong></span> <span class='ocrx_word' id='word_1_673' title='bbox 3177 4875 3232 4928; x_wconf 84' lang='lat' dir='ltr'><strong>in</strong></span> <span class='ocrx_word' id='word_1_674' title='bbox 3261 4874 3387 4927; x_wconf 87' lang='lat' dir='ltr'><strong>aula</strong></span> <span class='ocrx_word' id='word_1_675' title='bbox 3433 4873 3598 4945; x_wconf 79' lang='lat' dir='ltr'><strong>regia.</strong></span> 
     </span>
    </p>
   </div>
   <div class='ocr_carea' id='block_1_111' title="bbox 2229 4962 3458 5037">
    <p class='ocr_par' dir='ltr' id='par_1_111' title="bbox 2229 4962 3458 5037">
     <span class='ocr_line' id='line_1_111' title="bbox 2229 4962 3458 5037; baseline -0.008 -11"><span class='ocrx_word' id='word_1_676' title='bbox 2229 4969 2506 5025; x_wconf 75' lang='lat' dir='ltr'><strong>Venerunt</strong></span> <span class='ocrx_word' id='word_1_677' title='bbox 2536 4968 2720 5037; x_wconf 82' lang='lat' dir='ltr'><strong>apices</strong></span> <span class='ocrx_word' id='word_1_678' title='bbox 2745 4975 2942 5020; x_wconf 61' lang='lat' dir='ltr'><strong>vestrae</strong></span> <span class='ocrx_word' id='word_1_679' title='bbox 2969 4965 3184 5036; x_wconf 85' lang='lat' dir='ltr'><strong>pietatis</strong></span> <span class='ocrx_word' id='word_1_680' title='bbox 3211 4965 3280 5017; x_wconf 87' lang='lat' dir='ltr'><strong>ab</strong></span> <span class='ocrx_word' id='word_1_681' title='bbox 3301 4962 3422 5017; x_wconf 85' lang='lat' dir='ltr'><strong>aula</strong></span> <span class='ocrx_word' id='word_1_682' title='bbox 3443 5003 3458 5024; x_wconf 88' lang='lat'><strong>,</strong></span> 
     </span>
    </p>
   </div>
   <div class='ocr_carea' id='block_1_112' title="bbox 2231 5053 3496 5122">
    <p class='ocr_par' dir='ltr' id='par_1_112' title="bbox 2231 5053 3496 5122">
     <span class='ocr_line' id='line_1_112' title="bbox 2231 5053 3496 5122; baseline -0.007 -6"><span class='ocrx_word' id='word_1_683' title='bbox 2231 5060 2278 5116; x_wconf 91' lang='lat' dir='ltr'><strong>O</strong></span> <span class='ocrx_word' id='word_1_684' title='bbox 2317 5060 2516 5116; x_wconf 90' lang='lat' dir='ltr'><strong>dilecte</strong></span> <span class='ocrx_word' id='word_1_685' title='bbox 2545 5059 2676 5122; x_wconf 90' lang='lat' dir='ltr'><strong>Deo,</strong></span> <span class='ocrx_word' id='word_1_686' title='bbox 2705 5057 2873 5111; x_wconf 89' lang='lat' dir='ltr'><strong>David</strong></span> <span class='ocrx_word' id='word_1_687' title='bbox 2899 5055 3234 5120; x_wconf 87' lang='lat' dir='ltr'><strong>dulcissime,</strong></span> <span class='ocrx_word' id='word_1_688' title='bbox 3263 5053 3496 5119; x_wconf 88' lang='lat' dir='ltr'><strong>Flacco;</strong></span> 
     </span>
    </p>
   </div>
   <div class='ocr_carea' id='block_1_113' title="bbox 2227 5146 3445 5220">
    <p class='ocr_par' dir='ltr' id='par_1_113' title="bbox 2227 5146 3445 5220">
     <span class='ocr_line' id='line_1_113' title="bbox 2227 5146 3445 5220; baseline -0.007 -12"><span class='ocrx_word' id='word_1_689' title='bbox 2227 5153 2515 5208; x_wconf 88' lang='lat' dir='ltr'><strong>Portantes</strong></span> <span class='ocrx_word' id='word_1_690' title='bbox 2539 5160 2734 5205; x_wconf 81' lang='lat' dir='ltr'><strong>vestra:</strong></span> <span class='ocrx_word' id='word_1_691' title='bbox 2763 5149 2918 5204; x_wconf 81' lang='lat' dir='ltr'><strong>nobis</strong></span> <span class='ocrx_word' id='word_1_692' title='bbox 2945 5148 3034 5220; x_wconf 90' lang='lat' dir='ltr'><strong>pia</strong></span> <span class='ocrx_word' id='word_1_693' title='bbox 3063 5148 3199 5202; x_wconf 88' lang='lat' dir='ltr'><strong>dona</strong></span> <span class='ocrx_word' id='word_1_694' title='bbox 3226 5146 3445 5209; x_wconf 89' lang='lat' dir='ltr'><strong>salutis,</strong></span> 
     </span>
    </p>
   </div>
   <div class='ocr_carea' id='block_1_114' title="bbox 2229 5243 3807 5313">
    <p class='ocr_par' dir='ltr' id='par_1_114' title="bbox 2229 5243 3807 5313">
     <span class='ocr_line' id='line_1_114' title="bbox 2229 5243 3807 5313; baseline -0.006 -14"><span class='ocrx_word' id='word_1_695' title='bbox 2229 5245 2402 5312; x_wconf 86' lang='lat' dir='ltr'><strong>Quam</strong></span> <span class='ocrx_word' id='word_1_696' title='bbox 2441 5245 2584 5298; x_wconf 89' lang='lat' dir='ltr'><strong>Deus</strong></span> <span class='ocrx_word' id='word_1_697' title='bbox 2625 5243 2970 5313; x_wconf 84' lang='lat' dir='ltr'><strong>omnipotens</strong></span> <span class='ocrx_word' id='word_1_698' title='bbox 3014 5255 3231 5309; x_wconf 89' lang='lat' dir='ltr'><strong>semper</strong></span> <span class='ocrx_word' id='word_1_699' title='bbox 3255 5244 3638 5308; x_wconf 87' lang='lat' dir='ltr'><strong>superaugeat,</strong></span> <span class='ocrx_word' id='word_1_700' title='bbox 3663 5244 3807 5307; x_wconf 85' lang='lat' dir='ltr'><strong>opto.</strong></span> 
     </span>
    </p>
   </div>
   <div class='ocr_carea' id='block_1_115' title="bbox 2232 5329 3573 5402">
    <p class='ocr_par' dir='ltr' id='par_1_115' title="bbox 2232 5329 3573 5402">
     <span class='ocr_line' id='line_1_115' title="bbox 2232 5329 3573 5402; baseline -0.004 -15"><span class='ocrx_word' id='word_1_701' title='bbox 2232 5333 2312 5387; x_wconf 86' lang='lat' dir='ltr'><strong>Tu</strong></span> <span class='ocrx_word' id='word_1_702' title='bbox 2338 5332 2478 5397; x_wconf 87' lang='lat' dir='ltr'><strong>laus,</strong></span> <span class='ocrx_word' id='word_1_703' title='bbox 2503 5346 2732 5402; x_wconf 87' lang='lat' dir='ltr'><strong>spesque</strong></span> <span class='ocrx_word' id='word_1_704' title='bbox 2758 5331 2889 5395; x_wconf 90' lang='lat' dir='ltr'><strong>tuis,</strong></span> <span class='ocrx_word' id='word_1_705' title='bbox 2915 5339 3030 5384; x_wconf 92' lang='lat' dir='ltr'><strong>toto</strong></span> <span class='ocrx_word' id='word_1_706' title='bbox 3053 5338 3106 5384; x_wconf 89' lang='lat' dir='ltr'><strong>tu</strong></span> <span class='ocrx_word' id='word_1_707' title='bbox 3139 5329 3334 5400; x_wconf 88' lang='lat' dir='ltr'><strong>gaudia</strong></span> <span class='ocrx_word' id='word_1_708' title='bbox 3360 5343 3529 5399; x_wconf 88' lang='lat' dir='ltr'><strong>regno</strong></span> <span class='ocrx_word' id='word_1_709' title='bbox 3560 5347 3573 5381; x_wconf 90' lang='lat'>:</span> 
     </span>
    </p>
   </div>
   <div class='ocr_carea' id='block_1_116' title="bbox 2230 5422 3639 5489">
    <p class='ocr_par' dir='ltr' id='par_1_116' title="bbox 2230 5422 3639 5489">
     <span class='ocr_line' id='line_1_116' title="bbox 2230 5422 3639 5489; baseline -0.001 -9"><span class='ocrx_word' id='word_1_710' title='bbox 2230 5425 2310 5482; x_wconf 81' lang='lat' dir='ltr'><strong>Tu</strong></span> <span class='ocrx_word' id='word_1_711' title='bbox 2340 5426 2506 5482; x_wconf 88' lang='lat' dir='ltr'><strong>decus</strong></span> <span class='ocrx_word' id='word_1_712' title='bbox 2530 5424 2803 5489; x_wconf 73' lang='lat' dir='ltr'><strong>Ecclesiae,</strong></span> <span class='ocrx_word' id='word_1_713' title='bbox 2837 5432 3036 5489; x_wconf 88' lang='lat' dir='ltr'><strong>rector,</strong></span> <span class='ocrx_word' id='word_1_714' title='bbox 3070 5422 3342 5488; x_wconf 87' lang='lat' dir='ltr'><strong>defensor,</strong></span> <span class='ocrx_word' id='word_1_715' title='bbox 3372 5431 3585 5477; x_wconf 89' lang='lat' dir='ltr'><strong>amator</strong></span> <span class='ocrx_word' id='word_1_716' title='bbox 3620 5438 3639 5479; x_wconf 85' lang='lat'><strong>:</strong></span> 
     </span>
    </p>
   </div>
   <div class='ocr_carea' id='block_1_117' title="bbox 2297 5563 3816 5635">
    <p class='ocr_par' dir='ltr' id='par_1_117' title="bbox 2297 5563 3816 5635">
     <span class='ocr_line' id='line_1_117' title="bbox 2297 5563 3816 5635; baseline 0.003 -17"><span class='ocrx_word' id='word_1_717' title='bbox 2297 5565 2323 5604; x_wconf 74' lang='grc' dir='ltr'><em>δ</em></span> <span class='ocrx_word' id='word_1_718' title='bbox 2378 5563 2587 5619; x_wconf 79' lang='lat' dir='ltr'><strong>Pra&#39;sul</strong></span> <span class='ocrx_word' id='word_1_719' title='bbox 2640 5565 2992 5622; x_wconf 73' lang='lat' dir='ltr'><strong>Eantbaldus.</strong></span> <span class='ocrx_word' id='word_1_720' title='bbox 3045 5565 3127 5619; x_wconf 88' lang='lat' dir='ltr'><strong>An</strong></span> <span class='ocrx_word' id='word_1_721' title='bbox 3178 5563 3487 5620; x_wconf 75' lang='lat' dir='ltr'><strong>Eanbaldus</strong></span> <span class='ocrx_word' id='word_1_722' title='bbox 3529 5563 3816 5635; x_wconf 73' lang='lat' dir='ltr'><strong>episcopus</strong></span> 
     </span>
    </p>
   </div>
   <div class='ocr_carea' id='block_1_118' title="bbox 2227 5635 3247 5706">
    <p class='ocr_par' dir='ltr' id='par_1_118' title="bbox 2227 5635 3247 5706">
     <span class='ocr_line' id='line_1_118' title="bbox 2227 5635 3247 5706; baseline -0.003 -16"><span class='ocrx_word' id='word_1_723' title='bbox 2227 5635 2603 5706; x_wconf 78' lang='lat' dir='ltr'><strong>Eboracensis,</strong></span> <span class='ocrx_word' id='word_1_724' title='bbox 2633 5636 2701 5690; x_wconf 84' lang='lat' dir='ltr'><strong>de</strong></span> <span class='ocrx_word' id='word_1_725' title='bbox 2727 5651 2834 5706; x_wconf 86' lang='lat' dir='ltr'><strong>quo</strong></span> <span class='ocrx_word' id='word_1_726' title='bbox 2862 5636 2993 5692; x_wconf 89' lang='lat' dir='ltr'><strong>alibi</strong></span> <span class='ocrx_word' id='word_1_727' title='bbox 3019 5635 3247 5705; x_wconf 77' lang='lat' dir='ltr'><strong>saepius?</strong></span> 
     </span>
    </p>
   </div>
   <div class='ocr_carea' id='block_1_119' title="bbox 2303 5704 2908 5777">
    <p class='ocr_par' dir='ltr' id='par_1_119' title="bbox 2303 5704 2908 5777">
     <span class='ocr_line' id='line_1_119' title="bbox 2303 5704 2908 5777; baseline 0.005 -18"><span class='ocrx_word' id='word_1_728' title='bbox 2303 5716 2325 5742; x_wconf 72' lang='grc' dir='ltr'><strong>ε</strong></span> <span class='ocrx_word' id='word_1_729' title='bbox 2355 5705 2410 5759; x_wconf 86' lang='lat' dir='ltr'><strong>Id</strong></span> <span class='ocrx_word' id='word_1_730' title='bbox 2430 5713 2514 5759; x_wconf 90' lang='lat' dir='ltr'><strong>est</strong></span> <span class='ocrx_word' id='word_1_731' title='bbox 2541 5704 2908 5777; x_wconf 76' lang='lat' dir='ltr'><strong>Angillzertns.</strong></span> 
     </span>
    </p>
   </div>
  </div>
