4106 6538
224 416 329 476 781

228 536 311 593 Tu
349 535 541 610 dignos
566 536 817 608 equidem
844 535 1041 591 misisti
1079 543 1224 590 sorte
1253 533 1535 589 ministros

228 628 525 687 Ordinibus
558 629 751 695 sacris,
777 629 890 699 jam
918 645 1015 699 per
1040 628 1156 683 loca
1188 636 1315 681 nota
1340 626 1580 696 capellae.

230 728 373 784 Ecce
397 727 708 783 sacerdotes
726 726 928 783 Christi
953 741 1050 781 sua
1079 725 1203 795 jura
1228 723 1487 777 tenebunt
1518 737 1530 771 :

229 816 469 874 Olliciale
496 817 663 872 decus
702 827 920 873 servent
956 812 1222 888 [servant]
1264 812 1366 867 sibi
1398 812 1499 865 rite
1546 807 1813 870 ministri,

134 980 137 982 η
231 908 605 979 Nathaneique
629 925 728 965 suo
760 910 996 981 gaudent
1020 909 1121 962 sub
1153 905 1396 977 principe
1426 910 1598 958 certo.

228 1001 538 1055 Aecurrunt
570 1000 765 1054 medici
794 1014 919 1053 mox
943 996 1321 1066 llippocratica
1354 1001 1493 1048 tecta
1517 1034 1533 1057 ,

233 1092 331 1147 llic
353 1106 520 1146 venas
545 1090 740 1157 fundit,
770 1091 968 1146 herbas
992 1089 1084 1145 hic
1112 1089 1306 1143 miscet
1324 1087 1377 1139 in
1402 1086 1506 1139 olla
1533 1104 1547 1141 :

232 1183 323 1239 Ille
346 1183 531 1251 coquit
554 1181 750 1252 pultes,
783 1181 923 1237 alter
947 1180 1042 1236 sed
1061 1181 1253 1252 poeula
1276 1178 1494 1251 prtefert
1517 1196 1532 1233 :

233 1275 301 1331 Et
349 1283 556 1341 tamen,
620 1288 657 1329 ο
717 1274 944 1330 medici!
1010 1273 1223 1329 cunctis
1288 1271 1583 1342 impendite
1636 1278 1820 1340 grates

1456 1362 1578 1436 [F.,
1597 1360 1816 1434 gratis.]

234 1464 304 1519 Ut
328 1465 584 1520 manibus
610 1465 807 1519 vestris
830 1463 972 1519 adsit
997 1460 1305 1536 benedictio
1328 1457 1535 1514 Christi
1569 1474 1585 1510 :

232 1552 361 1609 Iltec
382 1554 516 1608 mihi
554 1562 748 1609 uincta
774 1552 1012 1622 placent,
1034 1552 1136 1608 iste
1161 1560 1247 1606 est
1274 1548 1560 1606 laudabilis
1579 1547 1732 1603 ordo.

230 1643 373 1710 Quid
400 1643 549 1699 Maro
574 1643 858 1700 versiﬁcus
883 1643 1029 1699 solus
1056 1643 1303 1712 peccavit
1331 1642 1386 1696 in
1408 1640 1571 1696 aula?

233 1732 350 1789 Non
379 1732 481 1788 fuit
507 1733 594 1790 ille
617 1733 783 1789 Pater
802 1733 914 1803 jam
939 1733 1135 1803 dignus
1160 1734 1362 1788 habere
1384 1732 1705 1802 magistrum
1728 1771 1743 1794 ,

228 1825 335 1893 Qui
359 1828 515 1881 daret
537 1826 785 1899 egregias
805 1826 989 1896 pueris
1009 1841 1107 1895 per
1130 1832 1273 1880 tecta
1312 1836 1586 1878 camenas.

231 1918 375 1986 Quid
397 1917 562 1974 faciet
590 1918 766 1973 Belcel
792 1918 1003 1972 hiliacis
1026 1917 1217 1971 doctus
1242 1917 1295 1971 in
1315 1914 1471 1970 edis?
1848 1907 1897 1967 Β

229 2010 343 2066 Cur
369 2024 498 2079 rogo
521 2025 629 2065 non
654 2009 831 2066 tenuit
856 2007 1095 2062 scholam
1126 2006 1229 2060 sub
1255 2005 1473 2060 nomine
1508 2002 1715 2075 patris?

230 2100 375 2169 Quid
404 2098 568 2155 faciet
592 2098 779 2153 tardus
803 2108 1001 2153 cannto
1029 2098 1235 2151 vertice
1261 2098 1500 2151 Drances
1520 2135 1536 2159 ,

230 2194 472 2249 Consilio
494 2192 724 2257 validus,
755 2192 928 2264 gelida
955 2199 1041 2245 est
1063 2206 1163 2245 ceu
1191 2191 1413 2244 dextera
1437 2188 1615 2244 bello?

230 2284 478 2341 Zacheus
503 2283 753 2338 arborem
774 2283 1088 2337 conscendit
1124 2296 1327 2351 parvus
1356 2283 1409 2333 in
1438 2280 1603 2333 altam
1625 2318 1641 2343 ,

232 2374 310 2433 Ut
325 2375 505 2431 videat
518 2375 738 2429 turbam
762 2374 1090 2446 scriptorum
1120 2387 1343 2428 currere
1373 2372 1576 2427 circum
1596 2412 1610 2436 ,

231 2466 538 2533 Litterulis,
568 2468 799 2533 chartis,
829 2467 1044 2521 miseris
1075 2466 1268 2521 solatia
1294 2472 1534 2534 pnestat.

231 2556 352 2613 Non
397 2567 603 2628 tangat,
627 2566 837 2622 caveat,
859 2572 1152 2627 puerorum
1180 2554 1422 2626 sportula
1444 2556 1667 2610 dextras

230 2647 355 2705 lam
372 2658 521 2706 tenet
531 2650 665 2706 ordo
678 2665 835 2706 suum
848 2651 1066 2720 proprie
1080 2666 1224 2704 nunc
1237 2650 1467 2719 quisque
1481 2648 1817 2718 magistrum.

232 2742 528 2817 Presbyter
549 2743 796 2815 egregius
819 2752 933 2798 toto
957 2743 1058 2797 snb
1078 2751 1296 2813 pectore
1311 2742 1502 2813 plenus
1518 2782 1534 2805 ,

232 2836 343 2892 Iste
379 2836 691 2892 sacerdotes
728 2835 890 2891 factis
913 2844 971 2891 et
1003 2851 1137 2891 voce
1164 2836 1465 2906 gubernat,

231 2930 377 2985 Ante
405 2930 526 2985 illos
545 2930 821 3001 gradiens,
854 2929 1155 2985 clarissima
1178 2927 1352 2982 forma
1378 2928 1570 2983 salutis
1594 2944 1607 2980 :

234 3025 384 3080 Ordo
412 3024 793 3078 ministrorum
811 3023 1059 3093 sequitur
1081 3032 1133 3077 te
1159 3021 1311 3077 Iesse
1341 3020 1677 3091 magistrum.

235 3115 356 3171 Vox
380 3114 478 3172 tibi
508 3114 647 3171 forte
672 3123 830 3170 sonat
856 3113 1061 3169 Christi
1091 3115 1305 3169 taurina
1336 3127 1436 3184 per
1469 3113 1677 3174 aulam,

238 3209 314 3264 Ut
330 3207 488 3264 decet
512 3221 579 3262 ex
602 3208 713 3263 alto
746 3208 961 3279 populis
983 3209 1070 3278 pia
1098 3208 1261 3262 verba
1285 3206 1501 3276 legenti.

235 3301 478 3357 Candida
512 3300 786 3373 Sulpicius
815 3312 938 3373 post
964 3311 1019 3357 te
1049 3303 1219 3357 trahit
1239 3303 1455 3373 agmina
1478 3301 1681 3365 lector,

238 3392 354 3448 Hos
381 3400 556 3464 regat,
580 3403 636 3449 et
663 3392 874 3459 doceat,
907 3392 1073 3449 certis
1103 3408 1170 3447 ne
1204 3392 1518 3447 accentibus
1547 3399 1754 3447 errent.

238 3486 484 3542 Instituit
501 3499 699 3555 pueros
716 3482 932 3539 ldithun
959 3483 1323 3539 modulamine
1349 3497 1539 3545 sacro,

241 3574 422 3645 thue
451 3589 615 3630 sonos
655 3573 840 3643 dulces
864 3574 1173 3639 decantent,
1196 3587 1330 3629 voce
1358 3587 1576 3627 sonora.

240 3666 387 3734 Quot
404 3664 653 3737 pedibus,
676 3666 941 3730 numeris,
964 3666 1220 3737 rhythmo
1246 3674 1353 3720 stat
1378 3666 1609 3730 musica,
1633 3665 1827 3721 discat.

244 3757 508 3814 Noctibus
528 3756 780 3829 inspiciat
808 3756 931 3813 caeli
963 3774 1082 3812 mea
1116 3756 1222 3813 filia
1253 3758 1469 3823 stelas,

242 3852 643 3922 Assuescatque
675 3850 840 3904 Deum
866 3865 1081 3921 semper
1102 3849 1323 3905 laudare
1350 3860 1658 3921 potentem,

242 3945 348 4015 Qui
371 3945 568 4001 calum
593 3943 763 3999 stellis
783 3945 1020 4009 ornavit,
1040 3945 1284 4013 gramine
1302 3954 1477 4000 terras
1499 3988 1510 4009 ,

242 4038 439 4095 Omnia
467 4038 558 4108 qui
590 4038 754 4093 verbo
785 4038 970 4093 mundi
1002 4039 1260 4094 miracula
1289 4040 1438 4095 ferit.

245 4129 457 4185 Fistula
499 4139 628 4183 tunc
659 4128 837 4183 Flacci
863 4129 1141 4199 proprium
1168 4131 1261 4184 tibi
1295 4146 1538 4195 carmen,
1569 4130 1831 4199 ilomere,

245 4224 369 4280 Jam
391 4222 572 4287 faciet,
599 4228 654 4275 tu
677 4221 803 4276 dum
838 4236 1047 4276 sacram
1080 4222 1307 4277 redieris
1334 4223 1387 4277 in
1420 4226 1621 4278 auiam.

247 4317 576 4386 Perpetuum
606 4311 783 4369 valeat
819 4312 1048 4383 Thyrsis
1076 4314 1234 4369 simul
1264 4323 1426 4386 atque
1459 4315 1728 4377 Menalca,

249 4408 370 4479 Ipse
398 4404 634 4460 Menalca
662 4418 864 4473 coquos
890 4403 1041 4475 nigra
1068 4405 1295 4475 castiget
1320 4406 1374 4460 in
1397 4406 1518 4472 aula
1538 4448 1553 4469 ,

254 4494 326 4556 Ut
352 4496 558 4553 calidos
578 4494 776 4550 habeat
797 4493 1024 4551 Flaccus
1049 4510 1147 4565 per
1169 4495 1371 4551 fercula
1404 4497 1602 4567 pultes.

253 4589 321 4644 Et
347 4586 564 4643 Nemias
595 4584 774 4641 Greco
804 4585 1049 4640 infundat
1081 4601 1175 4640 sua
1202 4586 1391 4657 poeula
1417 4586 1662 4651 Baccho,

253 4682 356 4752 Qui
380 4697 564 4738 secum
597 4688 819 4735 tunnam
851 4692 875 4720 α
906 4693 1121 4748 semper
1144 4688 1363 4750 portare
1386 4680 1605 4737 suescit.

912 4790 1189 4847 CCXXIX.

831 4883 912 4938 Ad
957 4883 1193 4941 eumdem
1223 4884 1273 4937 δ.

258 4977 525 5036 Omnibus
552 4974 692 5030 alma
718 4973 866 5029 salus
887 4974 1074 5045 pueris
1101 4974 1174 5030 sit
1195 4981 1358 5044 atque
1379 4974 1570 5047 puellis
1585 5016 1601 5041 ,

258 5070 433 5143 Regia
459 5068 746 5141 progenies
774 5067 955 5122 valeas
978 5081 1080 5138 per
1105 5066 1303 5123 satcula
1332 5066 1488 5139 longa
1520 5085 1533 5120 :

262 5162 461 5219 Vivere
480 5175 641 5230 quam
665 5157 917 5214 Christus
943 5157 1130 5213 multis
1158 5155 1389 5214 feliciter
1410 5159 1568 5214 annis

262 5251 560 5316 Coneedat,
591 5249 835 5305 tribuens
857 5248 1044 5304 aeterni
1068 5255 1126 5302 et
1141 5248 1336 5321 gaudia
1367 5249 1537 5317 regni.

265 5342 510 5405 Christe,
542 5342 690 5397 salus
711 5341 920 5404 mundi,
964 5340 1103 5404 laus,
1128 5340 1324 5411 gloria,
1347 5340 1476 5407 vita,
1502 5339 1855 5412 Redemptor,

269 5433 628 5505 Temporibus
666 5433 894 5497 cunctis,
955 5432 1111 5486 annis
1159 5441 1322 5500 atque
1372 5433 1629 5486 omnibus
1672 5431 1852 5500 horis,

345 5606 372 5633 ι
400 5592 659 5646 Tunnam.
686 5588 877 5645 Tunna
906 5603 1001 5643 vas
1029 5602 1205 5650 aquae,
1235 5586 1367 5649 vini,
1396 5586 1674 5641 cerevisiac
1700 5594 1756 5640 et
1783 5586 1860 5640 al-

272 5665 447 5721 terius
492 5662 721 5732 liquoris
761 5675 1020 5732 capax....
1056 5656 1862 5732 llis_v_erbis_Alcuinus_innuit

275 5726 843 5808 pincernantregiumi
875 5726 1483 5808 DucangeGlossaritrm
1503 5769 1517 5789 ,
1548 5727 1611 5783 V.
1647 5726 1857 5808 Tunna.

349 5806 378 5846 δ
418 5806 473 5859 ln
521 5804 652 5857 edit.
687 5799 1033 5869 ’Quercetani
1066 5799 1338 5868 prioribus
1366 5799 1537 5869 hisce
1588 5799 1860 5869 versibus,

277 5877 370 5949 qui
409 5874 653 5930 fortassis
695 5867 821 5942 pars
849 5880 975 5927 sunt
1013 5867 1274 5924 carminis
1318 5867 1425 5922 228
1470 5867 1859 5936 antecedentis,

1394 414 1728 472 CARMINA.
1770 445 1839 456 --
1878 414 1968 471 AD
2012 411 2281 469 VANOS.

1845 548 1890 601 Α
1921 526 2186 581 Dilectum
2212 524 2381 580 David
2412 537 2675 579 conserva
2701 524 2755 577 in
2783 520 2977 576 saccula
3005 519 3202 583 multa;

3402 403 3507 458 782

1923 618 1993 675 Ut
2021 618 2265 690 gaudens
2293 618 2442 671 vivat
2469 616 2620 683 felix,
2647 625 2700 672 et
2731 629 2988 685 prospere
3012 621 3219 682 regnet.

1919 709 2108 766 Omnis
2145 710 2345 779 ubique
2372 708 2533 764 simul
2572 707 2801 778 populus
2831 706 3155 775 respondeat
3186 722 3197 755 :
3228 700 3432 761 Amen!

1919 802 2226 858 Clementer
2252 802 2401 856 mitis
2445 800 2641 871 populo
2678 802 2937 855 miserere
2968 796 3175 851 misello
3204 813 3217 847 :

1920 893 2066 948 Grex
2093 901 2178 948 est
2197 893 2397 963 quippe
2418 901 2562 956 tuus,
2584 902 2641 945 tu
2667 899 2853 963 pastor
2874 889 3122 944 amabilis
3150 887 3257 951 illi,

1923 987 2223 1042 Mercedem
2249 987 2449 1040 tribuet
2481 987 2692 1041 tibimet
2712 1000 2808 1054 per
2834 983 3027 1037 saecula
3058 980 3326 1035 Christus.

1922 1076 2076 1132 Nunc
2099 1075 2281 1129 valeas
2306 1074 2501 1129 iterum
2524 1085 2582 1130 et
2606 1090 2819 1145 semper
2842 1076 2897 1127 in
2919 1073 3077 1127 smela
3100 1072 3306 1126 valeto!

2584 1190 2844 1247 CCXXX.

2519 1283 2602 1336 Ad
2657 1284 2917 1337 eumdem.

1921 1399 2212 1469 Splendida
2242 1398 2368 1453 dum
2397 1396 2582 1452 rutilat
2606 1397 2779 1451 roseis
2814 1396 3000 1466 auriga
3029 1394 3307 1464 quadrigis

1991 1490 2333 1547 Perfundens
2358 1490 2583 1562 pelagus
2612 1490 2731 1543 luce
2765 1504 2902 1543 nova
2935 1488 3231 1556 liquidum;

1922 1582 2157 1637 Discutit
2181 1596 2246 1635 ex
2277 1580 2451 1636 oculis
2495 1587 2792 1635 nocturnos
2818 1578 3013 1649 pollice
3039 1593 3259 1632 somnos
3278 1616 3293 1638 ,

1991 1672 2111 1726 Mox
2142 1672 2325 1727 senior
2346 1679 2518 1727 strato
2544 1670 2759 1741 prosilit
2785 1672 2899 1741 ipse
2927 1684 3061 1724 suo:

1919 1763 1977 1818 ln
2006 1778 2228 1834 campos
2256 1771 2501 1818 veterum
2525 1778 2877 1833 procurrens,
2910 1775 3137 1832 carpere
3172 1759 3333 1815 liores

1996 1855 2327 1921 Rectilocos,
2371 1854 2500 1910 ludo
2522 1864 2802 1926 spargeret
2819 1863 2876 1910 ut
2904 1856 3089 1925 pueris
3117 1873 3131 1909 :

1923 1945 2071 2014 Quos
2121 1946 2240 2011 tibi,
2290 1946 2467 2003 dulcis
2501 1961 2675 2011 amor,
2719 1946 2911 2011 David,
2958 1945 3261 2000 clarissime
3288 1944 3517 2008 consul,

1992 2038 2220 2100 Obtulit.
2250 2045 2311 2093 ut
2334 2040 2513 2111 pietas
2550 2047 2734 2094 vestra
2777 2039 3036 2108 probaret
3057 2052 3173 2095 eos.

1823 2105 1829 2111 ’
1922 2130 2089 2201 229
2117 2105 2357 2185 Tradere
2378 2127 2494 2198 jam
2527 2131 2713 2201 pueris
2745 2105 2944 2185 fierent
2976 2130 3021 2184 si
3049 2129 3234 2198 judice
3259 2129 3408 2202 digni

1994 2220 2092 2287 Te,
2118 2222 2283 2277 decus
2310 2236 2345 2277 ο
2380 2221 2606 2294 sopbiaa,
2637 2223 2874 2278 condere
2904 2222 3089 2287 corde,
3121 2222 3248 2277 tuis.

1924 2312 2006 2366 Tu
2031 2310 2284 2378 defende,
2318 2327 2535 2384 precor,
2572 2312 2733 2367 solita
2770 2315 2971 2383 pietate
3002 2321 3222 2383 poetam
3253 2354 3269 2378 ,

1994 2403 2098 2471 Qui
2127 2404 2330 2459 direxit
2348 2419 2522 2459 ovans
2549 2420 2776 2459 munera
2801 2418 2973 2474 pauca
3006 2403 3120 2457 tibi.

1925 2494 2068 2551 Sunt
2099 2497 2353 2567 equidem
2390 2497 2575 2567 plures
2603 2537 2618 2562 ,
2653 2500 2880 2567 cupiunt
2912 2497 3005 2566 qui
3041 2510 3266 2565 carpere
3301 2493 3451 2549 dicta

1997 2588 2208 2660 Smpius
2238 2588 2487 2656 alterius,
2515 2605 2680 2660 quam
2707 2605 2808 2644 sua
2838 2588 2983 2643 ferre
3013 2588 3162 2644 foras
3189 2609 3202 2642 :

1925 2680 1983 2734 ln
2015 2678 2119 2733 hoc
2150 2693 2210 2734 se
2240 2679 2421 2734 studio
2455 2679 2734 2750 sapientes
2759 2692 2883 2734 esse
2904 2686 3192 2747 putantes,

1999 2770 2267 2825 Natorum
2302 2770 2527 2826 valeant
2557 2772 2603 2826 si
2634 2770 2914 2825 maculare
2943 2770 3133 2825 melos.

1927 2862 2150 2916 Talibus
2176 2870 2433 2917 occurrat
2453 2870 2565 2929 tua,
2592 2877 2713 2927 rex,
2739 2861 3006 2931 sapientia
3038 2861 3192 2916 dives
3216 2902 3231 2926 ,

1998 2954 2307 3009 Defendens
2332 2955 2514 3009 Flacci
2542 2954 2775 3025 paucula
2809 2955 2955 3009 dicta
2989 2955 3158 3010 senis.

1929 3044 2054 3099 Sint
2079 3044 2258 3099 Patris
2282 3044 2482 3100 Entelli
2516 3059 2807 3111 memores,
2835 3045 3162 3114 juvenisquc
3190 3043 3403 3099 Daretis
3431 3085 3447 3109 ,

2001 3136 2079 3189 Ne
2107 3135 2246 3201 laus,
2283 3151 2450 3206 quam
2479 3144 2748 3206 quaerant,
2774 3136 3026 3191 detrahat
3052 3136 3167 3205 ipsa
3198 3137 3390 3208 map‘s.

1856 3259 1901 3321 ε
1931 3228 2158 3298 impleat
2190 3228 2410 3282 aeternis
2443 3227 2648 3282 Christi
2678 3236 2732 3282 te
2753 3227 2930 3299 gratia
2960 3227 3119 3282 donis
3145 3268 3160 3293 ,

2003 3321 2048 3377 Ο
2080 3320 2200 3375 laus
2230 3331 2393 3390 atque
2420 3321 2609 3387 decus,
2638 3335 2733 3375 rex
2770 3320 2889 3375 sine
2927 3317 3034 3374 line
3065 3318 3182 3374 vale
3210 3320 3223 3375 l

2578 3459 2861 3517 CCXXXI.

2290 3572 2373 3627 Ad
2406 3572 2666 3638 eumdem,
2706 3583 2755 3626 et
2784 3569 3166 3643 Angilberium.

1934 3686 2117 3741 Dulcis
2140 3685 2395 3750 llomere,
2423 3685 2568 3750 vale,
2618 3683 2797 3740 valeat
2820 3693 2913 3738 tua
2936 3685 3049 3739 vita
3081 3699 3178 3754 per
3199 3697 3370 3738 arvum
3400 3724 3418 3750 ,

2006 3777 2236 3850 Semper
2261 3778 2317 3833 in
2353 3786 2638 3843 aeternum,
2674 3779 2845 3834 dulcis
2879 3778 3111 3833 Homere
3137 3831 3148 3845 ,
3174 3777 3323 3834 vale!

1866 3939 1869 3941 _
1936 3873 2254 3927 Pectoribus
2282 3871 2463 3926 valeat
2482 3870 2655 3925 dulcis
2678 3870 2896 3925 dilectio
2921 3871 3126 3925 nostris
3154 3912 3169 3934 ,

2006 3965 2065 4019 ln
2102 3964 2308 4018 nostris
2342 3961 2592 4019 Christus
2616 3963 2931 4032 pectoribus
2963 3962 3156 4016 valeat.

1938 4059 2075 4121 Lux,
2115 4055 2223 4119 via,
2252 4054 2382 4119 vita,
2418 4053 2565 4109 salus
2601 4060 2923 4108 cunctorum
2956 4053 3204 4108 Christus
3235 4066 3450 4108 ametur
3475 4094 3493 4120 ,

2010 4151 2094 4205 Sit
2120 4150 2277 4205 nobis
2302 4147 2555 4203 Christus
2581 4145 2694 4212 lux,
2720 4146 2831 4210 via,
2864 4148 2995 4209 vita,
3031 4146 3195 4202 salus.

1941 4241 2171 4309 Semper
2197 4239 2395 4307 ubique
2423 4236 2561 4299 vale,
2587 4237 2697 4301 die,
2727 4237 2833 4300 die,
2852 4228 3167 4292 dulcissime
3192 4235 3383 4301 David,

2013 4329 2201 4391 David,
2236 4344 2391 4383 amor
2415 4327 2615 4392 Flacci,
2639 4342 2855 4397 semper
2887 4328 3084 4398 ubique
3114 4329 3234 4383 vale
3258 4332 3271 4384 ἱ

1942 4423 1986 4479 0
2012 4423 2144 4479 mihi
2174 4422 2347 4477 dulcis
2374 4436 2548 4486 amor,
2583 4421 2773 4486 David,
2803 4436 2899 4492 per
2921 4421 3081 4477 saecla
3114 4422 3320 4489 valeto;

2015 4516 2190 4585 Quam
2219 4525 2271 4571 te
2298 4523 2623 4585 praesentem
2654 4530 2871 4585 semper
2899 4515 3102 4571 habere
3128 4517 3313 4581 velim,

1868 4645 1923 4704 Β
1946 4606 2127 4663 Pierio
2149 4614 2209 4661 ut
2235 4614 2410 4661 tecum
2438 4605 2603 4659 liccat
2626 4605 2756 4660 mihi
2784 4605 2971 4662 ludere
2996 4622 3180 4674 versu,

2025 4700 2303 4756 Scandere
2329 4698 2416 4753 vel
2439 4697 2635 4753 summi
2672 4697 2851 4753 sidera
2879 4699 3025 4755 celsa
3062 4701 3196 4773 poli,

1953 4791 2053 4848 Vel
2080 4792 2334 4863 pulchras
2371 4800 2551 4845 tecum
2578 4806 2927 4848 numerorum
2964 4794 3176 4851 discere
3215 4792 3419 4849 formas
3448 4835 3464 4859 ,

2022 4884 2267 4956 lrrepere
2295 4892 2391 4938 aut
2417 4891 2668 4939 veterum
2702 4885 2848 4940 dicta
2874 4887 3139 4958 stupenda
3162 4885 3407 4951 Patrum,

1954 4977 2065 5032 Aut
2089 4984 2329 5032 tractare
2358 4989 2517 5031 sacra
2546 4986 2767 5031 aeternae
2790 4986 3059 5047 praecepta
3086 4977 3279 5033 salutis
3307 5019 3324 5044 ,
3448 5046 3453 5050 _

2028 5069 2158 5137 Quae
2183 5068 2268 5123 via
2295 5075 2351 5122 te
2385 5081 2596 5122 mecum
2619 5066 2883 5136 pervellat
2910 5077 3057 5123 astra
3082 5083 3262 5139 super.
3410 5050 3411 5053 η

1958 5159 2085 5215 Haec
2109 5167 2194 5214 est
2226 5157 2339 5214 sola
2376 5157 2546 5221 salus,
2573 5157 2691 5214 haec
2713 5165 2800 5213 est
2824 5159 3093 5229 sapientia
3123 5173 3254 5215 vera
3279 5200 3294 5223 ,

2034 5250 2187 5304 Hanc
2211 5248 2393 5319 qui....
2435 5255 2604 5313 amat,
2636 5246 2782 5304 hunc
2804 5258 2954 5304 amat
2979 5250 3091 5320 ipsa
3118 5250 3284 5306 salus.

1961 5341 2062 5409 Qui
2093 5348 2306 5397 terrena
2338 5338 2509 5405 dedit,
2537 5338 2741 5396 tribuat
2763 5341 3007 5398 cmlestia
3037 5356 3203 5415 regna
3233 5385 3249 5410 ,

2034 5431 2105 5487 Ut
2130 5431 2257 5486 felix
2284 5432 2435 5485 vivas
2460 5445 2677 5501 semper
2707 5432 2762 5487 in
2801 5449 2928 5489 arce
2954 5433 3080 5503 poli.

1964 5585 2199 5665 nectitur
2226 5598 2446 5639 carmen
2488 5585 2903 5665 alteriusmetri
2944 5591 3176 5665 et’longe
3204 5592 3545 5665 alterius_ar-

1963 5655 2243 5733 gumenti,‘
2258 5669 2460 5733 nempe
2480 5655 2769 5733 Descriptio
2790 5660 3101 5733 solitudinis
3113 5655 3172 5716 ’Μ
3198 5663 3389 5718 schola:
3412 5662 3544 5718 Cor-

1966 5726 2295 5785 utaricensis,
2321 5726 2464 5795 quod
2494 5742 2623 5780 num
2657 5728 2731 5783 sit
2775 5730 2985 5786 Alcuini
3014 5735 3209 5787 merito
3236 5734 3543 5795 dubitatur;

1964 5804 2252 5870 propterea
2275 5795 2403 5870 illud
2433 5797 2502 5870 ab
2524 5797 2636 5870 hoc
2661 5800 2778 5853 loco
2805 5810 3111 5870 separatum
3138 5805 3283 5859 inter
3306 5806 3548 5860 carmina

1965 5867 2141 5922 dubim.
2179 5867 2519 5921 auctoritatis
2565 5869 2868 5934 rein-imus.
