4106 6508
246 344 356 405 785

249 458 582 527 Divitiusque
609 470 801 511 senum
825 468 991 525 gnaro
1012 465 1331 522 percurrere
1357 449 1541 513 corde,

247 554 603 623 Scrutarique
629 567 799 608 sacra:
824 548 989 621 gestit
1008 554 1218 603 secreta
1245 546 1468 616 sophiae.

246 644 419 700 David
444 650 591 698 amat
609 649 781 705 vates,
804 649 942 704 etc.,
969 647 1027 692 ut
1053 653 1235 708 supra.

248 736 421 792 David
446 735 648 790 habere
667 734 818 804 cupit
852 731 1128 802 sapientes
1158 736 1341 783 mente
1373 726 1699 797 magistros,-

246 826 332 883 Ad
366 826 555 890 decus,
577 826 644 880 ad
668 823 885 879 laudem
910 819 1280 889 cujuscunque
1312 817 1452 872 artis
1477 816 1532 871 in
1562 813 1703 869 aula.

250 916 322 972 Ut
342 923 587 970 veterum
617 920 842 969 renovet
869 911 1112 967 studiosa
1142 917 1323 964 mente
1363 905 1632 978 sophiam.

246 1006 417 1061 David
454 1013 599 1060 amat
624 1014 794 1068 vates,
828 1011 963 1068 etc.,
1000 1011 1058 1056 ut
1094 1018 1281 1073 supra.

247 1097 621 1155 Fundamenta
650 1114 817 1171 super
853 1106 1308 1168 petram‘qnoque
1333 1089 1489 1160 ponit
1535 1089 1590 1142 in
1639 1086 1843 1141 altumr

250 1187 325 1245 Ut
348 1190 542 1245 domus
578 1187 717 1243 alma
740 1187 853 1242 Deo
872 1190 1089 1241 maneat
1112 1182 1424 1237 ﬁrmissima
1452 1175 1689 1234 Christo.

244 1277 399 1336 Felix
430 1279 510 1334 sic
533 1277 738 1349 lapides
766 1274 966 1347 posuit.
990 1310 1005 1327 .
1027 1313 1042 1327 .
1075 1273 1299 1327 dextera
1329 1268 1566 1339 primum

246 1369 392 1441 lncly
403 1376 455 1423 ta
482 1367 817 1423 celsithrono
842 1364 1036 1419 ﬁerent
1052 1368 1115 1417 ut
1139 1358 1335 1431 templa
1365 1355 1616 1411 Tonanti.

245 1459 555 1514 Auxilietur
576 1456 719 1528 opus'
737 1454 941 1512 Christi
970 1449 1259 1507 clementia
1288 1446 1575 1503 sanctum!

247 1550 593 1606 Auxilientnr
618 1564 754 1619 opus
781 1547 1059 1609 cmicstes,
1084 1559 1288 1615 quzeso,
1321 1541 1577 1603 ministri,

250 1644 688 1712 Sanctorumqne
713 1637 875 1696 simul
901 1651 1180 1698 numerus,
1197 1649 1416 1705 precor,
1433 1632 1652 1703 adjuvet
1681 1628 1829 1684 illud.

248 1731 422 1788 David
459 1738 607 1786 amat
630 1728 904 1784 Christum
923 1768 936 1790 ,
974 1724 1224 1780 Christus
1249 1732 1335 1779 est
1358 1722 1528 1794 gloria
1571 1719 1761 1776 David.

249 1822 445 1892 Surge,
472 1822 610 1876 meis
631 1820 815 1875 charis
848 1817 1035 1873 dulces
1063 1815 1172 1881 fac,
1206 1814 1406 1879 ﬁstula,
1445 1827 1655 1868 versus.

248 1912 455 1983 inclyte
482 1926 581 1966 cur
619 1919 828 1965 taceam
864 1908 1080 1978 juvenis
1125 1916 1199 1970 te,
1229 1902 1412 1968 Carle,
1435 1914 1460 1943 ι
1485 1901 1763 1959 camenis?

247 2003 331 2059 Tu
357 2017 573 2072 quoque
603 2014 922 2071 magnorum
957 1997 1161 2052 sobolis
1207 1994 1471 2064 condigna
1512 2002 1830 2063 parentum;

249 2092 333 2148 Tu
354 2093 519 2149 decus
543 2106 605 2148 es
628 2092 779 2155 aulas,
814 2092 968 2161 regni
995 2104 1139 2159 spes,
1170 2086 1363 2143 indolis
1407 2085 1583 2139 almae.

249 2184 594 2254 Quapropter
615 2183 801 2237 laudat
822 2181 1000 2236 omnis
1038 2188 1091 2235 te
1126 2178 1306 2234 ﬁstula
1336 2188 1541 2232 vatum.

251 2276 448 2348 Surge,
481 2274 620 2330 meis
657 2274 862 2337 charis,
893 2281 1021 2336 etc.,
1052 2282 1105 2324 ut
1136 2288 1316 2340 supra.

250 2368 334 2423 Tu
364 2382 579 2440 quoque
607 2382 762 2422 sacra
794 2367 904 2422 Deo
933 2367 1106 2437 virgo,
1138 2380 1295 2419 soror
1323 2364 1522 2435 inclyta
1548 2362 1738 2426 David,

249 2460 507 2518 Carmine
540 2468 801 2531 perpetuo
837 2470 1027 2515 nostro
1042 2459 1177 2528 jam,
1203 2456 1373 2521 Gisia,
1404 2457 1599 2511 valeto.

250 2554 354 2616 Te.
377 2553 513 2619 scin,
542 2567 771 2623 sponsus
810 2560 959 2606 amat
989 2550 1259 2606 cmlorum
1280 2548 1452 2619 gloria
1491 2544 1763 2611 Christus,

252 2644 391 2701 Nam
421 2643 509 2699 cui
540 2652 597 2699 tu
627 2642 728 2698 soli
755 2656 972 2713 semper
999 2651 1091 2696 tua
1123 2640 1364 2695 membra
1396 2638 1610 2693 dicasti.

252 2736 453 2807 Surge,
482 2734 620 2789 meis
646 2733 855 2799 charis,
885 2740 1020 2795 etc.,
1046 2740 1101 2784 ut
1127 2746 1312 2801 supra.

254 2826 529 2882 Rotthrutl
554 2839 779 2881 carmen
804 2832 970 2888 amat,
1001 2823 1198 2878 mentis
1226 2821 1529 2877 clarissima
1565 2822 1738 2892 virgo.

255 2920 423 2991 Virgo
450 2917 651 2973 decora
679 2917 830 2981 satis,
855 2924 911 2972 et
947 2915 1192 2971 moribus
1213 2914 1416 2985 inclyta
1444 2915 1619 2984 virgo.

251 2996 427 3065 Curre
461 3024 563 3081 per
589 3008 836 3065 albentes
866 3022 1111 3076 campos,
1140 3015 1196 3061 et
1230 3007 1426 3077 collige
1457 3004 1624 3061 ﬂores

256 3100 335 3155 Ex
359 3109 608 3156 veterum
635 3099 809 3170 pratis
828 3096 1112 3166 pulchram
1140 3097 1238 3151 tibi
1278 3097 1455 3167 pande
1482 3110 1763 3152 coronam.

253 3190 452 3261 Surge,
492 3190 629 3245 meis
657 3188 858 3254 charis,
880 3196 1007 3253 etc.,
1041 3201 1098 3243 ll
1133 3205 1317 3259 supra.

259 3282 498 3353 Virginis
527 3281 761 3354 egregia:
787 3280 963 3336 Bertae
994 3296 1139 3337 nunc
1167 3281 1332 3337 dicite
1354 3280 1561 3345 laudes,

256 3372 520 3439 Pierides,
552 3388 788 3440 mecum,
813 3372 1061 3444 placeant
1082 3373 1168 3427 cui
1202 3374 1444 3428 carmina
1483 3382 1670 3428 nosfra

254 3464 606 3521 Carminibus
635 3464 909 3520 Musarum
948 3503 963 3518 .
986 3502 1002 3517 .
1042 3466 1205 3537 digna
1232 3463 1407 3535 puella
1433 3473 1537 3520 est.

256 3558 434 3630 Surge
454 3558 590 3613 meis
612 3558 820 3623 charis,
846 3566 979 3623 etc.,
1006 3568 1063 3612 ut
1091 3574 1272 3628 supra.

258 3648 416 3705 Tibia
446 3666 543 3706 vos
566 3649 749 3706 laudet
776 3650 985 3722 pariter
1013 3665 1158 3706 nunc
1180 3658 1385 3716 nostra,
1415 3647 1629 3721 puellae,

259 3739 602 3812 Praal‘ragiles
625 3741 803 3804 annis,
828 3750 1053 3798 matura:
1078 3742 1132 3797 in
1170 3740 1413 3797 moribus
1451 3740 1629 3807 almis,

260 3832 663 3904 l‘razpulcbram
683 3833 919 3904 speciem
941 3833 1065 3889 vita:
1087 3833 1200 3905 jam
1232 3833 1365 3889 vicit
1390 3833 1667 3890 honestas.

261 3924 462 3995 Surge,
489 3923 628 3981 meis
651 3925 853 3990 charis,
883 3933 1013 3991 etc.,
1038 3937 1094 3979 ἰι
1118 3942 1300 3996 supra.

260 4015 372 4070 Cur
404 4024 458 4071 te
499 4034 605 4072 non
638 4032 957 4085 memorem,
989 4034 1197 4089 magna:
1228 4018 1580 4074 Primicerius
1608 4020 1640 4059 ιι
1689 4020 1850 4083 anile,

264 4111 446 4167 Aaron
473 4113 670 4183 quippe
700 4113 850 4185 prius
878 4129 1104 4184 magnus
1134 4115 1234 4170 sub
1264 4113 1410 4169 Mose
1450 4116 1705 4171 sacerdos

264 4205 321 4261 In
346 4213 400 4265 te
433 4204 577 4262 nunc
598 4215 843 4261 nostrum
874 4217 898 4245 ο
930 4206 1111 4264 subito
1133 4206 1410 4263 reviviscit
1436 4209 1490 4261 in
1530 4207 1672 4263 aula.

265 4296 347 4354 Tu
379 4310 567 4368 portas
601 4297 797 4363 Ell'oth,
838 4314 1056 4355 sacrum
1098 4298 1360 4354 altaribus
1393 4299 1595 4370 ignem,

263 4388 373 4447 Ore
392 4390 498 4462 poli
527 4390 734 4445 clavem
760 4399 946 4461 portas
973 4392 1330 4461 manibusque
1357 4393 1593 4462 capellae.

268 4480 349 4536 Tu
374 4480 629 4552 populum
672 4482 925 4550 precibus
951 4481 1194 4537 defendis
1219 4498 1432 4555 semper
1469 4482 1535 4537 ab
1562 4485 1736 4540 hoste.

269 4572 463 4643 Surge,
494 4574 631 4628 meis
657 4574 853 4639 charis,
886 4583 1015 4638 etc.,
1050 4584 1107 4627 ut
1141 4593 1323 4647 supra.

270 4666 479 4723 Tltirsis
501 4674 649 4721 amat
670 4683 874 4734 versus,
914 4669 1157 4724 dicamus
1182 4670 1425 4724 carmina
1465 4670 1705 4736 Thirsin,

269 4757 450 4811 Ardua
487 4759 683 4828 quippe
716 4757 849 4814 ﬁdes
874 4766 1073 4814 canuto
1111 4759 1529 4830 vertice-fulget.

271 4848 461 4919 Fulget
490 4864 642 4906 amor
666 4850 882 4905 Thirsin
910 4859 1239 4921 quapropter
1263 4860 1485 4922 pectore
1513 4861 1717 4907 nostro.

271 4939 427 4995 Alma
450 4940 581 4996 ﬁdes
616 4941 834 4998 Thirsin
865 4941 1027 4999 faciet
1054 4958 1269 5013 quoque
1298 4943 1500 4999 Davido
1528 4944 1773 5000 charum.

273 5033 470 5102 Surge,
500 5032 637 5087 meis
664 5032 867 5098 charis,
897 5042 1029 5098 etc.,
1054 5045 1109 5087 ut
1130 5051 1313 5106 supra.
1504 5096 1505 5099 η

275 5123 446 5180 Vidus
498 5122 816 5198 [madidus]
865 5125 1146 5181 imbrifero
1190 5126 1371 5182 veniet
1413 5126 1478 5182 de
1523 5135 1705 5181 monte
1749 5125 1855 5180 Mc-

1595 5216 1614 5290 [
1633 5217 1786 5272 nalce

348 5429 394 5492 ξ
404 5416 766 5492 Carle,_ﬁlius
779 5419 961 5492 Caroli
985 5420 1159 5491 Magni
1189 5419 1580 5492 primogenitus
1604 5436 1618 5475 :
1647 5421 1858 5479 Botrud

273 5496 333 5544 ct
358 5487 520 5546 Berta
550 5490 693 5545 illius
716 5490 860 5546 filiae.

347 5559 377 5601 δ
406 5560 489 5631 An
514 5560 896 5631 Angilbertus?

355 5643 377 5669 ι
410 5629 594 5694 Forte,
611 5629 822 5687 nostra.

348 5704 375 5739 Α
412 5699 594 5772 Forte.
618 5710 875 5765 natorum,
898 5711 958 5755 ut
985 5716 1149 5772 supra
1173 5718 1313 5758 vers.
1340 5704 1392 5757 ὅ.

358 5783 381 5810 ο
408 5771 547 5826 Juli.
576 5773 655 5829 ita
681 5775 835 5845 cod.;
877 5771 1124 5829 fortassis
1164 5773 1347 5831 Caroli
1383 5773 1466 5831 vel
1518 5772 1743 5849 Plppini.
1777 5773 1859 5831 Ad

1423 331 1753 389 CARMINA.
1793 358 1859 370 -—
1896 330 1980 384 AD
2021 330 2287 388 VARIOS.

1857 450 1901 505 Λ
1935 447 2003 500 i't
2026 448 2175 518 legat
2196 449 2292 501 hos
2319 461 2508 500 versus
2539 445 2671 500 aula:
2696 445 2996 515 curuli-guns
3036 459 3219 498 amore
3248 456 3262 495 :

3414 317 3508 375 386

1932 538 2132 606 Dignus
2159 553 2311 592 amor
2349 536 2535 591 rutilat
2576 544 2699 591 vato
2720 535 2744 574 ἀ
2772 537 2826 589 in
2854 538 3015 589 c0ch
3049 534 3305 590 Menalca.

1932 631 2126 701 Surge,
2157 629 2293 683 meis
2313 629 2517 692 charis,
2545 635 2674 692 etc.,
2705 638 2759 680 ut
2787 644 2969 696 supra.

1930 720 2189 776 Cbartula
2228 734 2387 773 curre
2425 718 2586 773 modo
2623 732 2724 789 per
2759 732 2914 772 sacra
2944 717 3147 785 palatia
3174 713 3368 780 David,

1929 814 2106 881 Atque
2133 811 2323 867 humili
2352 811 2563 865 cunctis
2587 810 2772 865 charis
2802 809 2884 863 fer
2912 825 3045 863 voce
3066 808 3315 873 salutem,

1930 903 2087 959 Basia
2119 903 2257 958 dans
2283 902 2425 959 dulci
2470 901 2744 957 molimine
2781 917 2998 973 semper
3020 904 3232 968 amicis,

1931 993 2107 1061 Atque
2136 992 2240 1047 mei
2270 992 2439 1047 David
2463 992 2691 1060 pedibus
2716 1000 2989 1062 prostrata
3029 1008 3286 1049 camenas

1933 1083 2052 1139 Mox
2071 1085 2315 1155 expande
2342 1092 2492 1150 tuas,
2521 1084 2702 1139 decies
2737 1084 2825 1138 dic
2852 1085 2999 1140 mille
3037 1086 3263 1151 salutes,

1932 1176 2108 1247 Atque
2134 1176 2331 1246 pedum
2353 1175 2537 1246 digitis
2568 1175 2637 1229 da
2664 1175 2818 1230 basia
2849 1176 3024 1230 dulcia
3056 1177 3250 1231 sacris.

1934 1264 2026 1322 Sic
2054 1273 2106 1321 te
2128 1274 2278 1321 verte
2302 1267 2438 1322 meis
2468 1262 2694 1337 [charis]
2720 1263 2966 1336 proferre
3005 1267 3256 1332 salutem,

1931 1356 2108 1426 Atque
2133 1355 2430 1425 puellarum
2459 1370 2707 1410 cameras
2746 1370 3004 1425 pereurre
3029 1357 3294 1422 canendo,

1935 1446 2001 1499 Et
2033 1454 2155 1516 pete
2182 1455 2384 1499 castra.
2407 1482 2421 1498 .
2441 1485 2454 1497 .
2494 1444 2672 1515 primo
2700 1444 3003 1500 clarissima
3032 1444 3139 1500 .lnli
3165 1457 3213 1511 ο,

1934 1536 2001 1590 Et
2025 1536 2115 1592 dic
2143 1535 2489 1590 multimodas
2509 1533 2693 1603 juveni
2726 1550 2825 1605 per
2857 1535 3097 1590 carmina
3140 1535 3327 1592 laudes
3361 1557 3374 1590 :

1933 1628 2002 1682 Et
2020 1628 2100 1683 sic
2124 1628 2192 1682 ad
2220 1641 2431 1682 sacram
2463 1628 2626 1682 citius
2653 1634 2781 1681 tunc
2808 1641 2971 1681 curre
2999 1628 3286 1699 capellam,

1934 1718 2224 1775 Paciﬁcam
2257 1726 2425 1788 utque
2461 1719 2609 1773 feras
2643 1721 2857 1776 cunctis
2899 1722 2953 1775 in
2998 1735 3094 1776 ore
3123 1720 3374 1776 salutem.

1863 1812 1908 1873 Β
1938 1810 2006 1865 Et
2032 1811 2340 1880 quicunque
2368 1810 2466 1863 tibi
2491 1819 2746 1865 occurrat
2774 1826 2871 1879 per
2906 1820 3077 1866 strata
3108 1810 3306 1878 ﬁdelis,

1936 1902 2051 1967 Vir,
2081 1911 2237 1971 pater
2285 1910 2381 1955 aut
2426 1901 2593 1955 frater
2640 1902 2844 1969 forsan,
2871 1904 3206 1974 jnvcnesque
3233 1919 3521 1975 senesque,

1935 1993 2163 2064 Semper
2196 1994 2250 2047 in
2291 2009 2387 2049 ore
2412 1991 2557 2047 feras
2583 2003 2851 2049 sacratam
2876 1996 3028 2063 pacis
3050 1995 3269 2049 olivam.

1936 2084 2033 2140 Dic
2061 2102 2073 2138 :
2100 2084 2369 2139 Homerus
2395 2093 2544 2139 amat
2573 2093 2812 2141 vestram
2839 2101 2939 2155 per
2975 2086 3132 2140 sa'cla
3174 2087 3406 2142 salutem
3432 2106 3445 2140 :

1937 2178 2044 2232 Vos
2073 2176 2217 2233 Deus
2245 2178 2586 2247 omnipotens
2619 2192 2835 2248 semper
2861 2186 3149 2233 conservet
3191 2178 3415 2249 ubique,

1937 2269 2014 2323 'l‘e
2034 2285 2250 2339 quoque
2277 2268 2547 2335 Christus,
2579 2268 2768 2334 David,
2810 2280 3096 2325 conservet
3136 2272 3192 2326 in
3219 2287 3413 2327 terum.

1937 2360 2127 2426 David,
2148 2377 2303 2415 amor
2332 2370 2538 2426 noster,
2567 2363 2735 2417 David
2755 2378 2922 2434 super
2949 2364 3130 2419 omnia
3159 2365 3382 2428 cbarus,

1938 2450 2107 2507 David
2126 2462 2267 2506 amat
2299 2461 2482 2518 vates,
2513 2461 2759 2508 vatorum
2785 2463 2869 2509 est
2907 2454 3076 2525 gloria
3111 2456 3302 2511 David.

1938 2543 2106 2597 David
2147 2554 2289 2599 amat
2321 2545 2617 2611 Christum,
2649 2544 2902 2602 Christus
2942 2556 3023 2602 est
3051 2548 3223 2619 gloria
3263 2548 3455 2604 David.

2011 2638 2142 2693 Post
2164 2638 2281 2693 haec
2307 2637 2496 2693 charta
2527 2639 2638 2695 cito
2667 2638 2856 2695 hortos
2885 2643 3160 2710 perennis
3194 2656 3459 2709 amrenos,

1938 2728 2075 2785 Cum
2099 2731 2284 2801 pueris
2311 2745 2474 2801 quam
2499 2730 2613 2802 jam
2646 2731 2894 2787 habitare
2924 2732 3136 2789 solebat
3166 2732 3457 2790 Homerus.

1938 2820 2116 2877 Cerne
2143 2822 2453 2878 salutiferas
2481 2822 2711 2893 pulchro
2737 2824 2804 2879 de
2828 2825 3078 2894 gramine
3105 2823 3292 2891 ﬂores,

1942 2915 2004 2971 Si
2034 2916 2173 2971 bene
2200 2931 2260 2972 se
2288 2927 2434 2981 eant,
2471 2928 2721 2974 crescant
2757 2920 2802 2972 si
2829 2923 3071 2990 germine
3096 2920 3241 2976 laeto.

1944 3006 2001 3063 Si
2032 3023 2141 3063 non
2168 3007 2340 3064 hostis
2369 3009 2508 3064 edax
2540 3008 2761 3064 inimico
2790 3009 2984 3080 pollice
3010 3019 3247 3081 rumpat.

1949 3098 2199 3169 Undique
2236 3101 2526 3171 cingantur
2555 3098 2867 3155 ﬁrmissime
2898 3102 3118 3172 sepibus
3147 3102 3244 3156 illi.

1870 3162 1914 3222 ί)
1949 3190 2007 3247 Si
2039 3193 2251 3257 domus,
2282 3202 2340 3248 et
2365 3193 2520 3262 pueri
2547 3193 2779 3265 vigeant,
2804 3198 2848 3250 si
2878 3162 3019 3251 tecta
3062 3194 3369 3263 domorum,

1948 3282 2094 3338 Laeta
2121 3282 2233 3337 Deo
2272 3281 2462 3338 laudes
2493 3282 2689 3347 facies,
2718 3284 2762 3339 si
2799 3301 3059 3356 prospera
3092 3294 3307 3341 cunctae

1947 3374 2217 3439 Invenies,
2241 3384 2298 3429 et
2324 3374 2410 3429 dic
2437 3375 2624 3445 pueris
2648 3394 2661 3431 :
2689 3383 2904 3431 servate
2925 3376 3112 3433 ﬁdeles

1946 3466 2162 3530 Castra,
2190 3480 2408 3535 precor,
2432 3465 2609 3521 veniat
2644 3468 2713 3522 ad
2741 3483 2837 3522 vos
2877 3468 3005 3525 dum
3033 3470 3179 3524 vatis
3221 3470 3524 3537 Homerus;

1946 3558 2026 3614 Ne
2056 3558 2140 3614 vel
2168 3557 2385 3612 ﬂamma
2413 3572 2604 3625 vorax,
2635 3561 2720 3616 vel
2761 3560 2850 3615 fur
2876 3563 3122 3617 devastet
3151 3563 3204 3618 in
3246 3564 3368 3619 istis

1948 3648 2067 3706 lam
2093 3652 2262 3721 septis
2291 3654 2584 3725 quidquam
2608 3693 2622 3720 ,
2673 3666 2886 3708 summo
2931 3654 3228 3710 miserante
3265 3653 3532 3713 Tonante.

1951 3742 2165 3814 Vosque
2185 3744 2383 3810 valete,
2415 3746 2522 3800 mei
2546 3746 2719 3814 pueri,
2751 3745 2838 3816 pia
2864 3746 3029 3801 chara
3056 3753 3251 3817 poetaa,
3480 3733 3495 3749 ⁵

1948 3834 2018 3889 Et
2052 3845 2266 3905 portate
2297 3850 2419 3891 meo
2442 3836 2583 3891 dulci
2608 3852 2729 3893 mea
2764 3838 3008 3893 carmina
3039 3836 3225 3893 David.

1948 3924 2115 3981 David
2142 3935 2288 3981 amat
2312 3936 2485 3987 vates.
2514 3936 2562 3981 et
2585 3927 2785 3998 reliqua
2818 3939 2873 3982 at
2898 3946 3077 4002 supra.

1950 4018 2120 4075 David
2142 4029 2290 4076 amat
2317 4019 2616 4088 Christum,
2650 4032 2706 4075 ut
2729 4038 2924 4092 supra..

2575 4178 2926 4238 CCXXXIIIL.

2082 4330 2323 4395 Querens
2353 4336 2416 4387 ob
2454 4346 2696 4406 negatum
2722 4338 3003 4411 hospitium
3047 4345 3118 4397 ad
3149 4344 3411 4407 eumdem;

1878 4528 1924 4589 υ
1950 4489 2053 4544 Nix
2082 4491 2192 4545 ruit
2211 4506 2241 4547 e
2265 4493 2425 4560 emlo,
2450 4495 2659 4566 gelidus
2689 4498 2849 4555 simul
2876 4501 3036 4557 irruit
3071 4504 3246 4563 imber
3272 4549 3289 4572 ,

1959 4582 2077 4638 Non
2115 4583 2215 4639 fuit
2241 4584 2457 4653 Albino,
2483 4600 2668 4659 specta
2699 4592 2717 4630 ί
2752 4594 3025 4667 paulisper
3045 4598 3099 4653 in
3124 4600 3261 4659 urbe

1961 4672 2061 4740 Qui
2096 4689 2220 4729 cum
2246 4675 2500 4742 dixisset,
2520 4679 2695 4736 donec
2721 4694 3065 4752 pertranseat
3084 4690 3258 4747 imber
3285 4734 3301 4761 ,

1959 4764 2028 4821 Et
2055 4766 2233 4822 calido
2260 4777 2449 4837 pectus
2470 4774 2659 4841 paradi
2694 4775 2870 4832 fronte
2903 4781 2929 4820 8
2962 4780 3198 4837 reﬁrma.

1960 4858 2155 4916 Tristis
2177 4862 2289 4917 abit
2311 4864 2494 4919 senior
2509 4865 2696 4936 jejuno
2721 4879 2910 4927 ventre
2930 4883 3088 4943 poeta
3114 4892 3130 4942 ;

1959 4949 2025 5004 Et
2051 4952 2203 5020 pueri
2232 4953 2415 5009 tristes
2436 4955 2757 5024 pllmxerunt
2779 4963 3020 5021 carmine
3041 4964 3313 5024 Flaccum.

1958 5041 2176 5115 Frigida
2213 5055 2542 5119 quapropter
2576 5058 2753 5105 taceat
2782 5053 2883 5107 sibi
2913 5052 3087 5113 ﬁstula
3114 5073 3332 5117 cannen
3357 5077 3372 5129 ;

1960 5134 2070 5189 llas
2104 5142 2314 5192 tantum
2344 5154 2546 5208 paucas
2567 5139 2833 5199 balbutiat
2864 5160 2958 5200 ore
3000 5163 3259 5207 camenas
3286 5170 3300 5205 :

1959 5223 2217 5282 Carmina
2251 5242 2356 5283 non
2383 5236 2539 5283 curat
2559 5231 2744 5293 David.
2772 5249 2873 5290 nec
2895 5236 3043 5292 Delia
3069 5240 3095 5279 ιι
3129 5254 3304 5297 curat.

1960 5420 2161 5503 Jul_iu_m
2194 5431 2250 5480 et
2274 5424 2492 5481 Luciam
2516 5426 2893 5503 directnmiest
2918 5447 3087 5490 carm.
3113 5435 3237 5503 256,
3266 5440 3365 5495 col.
3410 5442 3536 5500 796.

2040 5493 2298 5583 {sensus
2349 5505 2438 5552 est
2487 5516 2498 5552 :
2546 5499 2636 5569 qui
2685 5500 2904 5558 dixisset
2957 5520 2974 5557 :
3033 5493 3540 5583 Exspectapaulis:

1962 5580 2052 5635 per
2075 5605 2091 5631 ,
2123 5576 2224 5620 etc.

2032 5638 2060 5709 β
2083 5635 2259 5709 Cocus
2287 5648 2593 5709 corruptus.
2620 5692 2623 5695 .

2032 5706 2258 5797 ξ-ρεζξα.
2288 5707 2406 5797 lloc
2432 5706 2648 5797 nomine
2673 5714 2955 5794 compellat
2990 5714 3183 5790 ﬁliam,
3209 5731 3267 5779 ut
3288 5724 3534 5797 videtur.

1962 5775 2138 5833 Caroli
2164 5779 2216 5835 in
2248 5783 2493 5851 sequenti
2536 5783 2794 5841 carmine.
