4106 6476
506 275 613 331 787

510 388 647 443 bum
691 390 923 448 redeunt
938 391 1141 463 iterum
1170 391 1333 447 calidi
1364 392 1506 447 bona
1534 400 1779 461 tempora
1803 386 2015 445 Phcebi.

506 481 627 537 Mos
655 484 887 553 pristina
912 485 1053 540 redit
1075 484 1247 542 virtus
1273 486 1327 540 in
1350 485 1596 540 carmine
1622 483 1842 549 Flacco,

506 576 659 631 'l'uuc
697 585 819 631 ruet
858 577 914 632 in
949 576 1121 633 David
1149 577 1429 635 Musarum
1464 577 1640 632 laetior
1671 576 1795 633 odis
1816 593 1836 629 ι

510 666 663 724 Nuiic
684 683 813 737 pax,
845 668 955 723 vita
978 668 1129 725 salus
1157 668 1359 738 David,
1396 678 1527 726 tunc
1546 667 1734 740 praelia
1766 666 1959 722 Musis.

1119 778 1453 839 CCXXXIV.

849 873 938 928 Ad
962 873 1131 944 [ilium
1159 874 1297 945 forte
1323 873 1506 930 Caroli
1536 873 1741 943 Magni.

508 964 619 1020 Nec
656 974 710 1020 tu
747 965 949 1037 quippe
988 974 1139 1020 tuum
1182 967 1412 1032 curasti,
1445 965 1576 1032 lilia,
1602 964 1890 1020 Flaccum:

505 1054 702 1111 Vester
723 1057 840 1111 abit
875 1065 992 1112 toto
1018 1056 1303 1123 tremulus,
1327 1073 1398 1113 en
1420 1072 1653 1128 corpore
1677 1064 1853 1121 vates,

508 1147 712 1221 Virgilii
748 1165 1014 1205 resonans
1051 1152 1221 1206 tacito
1249 1152 1337 1205 vix
1377 1151 1627 1206 carmine
1654 1164 1875 1205 versum
1904 1171 1917 1202 :

508 1239 593 1295 Me
619 1240 827 1295 circum
850 1240 1061 1297 validus
1083 1250 1299 1306 ventus,
1329 1242 1423 1295 nix
1444 1281 1460 1306 ,
1492 1239 1730 1311 undique
1754 1239 1993 1293 nimbus.

507 1331 660 1386 lianc
689 1339 872 1387 tamen
903 1332 1160 1404 iniuriam
1196 1333 1400 1404 poteris
1435 1348 1671 1403 purgare
1690 1331 1985 1402 precando.

507 1422 566 1475 Si
604 1420 1039 1493 Regenberctum
1065 1434 1092 1463 ι
1120 1424 1297 1494 possit
1337 1423 1544 1479 servire
1566 1424 1595 1463 ιι
1628 1422 1949 1493 magistrum
1978 1462 1994 1487 ,

507 1515 700 1579 Serva,
726 1515 808 1570 sic
833 1525 1020 1571 vestro
1040 1524 1274 1588 patrono
1293 1524 1352 1573 et
1370 1515 1601 1587 praesule
1623 1530 1822 1584 magno

510 1602 728 1661 Viribus
752 1616 809 1662 et
833 1608 1110 1674 manibus,
1146 1610 1347 1675 securi,
1374 1607 1645 1680 trulaque,
1666 1608 1899 1680 palaque

507 1695 716 1751 (Zostera
746 1698 904 1754 turba
925 1698 1009 1753 sui
1032 1699 1290 1771 pupulum
1315 1711 1337 1739 ο
1373 1716 1498 1755 mox
1524 1708 1716 1772 pergat
1741 1700 1795 1755 in
1833 1700 2067 1767 hostem,

510 1789 602 1843 Ille
627 1790 778 1860 operi
816 1790 1036 1847 insistat
1062 1801 1264 1849 canuto
1296 1794 1504 1850 vertice
1532 1800 1748 1849 tantum
1772 1836 1787 1859 ,

514 1880 642 1938 llaec
668 1896 802 1953 rogo
826 1882 1115 1955 periiciens
1142 1886 1347 1953 valeas,
1385 1900 1507 1942 mea
1540 1885 1715 1956 Delia,
1740 1901 1983 1958 semper-

1153 1999 1459 2058 CCXXXV.

1118 2094 1203 2151 Ad
1232 2096 1493 2151 eamdem.

507 2191 642 2260 Qua:
666 2193 843 2264 cupis,
871 2200 932 2248 ut
961 2193 1164 2260 veniat,
1190 2194 1380 2249 venias
1408 2209 1509 2250 nec
1538 2194 1733 2250 charta
1760 2200 1951 2250 caveto
1982 2234 1996 2258 ,

579 2286 661 2343 Ne
686 2302 873 2343 musas
899 2295 1111 2359 mergat
1143 2289 1348 2359 sospita
1381 2288 1499 2343 dira
1535 2296 1677 2344 tuas.

512 2380 650 2435 Dum
688 2378 867 2436 Moses
898 2380 1121 2453 pelagus
1145 2380 1313 2452 virgae
1348 2380 1532 2437 divisit
1556 2382 1609 2436 in
1647 2381 1757 2435 ictu
1786 2422 1801 2445 ,

582 2472 678 2527 Dic
703 2471 872 2528 semel
895 2480 991 2527 aut
1012 2473 1096 2529 bis
1126 2473 1173 2527 si
1200 2474 1439 2544 percutit
1467 2474 1583 2545 ipse
1612 2474 1813 2529 sinum.

512 2564 737 2620 .‘luuera
762 2564 1080 2620 muneribus
1108 2563 1280 2619 David
1313 2564 1688 2637 superaddidit
1709 2564 1867 2620 Albin

513 2657 738 2715 Munera
773 2658 1091 2714 muneribus
1117 2657 1366 2722 Christus
1384 2658 1731 2731 Osuperaddat
1765 2664 1822 2713 et
1852 2657 1924 2713 illi
1951 2676 1965 2711 :

510 2751 765 2806 Carmina
801 2751 1139 2808 carminibus
1180 2752 1340 2807 binas
1383 2752 1713 2822 superaddat
1754 2751 1952 2806 etilli:

511 2846 705 2900 Omnia
734 2846 875 2899 dona
913 2845 1090 2899 bonus
1127 2859 1346 2915 semper
1379 2844 1522 2899 Deus
1565 2853 1761 2917 augeat
1810 2844 1885 2899 illi
1915 2861 1930 2908 ;

514 2940 582 2995 Et
611 2949 664 2995 te
694 2937 980 2995 ﬂorentem
1007 2935 1192 3004 faciat,
1231 2953 1350 2993 mea
1386 2937 1514 3003 filia,
1552 2939 1711 2994 donis
1745 2957 1758 2993 :

511 3032 691 3101 Atque
726 3030 833 3086 mei
864 3028 1035 3085 David
1066 3030 1269 3086 sobolis
1295 3028 1620 3085 charissima
1644 3030 1805 3087 donis

512 3122 733 3180 Floreat
760 3124 982 3179 aeternis
1016 3141 1030 3177 :
1069 3123 1254 3180 cuncti
1277 3120 1466 3179 ﬂorete
1502 3122 1710 3179 ﬁdeles.

512 3213 633 3272 lam
659 3214 888 3281 salvete,
923 3214 1121 3281 valete,
1150 3216 1327 3286 vigcte
1352 3223 1410 3269 et
1436 3223 1633 3281 avete,
1672 3214 1890 3270 valete!

1143 3326 1472 3385 CCXXXVI.

965 3419 1098 3476 Vota
1125 3436 1220 3492 pro
1246 3417 1454 3490 familia
1484 3420 1651 3491 regia.

515 3517 664 3573 Delia
686 3516 973 3572 doctisono
1006 3531 1067 3572 se
1091 3514 1118 3554 δ
1161 3514 1515 3586 grammatica
1557 3515 1766 3585 plectro

584 3608 803 3665 Floreat
839 3616 904 3664 ut
920 3606 1117 3663 studiis
1145 3618 1335 3677 pectus
1359 3607 1560 3676 ubique
1596 3616 1767 3662 tutan.

514 3700 639 3755 Vita
667 3701 815 3755 salus
840 3701 1055 3755 cunctis
1078 3740 1093 3766 ,
1134 3698 1369 3756 Domino
1394 3698 1636 3754 donante
1657 3742 1672 3764 ,
1704 3699 1899 3770 puellis
1925 3739 1941 3765 ,

585 3794 1022 3864 Perpetuumque
1045 3803 1070 3832 ε
1099 3793 1153 3847 in
1187 3800 1433 3863 tempora
1459 3791 1619 3864 longa
1644 3792 1757 3847 flat.

515 3885 668 3943 Felix
691 3888 890 3957 quippe
914 3884 1098 3951 Pater,
1126 3883 1290 3941 ﬂores
1317 3883 1411 3955 qui
1436 3884 1684 3955 germine
1707 3884 1841 3940 tales

587 3978 833 4051 Egregiis
854 3978 1039 4033 mundi
1067 3977 1357 4048 progenuit
1378 3977 1565 4033 titulis.

515 4073 720 4128 Dextra
748 4071 927 4127 Patris
948 4071 1145 4127 summi
1169 4080 1346 4137 natas,
1376 4079 2009 4145 uatosque,patremquc

585 4162 884 4219 Conservet
912 4162 1138 4233 pariter,
1163 4170 1415 4233 protegat
1440 4170 1603 4233 atque
1634 4172 1811 4236 regat.

1122 4272 1475 4330 CCXXXVII.

587 4368 849 4423 Atloculio
876 4367 946 4421 ad
983 4365 1167 4421 Musas
1205 4367 1259 4421 in
1287 4368 1518 4435 gratiam
1555 4368 1744 4439 regalis
1775 4371 1927 4439 pueri
1964 4368 2014 4423 ί.

515 4462 756 4533 Pergite,
787 4460 1052 4524 Pierides,
1072 4458 1266 4514 musali
1293 4460 1486 4529 pollice
1508 4458 1669 4516 ﬂores

516 4554 775 4622 Carpere,
807 4551 900 4620 qui
928 4549 1151 4619 liquidis
1167 4560 1422 4605 crescunt
1449 4566 1615 4621 prope
1640 4550 1884 4609 fontibus
1906 4554 2110 4609 amnis;

516 4645 705 4719 [legali
730 4643 987 4713 utjuveni
1025 4640 1247 4698 faciatis
1283 4650 1428 4698 serta
1465 4643 1678 4699 salutis.

516 4738 589 4795 Ut
613 4737 781 4792 variis
804 4744 951 4791 totus
988 4734 1156 4805 fulget
1186 4734 1479 4789 virtutibus
1508 4734 1598 4790 ille
1622 4778 1636 4802 ,

512 4828 806 4885 Nobilitate
831 4826 1041 4891 cluens,
1070 4825 1357 4881 laudabilis
1378 4826 1530 4892 orbe,
1560 4838 1816 4899 paterna;

514 4921 610 4977 Sic
631 4936 729 4975 vos
755 4917 991 4991 εισι-ἱερετί
1011 4919 1285 4974 decurrite
1307 4926 1464 4988 prata
1491 4919 1705 4977 decoris
1732 4941 1745 4974 :

513 5011 729 5066 Vertice
747 5009 1079 5065 Castalidum
1091 5006 1332 5076 juvenali
1359 5018 1415 5065 ct
1434 5013 1653 5082 pangite
1669 5022 1925 5079 stemma,

512 5102 739 5173 Fulgeat
764 5103 818 5155 in
846 5116 1008 5157 roseo
1028 5108 1216 5156 vertex
1255 5102 1474 5157 virtutis
1506 5102 1737 5159 honore.

510 5194 624 5252 Illic
650 5204 707 5251 et
733 5193 938 5265 sophia:
961 5193 1231 5249 clarescat
1258 5194 1367 5248 lilia
1391 5194 1653 5249 condens.

583 5340 610 5368 ι
642 5325 1068 5397 Regenberctum.
1104 5324 1489 5396 Regimbermm
1515 5326 1675 5395 hujus
1707 5332 1944 5386 nominis
1987 5348 2102 5388 ma-

546 5395 741 5454 istrum
774 5395 1048 5451 exstitisse
1066 5397 1165 5451 sub
1187 5395 1409 5453 initium
1432 5414 1559 5455 suac.
1585 5415 1660 5464 ix,
1695 5401 1746 5454 in
1773 5405 2100 5460 monasterio

515 5465 945 5593 Raincggi‘alknsi
984 5465 1325 5525 Mabillonius
1379 5469 1543 5525 refert
1592 5478 1719 5525 tom.
1767 5472 1807 5526 ll
1850 5474 2044 5529 Annal.
2082 5518 2096 5541 ,

515 5554 614 5593 una
666 5576 694 5590 ..
773 5578 783 5588 -

552 5555 614 5594 32
658 5555 783 5593 '16}.

511 5554 614 5649 pag
658 5554 783 5593 τίω.
973 5608 984 5619 .

639 5608 817 5671 Forte,
845 5624 1009 5676 possis
1038 5625 1265 5665 scrvare.

586 5692 607 5719 σ
640 5679 801 5733 Forte
818 5720 831 5734 .
855 5679 1052 5748 populi.

582 5752 611 5796 δ
648 5750 771 5807 lliat
796 5765 1001 5805 sensus.

1328 278 1391 333 Β.
1430 278 1494 333 F.
1535 275 1765 331 ALBLVI
1808 273 1942 331 SEU
1985 272 2267 332 ALCUINI
2306 272 2595 329 OPERUM
2634 270 2818 329 PARS
2856 270 2945 326 Vl.

3689 263 3793 317 788

2132 391 2179 447 Α
2207 385 2440 441 Iustitiae
2469 385 2627 441 violis
2646 387 2822 441 variet
2840 402 2938 457 per
2963 394 3210 457 tempora
3231 383 3434 457 fulgor,

2201 478 2268 533 Et
2290 494 2482 535 crocea
2504 480 2691 534 rutilet
2710 480 3017 535 verecunda
3044 479 3306 535 modestia
3342 477 3516 534 vultu.

2202 570 2424 627 Talibus
2450 571 2536 626 his
2556 570 2815 641 juvenem
2838 572 3003 626 sertis
3030 580 3242 638 ornate,
3270 569 3543 626 Camenae.

2200 661 2343 718 Ecce
2370 670 2492 717 tuas
2519 678 2703 727 mres,
2722 663 2985 732 iuvenum
3019 661 3346 726 clarissime,
3378 660 3561 724 donis,

2200 752 2467 811 Versifico
2498 755 2646 811 volui
2670 756 2969 826 pauxillum
3001 764 3225 827 tangere
3257 755 3487 824 plectro,

2202 845 2270 900 Et
2300 846 2396 901 tibi
2424 856 2745 918 perpetuam
2774 847 2942 902 Musis
2964 847 3225 902 mandare
3260 846 3511 902 salutem.

2200 937 2499 1008 Florigeris
2523 939 2730 993 utinam
2754 938 2939 1008 vigens
2964 952 3063 1007 per
3087 936 3285 992 szeeula
3321 934 3552 1007 sceptris
3568 975 3595 1000 ν

2202 1028 2379 1100 Atque
2416 1030 2527 1085 Deo
2557 1028 2775 1096 iunctus
2810 1039 2997 1085 teneas
3028 1028 3273 1083 coelestia
3303 1042 3490 1099 regna.

2808 1118 3185 1175 CCXXXVHI.

2524 1214 2602 1269 De
2637 1213 2969 1269 Richbodone
2991 1213 3060 1266 ad
3081 1211 3451 1285 Angilberlum

2202 1308 2408 1365 Obtulit
2431 1306 2726 1363 altithrono
2755 1321 2968 1377 parvus.
2985 1304 3306 1360 munuscula
3332 1317 3523 1359 servus

2274 1398 2560 1455 Richbodo
2588 1400 2636 1465 ε,
2661 1413 2783 1469 qua:
2802 1397 3008 1462 cernis,
3030 1396 3223 1461 lector,
3246 1396 3302 1451 in
3328 1394 3443 1450 aede
3472 1406 3655 1457 sacra,

2203 1489 2285 1547 Ob
2312 1491 2583 1547 scelerum
2615 1491 2854 1558 veniam,
2886 1489 2958 1545 ob
2983 1489 3109 1544 vita:
3143 1488 3385 1544 caelestis
3413 1497 3691 1551 amorem;

2274 1586 2383 1641 Pro
2403 1601 2513 1657 quo
2536 1584 2770 1656 quisque
2799 1583 2973 1653 legas,
3004 1580 3172 1638 funde
3193 1595 3385 1652 preces
3416 1579 3648 1635 Domino
3678 1592 3696 1632 τ

2203 1676 2312 1733 Pro
2338 1685 2411 1740 te,
2440 1690 2649 1746 proque
2678 1675 2787 1729 tuis
2813 1687 2953 1743 quas
2973 1671 3186 1739 fundes,
3215 1670 3385 1728 frater
3405 1678 3585 1726 amate
3608 1708 3631 1735 ι

2137 1753 2182 1810 Β
2278 1769 2362 1824 Ad
2391 1770 2531 1835 b:ec,
2557 1768 2683 1823 dum
2712 1767 2924 1831 venias,
2951 1764 3138 1819 limina
3163 1776 3325 1821 sacra
3353 1764 3582 1828 domus,

2206 1859 2460 1916 Christus
2495 1860 2565 1915 ab
2592 1858 2830 1913 :etherea
2862 1856 3108 1913 clemens
3134 1855 3393 1912 exaudiat
3415 1869 3544 1910 arce
3575 1915 3582 1921 _

2285 1952 2362 2007 Te
2387 1950 2619 2015 faciens,
2652 1949 2844 2015 lector,
2873 1947 3043 2004 corde
3070 1946 3250 2003 redire
3272 1945 3516 2002 domum.

2209 2046 2285 2101 Te
2315 2059 2447 2116 rogo
2469 2084 2485 2111 ,
2518 2050 2710 2099 sancte
2737 2041 2921 2110 Pater,
2952 2040 3181 2113 supplex
3215 2057 3317 2112 per
3342 2041 3587 2096 carmina
3617 2048 3817 2096 nostra

2278 2136 2367 2191 Sis
2395 2150 2609 2191 memor
2631 2142 2689 2191 et
2719 2134 2917 2199 nostri,
2959 2142 3037 2198 te,
3060 2147 3217 2203 rogo,
3248 2140 3441 2188 sancte
3460 2129 3663 2185 Pater:

2208 2226 2393 2282 Dulcis
2423 2226 2680 2290 Homere,
2698 2239 2924 2294 precor,
2941 2221 3124 2277 Flacci
3152 2235 3361 2276 memor
3385 2230 3507 2277 esto
3534 2228 3745 2291 poene,

2281 2318 2372 2374 Sis
2405 2332 2618 2373 memor
2641 2323 2703 2371 ut
2729 2314 2969 2381 Samuel,
3002 2314 3174 2371 dulcis
3201 2313 3458 2379 Homere,
3488 2327 3700 2383 precor.

2206 2408 2490 2465 Auxiliare
2511 2422 2698 2464 senem
2722 2413 2964 2473 nostros,
2991 2420 3142 2478 rogo,
3174 2413 3231 2460 tu
3262 2420 3362 2475 per
3383 2404 3592 2468 amicos
3615 2442 3643 2467 ,Α

2280 2501 2381 2556 Est
2400 2500 2555 2556 locus
2582 2500 2805 2556 insenos
2835 2500 2865 2539 ιι
2890 2498 3156 2553 auxiliare
3184 2512 3373 2553 senem

2209 2595 2308 2650 Est
2330 2593 2463 2650 mihi
2487 2602 2638 2649 certa
2666 2591 2804 2649 ﬁdes
2829 2592 2899 2647 de
2919 2603 2995 2658 te,
3026 2590 3353 2648 charissime
3375 2589 3569 2655 frater,

2280 2686 2418 2743 Cum
2444 2686 2665 2741 Christo
2682 2693 2741 2739 et
2759 2685 2967 2740 sanctis
2989 2684 3065 2739 sit
3087 2683 3184 2738 tibi
3214 2691 3366 2738 certa
3390 2682 3557 2739 salus.

2210 2777 2318 2835 Pro
2344 2777 2549 2833 mundo
2581 2776 2831 2832 moriens
2846 2776 2936 2832 hic
2962 2775 3152 2832 mundi
3182 2776 3291 2830 vita
3319 2775 3582 2846 pependit
3603 2816 3627 2840 ,.

2282 2873 2471 2929 Abluit
2494 2886 2657 2927 omne
2689 2871 2851 2941 hujus
2883 2870 3167 2940 sanguinis
3203 2868 3347 2924 unda
3375 2868 3531 2923 nefas
3554 2886 3579 2920 ι

2211 2964 2351 3021 Dum
2377 2972 2543 3035 caput
2564 2963 2798 3020 inclines
2820 2964 3082 3018 mundum
3108 2977 3272 3033 super
3301 2962 3463 3035 erigit
3487 2969 3643 3017 astra
3662 3001 3691 3028 τ
3774 2988 3777 2991 -
3813 2995 3815 2998 ‹

2284 3060 2353 3114 Et
2375 3060 2575 3115 mirum
2600 3058 2803 3123 saeclis,
2835 3072 2987 3112 mors
3008 3065 3099 3111 tua
3122 3057 3235 3111 vita
3256 3055 3390 3112 fuit-

2207 3155 2399 3227 Agnus
2433 3154 2502 3208 ab
2529 3153 2686 3209 hoste
2714 3166 2894 3216 sacer,
2925 3149 3191 3226 populum.
3209 3151 3301 3222 qui
3326 3165 3424 3221 per
3450 3164 3601 3206 mare
3626 3149 3806 3217 duxit,

2279 3247 2439 3303 Nunc
2474 3246 2671 3302 melius
2710 3246 2975 3304 mundum
3002 3246 3182 3301 salvat
3208 3247 3277 3303 ab
3302 3246 3460 3302 hoste
3482 3260 3661 3301 suum.

2209 3340 2421 3398 Eneus
2446 3354 2514 3396 en
2551 3354 2802 3410 serpens,
2840 3337 3021 3410 populi
3047 3338 3139 3410 qui
3164 3338 3394 3394 vulnera
3436 3347 3630 3405 sanat,

2280 3432 2437 3488 Nunc
2473 3440 2529 3489 tu
2560 3429 2823 3503 peccator
2847 3431 3033 3502 aspice
3058 3438 3243 3486 mente
3268 3430 3379 3501 pia.

2744 3544 3103 3602 CCXXXVIII
3129 3544 3228 3600 bis.

2424 3618 2654 3674 Flaccus
2693 3619 2763 3673 ad
2813 3617 3103 3672 "cinerum
3140 3616 3570 3691 [lingilbcrtum].

2210 3712 2349 3767 Dum
2376 3721 2561 3767 suetas
2597 3710 2769 3765 soleat
2795 3708 3013 3781 Cycnus
3044 3722 3269 3765 servare
3290 3724 3551 3766 camenas
3575 3751 3591 3777 ,

2283 3805 2519 3861 Cuculus
2554 3812 2610 3859 et
2648 3803 2897 3874 proprios
2925 3803 3079 3858 novit
3112 3801 3314 3859 habere
3345 3817 3529 3859 sonos.

2209 3897 2350 3953 Dum
2374 3911 2543 3964 mare,
2560 3895 2690 3950 dum
2713 3893 2915 3960 fontes,
2930 3894 3211 3966 proprium
3235 3894 3363 3950 dum
3383 3894 3563 3951 sidera
3586 3910 3808 3951 cursum

2282 3990 2521 4061 Quasque
2543 4004 2706 4046 suum
2729 3996 2971 4055 servant,
3005 3992 3108 4044 sub
3137 3987 3458 4043 moderante
3494 3989 3626 4053 Deo,

2209 4081 2465 4137 Carmina
2495 4096 2594 4135 cur
2615 4088 2796 4135 taceat
2814 4081 2994 4135 subito
3023 4096 3121 4135 sua
3149 4079 3379 4136 Flaccus
3407 4079 3647 4137 Homero
3676 4122 3692 4146 ,

2284 4173 2454 4231 Filius
2482 4184 2644 4244 atque
2668 4175 2806 4245 patri
2829 4190 2929 4229 cur
2958 4182 3136 4229 taceat
3163 4174 3388 4230 subito?

2213 4267 2354 4334 Heu,
2378 4284 2479 4324 cur
2501 4276 2651 4322 muta
2682 4266 2846 4323 silent
2870 4282 2966 4321 ora
2982 4264 3097 4335 jam
3117 4267 3272 4323 vocis
3292 4283 3490 4341 egena,

2286 4358 2568 4415 Melliﬂuos
2596 4360 2871 4430 quondam
2904 4374 3025 4431 qua:
3059 4360 3309 4416 cecinere
3343 4363 3551 4417 sonos?

2143 4490 2198 4550 D
2216 4451 2322 4509 Nos
2348 4452 2692 4508 venerandus
2719 4466 2875 4506 amor
2897 4450 3049 4521 pacis
3075 4466 3172 4522 per
3200 4450 3407 4507 fwdera
3427 4450 3634 4521 iunxit,

2288 4545 2459 4613 Quem
2489 4560 2594 4615 pax
2633 4552 2821 4598 nostra
2853 4542 2996 4599 Deus
3026 4542 3305 4614 perﬁciat,
3341 4554 3575 4615 vegetet.

2214 4639 2477 4697 Paciﬁcos
2500 4639 2643 4695 Deus
2667 4639 2719 4692 in
2749 4652 3035 4692 numerum
3058 4638 3161 4693 sibi
3194 4638 3366 4708 prolis
3390 4638 3614 4711 adeptat
3640 4680 3656 4708 ,

2282 4733 2539 4803 Quisquis
2561 4739 2709 4785 amat
2728 4745 2942 4801 pacem,
2965 4738 3050 4785 est
3077 4729 3218 4786 filius
3241 4732 3357 4801 ipse
3380 4730 3496 4787 Dei.

2212 4827 2431 4883 Bancor
2462 4840 2680 4881 amarus
2706 4824 2814 4891 alii,
2859 4823 3052 4879 redeas
3081 4826 3369 4881 concordia
3394 4825 3591 4898 dulcis,

2282 4916 2382 4975 llic
2407 4917 2619 4987 fugiens
2650 4923 2857 4987 pereat,
2886 4914 2976 4971 illa
3009 4923 3204 4970 tenens
3237 4928 3477 4973 maneat.

2209 5012 2255 5070 0
2288 5021 2345 5068 tu
2367 5010 2538 5066 dulcis
2572 5025 2746 5073 amor,
2777 5025 2882 5080 qua
2912 5017 2966 5063 te
2991 5024 3140 5064 nunc
3166 5020 3321 5079 parte
3349 5008 3621 5082 requiram
3649 5058 3663 5082 ,

2278 5102 2415 5159 Cum
2454 5098 2570 5173 [Ρη
2620 5099 2783 5175 Num]
2826 5108 2987 5155 natus
3035 5097 3315 5172 proprium
3360 5107 3537 5175 possit
3579 5094 3764 5165 odisse

3435 5197 3688 5272 [patrem

2281 5343 2305 5370 ο
2338 5329 2503 5384 Deest
2531 5327 2750 5399 aliquid.

2284 5402 2304 5483 ξ
2339 5400 2522 5483 Egi-lie,
2552 5398 2761 5483 Pippini
2789 5406 2883 5453 aut
2902 5400 3129 5483 alterius
3158 5403 3251 5483 lilii
3275 5404 3455 5483 Caroli
3494 5409 3690 5483 Magni.

2280 5468 3023 5551 {IllichbodoLCoguomento
3039 5471 3456 5551 Macariushad
3500 5468 3662 5551 quem
3704 5483 3798 5539 Al-

2204 5543 2406 5616 cuinus
2436 5541 2655 5610 scripsit
2701 5541 2958 5616 epistolas
2998 5544 3291 5616 169L170,
3332 5549 3454 5616 i7l,
3500 5541 3617 5607 1'72.
3644 5553 3796 5612 Alias

2202 5611 2501 5737 etligmﬂjam
2530 5612 2839 5667 monuimus
2860 5616 3079 5671 nomine
3102 5611 3321 5675 llomeri
3348 5611 3663 5695 compellari
3683 5611 3793 5683 An?

2202 5702 2250 5737 ΩΙ
2311 5698 2341 5737 (⁵
2398 5698 2506 5736 um.

2202 5698 2506 5758 guncrtum.

2277 5756 2301 5796 ι
2338 5752 2443 5808 Vox
2475 5761 2761 5827 corrupta;
2791 5753 2950 5826 forte,
2972 5755 3175 5815 inscncs
3202 5776 3296 5818 seu
3321 5779 3426 5821 non
3452 5780 3628 5823 senes.
