4106 6472
270 393 375 451 789
1461 396 1797 456 CARMINA.
1838 429 1909 442 -—
1939 398 2033 456 AD
2066 396 2345 458 VARIOS.
3434 410 3541 469 790

268 510 376 566 Sed
401 509 560 565 citius
587 508 789 575 releat,
818 511 1001 565 alium
1033 512 1125 581 qui
1151 512 1351 582 pellere
1384 514 1576 583 possit,

338 599 603 672 Jangatur
631 604 771 681 patri
798 612 955 658 natus
985 612 1042 656 et
1064 604 1178 673 ipse
1209 619 1329 659 suo.

264 694 518 748 Carmina
549 703 676 750 tunc
700 697 901 765 poterit
931 695 1257 765 jam’dulc'a
1295 696 1523 753 Flaccus
1546 697 1784 752 Homero

341 782 581 856 Pangere
615 786 886 851 versifica,
916 787 1009 857 qui
1038 788 1199 842 modo
1226 803 1397 857 pauca
1428 797 1608 844 canet.

260 875 513 933 Christus
549 879 616 933 ab
641 879 753 933 alta
783 880 926 933 Deus
958 888 1203 934 nostrum
1230 881 1522 951 conjungat
1545 896 1785 937 amorem
1808 922 1823 945 ,

335 969 413 1024 'l‘u
440 1011 455 1035 ,
482 978 608 1024 nate
630 1011 647 1035 ,
679 969 880 1036 valeas,
907 970 1079 1026 dulcis
1102 969 1333 1027 Homere
1362 988 1534 1028 meus.

873 1059 1206 1116 CCXXXIX.

427 1155 504 1208 Ad
544 1153 833 1210 Paufinum
871 1157 1231 1227 patriarclmm
1272 1153 1673 1226 Aquileiensem.

258 1248 431 1320 Tinge
459 1257 581 1305 tuos
601 1248 864 1315 calamos,
897 1250 1159 1315 Charitas,
1194 1250 1492 1322 in‘gurgite
1517 1248 1737 1312 Christi,

258 1341 434 1410 Atque
458 1357 637 1396 meum
666 1351 859 1411 pectus
888 1342 1050 1413 imple
1078 1356 1102 1384 ι
1129 1343 1445 1398 coelestibus
1481 1342 1621 1409 edis,

259 1432 332 1487 llt
352 1434 543 1504 dignas
574 1435 601 1474 δ
630 1435 842 1490 valeam
874 1436 1100 1491 Paulino
1125 1438 1306 1492 dicere
1332 1447 1534 1507 grates,

256 1524 521 1583 .llellilluis
556 1536 775 1584 nostras
810 1531 979 1587 musis
1008 1531 1101 1600 qui
1134 1531 1453 1601 impleverat
1474 1546 1633 1587 aures
1659 1572 1675 1593 ,

253 1618 324 1672 Et
342 1633 549 1675 memor
568 1620 812 1675 unanimi
844 1634 865 1662 ε
904 1622 1123 1691 longum
1155 1630 1278 1691 post
1306 1628 1518 1691 tempus
1546 1622 1705 1676 amici

251 1711 411 1782 23],
434 1711 777 1769 Carminibus
802 1714 975 1770 sacris
1006 1725 1292 1786 repetens:
1328 1714 1540 1779 Albiue,
1569 1714 1767 1769 valeto.

248 1805 427 1871 Quam
453 1804 646 1863 festiva
675 1808 794 1865 dies
820 1808 1016 1873 fuerat,
1050 1826 1171 1865 cum
1201 1815 1396 1882 pagina
1424 1810 1581 1865 nobis

249 1897 397 1953 Laeta
421 1899 446 1940 ἀ
473 1898 575 1955 fuit
601 1901 773 1957 titulis
798 1910 995 1973 Optate
1024 1902 1286 1971 inscripta
1317 1902 1544 1958 salutis!

246 1990 443 2047 Omnia
472 1992 618 2049 dicta
646 1994 780 2049 mihi
806 1993 1094 2049 charitatis
1124 1993 1282 2048 melle
1307 1994 1642 2048 manabant.‘

246 2083 367 2149 Quo
392 2099 452 2140 se
477 2084 702 2140 divertit
726 2085 883 2143 laetus
909 2085 1203 2156 relegentis
1223 2083 1453 2163 ocellus,

243 2175 432 2231 Cernit
462 2175 663 2246 ubique
690 2192 802 2232 sua:
831 2192 1048 2246 semper
1074 2192 1210 2231 nova
1237 2176 1432 2248 gaudia
1461 2175 1691 2240 mentis;

248 2267 480 2324 Maxime
498 2266 612 2338 jam
636 2269 880 2338 gaudens
905 2268 958 2323 in
984 2269 1343 2339 prosperitate
1368 2276 1623 2339 paterna,

241 2358 415 2423 Quem
441 2358 584 2415 Déus
612 2366 820 2415 aeterno
848 2368 1135 2415 conservet
1167 2368 1412 2429 tempore
1436 2375 1653 2413 sanum.

241 2450 290 2499 0
318 2449 707 2516 luxAusoniae,
740 2453 930 2522 patria:
961 2453 1148 2515 decus,
1182 2451 1415 2522 inclytus
1444 2460 1652 2515 auctor,

240 2542 473 2600 Justitia:
499 2544 900 2608 cultor,.sacr.n
928 2544 1145 2614 pietatis
1173 2552 1405 2609 amator,

239 2637 318 2689 'l'e
343 2653 465 2692 mea
491 2653 645 2692 mens
671 2637 826 2692 ardet
853 2636 1025 2691 sacris
1052 2638 1352 2692 constricta
1380 2638 1609 2699 catenis,

240 2729 442 2801 Diligit,
474 2733 733 2802 exquirit,
764 2733 1170 2803 complectitur,
1200 2732 1447 2797 attrahit,
1476 2732 1680 2797 ambit;

240 2822 482 2879 Pectoris
510 2833 712 2878 teterna
748 2838 1041 2893 secumque
1074 2824 1331 2879 reconzlet
1358 2825 1412 2878 in
1443 2838 1591 2878 arca.

901 2928 926 2956 ε
947 2915 1148 2971 CCXL.

662 3010 681 3052 ί
711 3011 793 3066 Ad
827 3012 1066 3067 eumdem
1099 3008 1407 3066 Paulinum.

236 3101 337 3157 liie
363 3101 621 3159 Paulinus
646 3120 816 3159 ovans
846 3112 960 3159 toto
988 3106 1296 3173 requiescat
1323 3106 1347 3143 ⁸
1372 3106 1425 3158 in
1453 3120 1587 3167 mro,

237 3192 457 3262 llocque
488 3194 665 3250 cubile
696 3206 852 3266 pater
880 3196 1075 3267 dignus
1100 3197 1356 3266 dignetur
1380 3196 1601 3250 habere.

233 3285 453 3341 Invidus
480 3287 585 3341 hoc
618 3286 870 3357 templum
902 3302 1179 3356 nunquam
1209 3296 1551 3358 pertranseat
1580 3288 1772 3353 hostis,

234 3374 313 3430 Ne
337 3377 537 3433 charos
562 3379 759 3435 animis
788 3380 969 3433 subito
997 3380 1271 3451 disiungat
1301 3382 1528 3444 amicos,

232 3467 380 3535 Quos
402 3469 604 3525 Christi
632 3470 873 3527 charitas
900 3472 1097 3525 charos
1126 3471 1403 3541 conjunxit
1430 3475 1655 3529 amicos.

911 3561 1134 3617 CCXLI.

835 3651 917 3705 Ad
954 3654 1215 3709 eumdem.

228 3741 276 3799 0
306 3741 527 3799 Pauline
557 3742 738 3810 Pater,
771 3754 976 3816 pastor,
1008 3748 1341 3817 patriarcha.
1377 3751 1653 3817 sacerdos,

226 3836 366 3890 Viue
394 3852 522 3905 pars
549 3837 763 3901 melior,
800 3846 1002 3892 nostra:
1028 3854 1155 3908 pars
1186 3840 1384 3912 inclyta
1410 3844 1535 3900 vitze
1561 3847 1573 3897 !

229 3929 318 3984 Sis
346 3943 555 3982 memor
579 3928 759 3985 Albini
793 3930 963 3984 sacris
992 3930 1254 3987 altaribus
1283 3943 1488 4000 astans,

228 4019 294 4074 Et
324 4019 509 4074 dulces
543 4014 685 4074 intv'r
716 4020 1003 4092 lacrymas,
1034 4039 1198 4092 super
1225 4041 1320 4080 ora
1352 4024 1601 4094 ﬂuentes,

225 4109 359 4165 llic:
396 4110 654 4165 Miserere
683 4111 826 4166 Deus
854 4121 1044 4169 nostro
1072 4114 1371 4172 clementer
1397 4119 1593 4186 amico,

222 4202 665 4274 Criminibusque
697 4205 813 4259 suis
840 4206 1053 4261 veniam
1086 4207 1284 4278 largire
1311 4212 1599 4284 benignus,

227 4290 297 4347 L’t
327 4298 377 4348 te
405 4309 529 4347 cum
560 4295 767 4350 sanctis
798 4294 958 4350 liceat
982 4295 1203 4353 laudare
1229 4315 1326 4369 per
1352 4316 1547 4357 aevum.

219 4387 578 4459 Omnipotens
607 4388 784 4444 Patris
812 4390 1003 4457 virtus,
1038 4392 1300 4462 sapientia
1327 4393 1596 4462 Christus,

217 4481 461 4536 Obsecro
493 4491 545 4535 te
573 4481 799 4552 supplex
830 4489 942 4538 toto
970 4482 1039 4537 de
1068 4491 1286 4554 pectore
1312 4501 1546 4558 pauper;

220 4570 293 4627 Ut
322 4580 412 4626 tua
441 4581 727 4628 conservet
756 4571 1039 4628 Paulinum
1068 4574 1292 4631 dextera
1320 4592 1558 4648 semper,

213 4663 492 4736 Protegat,
524 4671 686 4736 atque
715 4673 883 4737 regat,
913 4666 1175 4721 virtutum
1202 4666 1424 4726 ﬂoribus
1453 4684 1631 4729 ornet.

278 4789 311 4847 ,ξ’
339 4775 435 4847 Ms.
465 4774 605 4847 Sal.,
643 4774 862 4847 comple.

289 4845 317 4888 1³
345 4845 447 4919 Ms.
469 4846 610 4919 Sal.,
646 4845 857 4919 dignus.

288 4929 309 4957 ε
338 4918 436 4975 Ms.
463 4916 599 4984 Sal.,
623 4916 728 4974 um}
752 4919 918 4972 mimi.

283 4988 310 5029 δ
335 4989 436 5046 Ms.
461 4988 601 5055 Sal.,
628 4988 813 5045 Lecta.

287 5094 312 5123 ο
335 5080 628 5163 Sequentia
651 5083 758 5140 duo
778 5086 1019 5163 carmina
1045 5086 1239 5163 inood.
1261 5103 1360 5143 ms.
1384 5088 1578 5145 Salish.
1602 5109 1667 5148 ex
1691 5111 1810 5163 quo

205 5155 375 5233 etiam
402 5154 658 5233 nonnulla
688 5157 880 5212 menda
911 5158 1271 5223 correximus,
1299 5174 1422 5214 cum
1467 5154 1794 5233 prteccde'nti

206 5226 417 5295 absque
442 5225 706 5295 divisione
734 5235 1148 5285 connectuntur.

286 5296 305 5336 τ
326 5293 419 5374 :(_3I._
438 5293 711 5374 Catelinot
721 5298 829 5374 hoc
848 5314 1066 5374 carmen
1078 5300 1302 5374 censuit
1319 5314 1442 5358 esse
1461 5304 1809 5374 epitaphium

206 5366 444 5445 Paulini.
495 5366 1001 5445 Aliuddieendum,
1045 5371 1323 5445 siversus
1368 5374 1457 5429 isti
1492 5366 1625 5445 pars
1667 5386 1795 5433 sunt

208 5438 411 5511 prioris
436 5438 717 5503 carminis,
747 5448 908 5511 prout
937 5449 1064 5496 sunt
1099 5440 1152 5495 in
1181 5442 1275 5497 cit.
1304 5438 1790 5503 codice-Salisbur-

204 5508 365 5585 gensi
377 5525 391 5575 ;
429 5508 759 5585 quapropter
780 5526 940 5585 voces
966 5510 1091 5576 llic,
1118 5551 1177 5585 ...
1202 5513 1399 5585 hocque
1423 5515 1590 5571 cubile
1697 5520 1793 5574 hoc

203 5580 456 5653 templum
494 5580 840 5663 interpretor
863 5581 928 5663 tle
956 5580 1357 5663 pectorisqrcii,
1386 5601 1493 5653 qua
1518 5603 1586 5663 se
1609 5588 1791 5663 Pauli-

207 5667 338 5730 num
365 5652 740 5730 recondidisse
769 5652 847 5730 ait
872 5652 925 5710 in
953 5668 1114 5730 versu
1133 5654 1336 5730 pltitno
1358 5652 1620 5730 carminis
1648 5661 1789 5730 prio-

1879 516 1923 571 Α
1956 508 2145 579 Tuque
2174 511 2364 578 Maria,
2397 509 2492 566 Dei
2519 508 2791 580 Genitrix,
2825 516 3165 572 sanctissima
3192 517 3383 590 Virgo,

1956 598 2224 670 Prospera
2256 611 2449 657 cuneta
2479 617 2602 659 meo
2630 602 2855 662 Paulino
2881 621 3077 676 posce;
3093 625 3405 680 precamur,

1959 689 2030 745 Ut
2056 692 2252 762 vigeat,
2276 692 2454 748 valeat
2478 692 2681 749 Christi
2714 696 2951 766 repletus
2979 713 3187 754 amore.

1957 780 2066 836 Vos
2089 796 2329 852 quoque,
2350 785 2519 838 chara
2541 784 2701 840 simul
2724 795 3039 844 sanctorum
3062 791 3221 846 turba
3244 791 3546 848 Tonanti}.

1953 871 2057 939 Qui
2085 873 2297 929 bibulas
2319 875 2477 944 proni
2506 878 2726 931 monitis
2750 878 3067 936 caelestibus
3093 896 3279 950 aures,

1954 962 2209 1019 Ecclesiae
2235 962 2446 1030 Patres,
2473 965 2739 1023 habuistis
2768 983 2985 1040 semper
3008 981 3251 1042 apertas,

1952 1053 2020 1107 Et
2047 1069 2194 1108 nunc
2220 1068 2343 1109 cum
2368 1056 2588 1111 Christo
2613 1057 2856 1114 ccelestia
2886 1076 3053 1132 regna
3081 1065 3308 1131 tenetis;

1951 1149 2185 1206 Fundite
2207 1165 2417 1222 proque
2446 1152 2553 1206 mei
2579 1151 2813 1220 Paulini,
2844 1170 3030 1226 posco,
3059 1158 3237 1214 salute
3267 1185 3277 1195 ~-

1950 1241 2085 1298 Cum
2116 1245 2315 1313 pietate
2343 1256 2532 1314 preces
2561 1261 2775 1302 summo
2803 1263 2966 1318 super
2987 1251 3169 1306 omnia
3198 1252 3341 1325 regi.»

1950 1334 2024 1390 Ut
2051 1336 2252 1408 vigeat,
2279 1334 2458 1391 valeat
2482 1336 2687 1393 Christi
2715 1347 2986 1410 praecepta
3014 1352 3253 1399 secutus.

1948 1423 2017 1478 Et
2039 1440 2137 1480 vos
2162 1423 2420 1481 Ecclesia:
2446 1426 2696 1502 [sanctae]
2724 1431 3067 1486 sanctissima
3096 1431 3279 1502 proles

1945 1514 2004 1569 In
2036 1531 2322 1572 commune
2350 1530 2548 1588 precor
2575 1530 2851 1590 prostrato
2879 1538 3109 1593 corpore
3140 1526 3304 1582 terris
3330 1530 3346 1568 ί

1948 1605 2151 1679 [thue
2181 1608 2287 1663 mei
2317 1624 2506 1664 curam
2535 1610 2745 1666 Paulini
2773 1614 3027 1671 habeatis
3048 1616 3107 1670 in
3134 1632 3310 1672 aevum
3336 1616 3410 1690 il,

1944 1698 2093 1754 Illius
2118 1707 2171 1754 et
2201 1700 2368 1754 vitam
2395 1702 2650 1771 precibus
2677 1707 3047 1762 commendite
3070 1707 3313 1775 Christo,

1947 1792 2021 1849 Ut
2045 1794 2246 1865 vigeat,
2273 1793 2453 1850 valeat
2480 1796 2723 1870 longaevo
2755 1808 2999 1870 tempore
3025 1815 3215 1857 sanus.

1873 1867 2183 1959 B'Angelici
2212 1885 2406 1944 faciem
2437 1867 2613 1946 coetus
2638 1891 2731 1962 qui
2759 1867 2987 1950 cernitis
3010 1894 3207 1951 almam

1944 1976 2197 2048 Perpetui
2227 1978 2408 2034 Patris
2437 1980 2645 2037 ctelesti
2675 1983 2730 2037 in
2755 1983 2993 2041 culmine
3017 2002 3253 2059 semper,

1942 2067 2212 2139 Expansis
2239 2070 2493 2126 manibus
2520 2073 2713 2129 humili
2742 2075 2839 2130 sed
2867 2086 3088 2146 pectore
3116 2094 3301 2151 posco,

1942 2159 2051 2214 Vos
2080 2174 2297 2230 quoque
2322 2159 2608 2218 Paulinum
2635 2167 2891 2235 precibus
2919 2167 3438 2239 defendiwvestris,

1942 2251 2013 2307 Ut
2036 2252 2276 2322 gaudens
2307 2263 2514 2325 regnet,
2543 2264 2728 2313 vestro
2755 2261 2994 2317 sociatus
3021 2262 3239 2329 honori,

1939 2342 2289 2416 {Eteniisque
2318 2343 2413 2401 Dei
2442 2347 2721 2406 vobiscum
2750 2349 3001 2408 laudibus
3024 2354 3185 2419 adsit,

1938 2434 2123 2505 Regna
2152 2435 2311 2491 beata
2338 2445 2551 2503 tenens,
2582 2437 2710 2494 felix
2739 2441 2857 2496 sine
2886 2442 3012 2509 line,
3043 2445 3313 2514 polorum.

1937 2524 2048 2581 llos
2071 2541 2208 2599 rogo
2236 2529 2535 2585 versiculos
2562 2530 2788 2598 habeas,
2818 2534 2982 2590 Pater
3005 2537 3233 2608 optime,
3262 2546 3466 2607 tecum,

1936 2616 2009 2673 Ut
2038 2627 2129 2673 tua
2163 2635 2317 2677 mens
2345 2631 2613 2679 memoret
2635 2623 2761 2680 lazto
2793 2641 2893 2696 pro
2923 2631 3168 2686 carmine
3198 2642 3385 2688 natum
3410 2635 3435 2673 ι

1936 2709 2020 2764 Sit
2046 2711 2141 2768 tibi
2163 2708 2416 2769 Christus
2440 2731 2613 2781 amor,
2628 2717 2824 2785 virtus,
2850 2720 3034 2788 decus,
3055 2723 3236 2778 omnia
3254 2722 3526 2791 Christus,

1934 2803 2020 2856 Sit
2044 2804 2153 2869 via,
2182 2803 2315 2869 vita,
2344 2806 2509 2870 salus,
2539 2824 2665 2878 spes
2688 2820 2745 2867 et
2768 2811 2908 2879 laus,
2936 2813 3107 2886 gloria
3134 2832 3349 2887 perpes,

1932 2892 2161 2964 Semper
2184 2895 2240 2951 in
2269 2912 2365 2954 ore
2394 2908 2569 2967 sonet,
2597 2913 2922 2975 maneatque
2952 2907 3003 2962 in
3035 2917 3257 2979 pectore
3284 2925 3526 2981 semper,

1935 2984 2007 3040 Ut
2034 2985 2285 3043 tibi-cum
2315 2992 2517 3046 sanctis
2548 2993 2750 3051 tribuat
2779 2996 3019 3054 coelestia
3048 3016 3212 3071 regna
3236 3014 3254 3056 :

1932 3075 2048 3142 Qua
2078 3093 2289 3134 memor
2315 3092 2434 3136 esto
2463 3084 2537 3137 tui
2572 3087 2705 3151 nati,
2738 3094 2791 3141 te
2820 3103 2983 3159 posce
3012 3104 3109 3161 per
3136 3092 3313 3161 illum,

1932 3166 2035 3234 Qui
2067 3176 2458 3241 te'perpetuam
2491 3174 2612 3229 caeli
2646 3175 2882 3233 deducat
2900 3180 2954 3234 in
2983 3181 3182 3237 aulam.

1851 3235 1904 3300 ο
1931 3256 1997 3310 Et
2024 3235 2170 3314 nunc
2197 3235 2258 3314 et
2279 3276 2514 3332 semper,
2546 3264 2620 3320 mi
2652 3266 2725 3320 mi
2754 3265 2999 3337 Pauline,
3029 3271 3229 3327 valeto.

1927 3348 2201 3406 Carminis
2230 3351 2321 3408 hic
2350 3354 2514 3410 linem
2542 3356 2797 3429 lacrymis
2814 3358 3088 3418 faciemus
3111 3366 3319 3423 obortis
3345 3362 3372 3409 ι

1928 3439 2035 3496 Sed
2066 3459 2342 3515 nunquam
2371 3450 2514 3504 sacri
2546 3449 2709 3507 finem
2738 3451 3005 3512 faciemus
3033 3458 3257 3514 amoris.

2598 3582 2858 3641 CCXLII.‘

2530 3707 2611 3762 Ad
2645 3711 2906 3768 eumdem.

1922 3842 2029 3898 Fer
2054 3840 2250 3899 festina
2279 3843 2427 3900 Patri
2456 3843 2681 3903 Paulino
2710 3849 2899 3905 charta
2928 3852 3181 3919 salutem,

1991 3936 2111 4002 Dic,
2140 3935 2364 3992 Pauline
2393 3937 2577 4007 Pater,
2605 3940 2985 4001 dulcisamice
3012 3957 3074 4012 ω,
3106 3947 3244 4004 vale.

1918 4028 2091 4084 ianua
2120 4045 2285 4099 parva
2311 4033 2553 4102 quidem,
2580 4042 2635 4090 et
2662 4052 2861 4106 parvus
2889 4038 3167 4096 habitator
3191 4042 3246 4097 in
3269 4042 3383 4099 :ede
3405 4052 3514 4113 est,

1918 4119 2038 4177 Non
2067 4134 2293 4191 spernas
2320 4125 2571 4191 nardum,
2599 4126 2790 4191 lector,
2825 4130 2879 4184 in
2906 4146 3135 4205 corpore
3162 4151 3412 4206 parvum,

1917 4209 2038 4266 Jam
2070 4212 2277 4269 redolet
2306 4216 2508 4271 nardus
2535 4217 2746 4287 spicato
2774 4223 3019 4291 gramine
3045 4225 3294 4281 multum.

1919 4301 2002 4357 Me
2028 4303 2167 4373 lapis
2191 4307 2469 4377 egregium
2498 4316 2679 4377 portat
2708 4311 2805 4367 tibi
2833 4326 3063 4384 corpore
3088 4331 3277 4387 parvo.

1917 4392 2088 4448 Parva
2116 4394 2333 4463 quidem
2362 4412 2451 4453 res
2479 4405 2563 4454 est
2591 4401 2893 4467 oculorum,
2923 4420 3111 4471 cerne,
3140 4410 3380 4479 pupilla;

1918 4484 2024 4541 Sed
2054 4486 2195 4555 regit
2222 4487 2451 4557 imperio
2477 4490 2683 4548 vivacis
2708 4496 2953 4564 corporis
2979 4507 3172 4554 actus:

1836 4608 1888 4668 υ
1918 4576 2010 4633 Sic
2040 4578 2181 4647 regit
2210 4579 2324 4649 ipse
2349 4580 2568 4636 demum
2602 4593 2770 4639 totam
2798 4588 2902 4642 sibi
2930 4587 3201 4647 Nardnlus
3226 4593 3409 4662 istam,

1911 4668 2150 4725 Nardulo
2170 4679 2219 4735 ιι,
2249 4670 2338 4727 die
2363 4671 2536 4730 lector
2562 4689 2812 4747 pergens,
2848 4686 2907 4734 tu
2933 4682 3178 4750 parvule,
3206 4685 3372 4741 salve.

1910 4791 2021 4877 est,
2065 4784 2117 4837 in
2146 4785 2377 4877 ecclesia
2408 4786 2752 4877 Martiniana)
2799 4794 3137 4877 requiescat,
3188 4797 3373 4877 ibique
3417 4817 3503 4856 se-

1908 4854 2181 4931 pulturam
2215 4856 2415 4931 eligere
2439 4854 2743 4931 digneturi
2771 4871 2832 4918 ut
2875 4854 2932 4920 in
2971 4854 3160 4923 eadem
3205 4854 3503 4929 tumulatus

1909 4925 2131 5048 lgasilica
2158 4925 2314 5031 'cum'
2348 4925 2579 4985 Alcuiiio
2628 4925 3080 4993 resurrectionem
3126 4925 3430 5011 exspectet.
3444 4925 3495 4998 ἶ

1951 5011 2132 5048 omnia
2158 5038 2169 5048 .

1951 5011 2132 5050 omnia
2158 5011 2169 5053 Σ

1982 5069 2007 5106 Β
2036 5067 2174 5138 Edit.
2186 5108 2200 5132 ,
2231 5069 2522 5138 requiescit.

1976 5138 1999 5176 ιι
2032 5135 2129 5190 Ms.
2159 5135 2306 5201 Sal.,
2329 5138 2639 5196 Tonantem.

1980 5208 1993 5281 ξ
2027 5206 2200 5283 ﬁdit,
2228 5219 2371 5278 pros;
2381 5219 2495 5263 rata
2523 5228 2738 5283 corpore
2763 5234 2946 5274 sanus.

1977 5277 1990 5326 1'
2027 5277 2183 5365 thwa
2205 5277 2421 5365 versum
2442 5296 2506 5335 ex
2531 5277 2649 5365 eqd.
2674 5301 2778 5341 ms.
2796 5287 2995 5365 Salisb.
3023 5291 3095 5347 ita
3119 5295 3491 5365 restituimus;

1899 5345 1955 5402 in
1978 5347 2140 5403 editis
2162 5349 2308 5404 enim
2337 5350 2410 5405 ita
2435 5354 2694 5413 mendose
2717 5345 2987 5420 sonabat:

1959 5438 2186 5501 Angelici
2208 5441 2383 5490 faciem
2408 5442 2603 5496 cliaram
2628 5446 2816 5500 Paulini
2845 5452 3068 5505 habeatis
3085 5457 3134 5505 in
3153 5470 3330 5514 sevum.

1973 5523 1997 5563 ¹ι
2028 5523 2193 5588 Edit.,
2225 5534 2432 5581 nutum.

1978 5593 1994 5634 ι
2028 5594 2194 5660 Edit.,
2229 5598 2443 5651 amatis.

1970 5678 2007 5757 ει
2034 5664 2548 5757 Cizhlgadiisi‘usloc.
2567 5671 2658 5757 cit.
2684 5674 2928 5757 Append.
2950 5678 3001 5757 l__,
3022 5691 3261 5757 poemat.
3286 5684 3341 5748 4,
3363 5700 3489 5757 pag.

208 5722 307 5821 ris;
470 5722 756 5821 Madris‘ips
773 5722 883 5821 ἐξ.
914 5723 1493 5821 ξῖιὶσὲ-ὶηΡεὲρξιξξᾲξςι-
1894 5736 2151 5821 ἓιόζβὶι,
2179 5737 2233 5791 in
2262 5721 3491 5821 hdépoéiiiié'e'tli'giﬁi

203 5807 325 5863 cap.
359 5793 446 5857 15,
476 5809 626 5850 num.
656 5793 744 5860 ll,
772 5808 893 5865 pag.
918 5809 1151 5865 xxxviii,
1184 5795 1283 5850 hos
1303 5812 1496 5855 versus
1524 5793 1597 5855 ita
1626 5801 1794 5857 inter-

202 5862 469 5935 pretatur,
498 5873 558 5921 ut
584 5862 785 5923 sensus
805 5862 914 5922 sit:
962 5882 982 5919 ι
1032 5862 1249 5923 Utinam
1290 5865 1548 5928 Paulinus
1592 5873 1681 5929 hic
1715 5872 1789 5946 (id

1894 5805 2125 5877 Paulino
2153 5805 2404 5877 proponi;

1970 5887 1996 5961 ιτ
2024 5876 2207 5949 Forte,
2246 5876 2507 5939 Nardule.
