4106 6506
513 391 625 450 795

517 507 656 564 Dum
687 507 952 580 lacrymas
975 505 1203 559 Domino
1228 503 1505 559 Benedicti
1541 500 1725 556 fundis
1751 500 1805 555 in
1830 497 1975 562 aula,

591 597 680 653 Sis
708 611 917 652 memor
937 595 1137 662 Albini,
1171 594 1344 649 dulcis
1367 595 1560 656 amice,
1591 590 1690 646 tui.

1210 687 1403 743 CCLll.

992 779 1075 835 Ad
1108 779 1335 833 alterum
1373 777 1632 830 amicum-

520 877 603 934 τυ
624 889 861 948 quoque,
897 873 1042 928 Nave
1073 885 1124 938 ι,
1148 871 1283 934 vale,
1311 867 1484 936 major
1509 867 1609 923 tibi
1638 872 1822 922 mente
1845 862 2024 926 lideli,

594 972 740 1026 lnter
764 983 918 1024 sacra
945 982 1161 1037 precor,
1191 967 1356 1021 verba
1379 971 1657 1020 memento
1685 961 1814 1018 mei.

519 1063 752 1137 Parvula
776 1061 961 1130 nilque
989 1069 1186 1116 uocent
1209 1059 1469 1114 librorum
1505 1055 1751 1112 membra
1779 1052 2058 1115 ministra,

594 1156 654 1212 Si
683 1169 840 1210 mens
863 1152 975 1208 alta
996 1154 1132 1224 petit
1159 1151 1380 1222 grandis
1410 1165 1597 1205 amore
1628 1146 1758 1203 Dei.

1227 1260 1451 1318 CCLIII.

1066 1356 1149 1409 Ad
1176 1354 1351 1426 plures
1377 1336 1593 1408 anticus.

526 1448 743 1520 Vosque
771 1448 970 1514 valete,
995 1447 1098 1503 viri
1135 1447 1352 1511 fratres,
1374 1445 1679 1514 Patresque
1708 1439 1928 1506 ﬁdeles,

601 1540 710 1598 Vos
730 1541 874 1597 Deus
893 1541 1240 1610 omnipotens
1268 1545 1518 1610 protegat
1535 1545 1702 1607 atque
1725 1545 1909 1606 regat..

530 1633 639 1691 Vos
662 1632 918 1690 mandata
943 1631 1166 1688 Patrum
1197 1639 1310 1686 tota
1338 1631 1539 1685 virtute
1562 1617 1827 1700 priorum.

599 1725 954 1788 Conservate,
983 1738 1200 1794 precor,
1229 1723 1472 1792 pectore,
1495 1729 1697 1784 mente,
1725 1733 1921 1785 manu-

530 1819 773 1878 Obsecro
801 1834 994 1889 meque
1020 1818 1124 1889 piis
1162 1815 1415 1888 precibus
1442 1813 1820 1871 eommendate
1848 1812 1874 1851 δ
1904 1810 2138 1867 Christo

605 1913 679 1971 Ut
699 1912 966 1998 scelerum
989 1910 1205 1966 veniam
1232 1910 1397 1964 donet
1421 1903 1622 1979 ubique
1651 1907 1805 1962 mihi.

1227 2017 1448 2076 CCLIV.

968 2115 1050 2174 Ad
1079 2125 1322 2171 sanctum
1349 2111 1712 2169 Benedictum.

535 2213 582 2268 0
612 2211 922 2276 Benedicto,
953 2208 1095 2273 vale,
1123 2205 1520 2262 monachorum
1550 2203 1788 2258 maxime
1818 2209 2031 2272 pastor,

608 2304 755 2371 Quos
781 2317 1010 2375 generas
1030 2299 1234 2364 verbis,
1258 2297 1359 2353 bos
1388 2311 1515 2369 rege
1530 2297 1645 2366 jam
1673 2293 1945 2366 precibus.

535 2394 748 2450 Iudicis
769 2400 897 2447 ante
924 2391 1181 2446 thronum
1207 2387 1492 2443 doctorum
1516 2386 1748 2457 quisque
1772 2384 2030 2439 cohortes

611 2485 852 2540 Deducet
875 2482 1144 2553 proprias,
1175 2495 1314 2550 quas
1335 2479 1526 2551 genuit
1553 2477 1784 2533 Domino
1815 2493 1830 2530 :

539 2576 694 2632 Tunc
720 2589 936 2646 quoque
964 2582 1022 2630 tu
1049 2572 1350 2628 monachos
1374 2571 1664 2627 deduxeris
1695 2577 1821 2624 ante
1843 2566 2093 2625 tribunal

616 2667 942 2725 Celsitbroni
969 2667 1134 2739 regis,
1167 2665 1475 2736 almipatcr,
1506 2663 1781 2735 preprios.

541 2762 820 2820 Auxiliare
845 2763 958 2818 tuis
979 2761 1232 2831 precibus
1251 2765 1582 2830 quapropter
1607 2755 1808 2827 ubique
1841 2774 1856 2808 :

613 2855 760 2912 Grex
783 2869 1011 2908 numero
1038 2859 1269 2916 crescat,
1295 2859 1482 2923 pilSIOI'
1507 2857 1710 2913 amate,
1741 2856 1887 2902 ιιιιις.

546 2948 666 3006 Iam
692 2948 871 3021 gregis
899 2963 964 3002 ex
993 2961 1218 3009 inimero
1239 2943 1472 3015 pastoris
1501 2942 1672 3014 gloria
1709 2939 1932 3008 crescit,

620 3042 896 3098 Conserva
924 3039 1130 3096 meritis
1177 3052 1328 3101 ecce,
1357 3045 1479 3093 tuos
1507 3033 1760 3090 famulos.

1259 3147 1458 3207 CCLV.

1019 3248 1102 3303 Ad
1130 3245 1409 3320 quemdam
1439 3245 1687 3299 amicum.

551 3343 750 3400 Pectus
769 3357 922 3399 antor
952 3351 1198 3398 nostrum
1226 3337 1528 3410 penetravit
1554 3337 1886 3392 ﬂamma..."

626 3437 801 3506 Atque
819 3434 1002 3490 calore
1030 3449 1170 3488 novo
1191 3447 1406 3500 semper
1427 3430 1642 3486 inardet
1665 3444 1836 3483 amor.

555 3531 668 3587 Nec
691 3544 866 3594 mare,
894 3543 995 3584 nec
1020 3527 1199 3591 tellus,
1229 3534 1441 3580 montes
1467 3541 1565 3580 nec
1592 3523 1724 3580 silva
1753 3520 1838 3576 vel
1860 3518 2013 3590 alpes

483 3611 488 3617 ’
630 3621 766 3676 ιλιυίο
787 3620 1005 3676 obstare
1031 3624 1256 3689 queunt,
1284 3625 1380 3671 aut
1411 3616 1656 3671 inhibere
1684 3614 1828 3667 viam
1860 3631 1871 3666 :

554 3715 672 3783 Quo
697 3713 898 3778 minus,
925 3711 1064 3767 alme
1083 3711 1266 3773 Pater,
1296 3725 1509 3781 semper
1538 3717 1628 3764 tua
1658 3710 1868 3763 viscera
1896 3707 2088 3778 lingat,

635 3809 728 3864 Vel
750 3805 1005 3877 lacrymis
1032 3804 1173 3858 lavet
1203 3813 1417 3873 pectus,
1447 3810 1648 3865 amate,
1683 3809 1860 3854 tuum.

555 3901 672 3957 Cur
699 3907 756 3954 tu
783 3897 958 3952 dailc's
983 3911 1138 3952 amor
1169 3897 1327 3949 fletus
1357 3893 1642 3964 generabis
1666 3908 1902 3954 amaros,

629 3993 698 4049 Et
717 3995 784 4048 de
820 3991 975 4045 melle
1001 3990 1092 4059 pio
1120 3988 1312 4060 pocula
1342 3998 1364 4025 ο
1397 4002 1583 4041 amata
1610 3983 1820 4038 fluunt?

561 4085 652 4144 Sic
684 4096 771 4140 tua
792 4083 928 4156 jam,
966 4083 1221 4146 mundus,
1253 4080 1551 4136 miscentur
1579 4077 1754 4133 dulcia
1786 4075 2010 4139 atnnris,

631 4177 891 4233 Adversis
912 4176 1124 4230 variant
1147 4189 1404 4245 prospera
1433 4177 1631 4231 cuncta
1663 4171 1793 4226 cito.

560 4273 756 4330 Omnia
785 4268 1036 4324 tristifico
1064 4274 1346 4322 mutantur
1375 4264 1570 4334 gaudia
1597 4264 1766 4327 luctu,

634 4363 717 4418 Nil
744 4370 827 4418 est
845 4369 1190 4431 perpetuum,
1210 4367 1405 4414 cuneta
1429 4357 1608 4427 perire
1636 4363 1859 4426 queunt.

565 4458 642 4511 'l‘e
671 4456 830 4510 modo
859 4462 1192 4524 quapropter
1220 4451 1493 4522 fugiamus
1525 4460 1742 4520 pectore
1771 4457 1886 4504 toto

637 4548 716 4602 Tn
744 4561 961 4618 quoque
989 4561 1108 4610 nos,
1140 4545 1370 4598 intumus
1393 4543 1506 4614 jam
1532 4543 1789 4613 periture,
1823 4541 1963 4613 fugis
1996 4560 2008 4595 :

564 4641 904 4709 Deliciasque
926 4638 1052 4708 poli,
1077 4651 1396 4706 semperque
1427 4634 1704 4689 manentia
1729 4649 1893 4704 regna

635 4737 974 4802 Quaaramus,
1005 4738 1119 4785 toto
1139 4736 1377 4799 pectore,
1411 4736 1615 4791 mente,
1647 4741 1828 4779 manu.

563 4830 713 4885 Felix
745 4826 868 4882 aula
901 4824 1007 4896 poli
1038 4837 1311 4892 nunquam
1343 4818 1604 4891 disiungit
1628 4819 1862 4874 amicum
1890 4835 1904 4883 ;

635 4921 866 4994 Semper
892 4919 1076 4983 habet,
1104 4915 1248 4986 quod
1274 4923 1444 4979 amat,
1467 4919 1661 4983 pectus
1688 4927 1872 4968 amore
1893 4912 2094 4967 calens.

567 5013 683 5069 lluc
727 5023 1052 5083 properare,
1101 5007 1308 5074 Pater,
1359 5004 1613 5075 precibus
1654 5018 1784 5074 rape
1830 5019 1950 5067 me,
2006 5018 2155 5072 rogo,

1931 5097 1940 5167 ι
1956 5105 2156 5160 tecum,

639 5197 754 5264 Qua
787 5203 970 5250 noster
1005 5207 1279 5262 nunquam
1306 5188 1634 5245 dissociatur
1660 5203 1834 5242 amor.

570 5291 765 5358 Aspice
789 5287 1006 5343 lmtitico
1028 5294 1306 5357 gratanter
1333 5285 1516 5348 corde,
1545 5298 1853 5351 precamur,

641 5379 893 5442 Parvula,
923 5393 1046 5447 qua)
1071 5390 1298 5448 magnus
1329 5389 1554 5429 munera
1583 5373 1729 5428 misit
1758 5389 1930 5428 amor.

574 5473 706 5532 Nam
729 5473 836 5526 duo
862 5469 1120 5539 prmmitis
1144 5467 1453 5521 laudaverat
1482 5479 1591 5518 rora
1627 5464 1909 5535 magister,

643 5565 775 5636 Qua:
803 5561 989 5632 injecit
1015 5557 1196 5629 templi
1221 5558 1379 5614 vidua
1405 5555 1546 5611 nulla
1577 5555 1748 5627 gazis.

646 5755 674 5782 ι
713 5739 895 5801 Forte,
933 5733 1092 5790 Nate.

647 5813 678 5853 δ
716 5809 924 5878 Smpius
945 5807 1094 5868 alibi,
1119 5804 1481 5863 commendite.

646 5896 674 5927 ε
717 5883 841 5938 Edit
868 5921 882 5948 ,
923 5878 1131 5951 copula.

1339 387 1400 442 Β.
1439 387 1504 444 r.
1544 363 1776 442 ALBlNI
1817 377 1954 439 seu
1995 371 2275 436 accurat
2313 369 2599 429 omne):
2642 366 2822 424 rans
2861 362 2947 419 vr.

2127 496 2176 554 Α
2204 487 2468 544 Omnibus
2492 493 2578 541 est
2602 483 2757 538 donis
2782 480 2974 535 melior
3000 475 3218 532 dilectio
3247 486 3425 536 sacra,

3703 345 3818 402 796

2286 579 2463 647 Atque
2493 575 2628 629 fides
2648 572 2828 635 ﬁrma,
2857 584 2978 639 qua:
3004 567 3148 637 viget
3171 572 3337 634 atque
3368 572 3568 616 inerret.

2216 673 2294 728 Te
2321 671 2526 735 divina,
2555 667 2720 723 Pater
2744 663 3087 727 charissime,
3114 658 3256 714 dona
3282 665 3604 726 sequantur,

2288 760 2737 829 Prazveniantque
2765 754 2926 812 simul
2954 769 3170 824 semper
3198 747 3418 820 ubique.
3461 745 3618 804 Vale:

2907 867 3128 925 CCLVI.

2689 961 2782 1017 Ad-
2795 961 3003 1016 Iulium
3029 969 3079 1014 et
3110 957 3355 1012 Lucium.

2222 1057 2300 1115 'I'e
2327 1057 2474 1114 Deus
2497 1055 2842 1126 omnipotens
2867 1058 3155 1108 conservet
3181 1063 3396 1120 semper
3419 1046 3639 1118 ubique,

2292 1150 2468 1207 Julius
2493 1166 2526 1202 ο
2547 1148 2784 1220 juvenis,
2816 1162 2941 1216 spes
2970 1161 3126 1200 amor
3152 1153 3317 1213 atque
3343 1143 3510 1199 decus
3535 1141 3550 1194 !

2225 1243 2389 1299 Lucia
2417 1242 2540 1296 vive
2568 1240 2679 1294 Deo
2705 1239 2852 1302 felix,
2884 1237 3182 1292 clarissima
3206 1235 3381 1304 virgo,

2300 1334 2528 1404 Semper
2550 1332 2605 1386 in
2629 1339 2916 1394 aeternum,
2945 1328 3112 1383 Lucia
3141 1328 3313 1398 virgo,
3338 1325 3480 1383 vale.

2226 1426 2393 1501 23E.
2427 1427 2496 1482 Et
2523 1441 2642 1482 mea
2669 1439 2767 1496 per
2793 1439 2985 1479 versus
3009 1422 3188 1477 valeat
3212 1420 3586 1477 Mathematica
3615 1418 3828 1486 dulces,

2299 1522 2525 1578 Femina
2547 1518 2916 1590 verbipotens,
2945 1527 2999 1571 tu
3023 1517 3140 1571 sine
3167 1513 3273 1570 line
3305 1511 3444 1568 vale.

2907 1649 3149 1708 CCLV“.

2679 1743 2761 1798 Ad
2790 1741 3021 1798 amicum
3049 1740 3348 1795 abeuntem.

2157 1853 2206 1914 Β
2235 1858 2475 1930 Angelus
2503 1873 2536 1911 e
2560 1854 2702 1911 caelo
2727 1855 2951 1910 veniens
2978 1852 3269 1908 comitetur
3290 1859 3482 1906 euntes
3512 1848 3538 1890 1

2305 1952 2555 2023 Semper,
2593 1950 2745 2005 abito
2772 1957 2915 2010 tuas,
2949 1947 3122 2003 dulcis
3148 1946 3348 2011 amice,
3373 1946 3511 1999 vias.

2234 2045 2312 2102 Te
2342 2060 2461 2101 mea
2487 2059 2641 2100 mens
2664 2043 2929 2112 sequitur,
2966 2056 3164 2113 magna
3194 2055 3318 2096 cum
3349 2039 3530 2094 cordis
3552 2049 3761 2103 auore.

2307 2137 2585 2206 Exoptans
2608 2135 2790 2189 animo
2814 2147 3074 2202 prospera
3101 2137 3298 2186 cuncta
3329 2128 3447 2184 tibi.

2237 2229 2340 2296 Qui
2363 2227 2495 2282 mihi
2518 2234 2593 2292 te,
2621 2222 2810 2287 ftater,
2837 2223 3089 2279 Chri-tus
3115 2217 3389 2278 concessit
3415 2220 3673 2284 amicum,

2307 2319 2606 2377 Conservct
2629 2333 2822 2374 sanum
2844 2315 3097 2372 ChristUs
3124 2315 3326 2386 ubique
3351 2313 3480 2367 mihi
3511 2329 3526 2366 :

2239 2412 2492 2470 Elliciens
2517 2412 2678 2468 citius
2703 2411 2910 2481 pariter
2935 2417 3254 2478 natumque,
3279 2415 3561 2479 parentem
3609 2455 3613 2457 .

2310 2503 2667 2573 Congaudere
2693 2501 2855 2557 simul
2883 2500 3242 2573 prosperitate
3269 2499 3428 2554 bona.

2241 2597 2396 2668 Quod
2419 2597 2708 2654 modo-non
2731 2595 2842 2651 vidi
2871 2604 2942 2660 te,
2977 2602 3053 2660 te,
3079 2593 3393 2649 dulcissime
3421 2591 3615 2657 frater,

2314 2688 2607 2745 Contestor
2629 2701 2780 2752 vere,
2805 2702 2901 2742 cor
2927 2685 3075 2742 dolet
3101 2687 3205 2741 hoc
3228 2685 3477 2740 nimium.

2243 2779 2418 2850 Quam
2445 2794 2639 2851 prope,
2670 2778 2898 2843 nescivi,
2932 2787 2982 2833 te
3009 2793 3108 2832 nos
3133 2776 3426 2849 spectando
3455 2787 3730 2844 maneres,

2316 2871 2473 2928 Nunc
2500 2871 2604 2926 nisi
2633 2871 2877 2942 gaudens
2905 2885 3012 2925 non
3042 2868 3175 2923 mihi
3198 2868 3337 2922 dixit
3361 2867 3607 2921 bomon

2247 2964 2332 3022 Me
2359 2971 2539 3019 tamen
2565 2977 2716 3027 ecce,
2743 2976 2954 3033 precor,
2983 2969 3307 3030 przesentem
3330 2975 3425 3014 seu
3447 2975 3546 3029 per
3564 2959 3784 3024 habeto,

2325 3057 2395 3114 Ut
2414 3063 2466 3111 te
2486 3063 2809 3126 prmsentem
2831 3070 3046 3124 semper
3068 3053 3298 3117 habebo,
3330 3051 3512 3108 Pater.

2249 3150 2336 3206 Sit
2365 3149 2482 3214 tibi,
2513 3148 2691 3218 sitque
2712 3147 2842 3201 mihi
2868 3164 3108 3218 praesens
3138 3147 3281 3202 Dens
3306 3147 3559 3203 omnibus
3587 3144 3762 3213 ituris,

2172 3221 2219 3281 (ἶ
2321 3241 2407 3298 Sit
2428 3243 2550 3313 pius
2579 3249 2635 3296 et
2660 3241 2922 3307 clemens,
2951 3241 3141 3313 gloria,
3173 3241 3304 3304 vita,
3335 3239 3500 3295 salus.

2249 3336 2398 3405 Quos
2426 3333 2692 3389 charitate
2715 3331 2801 3402 pia
2834 3331 2999 3388 terris
3025 3329 3316 3400 conjunxit
3335 3331 3564 3396 amicos.

2323 3426 2636 3484 Gaudentcs
2665 3423 3077 3496 pariterjungat
3099 3423 3150 3477 in
3173 3440 3299 3478 arce
3323 3423 3449 3493 poli.

2251 3519 2380 3584 llos,
2411 3534 2560 3589 rogo,
2589 3515 2886 3572 versiculos
2915 3525 3092 3572 tecum
3117 3515 3217 3582 fer,
3242 3515 3411 3572 frater
3437 3515 3635 3581 amice,

2323 3610 2414 3666 Sis
2442 3624 2651 3664 memor
2675 3607 2854 3662 Albini
2876 3614 2936 3661 ut
2960 3622 3195 3676 semper,
3227 3608 3420 3672 amice,
3453 3607 3548 3662 tui.

2251 3702 2358 3757 Per
2376 3717 2615 3771 campos,
2642 3699 2827 3765 colles,
2861 3698 3024 3754 silvas
3049 3707 3102 3753 et
3135 3696 3356 3753 flumina
3383 3713 3632 3770 pergens,

2328 3795 2556 3866 Semper
2582 3795 2686 3848 iter
2713 3793 2962 3850 Christas
2987 3801 3237 3862 protegat
3261 3807 3390 3847 ecce
3413 3802 3588 3856 tuum,

2257 3889 2586 3946 Sanctorum
2613 3886 2866 3958 precibus
2896 3900 3111 3954 semper
3133 3884 3250 3939 sine
3274 3883 3380 3940 fine
3407 3882 3602 3948 valeto,

2331 3981 2398 4036 Et
2422 3996 2566 4035 nunc
2592 3988 2648 4034 et
2671 3993 2914 4050 semper,
2937 3977 3111 4032 dulcis
3129 3977 3327 4044 amice,
3361 3977 3481 4031 vale
3503 3977 3520 4031 ι

2927 4113 3194 4170 CCLVIII.

2733 4217 2816 4270 Ad
2847 4215 3088 4270 eumdem
3123 4214 3390 4285 fortassis.

2259 4335 2431 4412 Qtrre
2459 4334 2626 4398 viam,
2658 4333 2847 4396 frater,
2876 4338 3161 4401 angustam
3193 4327 3238 4396 ί,
3265 4330 3485 4386 tramite
3511 4328 3819 4401 pulchram,

2261 4429 2392 4498 Qum
2413 4437 2466 4485 te
2494 4427 2594 4484 sub
2623 4427 2780 4482 tectis
2817 4425 3030 4481 Domini
3056 4423 3291 4478 deducat
3319 4423 3372 4478 in
3400 4423 3597 4479 aulam.

2263 4521 2374 4578 Nec
2395 4519 2493 4578 tibi
2523 4519 2662 4576 forte
2691 4519 2856 4590 pedes
2883 4532 3042 4572 caeno
3070 4517 3327 4573 sordente
3351 4517 3646 4588 respargit,

2265 4615 2374 4672 Nec
2399 4615 2494 4670 tibi
2517 4613 2780 4670 cmruleus
2805 4612 2986 4668 crines
3008 4611 3270 4666 infuderit
3289 4609 3482 4665 imber.

2259 4709 2374 4765 Nec
2401 4709 2483 4762 vis
2510 4715 2799 4761 ventorum
2825 4705 3030 4768 turbat,
3052 4719 3153 4758 nec
3174 4704 3382 4776 grando
3410 4703 3665 4775 procellis
3696 4723 3708 4760 τ

2261 4800 2372 4857 Nec
2391 4802 2572 4866 timor,
2598 4807 2658 4854 ut
2681 4798 2877 4854 tollant
2902 4806 3094 4861 vestes,
3127 4810 3229 4851 nec
3252 4797 3406 4852 fauce
3437 4796 3696 4862 latrones,

2262 4893 2373 4949 Nec
2393 4893 2499 4958 leo,
2524 4907 2625 4948 nec
2649 4891 2918 4962 tigris,....
2949 4903 3080 4959 aper
3101 4889 3262 4943 ambo
3284 4888 3534 4955 visuntur

2263 4988 2360 5045 Vel
2384 4989 2622 5053 coluber,
2658 4987 2893 5060 regulus,
2929 5001 3156 5058 serpens
3177 4985 3735 5055 prosterniteuntem.

2264 5078 2372 5136 Sed
2401 5080 2540 5136 bene
2563 5094 2787 5136 securus
2808 5077 3012 5148 poteris
3039 5092 3360 5148 percurrere
3385 5085 3636 5131 stratam.

2264 5174 2406 5230 Laus
2433 5173 2616 5228 divina
2647 5171 2743 5228 tibi
2773 5178 2991 5226 resonet
3015 5177 3343 5240 quapropter
3372 5169 3424 5223 in
3453 5184 3570 5236 ore,

2264 5267 2440 5337 thue.
2471 5266 2616 5336 pium
2645 5264 2855 5334 placido
2877 5261 3155 5319 Christum
3185 5270 3238 5316 tu
3272 5270 3489 5332 pectore
3519 5268 3672 5332 porta
3697 5278 3712 5315 :

2264 5359 2355 5415 Ille
2385 5367 2505 5414 tuos
2527 5372 2764 5431 gressus,
2795 5370 3006 5418 sensus,
3044 5361 3099 5406 et
3126 5354 3290 5409 verba
3321 5352 3602 5425 gubernet,

2267 5453 2400 5515 Dux,
2431 5451 2540 5516 via,
2572 5459 2769 5516 rector,
2800 5464 2955 5504 amor
2981 5447 3076 5502 tibi
3106 5448 3203 5511 sit,
3227 5453 3502 5515 protector
3527 5446 3728 5518 ubique

2267 5544 2591 5600 lncolumem
2621 5542 2785 5598 ducat
2805 5550 2878 5607 te,
2910 5549 3070 5610 teque
3099 5539 3321 5596 reducat
3347 5548 3588 5596 euntem.

2338 5728 2364 5767 ἀ
2408 5725 2590 5786 Forte.
2629 5734 2855 5779 euntem.

2346 5813 2368 5838 ο
2410 5797 2585 5853 Locus
2607 5804 2914 5863 corruptus.

2350 5869 2368 5911 ί
2413 5868 2532 5932 Ms.,
2569 5867 2805 5938 Angusto
