4106 6498
366 300 469 354 79"
1553 330 1884 392 CARMlKA.
1927 369 1996 379 —
2034 341 2128 398 AI)
2177 348 2444 410 YARIOS.

1038 431 1258 486 CCLIX.

669 546 694 574 ι
724 536 806 590 At!
830 540 1060 596 amicum
1087 545 1349 603 absent-.m
1379 556 1628 624 suspiria.

357 639 540 699 Dulcis
566 661 719 702 amor
740 647 994 723 lacrymis
1021 655 1301 716 absentem
1334 663 1539 737 plangit
1563 671 1832 739 amicum,

424 734 594 803 Quem
623 739 913 814 longinqua
944 758 1106 819 negat
1128 759 1273 807 terra
1295 734 1486 812 videre
1503 760 1694 817 oculis.

354 824 493 881 Rara
526 827 659 886 titles
684 832 966 892 hominum
992 838 1186 897 charos
1206 842 1386 901 eil‘ecit
1410 849 1638 918 amicos,

419 919 583 978 Iliilia
607 925 783 983 multa
805 930 951 988 cient
977 943 1216 1005 pectore,
1249 941 1397 998 solus
1423 945 1548 1002 erit.

345 1011 585 1083 Argento
605 1019 812 1084 melior,
845 1021 990 1081 fulvo
1007 1029 1298 1098 pretiosior
1327 1051 1488 1103 auro,

411 1105 677 1166 Omnibus
699 1121 753 1167 et
779 1117 930 1186 gazis
948 1119 1148 1176 clarior
1168 1123 1271 1179 iste
1295 1127 1450 1183 nitet.

340 1195 513 1263 Quem
534 1203 687 1273 cupit
709 1216 758 1260 et
792 1211 987 1277 quaerit
1014 1216 1211 1270 mentis
1241 1217 1345 1274 sibi
1372 1226 1485 1276 tota
1511 1221 1778 1292 voluntas,

412 1288 480 1346 Ut
507 1293 731 1361 habeat,
753 1307 958 1368 teneat,
982 1304 1168 1378 diligat
1189 1317 1351 1380 atque
1381 1311 1542 1369 colat.

325 1378 438 1438 Iste
460 1385 579 1440 eris
589 1403 725 1443 ecce
744 1391 873 1447 mihi
905 1410 1101 1467 magno
1122 1401 1442 1472 conjunctus
1466 1422 1672 1474 amore,

401 1471 483 1530 τυ
512 1480 728 1548 requies
751 1487 971 1552 mentis,
996 1496 1052 1543 tu
1075 1491 1209 1547 mihi
1227 1471 1410 1552 dulcis
1435 1513 1608 1554 amor.

328 1564 406 1620 Te
425 1566 568 1627 Deus
593 1581 800 1630 a3tcrno
825 1591 1112 1639 conservet
1138 1592 1378 1657 tempore
1397 1603 1646 1660 semper,

391 1659 473 1719 Tu
501 1679 710 1723 memor
730 1668 914 1727 Albini
943 1690 1157 1747 semper
1185 1680 1383 1752 ubique
1406 1682 1544 1739 vale.

1010 1811 1212 1872 CCLX.

707 1920 735 1961 δ
778 1922 864 1980 Ad
891 1926 1246 1988 Eboracenses
1278 1932 1518 1994 Fratres.

311 2026 466 2085 Nunc
487 2033 712 2089 cuculus
740 2038 908 2095 ramis
936 2042 1100 2098 etiam
1129 2050 1407 2105 resonavit
1434 2051 1486 2106 in
1517 2052 1674 2122 altis;

309 2121 501 2182 Florca
530 2131 825 2188 versicolor
845 2137 1024 2205 pariet
1051 2155 1194 2197 nunc
1214 2146 1457 2215 germina
1481 2148 1664 2207 tellus.

306 2214 474 2273 Vinea
505 2217 852 2280 Baechiferas
882 2228 1049 2285 tradit
1075 2242 1096 2270 ο
1121 2231 1188 2289 dc
1211 2214 1431 2304 palmite
1451 2256 1715 2312 gemmas,

303 2305 544 2366 Saseitat
565 2321 622 2369 et
641 2317 795 2371 vario
821 2328 1040 2376 nostras
1067 2327 1429 2385 modulamine
1458 2341 1670 2390 mentes

298 2397 573 2460 Indefessa
604 2408 740 2462 satis
761 2411 939 2467 rutilis
961 2412 1185 2472 luscinia
1218 2422 1406 2477 roseis.

296 2492 365 2548 Et
392 2497 472 2550 sol
503 2498 747 2568 signiferi
778 2507 1016 2576 medium
1047 2515 1387 2571 transcendit
1413 2516 1466 2572 in
1493 2521 1704 2586 orbem,

293 2584 618 2647 Ethmbus
640 2593 770 2649 vicit
799 2599 1144 2656 tenebrarum
1178 2620 1342 2676 regna
1377 2608 1680 2682 refulgens;

289 2680 468 2750 Atque
491 2692 686 2740 natans
715 2687 780 2743 ad
809 2704 907 2744 vos
929 2691 1100 2774 pelagi
1131 2701 1282 2751 trans
1307 2680 1537 2770 :equora
1551 2706 1758 2776 magni,

287 2770 470 2828 Albini
494 2773 672 2831 Patris
693 2777 950 2849 deportant
970 2771 1159 2840 charta
1188 2787 1416 2843 salutem
1442 2806 1457 2855 ;

288 2861 556 2922 Moenibus
581 2867 865 2927 Euboricar
895 2873 1147 2932 habitans
1177 2868 1229 2933 tu
1261 2895 1414 2936 sacra
1431 2883 1707 2954 juventus.

286 2953 393 3012 Fas
413 2956 637 3025 idcirco,
663 2975 803 3028 reor,
834 2968 1225 3036 comprendere
1248 2953 1448 3040 plectra
1477 2974 1732 3045 Maronis,

283 3045 632 3122 Sumuigcras
669 3055 848 3110 subito
877 3065 930 3111 te
967 3074 1112 3115 nunc
1149 3077 1214 3116 ex
1239 3079 1335 3118 ore
1355 3063 1382 3104 ἀ
1405 3082 1684 3135 camenas,

278 3137 731 3215 Carminibusque
750 3147 922 3202 sacris
953 3165 1120 3206 naves
1153 3152 1378 3223 implere
1401 3155 1674 3214 frenosutn
1712 3173 1756 3215 ε.

275 3230 428 3287 Talia
453 3247 688 3306 namque
706 3237 919 3305 placent
939 3249 1123 3297 vestro
1151 3245 1276 3314 quia
1299 3261 1524 3302 munera
1546 3248 1716 3318 Patri,

274 3325 377 3394 Qui
407 3343 552 3384 nunc
573 3332 820 3404 egregias
842 3334 1114 3407 regalibus
1144 3339 1360 3395 insonat
1389 3353 1536 3398 artes

272 3416 527 3485 Auribus,
556 3433 614 3477 et
639 3421 863 3480 Patrum
891 3427 1038 3483 ducit
1065 3446 1164 3498 per
1186 3442 1342 3502 prata
1374 3448 1718 3508 sequentem,

269 3507 619 3580 Pnt'pulchro
641 3515 844 3584 sophia:
871 3529 1188 3588 regnantem
1225 3533 1509 3583 stemmate
1532 3507 1711 3587 celsae.

267 3601 350 3658 Tu
373 3618 608 3677 quoque,
632 3615 691 3663 tu
710 3596 859 3665 Patri
889 3613 1117 3669 nimium
1142 3617 1338 3673 dilecta
1357 3618 1643 3692 juventus,

266 3693 346 3749 'l‘u
370 3696 582 3755 soboles
606 3699 750 3768 vit-1:,
780 3705 974 3774 patrize
997 3705 1113 3763 laus
1138 3719 1193 3764 et
1221 3711 1388 3767 decus
1412 3730 1596 3783 omne,

263 3783 528 3845 IEtlteriis
561 3792 765 3862 sophia:
791 3794 1022 3854 feliciter
1051 3809 1206 3856 utere
1236 3803 1424 3871 donis;

263 3877 334 3934 Ut
361 3879 456 3935 tibi
485 3896 802 3953 permaneat
830 3903 1041 3946 merces
1061 3901 1116 3947 et
1143 3893 1311 3962 gloria
1342 3913 1574 3970 semper.

257 3970 456 4029 Ebrius
481 3974 690 4046 injiciat
709 3981 859 4035 vobis
886 3997 990 4037 neu
1012 3984 1224 4041 vincula
1256 3989 1522 4057 Bacchus,

257 4060 526 4122 Mentibus
551 4068 840 4140 inscriptas
868 4074 1040 4130 deleat
1075 4093 1178 4133 neu
1206 4083 1400 4138 noxius
1426 4095 1608 4142 artes:

254 4152 366 4210 Nec
400 4170 498 4212 vos
516 4148 792 4218 Cretensis
821 4163 1054 4234 depellat
1083 4167 1153 4222 ab
1183 4184 1309 4227 arce
1332 4172 1525 4230 salutis

251 4249 533 4320 Improbus
560 4255 651 4312 ille
684 4273 839 4330 puer,
867 4262 1102 4319 stimulis
1123 4277 1366 4324 armatus
1393 4271 1589 4327 aeutis.

249 4341 362 4398 Nec
391 4359 486 4400 vos
515 4345 797 4421 luxivagus
822 4361 998 4423 raptet
1023 4371 1120 4425 per
1149 4357 1328 4415 inania
1358 4363 1639 4433 mundus,-

249 4431 468 4492 Vortiee
491 4439 846 4514 submergens
865 4446 1046 4502 vitalia
1073 4460 1290 4520 pectora
1321 4455 1474 4525 nigro
1498 4476 1512 4510 :

248 4523 356 4580 Sed
384 4539 652 4600 prtecepta
681 4549 852 4590 saeue
885 4553 1153 4596 memores
1183 4546 1408 4601 retinete
1441 4549 1654 4615 salutis,

245 4615 537 4676 Dulcisono
566 4621 842 4682 Christum
874 4641 1191 4688 resonantes
1213 4649 1427 4706 semper
1449 4641 1505 4694 in
1526 4657 1640 4698 ore.

241 4707 339 4762 llle
361 4709 540 4778 cibus,
563 4721 741 4785 potus,
770 4731 1010 4788 carmen,
1052 4723 1188 4788 laus,
1225 4726 1392 4796 gloria
1418 4732 1570 4787 vobis

241 4802 348 4868 Sit,
381 4821 530 4878 rogo,
564 4809 656 4878 qui
682 4810 834 4867 vobis
854 4813 1053 4870 tribuat
1077 4817 1252 4874 felicia
1279 4837 1466 4892 regna,

236 4894 418 4965 Atque
439 4899 560 4956 suis
578 4902 781 4958 sanctis
795 4901 990 4975 jungat
1015 4923 1114 4978 per
1140 4911 1344 4967 aethera
1373 4929 1603 4986 semper.

304 5107 330 5178 ξ
371 5096 449 5178 Ex
481 5095 756 5178 cod._mss.
795 5101 1208 5178 Salisburgensi.

307 5165 338 5248 ις
375 5163 578 5223 Versus
608 5171 711 5226 hoc
733 5188 952 5248 cannea
981 5163 1296 5235 inveditione
1320 5181 1642 5248 Quercctani

228 5445 332 5502 fuit
343 5448 518 5525 ?__Vid.
542 5463 696 5510 notas
719 5457 878 5525 epist.
897 5445 1023 5513 '16‘2.

301 5532 324 5559 ε
367 5520 491 5590 Ms.,
527 5525 714 5580 trudit.

296 5591 322 5631 ἀ
366 5589 490 5660 “8.,
522 5597 715 5650 excire.

300 5675 324 5701 ο
365 5662 486 5729 Ms.,
527 5663 844 5723 Fresonum.

300 5732 677 5815 fﬁDiﬂ’erentes
707 5738 964 5815 lectiones
989 5743 1292 5804 addidimus
1327 5764 1393 5804 cx
1437 5753 1558 5809 cod.
1601 5753 1798 5815 Salisb.

225 5803 298 5860 De
334 5803 657 5875 Saxonibus,
703 5810 946 5870 absoluto
985 5825 1106 5883 post
1151 5817 1221 5873 35
1266 5803 1528 5880 annorum
1568 5830 1797 5897 spatium

3539 377 3640 436 798

1977 457 2023 512 Α
2736 479 2912 537 CCLX
2924 483 2960 536 I.

2493 565 2513 605 ί
2552 569 2635 624 Ad
2662 583 2864 641 gentem
2889 575 3198 634 Cat/torum.

2042 645 2189 705 Gens
2211 667 2364 707 sacra
2395 650 2717 729 Gothorum,
2743 676 2966 725 sanctus
2997 672 3044 736 ε,
3073 671 3191 727 sine
3223 674 3329 728 line
3367 681 3562 747 valeto,

2041 740 2257 800 Electus
2286 747 2515 808 Domino
2536 757 2783 826 populus,
2812 760 2965 829 plebs
2987 763 3187 839 inclyta
3211 769 3380 825 salve.

2041 831 2367 895 Vietricibus
2395 843 2420 881 ιι
2445 853 2639 914 gentes
2665 850 2838 906 vicisti
2871 831 3114 912 maxime
3127 858 3282 916 bellis

2036 923 2210 990 Quam
2232 931 2433 987 multas
2454 939 2746 1004 quondam,
2771 943 2954 1001 hostes
2983 948 3142 1004 modo
3163 953 3364 1010 vincite
3385 955 3590 1016 Christi

2031 1013 2139 1071 Per
2161 1019 2408 1092 clypeum
2436 1027 2578 1095 fidei,
2611 1046 2708 1100 per
2734 1034 2902 1092 fortia
2919 1039 3020 1094 tela
3046 1042 3254 1100 salutis.

2029 1106 2332 1168 Auxiliator
2355 1118 2463 1172 erit
2481 1119 2635 1176 vobis
2659 1122 2802 1182 Deus
2823 1128 2998 1186 almus
3027 1134 3249 1204 ubique,

2030 1199 2087 1255 Si
2105 1201 2218 1272 jam
2245 1203 2397 1262 firma
2423 1208 2557 1267 fides
2588 1213 2797 1272 habitat
2817 1221 2918 1276 sub
2945 1199 3166 1293 pectore
3192 1199 3404 1299 vestro,

2024 1289 2205 1362 Atque
2230 1310 2367 1368 Opus
2387 1305 2661 1374 egregium
2693 1289 3097 1378 sequiturbona
3121 1319 3259 1376 dona
3283 1289 3431 1379 fidei.

2025 1379 2155 1448 llas,
2188 1401 2336 1458 rogo,
2370 1390 2636 1452 litterulas
2661 1398 2869 1466 placido
2895 1410 3196 1474 percurrite
3216 1429 3400 1472 sensu.

2022 1471 2168 1539 Quas
2196 1479 2359 1536 modo
2387 1483 2590 1542 direxit
2623 1491 2775 1547 vobis
2795 1471 3016 1554 dilectio
3033 1511 3242 1558 sancta.

2019 1562 2285 1637 Prospera
2312 1584 2505 1631 cuncta
2532 1578 2673 1637 Deus
2701 1582 2892 1644 Gothis
2912 1592 3176 1650 ceneedat
3193 1595 3430 1672 Olympi,

2017 1655 2284 1717 Omnibus
2304 1668 2494 1722 aeterni
2527 1671 2771 1732 tribuens
2793 1678 2932 1735 bona
2954 1685 3150 1753 gaudia
3185 1655 3335 1760 regni
3351 1655 3384 1747 τε

1932 1809 1987 1855 ,η
2212 1754 2316 1822 piis
2351 1761 2603 1827 precibus
2626 1781 2898 1828 memores
2921 1747 3117 1845 estote,
3153 1747 3408 1855 rogamus

2096 1812 2111 1820 -
2212 1812 2229 1822 -
2351 1812 2368 1827 .
2429 1812 2601 1819 ~——~—--
2627 1812 2898 1828 --.-......w
2922 1812 3117 1845 υσιυπ,
3153 1812 3168 1835 ι

1937 1812 1987 1874 Β
2011 1839 2191 1898 Albini
2217 1859 2453 1919 semper,
2479 1857 2695 1926 scripsit
2721 1863 2813 1930 qui
2843 1865 2971 1922 talia
2997 1869 3168 1927 vobis.

2007 1931 2172 2006 235
2190 1937 2297 1993 Vos
2319 1939 2462 1998 Deus
2474 1949 2817 2020 omnipotens
2843 1965 3012 2014 totum
3031 1977 3318 2023 conservet
3337 1970 3390 2025 in
3406 1988 3604 2047 aevum,

2026 2023 2287 2047 Da-______,
2325 2040 2340 2047 ,
2379 2033 2412 2047 οι
2606 2043 2612 2047 .
2725 2045 2734 2047 -
2765 2046 2771 2047 ,

2005 2023 2296 2084 x’Eternum
2323 2033 2568 2094 tribuens
2601 2043 2616 2080 ί
2656 2045 2808 2102 vobis
2836 2064 2937 2120 per
2961 2056 3159 2112 saecula
3195 2075 3444 2132 regnum.

2672 2153 2920 2216 CCLXII.

2456 2233 2468 2270 ι
2521 2223 2602 2278 At!
2630 2227 2803 2295 ﬁlium
2834 2234 3143 2307 profugum.
3184 2265 3186 2267 >

1997 2302 2128 2372 Cur,
2163 2325 2315 2383 rogo,
2344 2326 2492 2384 nate,
2523 2328 2618 2376 tuo
2639 2327 2783 2393 patri
2812 2328 3073 2389 irasceris
3095 2346 3314 2402 amate;

2065 2397 2304 2474 Longius
2330 2418 2574 2478 aptatum
2604 2430 2728 2470 mox
2759 2419 2920 2476 modo
2945 2425 3130 2496 carpis
3159 2427 3308 2484 iter?

1991 2488 2059 2544 Et
2091 2501 2145 2548 tu
2183 2492 2358 2555 tristis
2389 2503 2528 2569 abis,
2557 2515 2770 2574 patrem
2803 2488 3128 2585 tristemque
3156 2519 3420 2594 relinquis

2062 2582 2134 2639 Ut
2163 2589 2462 2648 sceleratus
2489 2613 2503 2648 :
2532 2613 2635 2669 ego
2657 2597 2874 2670 judicor
2900 2619 3030 2661 ecce
3068 2623 3217 2664 rcus.

1984 2671 2159 2731 Iratus
2187 2679 2365 2736 calido
2390 2685 2686 2757 quidquam
2712 2706 2814 2748 nec
2842 2703 3064 2764 pectore
3094 2699 3243 2767 dixi;

2058 2769 2310 2828 Mandavi
2339 2774 2546 2845 placida
2576 2781 2763 2839 dicere
2784 2789 2952 2844 verba
2985 2791 3101 2846 tibi.

1984 2863 2149 2920 Utere
2174 2881 2277 2921 ceu
2303 2872 2538 2938 propriis
2569 2877 2732 2932 rebus
2759 2877 2993 2939 feliciter
3021 2884 3147 2952 illis,

2051 2957 2190 3013 Sunt
2224 2975 2345 3016 mea
2380 2965 2579 3037 quippe
2604 2976 2717 3036 tua,
2745 2972 2854 3028 sint
2882 2983 2970 3032 tua
3002 2995 3188 3049 quaeso
3215 2998 3358 3041 mea.

2641 3080 2909 3142 CCLXIII.

1894 3171 1938 3232 ρ
1974 3229 2009 3232 ﬂ
2454 3213 2456 3216 _
2543 3151 2628 3206 Ad
2667 3154 3005 3228 discipulum.

1969 3229 2049 3284 En
2084 3241 2206 3289 tuus
2232 3234 2481 3300 Albinus,
2515 3244 2672 3298 saevis
2705 3257 2924 3318 ereptus
2954 3253 3022 3307 ab
3052 3255 3212 3312 undis
3235 3298 3254 3323 ,

2039 3323 2294 3392 Venerat,
2323 3329 2622 3389 altithrono
2646 3352 2790 3394 nunc
2820 3341 3118 3402 miserante
3146 3347 3278 3415 Deo,

1965 3413 2040 3468 Tc
2069 3417 2293 3486 cupiens
2325 3423 2947 3497 apei-peregrinus-lare
2973 3441 3216 3496 camenis

2031 3503 2076 3559 Ο
2101 3505 2321 3577 Corion,
2353 3512 2580 3571 Curioni
2617 3519 2792 3577 dulcis
2820 3527 2990 3582 amice
3015 3531 3171 3587 satis.

1959 3595 2231 3668 Quidquid
2259 3611 2312 3656 tu
2339 3605 2530 3663 volitas
2550 3626 2650 3680 per
2674 3629 2867 3687 magna
2891 3621 3093 3688 palatia
3119 3641 3337 3698 regum,

2031 3687 2100 3744 Ut
2124 3690 2315 3749 ludens
2341 3697 2530 3769 pelago
2561 3701 2733 3774 aliger
2756 3687 3024 3766 undisono
3065 3733 3076 3766 :

1956 3777 2056 3844 Qui
2089 3783 2293 3852 sophia:
2318 3786 2489 3844 libros
2519 3794 2714 3862 primis
2743 3797 2826 3854 lac
2851 3817 2948 3857 ore
2976 3807 3078 3862 sub
3105 3811 3264 3866 annis

2028 3868 2254 3940 Suxisti,
2283 3884 2339 3931 et
2367 3878 2536 3938 labris
2561 3885 2729 3942 ubera
2761 3906 2917 3946 sacra
2946 3897 3076 3952 tuis.

1951 3961 2086 4017 Dum
2117 3963 2212 4021 tibi
2238 3967 2366 4024 dum
2399 3973 2572 4045 major
2598 3992 2697 4047 per
2732 3989 2974 4054 tempora
3005 4002 3258 4050 creverat
3282 4001 3442 4071 tetas,

2024 4054 2176 4112 Tunc
2209 4060 2414 4119 solidos
2439 4081 2696 4125 sueveras
2719 4088 2932 4132 sumere
2959 4083 3124 4138 corde
3152 4084 3326 4142 cibos.

1946 4145 2129 4204 Fortia
2157 4150 2225 4206 de
2248 4155 2400 4224 gazis
2425 4167 2671 4216 veterum
2705 4173 2761 4218 et
2791 4177 2979 4236 potare
3006 4171 3269 4244 Falerna;

2017 4238 2278 4300 Sensibus
2303 4255 2360 4301 et
2388 4246 2607 4307 fuerant
2638 4257 2820 4323 pervia
2858 4271 3052 4316 cuncta
3083 4267 3212 4322 tuis.

1941 4329 2214 4403 Quidquid
2244 4337 2313 4392 ab
2344 4341 2568 4410 antiquo
2595 4343 2922 4404 invenerunt
2952 4361 3197 4423 tempore
3226 4357 3440 4430 Patres,

2011 4423 2200 4482 Nobile
2229 4440 2425 4487 cuncta
2463 4435 2560 4490 tibi
2589 4429 2858 4505 pandit'et
2894 4444 3168 4516 ingenium
3195 4469 3210 4504 :

1867 4536 1911 4594 υ
1936 4513 2013 4570 Λα
2037 4517 2218 4573 divina
2249 4523 2355 4578 tuis
2389 4527 2563 4594 patuit
2591 4527 2874 4602 Scriptura
2903 4513 3154 4608 loquelis.

2003 4606 2235 4666 Edibus
2266 4613 2320 4668 in
2349 4619 2523 4675 sacris
2557 4621 2684 4676 dum
2715 4632 2806 4678 tua
2847 4642 2950 4683 vox
2983 4641 3218 4688 resonat.

1931 4697 2070 4766 Quid
2109 4711 2198 4757 tua
2231 4720 2374 4762 nunc
2403 4725 2696 4770 memorem
2725 4717 3050 4777 scholastica
3082 4729 3324 4785 carmina
3357 4733 3521 4802 vatis,

1999 4789 2102 4857 Qui
2131 4807 2359 4853 cunctos
2393 4810 2614 4869 poteras
2647 4815 2702 4861 tu
2737 4823 2998 4879 superare
3025 4829 3204 4872 senes.

1927 4879 2150 4941 Viscera
2183 4894 2296 4943 tota
2325 4890 2420 4946 tibi
2449 4896 2789 4964 cecinerunt,
2815 4910 2981 4972 atque
3013 4907 3226 4976 capilli;

1991 4972 2148 5030 Nunc
2179 4985 2268 5034 tua
2297 4979 2479 5052 lingua
2508 4991 2684 5056 tacet;
2712 5004 2811 5046 cur
2841 4999 2932 5072 tua
2972 4972 3152 5068 lingua

1918 5124 2096 5220 bellp,
2129 5129 2196 5185 ad
2223 5131 2388 5220 fidem
2424 5128 2701 5220 conversis
2739 5141 3112 5220 ‘istahintelligi
3161 5151 3274 5208 vult
3295 5194 3308 5218 ,
3361 5156 3506 5214 nulla

1917 5199 2133 5265 quidem
2169 5203 2656 5287 adductainratione
2680 5252 2694 5275 ,
2733 5213 2811 5287 (il.
2845 5199 3113 5273 Catelingt
3144 5199 3326 5278 inﬁdis.

235 5235 504 5328 cedentes,
539 5243 830 5328 separatim
851 5245 1096 5328 dedimus
1117 5235 1452 5328 supralmui.

233 5305 325 5387 ubi
355 5307 540 5387 videas
569 5305 806 5387 nostram
831 5305 1252 5387 adnotationem.
1273 5321 1561 5382 Pertinere
1587 5346 1714 5385 vero
1735 5305 1813 5387 vi:

229 5376 496 5472 gemma-tl)
525 5396 727 5472 annum
751 5385 850 5472 7_8l
878 5391 1212 5472 q-u‘o‘scholte
1242 5376 1813 5472 Palatinis-praefectus

1914 5274 2586 5368 veroquamsimilli‘mum
2611 5274 2713 5364 est,
2737 5284 3022 5368 Alcuinum
3048 5292 3115 5346 ad

1915 5338 2108 5426 minent:
2145 5341 2380 5426 Cotltim,
2417 5338 2712 5426 Saracenis
2746 5360 3117 5425 conterminae,
3138 5338 3268 5419 Etra
3305 5338 3501 5426 Carolo

2603 5406 2607 5407 ν
2689 5406 2701 5408 -
3149 5406 3202 5418 ν.
3239 5406 3268 5419 ..
3306 5406 3497 5426 νων...

1912 5406 2105 5500 Μξιεηᾳ
2136 5406 2686 5500 ςΙενίριωξδω-ἰρείεδε,
2716 5436 2881 5498 atque
2903 5445 2998 5485 eos
3020 5431 3282 5493 adversus
3314 5439 3497 5500 hostes

1909 5479 2011 5532 sibi
2044 5482 2254 5540 vicinos
2284 5479 2575 5546 animasse.

1983 5551 2008 5645 ξ
2047 5550 2145 5645 his.
2177 5552 2313 5645 Sal”
2343 5557 2638 5645 Genslbona
2674 5565 2965 5626 Gothorum
2999 5589 3223 5645 semper.

1977 5620 2002 5699 ἑξ
2035 5622 2143 5699 ξιξ.
2179 5620 2313 5686 Sal.,
2335 5632 2638 5699 pra‘claras.

1983 5693 1996 5731 ί
2032 5693 2199 5759 Edit.,
2222 5693 2431 5753 tribuet.

1977 5759 1989 5810 ἐ
2031 5763 2195 5865 lj'qrtle
2217 5769 2764 5865 οξὶρεξμψηληξηίυς
2785 5781 3056 5842 infelicem
3091 5785 3292 5861 lapsum
3325 5791 3471 5865 luget

1904 5833 1954 5887 in
1980 5836 2220 5907 epistolis
2240 5839 2364 5911 suo,
2392 5843 2516 5915 207,
2541 5833 2665 5904 ξοδ.
