4106 6474
504 334 614 393 803

1142 452 1463 511 CCLXXI'V.

1074 545 1330 617 .‘Em’gma
1359 546 1526 599 aliud.

503 639 792 712 Presbyter
818 641 1031 711 integro
1057 641 1352 695 celebravit
1380 641 1599 695 nomine
1619 650 1646 679 α
1675 640 1918 693 missam.

502 733 705 787 Littera
740 733 982 799 tollatur,
1013 741 1235 804 prmstat
1261 734 1505 788 convivia
1531 732 1753 787 Pascha:
1775 733 1825 781 ιι.

499 827 679 898 Atque
703 828 951 883 minister
977 830 1112 897 erit,
1141 828 1359 881 tollatur
1384 827 1565 888 tertia,
1598 840 1799 879 mensa:
1825 836 1871 876 ο.

499 918 814 988 Quartaque
842 919 1082 984 tollatur,
1114 921 1304 974 miscet
1330 918 1469 973 mala
1502 919 1664 972 verba
1699 917 1924 972 venenis
1946 916 1994 968 ἀν.

502 1013 614 1068 Fur
639 1017 771 1074 erit,
805 1014 1034 1068 addatur
1062 1015 1322 1067 extremis
1352 1013 1524 1082 primu
1552 1012 1762 1065 duahus
1790 1024 1832 1063 ε.

501 1104 683 1160 Tertia
715 1120 837 1159 eum
869 1106 1045 1175 prima
1069 1105 1288 1159 tollatur
1318 1104 1517 1169 littera,
1547 1104 1774 1157 mirum!

500 1194 783 1265 Decrepita
814 1195 833 1234 τ
864 1197 1104 1250 accurrit
1134 1196 1259 1250 nixa
1290 1195 1509 1249 dolrada
1538 1196 1562 1233 ε
1588 1210 1685 1265 per
1709 1194 1872 1249 aedes.

1141 1309 1440 1366 CCLXXV.

1048 1380 1209 1436 Aliud
1235 1383 1461 1451 a'nigma
1483 1382 1533 1438 δ.

497 1473 604 1539 Tu,
628 1474 719 1544 qui
749 1473 933 1544 pergis
963 1475 1065 1528 iter
1084 1488 1190 1543 per
1222 1488 1377 1528 sacra
1411 1473 1632 1543 palatia,
1660 1472 1856 1534 lector,

498 1565 619 1631 Dic,
649 1567 756 1620 duo
778 1580 899 1635 qua:
927 1573 1179 1619 moveant
1209 1573 1350 1618 totas
1382 1565 1745 1635 monosyllaba
1775 1564 1931 1618 lites?

501 1659 619 1725 Dic,
646 1660 752 1714 duo
776 1674 895 1728 quae
917 1666 1159 1713 sanctam
1194 1664 1445 1726 rumpant
1466 1658 1782 1727 pronomina
1810 1654 2035 1726 pacem?

497 1754 616 1818 Dic,
645 1754 750 1807 duo
773 1767 893 1823 qua:
922 1751 1121 1807 faciant
1145 1752 1465 1821 pronomina
1495 1752 1711 1805 nomina
1737 1750 1981 1804 cunctis?

497 1843 689 1899 Omnia
715 1845 800 1899 die
822 1858 941 1913 qua:
966 1850 1093 1897 sunt
1120 1844 1295 1905 verbi,
1326 1859 1445 1911 qua:
1476 1843 1681 1912 syllaba
1711 1841 1909 1912 ﬁltgt‘l?

494 1934 741 2003 Qualiter
764 1946 816 1988 et
846 1938 862 1977 ί
895 1944 1072 1990 tecum
1099 1935 1364 2004 loquitur,
1393 1936 1483 2003 qui
1517 1950 1620 1988 non
1650 1933 1751 1987 fuit
1776 1935 2050 2003 unquam?

496 2025 624 2083 Haec
648 2027 786 2098 lege,
809 2026 958 2082 solve
978 2028 1107 2091 cito,
1130 2035 1225 2080 aut
1251 2034 1466 2081 tam-um
1492 2025 1739 2095 pet-solve
1767 2034 1939 2095 poeta:
1964 2022 2010 2077 i.

1126 2140 1449 2196 CCLXX“.

1108 2232 1188 2286 De
1217 2231 1464 2286 luscinia.

491 2324 625 2396 Qua:
653 2334 708 2383 te
736 2325 1039 2382 detraxeris
1060 2325 1087 2365 ιι
1117 2324 1346 2380 luscinia
1376 2323 1572 2389 ruscis,

564 2415 659 2472 Illa
690 2432 826 2472 mea:
850 2414 1031 2471 fuerat
1052 2415 1233 2470 invida
1259 2416 1478 2469 lzetitiae.

494 2506 577 2562 Tu
606 2522 726 2563 mea
741 2506 1037 2563 dulcisonis
1064 2506 1299 2577 implesti
1327 2514 1543 2575 pectora
1570 2506 1758 2567 musis,

562 2602 737 2671 Atque
765 2599 1007 2654 animum
1041 2606 1294 2654 mmstum
1318 2612 1561 2652 carmine
1588 2596 1863 2651 mellitluo.

489 2693 833 2764 Quapropter
868 2692 1086 2746 veniant
1115 2690 1393 2745 volucrum
1421 2690 1579 2744 simul
1611 2689 1851 2758 undique
1883 2696 2081 2748 coetus.

560 2783 815 2839 Carmine
843 2790 895 2835 te
922 2797 1132 2838 mecum
1165 2782 1422 2851 plangere
1446 2780 1646 2834 Pierio.

491 2875 685 2947 Spreta
719 2873 919 2939 colore,
953 2882 1134 2930 tamen
1165 2872 1346 2927 fueras
1380 2890 1486 2928 non
1521 2881 1703 2943 spreta
1734 2873 2003 2939 canendo,

563 2967 694 3023 Lata
717 2966 820 3022 sub
842 2978 1075 3037 angusto
1096 2975 1315 3038 pectore
1344 2965 1360 3005 ι
1392 2982 1497 3021 vox
1522 2969 1724 3022 sonuit.

489 3059 656 3115 Dulce
684 3058 854 3114 melos
881 3059 1086 3113 iterans
1108 3059 1258 3112 vario
1284 3057 1646 3113 modulamine
1668 3072 1855 3123 musae,

560 3151 736 3221 Atque
757 3150 1069 3205 Creatorem
1095 3164 1311 3220 semper
1329 3150 1385 3206 in
1414 3164 1511 3204 ore
1540 3164 1762 3204 canens.

489 3242 751 3299 Noctibus
779 3243 831 3297 in
860 3241 1033 3297 furvis
1055 3258 1320 3313 nusquam
1350 3243 1583 3297 cessavit
1610 3245 1679 3297 ab
1712 3243 1833 3297 odis

563 3338 677 3393 Vox
708 3336 1015 3391 venerantia
1039 3337 1234 3401 sacris,
1264 3352 1297 3390 ο
1326 3338 1491 3392 decus
1515 3346 1679 3408 atque
1707 3337 1898 3394 decor!

492 3427 634 3497 Quid
661 3428 884 3493 mirum,
912 3425 1219 3493 cherubim,
1244 3429 1517 3498 serapbfm
1548 3429 1593 3483 si
1619 3444 1752 3484 voce
1775 3428 2079 3484 Tonantem

562 3521 828 3591 Perpetua
858 3518 1098 3583 laudent,
1124 3520 1249 3575 dum
1279 3530 1368 3573 tua
1405 3522 1485 3575 sic
1513 3521 1722 3590 potuit?

490 3610 642 3668 Felix
668 3628 702 3667 ο
736 3612 984 3676 nimium,
1013 3612 1299 3669 Dominum
1327 3623 1592 3684 nocteque
1615 3616 1811 3687 dieque

560 3703 663 3771 Qui
690 3703 869 3757 studio
898 3703 991 3757 tali
1023 3719 1237 3775 semper
1261 3704 1315 3758 in
1343 3721 1437 3760 ore
1461 3706 1639 3761 canit!

489 3795 608 3852 Non
627 3796 780 3853 cibus
803 3804 967 3867 atque
995 3807 1155 3869 potus
1178 3799 1426 3870 (somnus
1450 3798 1511 3870 ΙΙι)
1537 3799 1715 3856 fuerat
1742 3801 1841 3857 tibi
1871 3801 2083 3859 dulcior

1912 3894 2077 3968 lodiS.

558 3979 798 4037 Alterius
824 3981 1104 4036 volucrum
1131 3997 1233 4037 nec
1267 3982 1467 4037 sociale
1488 3983 1700 4053 jugum.

490 4071 607 4130 Hoc
630 4082 821 4129 natura
849 4074 1029 4139 dedit,
1060 4084 1268 4129 natura:
1292 4084 1347 4129 et
1375 4074 1637 4130 Conditor
1668 4077 1865 4132 almus.

561 4165 734 4235 Quem
761 4176 819 4223 tu
842 4167 1072 4222 laudasti
1102 4166 1327 4221 vocibus
1354 4168 1589 4223 assiduis
1615 4187 1626 4221 :

492 4253 566 4316 Ut
588 4271 690 4311 nos
710 4256 1010 4313 instrueres
1030 4267 1058 4294 ιι
1085 4256 1211 4311 vino
1237 4271 1533 4327 somnoque
1564 4259 1825 4327 sepultos,

563 4344 936 4418 Somnigeram
967 4347 1164 4402 mentis
1190 4361 1441 4416 rumpere
1467 4348 1785 4419 segnitiem;

490 4439 646 4509 Quod
672 4450 728 4494 tu
750 4439 946 4503 fecisti,
973 4440 1201 4496 rationis
1222 4449 1278 4496 et
1303 4440 1472 4494 inscia
1504 4456 1717 4505 sensus,

559 4530 739 4586 Indice
765 4537 956 4585 natura
984 4530 1248 4586 nobiliore
1278 4531 1411 4584 satis
1437 4548 1449 4583 :

491 4621 753 4680 Sensibus
773 4621 876 4676 hoc
897 4634 1105 4685 omnes,
1134 4636 1326 4690 magna
1350 4630 1399 4672 et
1426 4620 1636 4675 ratione
1670 4622 1914 4693 vigentes

558 4713 867 4771 Gessith
894 4712 1109 4782 aliquod
1139 4722 1349 4783 tempus
1381 4712 1435 4766 in
1459 4727 1555 4767 ore
1589 4716 1714 4769 suo!
1787 4721 1796 4729 '

562 4909 587 4936 ει
627 4895 869 4967 Magnus.

564 4967 594 5006 δ
629 4967 833 5038 ﬁAgnus.

564 5048 588 5075 ε
630 5036 839 5092 manus.

563 5106 588 5146 δ
629 5106 834 5177 Magos.

566 5189 591 5218 ο
632 5176 767 5232 Mus.

568 5247 588 5283 τ
634 5247 794 5304 Edit..
823 5244 1074 5314 Darepita
1103 5262 1257 5299 anus.

568 5320 593 5358 ⁸
631 5316 719 5380 F.,
746 5317 988 5371 dolabra.

561 5390 589 5429 ιι
632 5386 784 5453 Quod
805 5386 1118 5455 solvendum
1148 5386 1270 5440 aliis
1307 5386 1680 5455 relinquimus.

569 5460 586 5499 ί
633 5458 801 5522 Εόίι..
832 5454 1075 5521 Qualitaa
1101 5466 1179 5511 ut.

565 5539 581 5580 ι
631 5528 799 5592 Edit.,
834 5526 1027 5580 Portte.

564 5600 592 5670 ξ
630 5598 755 5670 Ms,
780 5614 897 5669 qua:
926 5606 973 5649 te
995 5596 1179 5650 dextra
1206 5598 1333 5651 mihi
1358 5602 1551 5670 rapuit.

569 5668 587 5713 ι
630 5669 754 5732 Ms.,
782 5668 1004 5738 angusto
1030 5677 1258 5737 gutture.

562 5753 604 5784 ιι
644 5741 758 5797 Vox
785 5755 997 5794 somnus
1027 5738 1312 5793 redundat.

563 5822 593 5853 ³
631 5810 794 5873 ΕξΙίιη
822 5809 1216 5864 inlustrarunt.

1338 338 1397 393 Β.
1440 337 1500 392 F.
1543 334 1769 391 A113le
1810 333 1943 391 SE13
1983 329 2261 388 ALCUlNl
2296 329 2583 387 OPERUM
2620 330 2800 387 PARS
2844 330 2920 388 VL

3678 322 3786 379 8οι

2120 454 2166 504 Δ
2198 443 2429 500 Maxima
2464 446 2703 501 laudanti
2736 462 2946 501 merces
2976 445 3030 500 in
3061 445 3219 501 satcla
3250 444 3491 499 manebit

2265 536 2556 592 Aiternum
2589 553 2771 609 regem
2797 552 2993 608 perpes
3029 538 3083 591 in
3112 550 3240 593 arce
3267 535 3397 607 poli.

2820 652 3166 709 CCLXXVII.

2788 751 2815 780 °
2839 742 2920 798 De
2946 742 3168 799 Cuculo.

2186 834 2519 906 Plangamus
2549 835 2824 899 cuculum,
2853 835 3100 906 Daphnin
3150 836 3484 901 dulcissime,
3507 844 3784 899 nostrum,

2263 931 2434 998 Quem
2466 934 2646 987 subito
2670 933 2850 1002 rapuit
2879 948 3021 987 saeva
3049 947 3279 987 noverca
3306 931 3439 988 suis.

2109 1013 2113 1016 ⁴
2191 1024 2518 1097 Plangam‘us
2546 1028 2751 1096 pariter
2773 1027 3073 1096 querelosis
3099 1028 3326 1081 vocibus
3354 1025 3500 1079 illum
3519 1066 3534 1088 ,

2260 1118 2443 1188 Incipe
2469 1127 2525 1172 tu
2548 1121 2752 1185 senior,
2782 1135 2984 1189 quaeso,
3016 1119 3253 1175 Menalca
3277 1120 3443 1189 prior.

2191 1209 2336 1267 Heu!
2369 1209 2595 1266 cuculus
2624 1211 2781 1266 nobis
2812 1210 2993 1266 fuerat
3014 1219 3238 1266 cantare
3265 1218 3472 1275 suetus.

2261 1302 2392 1369 Quae
2419 1310 2472 1357 te
2501 1318 2646 1357 nunc
2671 1303 2851 1373 rapuit
2878 1303 3018 1358 hora
3050 1301 3281 1358 nefanda
3310 1303 3452 1357 tuis?

2186 1394 2335 1451 Heu!
2363 1396 2607 1461 cuculus,
2638 1397 2885 1462 cuculus,
2917 1414 3021 1466 qua
3057 1407 3110 1451 te
3135 1399 3353 1468 regione
3385 1397 3602 1466 reliqui,

2257 1487 2454 1541 Infelix
2485 1488 2640 1543 nobis
2664 1489 2750 1543 illa
2780 1490 2897 1545 dies
2925 1487 3102 1544 fuerat
3130 1507 3143 1543 :

2191 1579 2361 1636 Omne
2385 1596 2556 1652 genus
2576 1582 2855 1637 hominum
2880 1582 3131 1638 cuculum
3164 1597 3287 1637 cum
3314 1581 3531 1653 plangat
3559 1581 3786 1652 ubique,

2232 1675 2515 1730 ‘Perditus
2541 1685 2655 1740 est;
2683 1675 2925 1742 cuculus,
2954 1677 3089 1730 heu!
3127 1676 3269 1745 perit
3292 1690 3420 1730 ecce
3457 1677 3639 1730 meus!

2119 1808 2163 1866 Β
2191 1768 2307 1823 Non
2338 1779 2527 1840 pereat
2553 1769 2797 1834 cuculus,
2829 1770 3013 1824 veniet
3041 1768 3141 1823 sub
3169 1777 3412 1840 tempore
3441 1768 3607 1832 veris,

2260 1862 2330 1916 Et
2354 1864 2511 1918 nobis
2538 1862 2763 1917 veniens
2784 1864 3024 1917 carmina
3053 1861 3175 1917 lieta
3207 1862 3333 1916 ciet.

2189 1955 2323 2022 Quis
2351 1956 2475 2021 scit,
2507 1956 2552 2010 si
2577 1957 2793 2011 veniat?
2821 1955 3012 2011 Timeo
3032 1965 3117 2011 est
3141 1956 3458 2011 submersus
3486 1956 3538 2011 in
3566 1955 3749 2018 undis,

2260 2049 2569 2106 Vorticibus
2593 2060 2802 2120 raptus,
2833 2059 2997 2121 atque
3027 2059 3252 2106 necatus
3274 2051 3451 2121 aquis.

2190 2140 2304 2195 llcu
2330 2141 2494 2196 mihi!
2520 2142 2565 2196 si
2594 2142 2846 2196 cuculum
2872 2143 3118 2198 Bacchus
3145 2143 3408 2198 demersit
3434 2142 3488 2199 in
3515 2143 3677 2197 undis

2258 2232 2359 2300 Qui
2392 2233 2565 2304 rapiet
2582 2233 2813 2302 juvenes
2839 2236 3045 2290 vortice
3074 2234 3354 2305 pestifero.

2185 2327 2353 2397 238
2378 2326 2436 2381 Si
2466 2328 2627 2391 vivat,
2661 2328 2883 2393 redeat,
2922 2329 3187 2397 nidosque
3216 2336 3466 2385 recurrat
3493 2327 3561 2382 ad
3589 2327 3782 2390 almus.

2256 2416 2368 2474 Nec
2396 2433 2591 2473 corvus
2614 2419 2865 2473 cuculum
2890 2420 3125 2474 dissecet
3151 2414 3329 2489 ungue
3359 2418 3493 2473 fero.

2184 2508 2332 2565 Heu!
2361 2510 2484 2579 quis
2515 2518 2587 2570 te.
2615 2511 2859 2576 cuculus,
2889 2511 3017 2564 nido
3044 2510 3189 2582 rapit
3211 2526 3339 2565 ecce
3374 2512 3638 2579 paterno?

2258 2602 2405 2658 Heu!
2441 2604 2641 2673 rapuit,
2678 2604 2877 2674 rapuit,
2912 2604 3096 2658 nescio
3118 2605 3165 2658 si
3194 2603 3394 2659 veniat.

2185 2694 2443 2749 Carmina
2470 2694 2517 2749 si
2548 2710 2732 2760 curas,
2757 2696 3003 2759 cuculus,
3027 2696 3155 2750 dum
3186 2711 3409 2751 currere
3439 2696 3635 2764 passis.

2259 2791 2335 2846 Te
2360 2791 2606 2860 Daphnin
2630 2788 2849 2858 juvenis
2874 2801 3027 2860 optat
3054 2793 3256 2846 habere
3287 2800 3430 2845 tuus.

2188 2882 2425 2955 Tempus
2447 2884 2599 2938 adest
2629 2886 2796 2950 veris,
2827 2885 3069 2949 cuculus,
3103 2901 3190 2937 mo
3212 2885 3262 2939 lo
3288 2900 3476 2955 rumpe
3505 2898 3777 2953 soporem,

2257 2973 2335 3029 Te
2361 2975 2510 3045 cupit
2536 2983 2591 3029 et
2618 2975 2801 3030 senior
2828 2984 2990 3045 atque
3023 2975 3260 3031 Menalca
3290 2984 3460 3046 pater.

2187 3065 2265 3119 En
2301 3066 2516 3121 tandem
2542 3078 2569 3116 P
2598 3067 2767 3121 nostri
2795 3067 3060 3121 librorum
3094 3077 3244 3139 prata
3272 3066 3513 3137 juvenci,

2100 3169 2154 3237 ο
2259 3156 2415 3212 Solus
2444 3158 2600 3213 abest
2622 3159 2866 3224 cuculus,
2900 3160 3042 3229 quis,
3073 3174 3225 3230 rogo,
3259 3160 3433 3229 pascit
3461 3158 3623 3213 eum?

2186 3246 2330 3303 lleu!
2366 3248 2507 3304 male
2532 3250 2708 3319 pascit
2734 3265 2858 3303 eum
2888 3250 3153 3315 Bacchus,
3196 3266 3340 3315 reor,
3369 3251 3569 3319 impius
3596 3249 3705 3314 ille,

2253 3338 2358 3406 Qui
2398 3340 2499 3394 sub
2525 3348 2719 3394 cuncta
2754 3341 2903 3409 cupit
2928 3349 3141 3397 vertere
3169 3340 3332 3396 corda
3364 3341 3520 3396 male.

2182 3430 2429 3503 Plangite
2483 3448 2627 3487 nunc
2683 3433 2975 3499 cuculum,
3032 3435 3284 3490 cuculum
3338 3452 3482 3492 nunc
3538 3436 3778 3507 plangite

3459 3526 3663 3600 [cuncti
3684 3571 3701 3592 ,

2253 3611 2346 3668 llle
2381 3614 2608 3669 recessit
2634 3630 2825 3680 ovans,
2859 3612 2995 3671 flens
3022 3619 3162 3671 redit
3190 3616 3281 3671 ille
3309 3628 3459 3689 puto.

2180 3703 2320 3775 Opto
2351 3716 2529 3761 tamen
2555 3706 2772 3763 flentem
2802 3708 3051 3763 cuculum
3086 3709 3381 3766 habeamus
3411 3720 3469 3766 ut
3496 3710 3670 3778 illum,

2253 3796 2321 3851 Et
2348 3812 2446 3853 nos
2476 3797 2794 3870 plangamus
2820 3816 2940 3853 cum
2969 3800 3162 3855 cuculo
3188 3801 3413 3870 pariter.

2182 3886 2384 3959 Plange
2416 3898 2537 3944 tuos
2566 3906 2726 3945 casus
2755 3889 3032 3962 lacrymis,
3062 3908 3197 3962 puer
3220 3893 3439 3965 inclyte,
3469 3895 3701 3967 plunge:

2254 3980 2321 4035 Et
2346 3996 2507 4035 casus
2536 3982 2799 4053 plangunt
2820 3983 3032 4037 viscera
3060 3992 3171 4037 tota
3202 3992 3342 4038 tuos.

2184 4072 2242 4126 Si
2270 4088 2376 4128 non
2407 4074 2542 4128 dura
2569 4075 2706 4128 silex
2742 4075 2926 4143 genuit
2962 4083 3034 4137 te,
3062 4076 3273 4146 plunge,
3305 4091 3615 4147 precamur,

2254 4164 2331 4219 Te
2361 4180 2671 4220 memorans
2703 4166 2877 4236 ipsum
2912 4165 3164 4236 plangere
3190 4165 3327 4221 forte
3356 4175 3530 4237 potes.

2184 4256 2368 4311 Dulcis
2388 4272 2543 4312 amor
2570 4259 2682 4311 nati
2707 4258 2851 4329 cogit
2881 4257 3077 4312 deﬂere
3102 4268 3381 4328 parentem
3398 4301 3414 4323 ,

2256 4339 2428 4405 Natus.
2448 4350 2517 4404 ab
2538 4349 2789 4419 amplexu
2817 4351 2942 4405 dum
2973 4351 3184 4421 rapitur
3210 4353 3407 4406 subito.

2184 4444 2321 4499 Dum
2347 4442 2517 4499 frater
2545 4441 2769 4496 fratrem
2797 4458 3115 4511 germanum
3148 4442 3326 4512 perdit
3348 4452 3608 4509 amatum,

2102 4534 2157 4596 Ι)
2248 4537 2391 4606 Quid
2424 4536 2525 4591 nisi
2548 4535 2659 4604 jam
2688 4534 2851 4589 faciat
2877 4552 3091 4605 semper
3117 4542 3168 4588 ct
3198 4536 3310 4603 ipse
3338 4534 3497 4590 ﬂeat?

2178 4629 2314 4685 Tres
2340 4629 2467 4684 olim
2498 4628 2720 4693 fuimus,
2749 4628 2925 4698 junxit
2956 4644 3094 4699 quos
3116 4629 3339 4697 spiritus
3362 4645 3521 4695 unus,

2248 4722 2351 4776 Vix
2376 4722 2482 4776 duo
2510 4736 2653 4775 nunc
2682 4719 2909 4788 pariter.
2939 4720 3133 4774 tertius
3159 4720 3244 4774 ille
3272 4719 3422 4793 fugit.

2250 4904 2277 4931 ο
2311 4895 2423 4951 Hos
2452 4910 2642 4949 versus
2689 4893 3032 4951 Mabillonius
3058 4896 3202 4951 eruit
3226 4913 3293 4951 ex
3323 4897 3511 4953 codice
3541 4912 3644 4953 ms.
3678 4896 3764 4953 El-

2176 4968 2402 5022 nonensi
2432 4966 2905 5039 ianelgio,au1_ue
2934 4967 3103 5039 edidit
3123 4969 3175 5022 in
3204 4968 3479 5039 Analectis
3503 4984 3624 5039 pag.
3657 4968 3764 5039 £09

2178 5053 2331 5092 novae
2374 5038 2651 5101 editionis,
2692 5037 2781 5092 ubi
2826 5037 2941 5091 haec
2968 5037 3280 5092 adnotavit:
3321 5058 3339 5089 ‹
3367 5037 3621 5103 (Iuratus,
3651 5037 3765 5092 Me-

2177 5107 2352 5171 nalca,
2380 5108 2628 5180 Daphnin
2668 5121 2761 5162 seu
2801 5105 3038 5178 Daphnis
3068 5110 3282 5180 nomina
3330 5117 3455 5163 sunt
3481 5111 3761 5180 supposita

2176 5194 2274 5250 pro
2295 5178 2471 5242 veris,
2486 5178 2666 5247 qualia
2692 5179 2758 5250 de
2777 5192 2930 5250 more
2953 5187 3175 5248 usurpat
3195 5178 3485 5245 Alcniuus;
3511 5178 3568 5234 et
3586 5178 3762 5237 Theo—

2175 5248 2409 5319 dulphus
2426 5250 2712 5320 episcopus
2734 5248 3159 5313 Aurelianensis,
3176 5251 3267 5319 qui
3292 5252 3344 5306 in
3367 5252 3459 5306 lib.
3478 5268 3534 5306 ιιι
3549 5293 3562 5315 ,
3584 5266 3756 5307 carm.

2174 5320 2228 5385 3,
2250 5320 2548 5393 Menalcam
2574 5331 2787 5393 poetam
2804 5320 3014 5393 laudat;
3040 5329 3287 5393 etcarm.
3312 5322 3343 5393 ﬁt
3364 5323 3537 5393 regia:
3560 5337 3762 5377 mensas

2173 5390 2457 5460 praefuisse
2484 5389 2679 5445 innuit.
2711 5389 2945 5460 Daphnis
2980 5391 3276 5460 discipulus
3302 5392 3404 5446 fuit
3439 5389 3685 5450 llcuini.
3715 5395 3761 5449 is

2172 5462 2405 5534 cuiipse
2428 5462 2820 5534 expositionem
2851 5460 2903 5514 in
2933 5462 3255 5534 versLCant.
3278 5462 3433 5534 Cant.
3472 5461 3759 5534 Sexaginta

2175 5530 2387 5602 regium,
2418 5540 2547 5595 etc.,
2575 5531 2865 5602 dedicavit.
2892 5551 2910 5581 ι
2949 5531 3024 5586 De
3050 5532 3253 5587 Cucula
3292 5533 3425 5588 nihil
3464 5530 3761 5588 aliud'suc-

2173 5601 2363 5674 currit,
2393 5603 2496 5657 nisi
2524 5603 2665 5671 quod
2688 5601 2941 5674 existimo
2966 5615 3089 5656 eum
3116 5618 3237 5660 esse
3260 5605 3428 5659 lilium
3450 5604 3755 5674 prodigum,

2173 5674 2328 5747 cujus
2354 5673 2822 5747 nitemperantiam
2850 5683 2903 5727 et
2931 5687 3118 5728 casum
3140 5676 3305 5729 etiam
3334 5673 3537 5747 plangit
3562 5673 3622 5729 ’πῖ
3641 5675 3729 5746 cpi

2173 5744 2328 5798 stolis
2354 5744 2441 5806 75,
2468 5743 2571 5796 207
2597 5750 2651 5797 et
2678 5743 2804 5798 “208.

2249 5824 2274 5859 ι’
2313 5812 2495 5880 Forte,
2526 5814 2758 5868 tondent.
