4106 6534
199 383 303 436 8υῦ

197 500 346 553 lleu!
377 497 564 571 fugiet,
585 468 778 573 fight,
809 502 1057 571 planctus
1081 511 1411 573 quapropter
1433 516 1650 556 amarus

267 589 422 646 Nunc
449 591 603 646 nobis
631 601 819 652 restat.
851 594 1050 648 ebarus
1079 594 1190 648 abit.
1218 593 1463 649 cuculus.

196 682 450 739 Carmina
473 693 596 755 post
622 685 776 741 illum
806 687 1108 750 mittamus,
1135 684 1382 740 carmina
1410 683 1610 746 luctus,

266 774 519 831 Carmina
546 776 821 833 deducunt
849 777 1013 841 forte,
1035 793 1181 843 reor,
1209 777 1482 833 cuculum.

199 866 292 924 Sis
313 883 530 940 semper
557 869 684 924 felix
709 871 941 936 utinam,
962 886 1291 942 quocunque
1315 871 1562 934 recedas,

269 959 358 1016 Sis
387 975 595 1016 memor
621 971 676 1016 et
706 965 900 1028 nostri,
924 978 1139 1034 semper
1165 965 1364 1036 ubique
1385 963 1532 1019 vale!

818 1054 994 1111 CCLX
1007 1057 1186 1111 XVIII.

720 1159 746 1187 ι
787 1146 864 1201 De
900 1146 1042 1219 gallo
1071 1147 1276 1218 fabula.

195 1232 351 1291 Dicta
380 1245 606 1292 vocatur
627 1238 746 1294 avis
776 1241 1000 1310 proprio
1029 1241 1353 1312 cognomine
1377 1243 1572 1313 gallus,

194 1323 425 1381 Nuntiat
451 1328 567 1383 hare
595 1329 790 1394 lucem,
823 1338 1096 1386 terrarum
1127 1334 1335 1390 decutit
1363 1335 1616 1398 umbras;

195 1416 466 1490 Tempora
491 1423 772 1484 discernit.
804 1424 1001 1482 lumbis
1028 1429 1383 1496 succingitur,
1415 1429 1582 1498 hujus

197 1510 459 1570 Subditus
485 1519 716 1587 Imperio
743 1519 1062 1592 gallinarum
1090 1522 1294 1591 regitur
1315 1538 1477 1592 grex;

195 1602 357 1660 lluuc
384 1605 609 1664 laudans
640 1609 784 1665 Deus
813 1611 1146 1667 intellectum
1179 1613 1310 1669 dicit
1333 1614 1555 1679 habere,

193 1694 407 1768 Quippe
433 1699 533 1753 sub
555 1697 791 1755 obscuro
814 1702 1034 1757 dirimat
1064 1705 1154 1774 qui
1184 1712 1425 1775 tempora
1453 1707 1630 1777 peplo.

193 1785 339 1844 Proh
371 1788 553 1845 dolor!
585 1791 728 1847 hunc
759 1792 914 1864 longe
947 1806 1328 1864 properantem
1360 1805 1510 1867 septa
1539 1798 1750 1854 viarum

191 1878 489 1936 Arctarant
516 1883 815 1952 quondam,
844 1884 970 1937 dum
1004 1893 1174 1939 teut-it
1205 1888 1404 1956 pabula
1437 1898 1615 1942 rostro
1641 1907 1655 1942 :

193 1969 340 2041 Ergo
369 1971 522 2026 cibos
547 1972 695 2029 salus
716 1974 844 2026 dum
876 1991 1126 2042 qumrens
1154 1988 1398 2047 compa-ta
1429 1979 1646 2044 lustrat,

194 2061 312 2116 Ileu
351 2061 591 2130 iactans,
623 2066 905 2136 audaxque
935 2067 1116 2129 nimis,
1152 2069 1485 2139 multumque
1525 2071 1791 2140 superbus

191 2155 490 2211 Insidiante
517 2155 643 2227 lupo
670 2159 970 2228 excipitur;
1001 2175 1108 2229 quo
1135 2161 1373 2230 pondere
1401 2177 1624 2232 pressus

192 2245 454 2306 Protinus
479 2251 619 2305 hanc
644 2253 906 2308 evadendi
932 2253 1036 2308 sibi
1063 2256 1303 2326 repperit
1329 2264 1503 2310 artem
1530 2277 1542 2311 :

193 2340 354 2413 Stepe
379 2333 537 2400 meas
556 2352 644 2400 tua
686 2344 849 2412 fama,
887 2348 1010 2419 lupe
1040 2348 1337 2419 prtefortis,
1360 2352 1428 2405 ad
1455 2365 1616 2407 aures

191 2433 378 2498 Venit.
408 2443 464 2490 et
491 2435 675 2507 ignoto
702 2439 912 2494 monuit
937 2457 1181 2508 rumore,
1209 2443 1351 2510 quod
1382 2444 1548 2499 altum

191 2523 315 2579 Vox
345 2523 441 2579 tibi
474 2541 665 2594 magna
693 2543 882 2583 sonum
914 2529 1079 2587 claris
1104 2533 1459 2589 concentibus
1488 2536 1646 2600 edat;

190 2614 309 2671 Nec
339 2625 548 2671 tantum
573 2618 732 2674 doleo
756 2621 932 2677 inviso
960 2625 1104 2692 quod
1134 2625 1368 2680 devoror
1387 2643 1506 2692 ore,

191 2703 471 2770 Quantum
498 2708 643 2776 quod
671 2706 891 2764 fraudor
913 2711 1075 2767 liccat
1101 2730 1165 2769 ne
1189 2715 1398 2771 discere
1426 2719 1492 2771 de
1520 2726 1572 2772 te

190 2800 433 2859 Credere
459 2807 602 2875 quod
631 2806 802 2864 licuit.
827 2809 993 2881 Cujus
1019 2811 1132 2868 fera
1159 2815 1376 2870 credula
1408 2819 1574 2879 vocis.

190 2891 515 2964 Oblataaque
542 2897 698 2968 lupus
732 2899 910 2958 laudis
940 2905 1267 2961 tumefactus
1294 2924 1502 2972 amore,

191 2981 466 3040 lnfernale
493 2989 672 3058 aperit
697 2999 902 3061 guttur,
930 2993 1226 3067 faucesque
1260 3015 1488 3056 voraces

191 3073 415 3131 Pandit.
439 3087 493 3132 et
521 3077 799 3137 immensa:
832 3099 1037 3141 reserat
1064 3089 1342 3157 penetrale
1370 3105 1620 3148 caverna:
1646 3112 1661 3150 :

192 3164 308 3220 Sed
335 3170 480 3222 celer
508 3169 738 3240 eripitur
763 3173 899 3230 lucis
926 3179 1266 3246 prgeuuutius
1289 3181 1422 3245 ales,

194 3257 279 3314 Ac
301 3253 442 3314 saltu
464 3262 679 3319 volatet
708 3281 861 3322 ramo
883 3269 1025 3324 citus
1045 3272 1262 3328 arboris
1288 3274 1478 3331 hazret.

192 3347 322 3404 llo:
357 3349 521 3420 igitur
548 3351 726 3408 subita
749 3354 866 3423 jam
889 3357 1142 3414 libertate
1167 3363 1401 3432 potitus,

191 3437 569 3511 Excelsusque
596 3442 792 3498 sedens
818 3445 904 3502 his
930 3457 1124 3505 cantus
1153 3452 1378 3509 vocibus
1406 3455 1520 3510 edit
1544 3476 1559 3511 :

197 3529 479 3600 Decipitur
502 3534 718 3600 merito,
748 3535 949 3592 frustra
978 3540 1286 3611 quicunque
1313 3549 1580 3615 superbit,

192 3622 268 3676 Et
294 3623 510 3693 capitur
530 3624 680 3682 falsis
701 3630 973 3685 cariturus
1001 3632 1250 3690 laudibus
1275 3639 1436 3702 escis,

190 3713 342 3768 Ante
366 3715 518 3771 cibos
541 3733 706 3774 voces
728 3720 856 3776 dum
886 3738 1142 3794 Spargere
1166 3737 1338 3784 tentat
1365 3732 1574 3789 inanes.

193 3806 446 3877 Respicit
473 3809 590 3866 haec
621 3811 761 3876 illas,
792 3815 882 3883 qui
913 3830 1036 3870 eum
1063 3819 1172 3874 sint
1199 3821 1396 3889 fabula,
1429 3829 1571 3881 nacti

191 3894 332 3951 Jure
358 3897 550 3954 salutis
573 3915 730 3970 opu=,
759 3905 1044 3972 privantur
1071 3906 1351 3967 fraudibus
1373 3917 1512 3972 atris

194 3991 545 4049 Attendendo
567 3998 719 4050 cavis
743 3992 909 4052 falsas
939 4003 1248 4060 rumoribus
1276 4022 1459 4063 auras.

841 4091 1166 4150 CCLXXIX.

507 4174 946 4236 Commendatitia
978 4185 1260 4255 cujusdam
1283 4189 1489 4259 fratris.

192 4263 304 4331 Qui
337 4265 502 4333 legat,
527 4268 844 4337 Alcuinum,
870 4273 1036 4340 dicat,
1070 4291 1222 4348 rogo,
1249 4278 1487 4348 Christe,
1525 4292 1698 4343 tuere.

195 4357 315 4414 Vos
343 4359 536 4415 dilecta
566 4361 762 4418 cohors
787 4364 956 4432 patris
981 4382 1241 4437 generosa
1272 4377 1536 4445 propago,

190 4450 444 4517 Accipite
469 4453 614 4509 hunc
643 4453 888 4521 fratrem,
918 4457 1040 4512 misi
1067 4475 1227 4529 quem
1257 4475 1438 4521 mente
1466 4468 1718 4542 benigna.

849 4545 1150 4606 CCLXXX.

197 4632 230 4672 δ
257 4634 339 4690 De
363 4652 536 4690 rerum
561 4637 915 4711 humqnarum
956 4643 1313 4702 riciuitudine
1339 4660 1388 4704 et
1413 4651 1564 4706 clade
1590 4653 1796 4711 Lindis-

439 4732 441 4734 ·
693 4708 955 4779 {arnensis
982 4718 1308 4772 monasterii.

197 4794 502 4868 Postquam
522 4799 732 4871 primus
763 4801 926 4856 homo
950 4807 1189 4874 paradisi
1220 4807 1461 4879 liquerat.
1479 4812 1688 4881 hortos,

277 4887 344 4943 Et
371 4890 600 4946 miseras
633 4899 792 4947 terra:
828 4893 994 4949 miser
1026 4897 1212 4952 adibat
1237 4915 1402 4970 opes;

197 4980 518 5053 Essilioque
541 4983 693 5053 gravi
721 4999 911 5055 pmuas
934 5003 1058 5040 cum
1086 4988 1237 5058 prole
1265 4991 1468 5058 luebat,

275 5075 522 5131 Perfidiae
549 5077 805 5148 quoniam
835 5077 977 5133 furta
1004 5078 1123 5151 [F.,
1148 5081 1281 5154 fata]
1313 5087 1547 5157 maligna
1579 5091 1718 5159 gerit
1743 5110 1754 5144 :

271 5201 302 5261 ξ
329 5186 708 5261 carmen
736 5203 815 5261 rex
845 5191 981 5261 cod.
1017 5208 1119 5248 ms.
1167 5194 1225 5249 S.
1259 5197 1586 5256 Emmerami
1626 5203 1798 5261 edidit

197 5257 544 5339 Mabiyonius
569 5259 689 5339 vet:
717 5260 962 5339 A_ualce_t.
990 5279 1142 5318 nova:
1163 5266 1292 5319 edit.
1319 5282 1442 5339 pag.
1467 5269 1593 5326 409.

273 5329 304 5370 δ
342 5328 574 5406 Scripsit
600 5330 879 5406 _Alcuinu_s
917 5334 1033 5406 hoc
1067 5328 1506 5406 carmenprout
1549 5357 1616 5397 ex
1661 5361 1793 5402 eon—

196 5407 353 5478 textu
380 5399 659 5478 elucescit,
700 5403 770 5456 ad
810 5402 1130 5478 lligbaldum
1171 5399 1484 5478 episcopum
1511 5419 1568 5466 et
1596 5399 1796 5473 fraitres

194 5470 444 5543 ecclesia:
464 5487 530 5527 ac
553 5474 864 5529 monasterii
886 5470 1341 5533 Lindisfarnensis
1357 5470 1645 5541 occasione
1663 5470 1797 5543 dine

195 5542 373 5627 cladis
397 5558 426 5595 a
459 5542 624 5627 Panis
659 5544 1207 5627 pjtgatiis,.aunom'79§
1230 5564 1261 5602 e
1281 5550 1599 5627 germania;
1622 5542 1793 5627 Aqui?

197 5613 406 5685 lunaris
429 5613 583 5685 plaga
607 5615 661 5668 in
686 5613 1019 5670 Britanniam
1045 5617 1253 5683 ell'usis,
1280 5621 1472 5685 illatze;
1506 5642 1524 5673 ι
1547 5625 1622 5681 Illi
1647 5613 1792 5683 enim

199 5685 307 5763 hac
341 5684 466 5763 illac
510 5684 882 5763 discurrentes
923 5696 1118 5763 cuneta
1154 5701 1399 5763 vastant,
1432 5684 1671 5763 rapiunt,
1701 5712 1796 5753 aut

200 5755 521 5827 incendunt,
554 5765 718 5827 atque
743 5756 860 5812 loca
884 5773 1040 5811 saera
1072 5759 1358 5819 violantes.
1388 5755 1711 5823 sacerdotes
1739 5780 1794 5824 et

201 5825 454 5889 clericos.
475 5825 780 5897 chorosque
798 5829 1186 5884 monachorum
1214 5847 1278 5886 ac
1299 5837 1793 5896 sanctimonialium

1232 382 1566 438 CABMINA.
1607 411 1677 422 —-
1712 378 2244 444 EPIGRAMMATA,
2285 377 2442 435 ETC.

1825 505 1867 558 Α
1901 498 2005 552 Per
2030 499 2212 553 varios
2241 514 2401 552 casus
2431 496 2676 552 mortalis
2696 498 2808 552 vita
2841 497 3082 552 etieurrit
3101 537 3115 558 ,

3379 367 3489 426 δυο

1961 588 2321 660 Diversosque
2347 590 2464 644 dies
2492 591 2669 645 omnis
2697 590 2929 644 habebat
2959 598 3141 644 homo.

1890 677 2062 733 Fatali
2091 695 2254 734 cursu
2286 681 2585 734 miscentur
2615 679 2790 734 tristia
2825 680 2992 744 laetis;

1964 769 2106 826 Nulli
2142 769 2297 826 ﬁrma
2334 768 2436 825 fuit
2465 771 2646 840 regula
2675 771 2894 826 letitiai.
2926 772 2929 777 ’

1893 860 2063 917 Nemo
2094 863 2212 917 dies
2239 873 2464 918 cunctos
2495 861 2680 917 felices
2703 877 2918 932 semper
2946 863 3202 929 habebit,

1965 952 2135 1010 Nemo
2160 955 2261 1009 sibi
2293 969 2512 1024 semper
2539 955 2732 1024 gaulia
2765 967 2914 1010 certa
2941 963 3108 1010 tenet.

1893 1048 1974 1104 Nil
2007 1059 2191 1103 manet
2213 1059 2478 1110 aeternum
2510 1049 2657 1105 celso
2687 1051 2786 1105 sub
2808 1051 3029 1107 cardine
3055 1053 3204 1116 caeli.

1963 1141 2157 1196 Omnia
2186 1149 2477 1196 vertuntur
2505 1143 2838 1212 temporibus
2863 1143 3049 1198 variis.

1894 1231 2011 1286 lina
2041 1231 2158 1286 dies
2186 1232 2348 1298 ridet,
2377 1247 2538 1288 casus
2564 1248 2691 1289 cras
2719 1233 2888 1289 altera
2915 1233 3167 1306 planget,

1963 1322 2047 1376 Nil
2076 1323 2240 1378 ﬁxum
2269 1322 2432 1378 faciet
2456 1331 2660 1379 tessera
2693 1325 2815 1382 laeta
2843 1326 2960 1381 tibi.

1891 1413 2156 1483 Prospera
2181 1427 2344 1472 contu
2380 1418 2471 1470 bat
2493 1433 2611 1472 sors
2639 1419 2889 1473 tristibus
2914 1419 3074 1490 impia
3102 1415 3337 1494 semper,

1963 1509 2204 1565 Alternis
2231 1509 2441 1565 vicibus
2471 1521 2530 1566 ut
2559 1513 2698 1566 redit
2731 1515 2873 1567 unda
2908 1514 3093 1568 maris.

1892 1599 2046 1658 Nunc
2071 1603 2238 1659 micat
2259 1604 2401 1660 alma
2426 1605 2564 1671 dies,
2596 1607 2776 1661 veniet
2805 1623 2910 1662 nox
2934 1617 3050 1662 atra
3078 1609 3344 1676 tenebris,

1967 1697 2073 1751 Ver
2103 1695 2256 1754 floret
2285 1699 2516 1769 gemmis
2539 1698 2714 1754 hiems
2745 1699 2869 1755 ferit
2901 1701 3115 1772 hocque
3137 1703 3325 1759 decus.

1893 1786 2176 1843 Sidereum
2203 1789 2375 1845 stellis
2395 1791 2610 1846 culmen
2644 1792 2956 1863 depingitur
2981 1792 3160 1856 almis,

1961 1877 2111 1946 Quas
2138 1880 2309 1935 nubes
2337 1882 2554 1952 rapiunt
2575 1882 2870 1938 imbrifem
2891 1883 3094 1938 subito.

1893 1969 1961 2024 Et
1989 1969 2066 2024 sol
2099 1970 2216 2040 ipse
2237 1971 2328 2027 die
2359 1972 2536 2028 media
2562 1973 2881 2030 subducitur
2907 1975 3130 2040 ardens,

1959 2058 2097 2116 Cum
2127 2069 2278 2116 tonat
2298 2061 2490 2118 undosi
2523 2073 2706 2119 auster
2730 2065 2797 2119 de
2826 2066 3034 2122 vertice
3064 2067 3194 2136 pali.

1892 2152 2104 2221 δεηρίιιε
2131 2154 2380 2210 excelsos
2408 2153 2612 2210 feriunt
2635 2166 2695 2212 ut
2717 2157 2929 2230 fulgura
2959 2176 3011 2214 m
3036 2169 3196 2224 'ntes,

1964 2243 2297 2316 Summaque
2321 2246 2580 2302 silvarum
2609 2249 2826 2303 damma
2851 2249 3015 2305 ferire
3037 2251 3205 2317 solet;

1894 2333 1986 2391 Sie
2022 2334 2196 2405 major
2223 2338 2432 2409 magnis
2454 2341 2635 2395 subito
2661 2343 2962 2411 sepissine
2989 2345 3154 2399 rebus

1965 2425 2192 2482 Eveniet
2220 2442 2348 2484 casu
2380 2425 2520 2485 forte
2550 2431 2709 2486 ruina
2740 2434 2905 2487 malo.

1895 2515 2024 2572 Huic
2049 2519 2302 2590 exempla
2331 2521 2482 2576 dedit
2506 2524 2786 2591 periturus
2809 2533 2863 2578 et
2894 2524 3132 2596 undique
3164 2529 3423 2600 mundus,

1966 2609 2181 2667 Divitiis
2204 2611 2421 2674 ﬂorens,
2448 2615 2540 2684 qui
2567 2617 2709 2686 perit
2735 2618 2788 2671 in
2816 2619 3028 2689 pelago.

1895 2703 2043 2758 Voce
2069 2707 2456 2776 prophetarum
2481 2710 2686 2778 pariter
2713 2725 2810 2780 per
2831 2721 3064 2780 quatuor
3087 2712 3274 2783 orbes,

1965 2795 2085 2850 Jam
2113 2796 2372 2866 przedicta
2395 2799 2547 2854 vides
2570 2803 2796 2856 subruta
2831 2818 2994 2873 regna
3025 2806 3204 2860 modo.

1897 2887 2106 2942 Nobilis
2132 2890 2263 2944 urbs
2295 2891 2444 2960 regni
2474 2899 2529 2946 ct
2559 2892 2732 2962 prima
2763 2895 3008 2962 patentia
3035 2911 3225 2968 regum

1968 2978 2231 3044 Perdidit,
2257 2997 2293 3034 ο
2322 2979 2595 3053 Babylon!
2623 2982 2861 3039 Chaldea
2893 3001 3058 3056 regna
3087 2997 3306 3058 potens,

1896 3070 2184 3144 Egregium
2214 3071 2358 3128 bello
2384 3081 2440 3128 et
2471 3076 2682 3146 magnis
2705 3083 2782 3140 te,
2809 3075 3006 3140 Persa,
3037 3081 3334 3150 triumphis

1813 3195 1863 3256 ε
1965 3164 2181 3228 Obruit,
2210 3165 2347 3219 heu!
2371 3165 2571 3233 jaculis
2600 3167 2800 3223 femina
2825 3169 2937 3224 sola
2961 3171 3077 3226 suis

1903 3255 2177 3312 Victorem
2204 3257 2390 3311 mundi
2425 3259 2602 3316 medio
2631 3275 2771 3323 sors,
2798 3276 2926 3317 ecce
2954 3264 3210 3320 secundis

1972 3349 2153 3405 Rebus
2171 3351 2538 3406 Alexandrum
2566 3352 2716 3407 ludia
2741 3363 2763 3392 ο
2796 3351 2930 3409 ﬂore
2956 3354 3100 3410 tulit.

1901 3442 2072 3497 Roma
2099 3452 2266 3513 caput
2288 3446 2509 3510 mundi,
2541 3462 2668 3498 m-zu
2691 3445 2724 3500 li
2752 3446 2936 3511 decus,
2963 3465 3128 3504 aurea
3161 3449 3355 3513 Roma,

1972 3535 2126 3592 Nunc
2153 3548 2401 3592 remanet
2429 3548 2637 3593 tantum
2662 3555 2803 3595 srva
2835 3542 2992 3597 ruina
3018 3543 3137 3597 tibi.

1897 3625 2081 3682 Gloria
2109 3626 2417 3684 Castrensis
2441 3629 2638 3697 gladiis
2657 3639 2872 3700 :equata
2903 3633 3184 3698 remansit,

1971 3717 2140 3774 Lutea
2171 3734 2298 3789 pars
2326 3719 2553 3791 digitum
2585 3721 2697 3773 sola
2725 3722 2942 3776 videtur
2968 3723 3134 3779 iners.

1900 3809 2042 3878 Quid
2073 3821 2126 3864 te
2155 3819 2342 3866 saneta
2375 3827 2566 3865 canam
2603 3811 2772 3866 Davil
2803 3810 2979 3884 (urbs)
3013 3815 3216 3886 inclyta
3245 3816 3392 3887 regis

1969 3903 2026 3956 In
2057 3902 2257 3959 mundo
2282 3903 2445 3957 nullis
2467 3903 2850 3973 :‘rquiparanda
2883 3905 3052 3960 locis?

1899 3997 1955 4050 In
1989 4007 2040 4052 te
2071 3996 2268 4069 templa
2299 3997 2417 4060 Dei,
2440 3997 2641 4063 cultus,
2667 3997 2804 4063 laus,
2835 3999 3028 4070 gloria,
3055 4000 3249 4066 virtus,

1971 4087 2026 4142 lu
2058 4095 2108 4142 te
2137 4089 2338 4144 mansit
2359 4102 2526 4143 ovans
2554 4100 2740 4143 saneta
2771 4106 3012 4163 propago
3043 4092 3287 4147 Patrum.

1899 4181 2064 4251 239
2082 4181 2219 4236 Dum
2246 4190 2356 4248 tua,
2392 4183 2515 4252 quis
2543 4191 2722 4236 teneat
2751 4185 3015 4253 lacrymas
3043 4224 3059 4249 ,
3107 4200 3251 4241 nunc
3300 4185 3491 4244 ultima.

3175 4276 3373 4350 [cernit
3395 4297 3412 4344 ;

1969 4363 2115 4420 Gens
2146 4365 2364 4420 inimica
2395 4363 2637 4433 Deojam
2664 4375 2749 4421 tua
2784 4376 2921 4423 tecta
2947 4375 3112 4424 tenet.

1902 4455 2016 4512 Ileu
2041 4459 2054 4512 !
2095 4456 2277 4515 Iudaea
2309 4462 2418 4516 tuis
2446 4461 2721 4516 habitator
2752 4463 2804 4518 in
2845 4465 3074 4521 urbibus
3097 4470 3249 4522 errat

1826 4560 1878 4624 υ
1973 4547 2170 4612 Rarus,
2196 4550 2249 4604 in
2272 4551 2512 4620 antiquis
2543 4552 2661 4609 laus
2685 4561 2775 4608 tua
2815 4562 2926 4611 tota
2952 4557 3111 4627 perit.

1901 4638 2089 4695 Nobile
2109 4640 2224 4709 jam
2249 4643 2508 4713 templum
2529 4685 2546 4708 ,
2574 4653 2689 4700 toto
2717 4656 2772 4701 et
2797 4649 3106 4707 venerabile
3148 4651 3202 4707 in
3229 4653 3387 4720 orbe,

1969 4732 2124 4800 Quod
2150 4735 2404 4790 Salomon
2436 4734 2586 4802 fecit,
2613 4737 2847 4794 Chaldea
2874 4741 3086 4796 flamma
3115 4751 3288 4800 vorat.

1900 4823 2090 4895 Dejicit
2119 4825 2220 4880 hoc
2246 4826 2442 4881 iterum
2472 4828 2710 4887 Roinana
2743 4834 2984 4901 potentia
3015 4833 3193 4898 hellis,

1969 4916 2025 4971 In
2053 4917 2265 4973 eineres
2290 4919 2502 4974 solvens
2534 4921 2732 4977 mteniu
2756 4931 2898 4979 tecta
2932 4925 3044 4980 diu.

1900 5005 2040 5063 Ecce
2067 5007 2255 5062 relicta
2281 5009 2472 5065 domus
2504 5011 2650 5066 Siloa
2675 5027 2774 5083 per
2795 5013 2949 5069 saecla
2977 5017 3262 5087 remansit,

1972 5096 2029 5151 In
2057 5113 2161 5168 qua
2185 5108 2372 5154 sancta
2403 5101 2497 5156 Dei
2536 5118 2660 5156 arca
2689 5108 2927 5174 potentis
2956 5116 3096 5163 erat.

1899 5208 2121 5284 immani
2157 5210 2376 5284 feritate
2410 5214 2737 5282 conficiunt;
2768 5225 2881 5273 tum
2916 5219 2968 5274 in
2997 5221 3493 5284 Lindisfarnensem

1898 5278 2130 5355 insulam
2183 5281 2411 5355 invecti,
2460 5278 2744 5341 ecclesiam
2792 5289 3083 5355 invadunt,
3113 5278 3491 5355 saei'aionmnia

1897 5351 2117 5420 pollutis
2143 5351 2486 5436 calcentves
2511 5355 2654 5436 igiis,
2680 5357 2870 5436 altaria
2890 5351 3222 5436 Asull'odiunt,
3243 5351 3495 5436 pretiosa

1897 5437 2124 5498 qttarque
2167 5423 2400 5498 rapiunt
2413 5423 2770 5498 etranferunt.
2800 5430 2943 5498 Quin
2971 5435 3136 5489 etiam
3167 5423 3495 5495 eli-utribus

1898 5491 2002 5580 alii.
2031 5491 2320 5580 interfecti,
2353 5495 2442 5580 alii
2474 5497 2724 5580 multum
2755 5491 3261 5580 dem_ersi,__qui_dau_i
3291 5491 3494 5580 captivi

1899 5563 2240 5638 addueti_aut
2268 5567 2396 5638 nudi
2426 5567 2672 5637 proiecti.
2700 5589 2717 5621 ι
2760 5570 2834 5624 Ita
2868 5563 3210 5632 Mabillunius
3235 5563 3337 5635 lib.
3360 5563 3489 5638 (xxvi

1897 5633 2100 5716 Aunal._
2115 5632 2350 5716 Benaci”.
2367 5632 2487 5716 pag:
2506 5632 2632 5716 3tl_8,
2659 5657 2806 5716 num.
2833 5642 2903 5716 26
2923 5661 2988 5699 ex
3012 5647 3054 5700 Τ
3059 5632 3250 5716 urgoto
3275 5632 3329 5706 in
3354 5632 3495 5705 libro

1899 5704 2139 5780 secundo
2175 5707 2258 5780 (le_
2288 5704 2521 5780 Historia
2562 5710 2930 5770 Duuelmensi.
2973 5717 3107 5772 Vide
3125 5704 3496 5780 'ctianruotas

1895 5775 2056 5842 epist.
2084 5775 2119 5828 9
2139 5776 2206 5830 ad
2238 5775 2729 5836 Liudis'arneuses.

1972 5855 1992 5882 ε
2039 5844 2223 5914 Forte,
2253 5847 2454 5916 invida,
2476 5865 2598 5904 sors
2622 5867 2832 5922 nempe.
