4106 6488
494 356 607 417 807
1319 347 1385 404 Β.
1427 346 1490 401 F.
1534 340 1762 399 ALBINI
1800 338 1935 395 εει]
1969 332 2115 392 ηε·

2164 332 2256 388 INI
2296 328 2586 388 OPERUM
2625 323 2807 383 PARS
2840 322 2929 378 VI.
3666 304 3780 364 Μ

494 476 590 536 Sic
612 474 751 547 fugit
775 489 937 532 omne
960 475 1146 538 decus,
1172 466 1411 525 hominis
1438 467 1581 539 quod
1612 466 1831 520 dextera
1862 460 2010 524 fecit,

570 569 759 627 Gloria
783 570 1068 625 saaclerum
1094 564 1177 619 sic
1196 560 1341 616 velut
1362 559 1555 615 umbra
1576 554 1741 611 volat.

499 661 574 719 Ut
598 660 790 718 sitiens
817 656 1050 729 liquidas
1076 656 1280 710 frustra
1307 649 1411 706 sibi
1449 646 1687 704 somniat
1722 640 1918 704 undas.

569 753 664 809 Sic
685 766 851 824 gazas
884 747 1069 803 mundi
1095 746 1245 801 dives
1277 738 1460 814 [dites]
1482 735 1706 793 habebit
1732 734 1908 802 inops.

496 842 767 915 Tempora
787 857 885 897 cur
918 846 1130 894 tantum
1166 835 1307 889 lucta
1327 832 1621 903 longinqua
1658 833 1932 885 retexam,

570 937 640 992 Et
669 943 911 991 veterum
937 930 1168 985 miseros
1188 925 1435 983 carmine
1462 921 1657 992 plango
1684 916 1835 973 dies?

500 1027 638 1082 Dum
666 1039 907 1097 praesens
930 1020 1049 1076 dies
1074 1018 1279 1090 patitur
1307 1016 1493 1086 pejora
1522 1028 1622 1084 per
1645 1006 1861 1071 orbem,

573 1118 642 1174 Et
672 1116 868 1172 misera
903 1114 1136 1170 mundus
1159 1126 1301 1167 nunc.
1320 1107 1525 1165 ditione
1544 1105 1710 1162 dolet.

498 1211 629 1267 Asia
649 1208 759 1264 lata
781 1208 948 1280 gemit
971 1206 1198 1277 paganis
1227 1218 1413 1275 pressa
1432 1201 1663 1264 catenis.

572 1300 746 1371 Quam
769 1298 966 1368 premit
995 1306 1053 1352 et
1074 1296 1273 1367 spoliat
1295 1310 1425 1366 gens
1462 1292 1682 1347 inimica
1710 1289 1841 1345 Deo.

500 1387 683 1446 Africa
703 1388 818 1460 jam
843 1387 1013 1443 servit
1034 1401 1161 1454 pars
1191 1383 1368 1454 natgni
1397 1382 1559 1436 tertia
1586 1378 1769 1434 mundi

586 1480 731 1537 Proh
752 1479 934 1536 dolor!
971 1479 1107 1533 heu!
1146 1486 1257 1531 tota
1283 1472 1558 1545 pestiferis
1580 1469 1835 1525 dominis.

503 1571 779 1643 Hesperia:
801 1570 1057 1642 populus,
1078 1567 1348 1639 quondam
1375 1580 1506 1636 gens
1528 1562 1725 1634 inclyta
1749 1558 1930 1623 bellis,

576 1661 772 1719 Invisis
802 1663 1035 1732 sceptris
1057 1657 1227 1714 servit
1259 1665 1311 1711 et
1343 1656 1455 1725 ipsa
1482 1652 1661 1709 modo.

2113 471 2160 525 Α
2188 453 2329 520 Quid
2345 453 2459 523 jam
2487 450 2643 520 plura
2663 446 2895 504 canam?
2935 438 3222 496 Marcescit
3247 446 3357 493 tota
3379 435 3653 505 juventus,

2258 542 2379 597 .Iam
2400 542 2543 612 perit
2566 547 2729 610 atque
2754 536 2899 593 cadit
2930 532 3177 601 corporis
3201 542 3362 584 omne
3386 528 3550 583 decus
3580 541 3595 578 :

2184 633 2259 688 Et
2287 632 2443 703 pellis
2468 640 2678 686 tantum
2702 644 2873 684 vacua
2900 626 2990 679 vix
3012 624 3228 679 ossibus
3254 621 3443 684 haeret.

2260 723 2371 782 Nec
2389 723 2667 794 cognoscit
2683 724 2849 777 homo
2868 715 3086 789 propria
3108 714 3350 770 membra
3379 725 3565 767 senex.

2188 815 2345 885 Quod
2373 814 2496 881 fuit,
2533 815 2674 869 alter
2699 814 2834 875 erit;
2882 825 2981 865 nec
3010 809 3116 864 erit
3147 808 3283 877 ipse.
3311 806 3456 877 quod
3482 806 3598 874 ipse
3620 822 3637 856 :

2262 907 2373 962 Fur
2393 906 2495 961 erit
2518 906 2632 976 ipse
2654 920 2783 959 suus
2809 900 3146 970 temporibus
3170 896 3354 952 variis.

2190 1000 2287 1057 Sic
2311 1009 2537 1056 ventura
2559 998 2677 1053 dies
2708 1003 2917 1050 mentes
2948 990 3179 1046 mutabit
3208 998 3266 1043 et
3288 978 3477 1051 artus.

2262 1089 2671 1162 Atque'utinam
2702 1088 2894 1143 melior
2918 1081 3170 1156 proficiat
3198 1081 3445 1137 meritis!

2180 1183 2536 1254 Quapropter
2554 1180 2747 1252 potius
2769 1176 3011 1234 cmlestia
3042 1187 3258 1242 semper
3283 1186 3552 1231 amemus.

2265 1275 2333 1330 Et
2360 1288 2614 1329 mansura
2635 1271 2792 1342 polo,
2817 1282 2981 1340 quam
3002 1266 3245 1338 peritura
3273 1263 3412 1321 solo.

2187 1368 2296 1427 ilic
2326 1371 2503 1425 variat
2531 1378 2765 1439 tempus,
2790 1366 2868 1425 nil
2892 1380 3000 1425 non
3030 1362 3290 1420 mutabile
3313 1361 3494 1419 cernis
3520 1379 3534 1423 ;

2259 1463 2381 1519 Illic
2408 1478 2514 1517 una
2540 1462 2657 1517 dies
2688 1473 2904 1530 semper
2929 1458 3059 1521 erit,
3090 1456 3232 1526 quod
3266 1456 3392 1512 erit.

2184 1554 2314 1623 Quo
2338 1562 2413 1619 tu,
2442 1568 2649 1624 qumsu,
2674 1568 2826 1607 tuens
2851 1558 3109 1614 mentem,
3132 1563 3283 1619 rogo,
3315 1548 3490 1619 dirige
3518 1545 3716 1609 lector;

2255 1647 2380 1703 lllic
2407 1647 2655 1703 invenies
2679 1645 2823 1713 quod
2861 1644 3042 1710 cupiet
3063 1644 3156 1698 tibi
3181 1658 3293 1697 cor.

501 1754 779 1827 Quidquid
803 1754 1007 1810 habent
1022 1751 1253 1824 pulchri,
1277 1749 1497 1805 .Domini
1526 1745 1614 1803 vel
1643 1743 1840 1815 templa
1861 1741 2094 1811 decoris,
2133 1809 2175 1827 ﬁ
2200 1741 2316 1811 Qua
2346 1753 2437 1798 tua
2450 1752 2512 1798 .te
2529 1756 2808 1810 nunquam
2840 1736 2977 1793 fallit
3005 1754 3151 1809 spes,
3171 1736 3384 1794 advena
3405 1736 3613 1798 mundi.

582 1845 851 1910 Vastavit,
873 1845 1053 1915 rapuit
1074 1842 1290 1899 ethnica
1328 1841 1517 1897 dextra
1542 1838 1666 1894 sibi.

497 1942 623 2000 Hoc
645 1941 897 2016 generale
918 1940 1121 1997 malum
1143 1939 1350 2007 .relevet
1371 1936 1606 2009 speciale
1632 1950 1728 2007 per
1752 1934 1965 2000 orbem,

578 2031 733 2103 Quod
756 2032 963 2101 patitur
981 2029 1128 2085 solus
1147 2028 1398 2099 quisque,
1422 2026 1564 2082 ferat
1586 2025 1776 2082 levius.

2133 1809 2177 1868 Β
2227 1809 2238 1811 ⁷
2272 1834 2515 1904 Aspicies
2540 1809 2799 1903 patriam,
2818 1846 2982 1901 quam
3009 1838 3135 1884 tuus
3159 1837 3313 1899 Optat
3330 1843 3504 1882 amor.

2200 1928 2445 1984 Irvenies
2469 1926 2692 1981 veniens
2717 1924 2829 1978 illic
2860 1924 3001 1978 bona
3036 1922 3230 1993 gaudia
3260 1920 3385 1975 vitae

2227 2065 2232 2069 .
2264 2018 2569 2089 Perpetute,
2599 2032 2720 2086 quae
2744 2025 2797 2070 tu
2838 2029 3054 2083 semper
3078 2014 3280 2069 habere
3292 2021 3472 2083 potes.

498 2122 630 2181 .‘Jam
660 2122 857 2180 domus
881 2122 1022 2176 alma
1064 2118 1185 2184 Dei,
1226 2118 1480 2189 princeps
1515 2133 1622 2188 qua
1646 2131 1884 2187 corpore
1898 2123 2098 2187 pausat
2194 2109 2380 2166 Limus
2414 2108 2471 2164 in
2496 2116 2760 2163 aeternum
2794 2104 3013 2161 Christo
3036 2106 3317 2160 sociabere
3343 2104 3535 2168 civeis,

571 2215 798 2281 Petrus,
826 2213 1123 2286 apostolica
1151 2214 1364 2284 primus
1388 2210 1441 2266 in
1468 2225 1595 2267 arce
1618 2209 1817 2276 Pater;

502 2304 759 2364 Perfidite
790 2306 1040 2361 manibus
1069 2303 1242 2360 fertur
1262 2311 1475 2358 vastata
1500 2300 1690 2366 fuisse,

581 2396 718 2454 Dum
738 2398 980 2470 pretiosa
1004 2397 1196 2452 domus
1217 2395 1387 2465 impia
1409 2394 1602 2450 dextra
1636 2391 1776 2446 tulit.

502 2489 802 2546 i’lanxerat
826 2489 975 2545 Italia
1006 2486 1308 2543 Gothorqu
1328 2496 1579 2556 tempore
1609 2490 1727 2539 tuto
1738 2481 1824 2555 1F
1831 2524 1870 2550 .,
1896 2479 2031 2554 tota]

585 2579 835 2637 Vastavit
858 2579 1056 2649 templa
1083 2579 1258 2634 hostis
1290 2577 1495 2647 ubique
1520 2576 1615 2632 Dei
1642 2595 1654 2630 :

505 2671 581 2729 Et
601 2678 753 2729 natat
771 2669 973 2727 effusus
992 2680 1302 2726 sanctorum
1338 2668 1559 2740 sanguis
1586 2670 1641 2724 in
1671 2670 1813 2730 aula,

584 2764 700 2831 Qua
729 2764 882 2834 prius
909 2762 1083 2817 almus
1111 2762 1284 2815 Itonor
1309 2760 1695 2831 omnipotentis
1717 2770 1851 2815 erat.

506 2853 794 2911 Hunorum
817 2851 1025 2924 gladios
1052 2860 1132 2905 ter
1159 2850 1329 2905 ternis
1357 2858 1610 2904 senserat
1640 2849 1799 2905 annis
1842 2902 1850 2909 .

592 2943 767 3001 Gallia
800 2951 936 3009 tota,
967 2942 1080 2997 suis
1106 2940 1405 3011 exspoliata
1442 2942 1617 2997 bonis.

510 3036 813 3103 Ecclesiae,
843 3038 1028 3101 urbes,
1066 3034 1236 3097 vicos,
1274 3032 1517 3096 casmlla,
1540 3040 1789 3088 sacratus

583 3132 720 3189 Cum
741 3129 954 3201 populis
984 3128 1192 3199 pariter
1213 3169 1229 3193 ,
1263 3128 1403 3199 ignis
1429 3128 1565 3182 edax
1597 3126 1792 3197 rapuit.

506 3224 668 3281 Talia
691 3236 813 3287 cur,
841 3218 1021 3285 Jesus,
1045 3216 1161 3275 fieri
1190 3218 1458 3291 permittis
1487 3219 1539 3272 in
1567 3218 1720 3283 orbe,

586 3314 796 3371 Indicio
817 3312 1047 3376 occulto,
1076 3329 1182 3368 non
1206 3328 1307 3385 ego
1328 3314 1470 3368 scire
1488 3328 1646 3383 queo.

512 3408 634 3463 Alia
662 3403 892 3478 [Altera]
929 3406 1033 3458 vita
1062 3404 1171 3458 tuis
1196 3412 1449 3458 servatur
1470 3403 1522 3457 in
1548 3418 1673 3459 arce
1697 3404 1966 3473 polonun,

588 3503 703 3571 Qua
728 3518 833 3572 pax
865 3501 1003 3556 alma
1030 3502 1198 3570 viget,
1233 3501 1415 3571 prxlia
1455 3501 1600 3555 nulla
1634 3499 1768 3557 fiunt

518 3596 725 3649 Aurum
753 3591 968 3647 flamma
995 3593 1207 3661 probat,
1228 3589 1401 3659 iustos
1430 3592 1658 3647 tentatio
1680 3591 1928 3659 mundat,

588 3682 787 3739 Purior
812 3692 978 3753 utque
1004 3685 1183 3737 anima
1225 3683 1402 3737 silera
1434 3682 1578 3738 celsa
1611 3691 1777 3754 petat.

520 3772 651 3832 llaec
678 3783 763 3829 est
792 3773 901 3829 vita
933 3773 1052 3827 viro
1070 3772 1236 3843 justo,
1264 3772 1493 3828 tentatio
1517 3781 1652 3837 tota,

596 3866 835 3922 Auribus
858 3867 1059 3923 cecinit
1086 3867 1281 3937 pagina
1308 3880 1464 3921 sacra
1490 3865 1618 3920 tuis.

516 3956 805 4028 Quemque
831 3956 991 4013 Pater
1027 3965 1213 4012 natum
1240 3971 1376 4026 puro
1405 3956 1717 4027 complectit
1734 3971 1940 4024 amore,

597 4048 807 4121 Stepius
836 4047 961 4103 huic
990 4047 1133 4102 tristi
1161 4048 1296 4103 dura
1335 4044 1541 4119 flagella
1572 4047 1753 4103 dabit:

520 4139 622 4196 Sic
646 4138 790 4194 Deus
812 4138 1156 4207 omnipotens
1192 4146 1409 4193 sanctos
1428 4153 1526 4208 per
1552 4152 1692 4193 saeva
1726 4138 1976 4209 probavit

601 4231 861 4296 Verbera,
900 4239 1022 4300 post
1050 4231 1280 4286 reddens
1308 4230 1530 4301 praemia
1560 4230 1681 4285 laeta
1712 4230 1856 4301 polo.

530 4322 648 4377 Non
678 4338 772 4377 vos
792 4322 1103 4387 conturbet,
1127 4321 1325 4387 sancti,
1349 4322 1732 4387 inconstantia,
1761 4321 1982 4387 fratres,

602 4412 729 4468 Ilaec
754 4413 1023 4468 mundana
1046 4413 1263 4481 quidem
1296 4414 1598 4483 gurgitibus
1624 4414 1808 4471 variis.

530 4507 626 4562 Sic
654 4505 753 4560 fuit
774 4514 937 4575 atque
960 4504 1050 4559 fiet
1080 4505 1226 4560 saecli
1246 4506 1512 4561 versatilis
1533 4507 1689 4571 ordo,

603 4597 830 4652 Lmtitia:
855 4611 1128 4667 nunquam
1161 4596 1232 4651 sit
1259 4597 1344 4652 cui
1391 4606 1537 4651 certa
1568 4597 1721 4653 fides.

534 4686 639 4754 Qui
660 4687 807 4755 jacet
836 4688 889 4741 in
922 4686 1061 4741 lecto
1085 4726 1101 4748 ,
1123 4686 1394 4756 quondam
1424 4687 1665 4741 certabat
1690 4686 1743 4740 in
1773 4688 1921 4757 agris

605 4782 739 4837 Cum
762 4782 961 4844 cervis,
986 4780 1243 4850 quoniam
1274 4778 1414 4834 fessa
1446 4788 1697 4834 senectus
1723 4780 1897 4835 adest.

530 4875 637 4945 Qui
665 4875 795 4930 olim
822 4873 1033 4943 Syrano
1069 4874 1223 4928 belus
1253 4871 1545 4928 recubabat
1570 4874 1623 4928 in
1654 4882 1807 4927 ostro

611 4968 712 5025 Vix
744 4983 923 5036 panno
952 4967 1119 5023 veteri
1144 4967 1337 5036 frigida
1361 4968 1602 5021 membra
1633 4968 1783 5037 tegit.

536 5059 723 5133 [puga
744 5062 859 5115 dies
897 5060 1080 5116 oculos
1109 5068 1227 5114 atra
1250 5060 1481 5129 caligine
1503 5059 1735 5124 claudit,

611 5151 896 5223 Solivagos
921 5159 1131 5206 atomos
1148 5164 1270 5220 quae
1301 5165 1589 5206 numerare
1615 5150 1771 5206 solet.

545 5245 782 5301 Dextera
810 5257 932 5313 quae
957 5240 1184 5313 gladios,
1215 5255 1333 5311 quze
1362 5240 1522 5296 fortia
1556 5240 1657 5295 tela
1682 5240 1949 5307 vibrabat,

615 5334 770 5392 Nunc
802 5334 1005 5398 tremit,
1037 5340 1200 5403 atque
1226 5333 1309 5386 ori
1346 5333 1738 5403 porrigitzrgre
1764 5332 1963 5387 cibum.

540 5426 759 5485 Clarior
774 5438 901 5480 cccc
927 5422 1053 5478 tuba
1076 5424 1253 5479 subito
1278 5437 1379 5477 vox
1404 5420 1651 5478 faucibus
1681 5422 1858 5483 hasit,

617 5517 855 5577 Auribus
877 5516 1138 5588 appositis
1164 5530 1437 5570 murmura
1469 5515 1617 5569 laesa
1646 5527 1672 5555 ιι
1700 5514 1826 5571 ciet.

620 5738 648 5764 «ι
689 5722 803 5777 Vox
842 5720 1147 5783 tbeodisca;
1184 5720 1347 5790 Leife,
1377 5734 1652 5774 murmura
1681 5719 1880 5775 tenuia.

624 5793 656 5832 δ
692 5792 861 5858 Edlt.,
891 5792 1217 5863 lucrifacere.

2272 2198 2364 2254 Ille
2393 2206 2578 2253 manet
2602 2211 2841 2267 semper,
2881 2205 2940 2253 tu
2968 2212 3184 2268 quoque
3217 2210 3433 2268 semper
3453 2195 3586 2252 eris.

2202 2292 2341 2361 Quid
2364 2300 2420 2347 tu
2445 2292 2719 2362 pertristis
2741 2306 2936 2346 aurum
2959 2299 3011 2345 te
3051 2290 3282 2359 perdere
3302 2288 3549 2361 plangis?

2274 2386 2371 2442 Est
2392 2400 2525 2441 auro
2550 2385 2742 2440 melius
2781 2384 3087 2440 lucrificare
3110 2384 3141 2425 ιι
3174 2383 3364 2439 Deum.

2202 2479 2345 2548 Quid
2369 2476 2581 2547 species
2622 2491 2786 2532 vanas
2807 2473 3150 2547 Iacrymosis,
3180 2483 3326 2539 nate,
3355 2471 3593 2545 querelis

2265 2572 2659 2641 Persequeris;
2692 2571 2807 2626 htec
2846 2581 2901 2625 tu
2927 2586 3027 2625 cur
3058 2570 3294 2640 peritura
3317 2567 3514 2639 cupis?

2204 2669 2355 2729 Talia
2377 2669 2489 2740 jam
2515 2668 2721 2733 mundi,
2755 2685 2861 2723 non
2888 2666 3090 2723 Christi
3130 2665 3277 2735 luget
3305 2672 3539 2728 amator,

2276 2759 2383 2825 Sit,
2416 2773 2567 2830 rogo,
2598 2774 2703 2814 non
2739 2774 2957 2823 aurum,
2987 2757 3058 2811 sit
3082 2755 3178 2810 tibi
3205 2754 3458 2811 Christus
3483 2767 3657 2807 amor.

2198 2852 2289 2909 Ad
2323 2867 2439 2920 vos,
2469 2869 2505 2907 ο
2531 2850 2750 2916 fratres,
2776 2859 3008 2915 vertam,
3035 2863 3154 2903 mea
3175 2862 3329 2911 cura,
3356 2859 3633 2909 camenas.

2279 2949 2539 3019 Alloquar
2557 2956 2614 3002 et
2641 2947 2827 3018 paucis
2856 2960 2952 3000 vos
2975 2946 3139 3000 modo
3178 2941 3478 2997 versiculis.

2210 3043 2319 3100 Yos
2345 3042 2523 3114 regale
2544 3057 2737 3114 genus,
2766 3038 2979 3095 soboles
3006 3036 3313 3092 veneranda
3340 3040 3626 3105 parentum

2283 3135 2630 3198 Sanctorum,
2660 3133 2753 3202 qui
2775 3148 2871 3187 vos
2892 3131 3007 3202 iam
3030 3143 3266 3200 genuere
3293 3128 3424 3183 Deo.

2213 3228 2431 3283 Illorum
2457 3225 2669 3283 bibulas
2697 3223 2904 3279 meritis
2939 3232 2964 3260 ε
2996 3220 3311 3277 οωιθεῑίὺιιε
3338 3231 3499 3273 aures

2286 3320 2438 3375 Nunc
2466 3318 2717 3373 adhibete
2747 3317 2837 3385 pio
2859 3322 3103 3387 pectore,
3128 3320 3330 3375 mente,
3367 3323 3548 3363 manu.

2210 3412 2259 3468 ι]
2268 3422 2287 3467 ι
2313 3420 2564 3468 sanctum
2587 3408 2842 3479 precibus
2868 3412 3155 3461 conservet
3174 3417 3387 3473 semper
3411 3395 3586 3465 ovile,

2285 3503 2514 3559 Pectone
2538 3497 2796 3555 concordi
2830 3497 2975 3567 quod
3000 3505 3240 3551 statuere
3264 3494 3393 3548 Deo.

2210 3596 2443 3652 Horrida
2474 3609 2581 3649 non
2600 3590 2820 3662 frangat
2841 3598 3052 3644 vestras
3070 3587 3297 3643 tentatio
3322 3593 3554 3651 mentes,

2286 3686 2453 3758 Impia
2482 3698 2648 3755 quam
2665 3682 2825 3737 vobis
2851 3681 3021 3751 gessit
3050 3679 3233 3748 iniqua
3261 3693 3473 3732 manus.

2208 3780 2324 3836 Sed
2345 3778 2517 3850 magis
2536 3778 2605 3832 ad
2627 3776 2867 3832 studium
2893 3774 3016 3828 vitae
3042 3772 3284 3827 melioris
3312 3771 3575 3836 abundet,

2285 3870 2474 3926 Iucitet
2502 3876 2559 3923 et
2588 3874 2800 3923 mentes
2824 3879 3040 3934 semper
3067 3863 3256 3919 adesse
3287 3862 3423 3927 Deo,

2215 3962 2390 4031 Erigit
2412 3960 2615 4024 allisos,
2644 3959 2738 4028 qui
2769 3957 3015 4011 vulnerat
3040 3964 3206 4027 atque
3231 3955 3479 4010 medetur
3510 3974 3521 4008 :

2288 4052 2392 4122 Qui
2424 4052 2549 4107 ferit
2575 4059 2738 4122 atque
2769 4058 2945 4113 sanat,
2976 4048 3215 4104 conterit
3239 4056 3401 4116 atque
3432 4046 3592 4101 levat.

2216 4144 2389 4200 Nocte
2410 4144 2605 4212 dieque
2623 4140 2785 4197 simul
2808 4139 3060 4209 precibus
3086 4138 3321 4193 insistite
3354 4137 3578 4201 sanctis,

2292 4233 2364 4290 Ut
2385 4249 2480 4289 vos
2502 4240 2788 4289 conservet
2807 4228 2966 4286 Iesus
2980 4227 3183 4299 ubique
3206 4230 3346 4297 pius.

2218 4326 2288 4381 Et
2314 4325 2502 4397 siqua:
2526 4322 2779 4393 placeant
2805 4320 3063 4378 concordi
3092 4321 3353 4376 addiscite
3380 4321 3566 4385 corde,

2289 4420 2467 4488 Atque
2496 4416 2715 4486 implete
2744 4428 2932 4480 manu,
2954 4413 3100 4485 quod
3142 4414 3228 4483 pia
3254 4430 3407 4469 mens
3435 4414 3641 4484 cupiat.

2148 4536 2199 4596 ο
2224 4508 2316 4596 Sic
2340 4508 2554 4563 tandem
2580 4506 2734 4560 vobis
2752 4505 2975 4575 clypeos
3001 4504 3283 4558 descendit
3307 4504 3375 4558 ab
3397 4504 3530 4567 alto,

2278 4594 2362 4657 "Et
2382 4600 2594 4656 Domini
2624 4601 2810 4655 dextra
2833 4606 3076 4670 proteget
3096 4606 3255 4667 atque
3282 4606 3450 4667 reget.

2225 4692 2334 4749 Vos
2360 4700 2535 4748 estote
2555 4690 2781 4746 Patrum
2801 4704 3091 4754 memores,
3114 4688 3269 4759 queis
3298 4703 3512 4760 semper
3542 4689 3611 4745 ab
3633 4688 3745 4746 alto

2302 4784 2537 4840 Venerat
2559 4784 2843 4848 auxilium,
2865 4783 3027 4838 dante
3047 4781 3311 4845 Tonante,
3342 4782 3509 4852 pium.

2225 4876 2345 4933 Jam
2371 4876 2582 4947 Moyses
2609 4874 2802 4930 melius
2821 4874 3077 4945 precibus
3098 4888 3259 4942 quam
3284 4874 3561 4928 exercitus
3591 4875 3780 4938 armis.

2302 4966 2615 5022 Extendens
2647 4964 2853 5035 palmas
2879 4960 3063 5034 pra-lia
3092 4979 3248 5018 sacra
3271 4965 3425 5035 regit.

2233 5060 2469 5116 Plurima
2498 5074 2596 5128 pro
2620 5058 2872 5129 lacrymis
2895 5066 3215 5112 sternuntur
3241 5056 3405 5110 millia
3432 5066 3606 5113 morte

2303 5151 2548 5206 Ezecbize
2568 5151 2710 5221 regis
2744 5148 2982 5220 pestifcri
3008 5148 3208 5217 populi,

2231 5242 2369 5297 Iluic
2395 5255 2607 5311 quoque
2631 5248 2710 5295 ter
2729 5240 2924 5309 quinos
2943 5239 3181 5294 clemens
3220 5239 3359 5294 Deus
3381 5236 3591 5294 addidit
3618 5252 3813 5301 annos.

2302 5333 2407 5386 Pro
2432 5346 2613 5401 prece,
2651 5345 2811 5400 quam
2834 5330 3070 5383 moriens
3102 5327 3274 5383 fundit
3299 5329 3367 5384 ab
3392 5338 3488 5383 ore
3513 5326 3655 5395 Deo;

2234 5421 2399 5493 ξω
2423 5421 2581 5477 Vobis
2611 5429 2734 5475 nota
2760 5436 2972 5483 canam,
2997 5418 3213 5483 fratres,
3244 5432 3364 5489 qua:
3393 5415 3599 5475 fuerat
3619 5414 3750 5478 olim

2308 5510 2566 5567 Ecclesirc
2597 5520 2797 5565 nostra:
2820 5508 3143 5580 pontificalis
3164 5524 3297 5579 apex
3323 5526 3338 5561 :

2128 3177 2183 3238 C

2310 5726 2335 5753 c
2379 5714 2473 5767 Em
2491 5726 2555 5767 tu
2590 5711 2815 5768 monitis.
