4106 6506
207 427 322 486 809

201 538 460 602 Prasulis
487 542 688 620 egregii
720 550 971 622 precibus
1000 555 1059 609 'se
1084 551 1302 609 ﬂamma
1331 554 1553 608 retorsit
1581 613 1584 618 ,

275 634 482 694 Ledani
506 650 530 679 ι
553 641 848 709 quondam,
867 640 1088 700 Bcbban
1121 645 1190 699 ab
1215 645 1348 701 urbe
1369 644 1573 717 procul.

200 725 518 799 Composuit
546 733 801 802 precibus
835 734 1074 792 Eadbert
1094 737 1144 802 δ,
1179 735 1487 791 minitantia
1525 743 1760 791 mortem

275 818 497 888 Flabra,
521 821 645 892 pius
663 825 862 893 przesul
884 836 1063 882 vester
1087 837 1142 883 et
1167 827 1282 901 ipse
1307 826 1491 884 Pater.

201 907 430 982 Iagnus
455 921 515 970 et
535 914 656 985 ipse
685 914 864 982 Pater,
893 917 1088 988 praesul
1104 959 1121 988 ,
1142 928 1435 989 pastorque
1469 918 1726 976 sacerdos

269 1000 598 1072 Cudbertus,
618 1016 816 1062 vestra:
833 1005 949 1075 jam
977 1008 1144 1064 decus
1165 1008 1423 1065 Ecclesiae

195 1091 412 1164 Quata
437 1093 542 1165 μῦς
563 1098 836 1167 precibus,
870 1099 1099 1156 Domino
1122 1101 1376 1166 donante,
1403 1092 1634 1173 peregit,

269 1182 390 1241 Non
417 1199 561 1258 opus
586 1198 672 1244 est
696 1189 898 1245 nostris
921 1189 1105 1246 dicere
1142 1189 1471 1254 versiculis;

191 1271 336 1334 Dum
363 1280 517 1352 prius
539 1280 776 1338 heroicis
802 1280 1096 1352 pneclarus
1117 1281 1260 1338 Beda
1285 1281 1548 1352 magister

266 1369 532 1427 Versibus
558 1371 814 1444 explicuit
837 1371 1034 1446 inclyta
1056 1380 1208 1444 gesta
1229 1370 1407 1428 Patris
1431 1386 1445 1426 :

191 1456 473 1548 Laudibus
491 1479 563 1548 ac
586 1464 824 1521 celebrat
843 1480 1005 1538 quem
1035 1473 1146 1522 tota
1172 1464 1455 1522 Britannia
1489 1465 1720 1530 crebris,

265 1545 336 1609 Et
368 1545 624 1624 precibus
654 1556 854 1626 rogitat
885 1572 947 1612 se
974 1557 1238 1612 auxiliare
1260 1557 1382 1629 piis.

192 1642 262 1700 lli
298 1645 651 1718 simulatque
679 1648 793 1717 alii,
826 1649 873 1703 si
899 1649 944 1704 si
967 1657 1239 1721 praecepta
1263 1649 1482 1717 tenetis,

264 1734 486 1792 Illorum
508 1735 608 1810 [et]
633 1736 801 1792 ﬁxum
831 1745 919 1793 est
945 1753 1162 1810 semper
1188 1753 1373 1793 amare
1397 1739 1568 1795 Deum
1598 1751 1643 1806 ο,

188 1828 470 1887 lnstanter
495 1831 749 1901 precibus
771 1838 1012 1894 vestrum
1050 1839 1306 1887 tueantur
1333 1831 1504 1899 ovile,

264 1923 527 1980 Hostibus
550 1923 790 1996 expulsis
812 1924 1011 1980 mmnia
1034 1933 1216 1980 vestra
1247 1921 1451 1981 fovent.

189 2012 504 2074 Posteriora
536 2016 691 2072 vobis
716 2015 941 2072 meliora
959 2016 1236 2088 prioribus
1261 2029 1383 2072 esse

261 2104 496 2178 Legistis
515 2101 750 2164 fratres:
779 2105 861 2162 sic
879 2121 1096 2178 quoque
1124 2114 1304 2163 vestra
1332 2106 1478 2172 ﬁent,

281 2212 379 2253 vos
401 2197 455 2252 in
487 2197 774 2253 Dominum
793 2198 1029 2270 speratis
1050 2207 1292 2269 pectore,
1324 2197 1416 2270 qui
1447 2207 1574 2271 post

260 2285 383 2344 1am
411 2286 620 2360 majora
645 2287 786 2345 solet
815 2289 1044 2344 verbera
1073 2289 1215 2345 dona
1237 2288 1387 2344 dare.

185 2379 260 2436 At
287 2388 368 2446 tu,
391 2386 703 2436 sanctorum
740 2379 945 2437 Praesul
972 2379 1002 2421 ει
1037 2394 1322 2437 successor
1346 2391 1575 2436 avorum

264 2471 370 2540 Qui
395 2471 578 2543 pascis
603 2470 880 2542 populum,
908 2471 1002 2543 qui
1023 2471 1142 2529 loca
1173 2479 1360 2526 sancta
1393 2480 1544 2526 tenes
1569 2489 1582 2525 :

194 2563 271 2620 Es
297 2578 516 2636 magno,
545 2572 606 2620 ut
630 2563 813 2630 video,-
841 2577 1098 2620 curarum
1125 2564 1364 2635 pondere
1390 2577 1649 2635 pressus;

269 2654 425 2722 Quod
449 2661 562 2712 tam
584 2655 704 2712 dira
734 2653 836 2710 fuit
861 2663 1104 2728 tempore
1127 2655 1287 2727 plaga
1313 2664 1435 2722 tuo;

190 2747 398 2803 Tecum
422 2747 621 2820 plango
649 2755 768 2803 tuos
797 2762 978 2814 casus,
1008 2747 1334 2804 cbarissime
1365 2748 1571 2816 frater;

263 2841 370 2898 Ora
397 2837 571 2897 ﬂuunt
599 2839 878 2912 laerymis,
900 2847 1121 2911 pectora
1157 2847 1352 2900 maesta
1381 2837 1584 2896 dolent.

185 2931 404 3004 Sarpius
426 2932 784 3006 ingeminans,
813 2939 968 2989 tanto
1001 2943 1025 2972 θ
1057 2932 1158 2988 sub
1210 2945 1491 3008 murmure
1515 2944 1752 2996 mecum,-

262 3021 546 3088 Omnibus,
575 3022 714 3078 heu!
748 3035 911 3092 quam
933 3021 1006 3077 sit
1025 3019 1113 3076 illa
1137 3019 1366 3076 dolenda
1398 3019 1536 3085 dies,

183 3113 308 3183 Qua
337 3127 544 3185 pagana
573 3128 791 3180 manus,
816 3113 1046 3168 veniens
1063 3127 1092 3167 a
1117 3110 1316 3168 ﬂnibus
1341 3109 1512 3176 orbis,

265 3204 491 3278 Navigio
513 3206 694 3263 subito
723 3205 905 3261 littora
928 3213 1115 3261 nostra
1144 3205 1310 3276 petit;

1246 433 1576 498 CARMINA.
1617 469 1688 480 —-
1728 437 2244 504 EPIGRAMMATA,
2284 437 2436 493 ETC.

3379 438 3483 496 8l0

1826 554 1872 612 Α
1975 549 2228 614 Munera;
2265 550 2445 614 credo,
2471 551 2619 618 pium
2656 566 2851 605 munus
2883 558 2937 607 ct
2975 551 3089 622 ipsa
3117 550 3240 606 fuit.

1899 637 2050 693 Felix
2091 637 2205 707 ipsa
2232 639 2346 694 dies
2376 638 2502 704 illis,
2532 639 2578 693 si
2605 639 2777 695 tristia
2803 641 2959 695 nobis

1972 730 2199 784 Pectora
2223 729 2473 796 fecisset;
2506 731 2584 786 sic
2611 731 2815 801 petiere
2840 731 3020 801 polum
3043 751 3057 797 ;

1898 820 1967 874 Et
1996 821 2202 876 sanctis
2224 822 2356 877 socii
2391 821 2518 877 facti
2536 823 2612 878 sic
2639 824 2898 893 sanguine
2929 838 3110 890 sacro,

1967 911 2071 980 Qui
2107 928 2166 968 se
2192 915 2292 969 sub
2321 913 2538 970 Christo
2566 911 2862 985 subjiciunt
2887 915 3101 986 gladiis.

1895 1003 2008 1061 llos
2035 1015 2168 1076 puto
2191 1017 2521 1080 quapmpter
2546 1008 2700 1063 nobis
2721 1023 2828 1063 non
2853 1022 2974 1064 esse
2993 1006 3305 1080 gemendos,

1966 1094 2117 1162 Quos
2136 1097 2327 1152 melior
2364 1096 2502 1152 cmlo
2535 1098 2646 1152 vita
2675 1098 2776 1153 sibi
2807 1099 3006 1170 rapuit.

1895 1186 2091 1242 Desine
2121 1199 2449 1259 quapropter
2476 1189 2730 1260 lacrymis
2762 1190 2862 1245 hos
2885 1189 3162 1263 plangere,
3193 1192 3412 1261 prmsul,

1965 1277 2112 1346 Quos
2143 1280 2245 1335 sibi
2266 1289 2524 1352 perpetuo
2549 1280 2800 1338 Christus
2829 1281 2994 1338 habet
3033 1283 3209 1339 socios
3239 1303 3250 1338 :

1893 1367 2078 1441 Teque
2105 1371 2279 1444 magis
2301 1371 2467 1429 facias
2495 1381 2607 1428 tota
2636 1374 2835 1428 virtute
2855 1383 3129 1444 paratum,

1965 1459 2038 1516 Ut
2067 1477 2178 1532 quo
2211 1463 2496 1533 pervenias
2525 1464 2700 1519 tristia
2727 1463 2870 1518 nulla
2903 1463 3052 1520 ﬂant.

1890 1547 2093 1623 inclyta
2120 1563 2438 1625 perpetuam
2469 1564 2690 1624 praestat
2711 1558 2968 1626 patientia
2996 1557 3185 1623 vitam,

1963 1643 2035 1701 Ut
2066 1661 2164 1699 vox
2195 1645 2430 1701 veridica
2460 1647 2784 1718 promiserat
2805 1648 2919 1718 ipsa
2951 1648 3066 1706 Dei.

1889 1733 1996 1792 Fer
2019 1737 2290 1807 patienter
2317 1751 2454 1793 onus
2482 1737 2686 1795 Christi
2709 1749 2765 1796 tu
2787 1742 2943 1795 triste
2968 1742 3242 1810 sacerdos,

1840 1871 1849 1876 .
1958 1827 2060 1884 Job
2096 1829 2346 1899 exempla
2390 1830 2542 1885 dabit
2571 1839 2748 1887 motor
2773 1841 2830 1888 et
2855 1834 2970 1903 ipse
2998 1835 3122 1891 sibi.

1810 1937 1861 1998 υ
1888 1917 2042 1976 Miles
2075 1918 2131 1975 e‘t
2156 1921 2412 1977 Ecclesiae
2449 1921 2648 1978 Paulus
2690 1939 2787 1995 per
2810 1925 2954 1980 mille
2978 1926 3304 1999 triumphos,

1957 2011 2062 2082 Qui
2092 2028 2192 2068 sua
2219 2029 2326 2069 non
2365 2013 2536 2070 doluit
2561 2015 2805 2083 vulnera,
2840 2027 3021 2074 mente
3047 2027 3260 2088 potens.

1885 2100 2022 2170 Quis
2042 2102 2160 2158 sine
2190 2102 2273 2158 vel
2300 2103 2453 2160 miles
2479 2105 2658 2176 capiat
2679 2109 2974 2162 certamine
3001 2109 3260 2180 palmam,

1963 2192 2110 2250 Bella
2132 2193 2362 2250 nefanda
2388 2195 2593 2252 dabunt
2609 2198 2832 2268 praemia
2862 2213 3058 2271 magna
3087 2200 3222 2257 suis.

1887 2284 1996 2342 Per
2019 2287 2251 2355 gladios,
2273 2296 2492 2353 mortes,
2518 2295 2722 2360 pestes,
2752 2303 2854 2359 per
2880 2288 3010 2357 tela,
3039 2305 3138 2362 per
3165 2291 3340 2366 ignes,

1958 2375 2217 2449 Martyrio
2243 2379 2419 2434 sancti
2458 2393 2626 2450 regna
2656 2380 2813 2436 beata
2840 2387 3049 2452 petunt.

1888 2467 2190 2526 Stemmate
2212 2471 2326 2542 jam
2352 2471 2553 2542 gaudet
2577 2471 2723 2539 belli,
2751 2473 2844 2542 qui
2875 2481 3166 2532 stemmate
3185 2474 3384 2542 vincit,

1957 2561 2148 2617 Prmlia
2175 2569 2299 2633 post
2331 2570 2512 2629 terrae,
2541 2573 2732 2636 regnat
2751 2565 2808 2620 in
2828 2580 2954 2622 arce
2980 2565 3112 2636 poli.
3163 2630 3178 2641 ἡ

1887 2649 1948 2708 Si
1972 2652 2104 2723 quid
2127 2652 2403 2724 displicuit
2427 2653 2645 2710 Christo
2666 2655 2781 2726 jam
2809 2665 3006 2713 cuncta
3037 2656 3270 2725 videnti,

1960 2743 2200 2802 Moribus
2229 2747 2284 2801 in
2305 2745 2505 2802 vestris
2532 2747 2790 2818 corrigite
2811 2748 2918 2804 hoc
2940 2749 3122 2805 citius.

1888 2838 1963 2896 Ut
1997 2842 2120 2912 pius
2142 2841 2422 2911 egregium
2449 2849 2737 2897 conservet
2762 2848 2952 2912 pastor
2973 2839 3135 2905 ovile,

1957 2931 2038 2987 Ne
2064 2932 2267 3002 rapidis
2300 2932 2478 3002 capiat
2504 2932 2609 2989 hoc
2637 2931 2798 3004 lupus
2825 2932 3059 2988 insidiis.

1887 3020 2007 3077 Non
2026 3029 2112 3077 est
2130 3022 2328 3092 quippe
2350 3022 2493 3079 Deus
2515 3023 2692 3094 poenis
2715 3022 3016 3094 culpandus
3042 3023 3098 3079 in
3123 3023 3273 3090 istis,

1961 3112 2072 3170 Sed
2099 3121 2284 3169 nostra
2319 3114 2373 3169 in
2398 3113 2593 3170 melius
2621 3114 2736 3170 vita
2773 3105 2997 3171 ferenda
3024 3113 3153 3172 cito.

1889 3199 1960 3263 Et
1981 3207 2071 3278 pia
2091 3205 2355 3262 ﬂectenda
2377 3215 2462 3263 est
2483 3207 2738 3279 precibus
2761 3206 3046 3264 clementia
3068 3205 3295 3272 nostris,

183 3299 616 3372 Exspoliansque
635 3299 858 3355 Patrum
874 3299 1179 3354 veneranda
1210 3299 1462 3368 sepulcra
1475 3280 1708 3355 duorum
1727 3298 1784 3368 ῖς
1815 3297 1865 3369 c
1962 3298 2244 3366 Quatenus
2267 3314 2296 3352 a
2333 3299 2488 3354 nobis
2511 3296 2814 3353 transferat
2834 3298 2949 3369 ipse
2972 3296 3159 3370 plagas
3182 3315 3198 3353 :

263 3392 376 3451 Nec
395 3407 502 3450 non
527 3392 750 3450 fmdavit
777 3391 974 3464 templa
1003 3390 1182 3447 dicata
1211 3389 1342 3447 Dei."

183 3483 370 3554 Atque
397 3483 491 3538 Dei
516 3481 716 3538 Christi
749 3481 1107 3537 mundissima
1135 3481 1295 3536 vinea
1325 3481 1533 3539 Sorech

264 3575 515 3648 Vulpinis
538 3574 720 3631 subito
746 3573 1000 3632 dentibus
1018 3589 1144 3630 esca
1170 3573 1273 3629 fuit
1301 3592 1317 3642 ;

185 3665 264 3725 Et
282 3665 490 3738 lapides
527 3665 708 3723 subito
737 3673 967 3736 pereunt
995 3666 1432 3723 altaria-circum

263 3757 604 3829 Quapropter
628 3757 836 3814 cithara
857 3756 982 3828 plus
1001 3759 1166 3830 gemit
1203 3773 1331 3814 ecce
1362 3773 1502 3814 mea.

188 3849 427 3906 Victima
448 3847 594 3906 facta
624 3847 747 3915 fuit,
774 3849 1002 3904 Domino
1026 3863 1148 3920 qua:
1178 3849 1322 3907 ferre
1351 3850 1558 3906 solebat

265 4019 294 4048 ι
333 4004 554 4060 Ledani.
590 4003 902 4075 Legendum
944 4004 1158 4067 Aidani,
1185 4021 1282 4061 seu
1323 4004 1504 4077 Edoni
1526 4004 1668 4077 (quo,
1693 4021 1790 4061 no-

190 4077 343 4149 mine
373 4077 884 4149 voca_tur_carmine
915 4089 1030 4146 seq.
1068 4075 1367 4149 vet-3.7692)
1395 4075 1632 4149 episcopi
1656 4076 1786 4130 Lin-

191 4146 576 4223 disfarnensis,
601 4145 801 4223 dequo
823 4145 1170 4223 idem,_eujus
1221 4145 1550 4223 hiemeutio
1573 4145 1654 4213 ﬁt,
1687 4149 1790 4223 uri-3

191 4218 440 4301 faculam
465 4215 638 4301 refert
668 4218 802 4301 Vim.
830 4215 971 4272 Beda
1013 4215 1106 4298 lib}
1159 4234 1220 4272 ιιι
1255 4216 1519 4301 _llistoria:
1569 4219 1790 4301 cap.

192 4292 306 4348 boc
363 4289 576 4345 modo:
631 4305 651 4337 ι
699 4285 965 4358 Tempore
1000 4286 1340 4358 episcopatus
1399 4288 1516 4343 e'us
1574 4285 1790 4346 hostilis

194 4360 522 4417 Merciorum
563 4358 856 4424 exercitus,
882 4356 1064 4413 Penda
1103 4359 1259 4423 duce,
1281 4305 1788 4414 Nordbnmbrorum

195 4431 450 4503 regiones
473 4427 639 4503 impia
668 4428 820 4484 clade
868 4428 1025 4503 longe
1062 4427 1276 4498 lateque
1327 4431 1632 4503 devastans,
1662 4445 1788 4500 pera

194 4499 349 4583 venit
376 4501 444 4557 ad
461 4501 663 4583 .urbem
689 4513 860 4583 usque
893 4499 1272 4583 regiam,_quae
1292 4515 1362 4554 ex
1381 4499 1580 4556 Bebba:
1615 4499 1789 4573 quond

195 4574 327 4630 dam
365 4571 565 4643 reginae
585 4569 847 4625 vocabulo
898 4569 1333 4642 cognominatur,
1365 4569 1661 4642 eamquei.
1688 4613 1700 4627 .
1727 4613 1741 4627 .
1767 4611 1783 4627 .

195 4643 432 4699 ﬂammis
453 4643 741 4697 absumere
785 4649 1010 4695 conatus
1051 4647 1153 4695 est.
1183 4680 1198 4694 .
1225 4681 1238 4694 .
1264 4680 1281 4696 .
1307 4680 1323 4696 .
1352 4682 1364 4695 .
1408 4640 1466 4696 S.
1497 4642 1741 4698 Aidanus
1766 4683 1782 4708 ,

198 4730 328 4779 cum
357 4713 536 4794 ventis
554 4711 858 4794 furentibus
875 4710 1062 4794 globos
1086 4712 1270 4794 ignegs
1295 4727 1360 4766 ac
1381 4710 1607 4794 fumum
1623 4724 1785 4794 supra

198 4730 328 4779 cum
357 4727 535 4770 venus
554 4727 858 4766 turenunus
913 4727 1062 4766 IODOS
1086 4727 1270 4781 igneos
1295 4727 1360 4766 ac
1385 4727 1591 4768 Iumum
1623 4727 1783 4784 supra

198 4799 392 4868 muros
417 4782 851 4868 urbisexhalare
875 4727 966 4853 {ex
995 4782 1174 4868 insula
1199 4782 1399 4868 Fame)
1425 4784 1783 4868 conspiceret,

197 4857 376 4939 fertur
398 4853 822 4939 elevatisnoculis
864 4852 1233 4939 manibusque.
1260 4852 1398 4939 cum.
1427 4852 1791 4939 lacrimisndi-

201 4931 351 4985 xisse
375 4943 388 4979 z
425 4923 581 4991 Vide,
609 4924 860 4988 Domine,
880 4932 1080 4995 quanta
1125 4922 1269 4978 mala
1298 4923 1418 4992 fecit
1442 4922 1644 4979 Penda.
1669 4924 1790 4993 Quo

199 4999 354 5076 dicto
383 4995 573 5076 statim
603 4994 796 5050 mutati
813 4989 886 5076 ab
914 4995 1046 5076 urbe
1065 4994 1212 5076 venti
1243 4995 1296 5049 in
1345 5008 1461 5076 eos,
1483 4995 1576 5076 qui
1597 5006 1790 5076 accen-

198 5067 781 5144 derant,‘tlammarum
811 5065 1057 5144 incendia
1102 5072 1460 5144 retorserunt,
1494 5065 1571 5144 ita
1596 5071 1655 5121 ut
1693 5065 1792 5120 ali-

201 5137 303 5210 qui
324 5135 463 5200 lmsi,
491 5150 681 5210 omnes
709 5135 882 5210 territi
931 5135 1246 5210 impugnare
1291 5135 1432 5190 ultra
1445 5135 1651 5210 urbem
1671 5148 1792 5192 ces-

201 5204 608 5287 éarerit,'qumn
632 5205 909 5287 divinitus.
928 5204 1107 5274 juvaii
1148 5214 1546 5287 epgnoverant.‘
1573 5226 1592 5260 ι
1619 5205 1792 5287 Porro

204 5274 437 5360 ﬁebbam
464 5274 624 5360 hodie
649 5287 734 5359 est
755 5274 1131 5358 Bamborrow)
1173 5274 1367 5360 Latine
1396 5274 1684 5360 Camborra
1724 5278 1792 5360 .in

205 5350 617 5416 Northumbria,
648 5349 753 5403 sita
777 5360 808 5399 e
849 5346 1067 5416 regione
1098 5345 1792 5411 insulm‘Lindisfarnensis,

207 5437 332 5494 qum
354 5421 516 5494 hodie
539 5435 737 5494 nomen
776 5417 996 5494 obtinet
1023 5415 1291 5494 ljolyland
1313 5432 1428 5494 _scu
1458 5413 1794 5494 Insula_san-

207 5485 319 5574 εἶτα.
353 5489 430 5546 La
459 5488 790 5574 Martiniére,
815 5485 996 5542 Crand
1025 5485 1403 5554 Dict'ionnaire,
1437 5489 1585 5543 verb.
1633 5487 1794 5542 Bam~

210 5562 414 5619 borrow
439 5570 497 5616 et
515 5559 873 5628 Lindisfarne.

283 5633 313 5674 ιι
352 5629 607 5697 Eadbert,
635 5631 726 5701 qui
750 5645 892 5686 anno
918 5629 1021 5685 688
1049 5627 1226 5701 factus
1269 5629 1559 5701 episcopus
1585 5627 1800 5701 Lindis-

210 5702 507 5768 farnensis,
535 5698 780 5757 mortuus
821 5709 906 5755 est
941 5715 1082 5754 anno
1111 5698 1213 5754 698
1239 5698 1395 5754 sexto
1429 5698 1574 5766 Maii.
1615 5698 1692 5753 De
1730 5713 1798 5752 eo

213 5772 352 5845 Ven.
367 5771 510 5829 Beda
533 5772 646 5845 agit
666 5771 832 5845 variis
850 5770 1217 5845 locis,_n_empe
1235 5769 1415 5845 lim-tv
1443 5770 1583 5845 llist.
1613 5768 1802 5845 Gentis

211 5844 542 5916 Anglorum_
563 5838 692 5916 cap.
717 5841 809 5916 29,
836 5850 892 5896 et
918 5840 1122 5916 iu__Vita
1173 5840 1348 5916 sancti
1367 5838 1647 5916 Cuthberti
1679 5853 1799 5908 cap.

217 5913 281 5970 11
308 5910 368 5972 ct
396 5915 481 5970 12.
523 5910 655 5969 Item
681 5913 734 5966 in
757 5913 924 5972 altera
954 5911 1072 5965 Vita
1103 5912 1344 5968 carmine
1391 5910 1611 5980 scripta,
1637 5924 1802 5980 quam

577 6007 853 6066 PATBOL.
900 6001 1000 6063 Cl.

1891 3390 2072 3461 Atque
2096 3391 2210 3447 suis
2237 3390 2476 3448 clemens
2498 3397 2723 3463 praestet
2743 3390 2939 3447 solatia
2968 3391 3166 3455 servis,

1963 3481 2232 3552 Tempora
2256 3482 2559 3539 concedens
2585 3497 2844 3554 prospera
2865 3490 3060 3540 cuncta
3087 3485 3310 3555 quibus.r

1891 3570 2244 3642 llymnidicas
2271 3570 2392 3626 laeta
2417 3569 2604 3627 laudes
2624 3579 2680 3626 et
2700 3579 2884 3628 mente
2913 3587 3179 3630 canamus

1961 3660 2288 3718 Celsithroni
2317 3663 2497 3718 cuncti
2525 3677 2742 3734 semper
2769 3664 2971 3735 ubique
2998 3665 3181 3720 simul.

1889 3755 2034 3813 Laus
2062 3757 2173 3823 cui,
2203 3757 2403 3825 cultus,
2438 3759 2628 3823 h'o'nor,
2650 3759 2851 3828 virtus,
2884 3761 3213 3829 benedictio,
3236 3779 3482 3834 carmen,

1963 3848 2189 3920 Semper
2209 3849 2264 3905 in
2285 3857 2576 3917 aeternum,
2603 3851 2773 3924 gloria
2800 3862 2996 3926 magna
3025 3851 3158 3911 Deo.

1890 4006 2140 4086 Canisius
2164 4006 2331 4086 edidit
2376 4006 2528 4063 Lect.
2568 4008 2925 4086 Antiquarum
2976 4008 3201 4086 edit.__D.
3239 4009 3486 4086 Basnage

1890 4085 2023 4152 tom.
2051 4077 2116 4142 ll,
2141 4093 2264 4148 pag.
2297 4077 2331 4132 5
2358 4086 2583 4152 et__s_eqq..
2613 4078 2696 4132 Ad
2718 4077 2970 4152 sanctum
3008 4081 3338 4139 Eadbertum
3360 4077 3486 4152 pe'r-

1890 4151 2072 4240 tinere.
2093 4157 2382 4240 sequentes
2410 4149 2555 4204 illius
2572 4150 2834 4240 carminis
2852 4166 3043 4240 versus
3072 4153 3303 4240 cr‘egidit
3339 4149 3485 4240 Heu:

1889 4220 2143 4275 schenius
2173 4219 2225 4272 in
2259 4219 2380 4274 Vita
2435 4219 2612 4275 sancti
2663 4220 2938 4288 Eadberti,
2979 4221 3102 4278 Act.
3127 4221 3226 4280 SS.
3256 4234 3390 4281 tom.
3440 4225 3483 4280 ll

1891 4289 2068 4345 Martii
2096 4303 2218 4360 pag.
2249 4289 2373 4357 108,
2400 4289 2541 4346 Edit.
2577 4290 2769 4346 Venet.

2048 4404 2124 4455 ιθ.
2150 4403 2432 4470 hlorborum
2457 4401 2654 4470 fugiunt
2675 4401 2832 4467 labes,
2853 4401 2989 4456 furor
3014 4407 3190 4470 impius
3214 4408 3309 4460 atri

2157 4467 2408 4518 Damonis
2431 4467 2643 4518 absistit.

1889 4573 2049 4629 Certe
2074 4572 2190 4628 haec
2213 4585 2336 4627 cum
2355 4569 2837 4642 prmsentiAlcuini
2856 4570 3169 4628 testimonio
3195 4571 3332 4629 bene
3357 4583 3487 4631 con-

1889 4644 2128 4714 veniunt.
2155 4641 2367 4714 Desunt
2379 4655 2510 4696 vero
2525 4642 2699 4696 sancti
2715 4641 2970 4714 Eadberti
2993 4642 3181 4708 Actus,
3198 4657 3336 4714 quos
3353 4643 3486 4704 olim

1892 4715 1950 4769 S.
1979 4713 2122 4769 Beda
2150 4713 2217 4769 de
2239 4712 2429 4783 eodem
2456 4726 2616 4768 versu
2645 4713 2930 4783 scripsisse
2951 4712 3243 4780 memorat,
3272 4712 3393 4772 loco
3412 4715 3486 4772 ci-

1895 4793 2030 4851 tato,
2055 4784 2142 4839 his
2163 4782 2346 4838 verbis
2376 4802 2388 4834 :

2143 4933 2152 4942 .
2185 4932 2198 4944 .
2229 4933 2236 4942 .
2269 4931 2282 4943 .
2313 4931 2361 4944 ..
2389 4931 2395 4936 .
2420 4893 2582 4944 Versu
2607 4894 2916 4945 memorabar
2934 4898 2988 4946 ut
3009 4895 3124 4946 olim

2145 4955 2280 5008 Illius
2303 4959 2512 5020 egegios
2537 4955 2763 5006 referens
2785 4958 3020 5008 antistitis
3044 4967 3196 5009 actus.

1967 5075 1991 5104 e
2031 5064 2110 5119 Ita
2137 5061 2283 5133 hunc
2343 5074 2559 5133 versum
2595 5059 2870 5133 emendari
2891 5075 3069 5133 posse
3111 5062 3442 5122 credidimus
3466 5104 3486 5133 ,

1894 5150 2020 5192 cum
2043 5134 2098 5188 in
2120 5132 2358 5189 editione
2386 5129 2710 5198 Quercetani
2745 5129 3004 5186 mendose
3030 5130 3338 5202 legeretur:

2142 5243 2340 5295 Illorum
2361 5242 2486 5293 ﬂxos
2509 5249 2586 5293 est
2609 5254 2809 5305 semper
2831 5255 2996 5293 amore
3017 5243 3132 5294 Dei.

1967 5353 1994 5393 ὰ
2035 5352 2099 5405 At
2145 5358 2200 5402 tu
2222 5356 2523 5417 sanctorum
2558 5343 2753 5416 prwsul
2781 5387 2796 5411 ,
2840 5353 2944 5417 etc.
2980 5344 3341 5417 Hugibaldum
3389 5350 3489 5417 alis

1899 5423 2063 5480 dubio
2088 5416 2399 5490 compellat,
2421 5418 2511 5488 qui
2538 5415 2780 5490 tempore
2814 5415 2962 5472 illius
3006 5415 3188 5490 cladis
3216 5416 3491 5490 regime-

1898 5495 2120 5550 clesiam
2134 5487 2746 5552 Lindisfarnensemmti
2769 5495 2986 5558 constat
3010 5501 3085 5558 ex,
3105 5487 3332 5558 epistola
3361 5489 3398 5546 9
3420 5490 3490 5547 ad

1898 5563 2147 5620 eumdem
2175 5569 2230 5615 et
2273 5573 2515 5630 omnem;
2532 5559 3005 5630 congregationem
3031 5557 3492 5630 Lindisfarnensis

1900 5633 2158 5690 Ecclesiae
2195 5630 2416 5699 scripta.
2456 5628 2590 5684 Vide
2612 5628 2777 5685 etiam
2807 5628 3093 5700 epistolam
3122 5628 3181 5685 ll
3213 5628 3283 5685 ad
3305 5628 3486 5689 Ml.

1904 5707 2093 5761 redum
2115 5714 2328 5772 regem,
2353 5708 2458 5754 etc.

1981 5787 2003 5814 ε
2045 5771 2198 5843 Leg.,
2225 5771 2406 5825 tacito.

1983 5845 1999 5884 ί
2046 5842 2230 5910 Forte,
2255 5849 2484 5897 tuorum.
