4106 6476
551 352 648 408 811

1139 461 1418 517 CCLXXX
1458 463 1557 516 bis.

922 591 948 618 ει
992 578 1064 631 De
1102 575 1449 631 Cont'ersionc
1489 572 1781 628 Saxonum.

549 692 782 759 Quintus
810 696 929 748 erat
957 689 1145 744 mundi
1176 688 1351 743 tristis
1378 686 1446 741 ab
1473 684 1685 755 origine
1716 683 1873 737 limes
1903 682 1930 719 δ

552 781 841 854 Expletus,
869 780 1063 835 morbo
1090 779 1317 833 nimium
1344 776 1648 832 tabefactus
1676 789 1872 830 acervo
1898 784 1921 813 ε

550 878 823 945 Quattuor
848 873 1126 930 horribilis
1152 880 1325 927 metas
1349 870 1477 927 dum
1508 867 1778 939 torquerit
1798 867 1947 922 orbis
1971 885 1983 919 :

551 967 799 1036 Dumque
826 965 1023 1020 diurna
1053 973 1240 1018 rotans
1265 961 1544 1019 redeuntia
1570 959 1729 1016 saecla
1756 958 2027 1022 redirent,

550 1056 684 1124 Quae
708 1056 952 1127 patribus
973 1055 1241 1126 promissa
1269 1053 1464 1108 darent
1484 1050 1747 1122 fulgentia
1776 1062 1964 1120 regna.

550 1147 681 1203 Post
706 1144 853 1216 capit
879 1142 1091 1218 [cmpit]
1118 1152 1309 1199 sextus
1334 1141 1463 1197 felix
1490 1157 1550 1196 se
1574 1140 1791 1196 volvere
1813 1140 2002 1206 cardo,

554 1238 663 1306 Qui
687 1237 888 1293 meruit
915 1235 1133 1291 tandem
1156 1234 1478 1306 praedictum
1503 1232 1766 1301 germinis
1791 1230 1889 1286 alti

552 1330 886 1392 Adventum,
915 1327 1156 1397 antiquis
1179 1324 1471 1396 multisque
1492 1337 1781 1396 capessere
1806 1322 2001 1379 saeclis.

552 1421 656 1489 Qui
682 1420 912 1477 Genitor
937 1418 1073 1475 solio
1095 1416 1335 1474 clemens
1359 1415 1641 1488 prospexit
1660 1416 1729 1470 ab
1749 1413 1862 1470 alto

555 1509 929 1582 Pompiferum
955 1507 1249 1573 mundum,
1274 1506 1410 1563 dura
1431 1505 1532 1560 sub
1554 1512 1729 1560 morte
1747 1503 2020 1574 iacentem
2038 1543 2054 1570 ,

556 1606 626 1660 Et
651 1618 823 1676 genus
844 1603 1141 1658 humanum
1156 1641 1174 1667 ,
1197 1614 1266 1656 ex
1288 1599 1421 1654 limo
1441 1597 1586 1673 quod
1609 1597 1815 1654 fecerat
1840 1595 1972 1651 olim
1989 1635 2005 1660 ,

558 1701 616 1751 lu
642 1694 886 1751 barathri
913 1705 1147 1749 cernens
1174 1688 1386 1747 foveam
1415 1689 1672 1747 mersisse
1691 1685 2037 1759 profundam.

1375 349 1438 403 Β.
1479 349 1541 403 1·“.
1582 344 1809 402 ALBINI
1850 344 1983 402 SEU
2023 343 2304 401 ALCUINI
2345 346 2632 403 OPElil'lM
2672 344 2849 400 PARS
2895 342 2977 397 Vl.

3724 335 3840 397 Sli

2174 458 2227 519 Α
2252 455 2503 525 Alipech
2528 457 2761 528 Cripbcs
2786 456 2967 511 subito
2983 496 2997 521 ,
3027 454 3395 527 Harpyiasque
3419 451 3665 509 volucres

2245 548 2304 605 in
2331 551 2576 621 placidas
2598 550 2868 607 convertit
2893 565 3051 616 aves,
3076 548 3331 620 dirosque
3354 548 3620 605 molossos
3722 606 3736 612 ,

2248 642 2551 698 Transtulit
2576 645 2631 699 in
2656 642 2805 698 molli
2830 651 3006 698 tectas
3028 642 3282 713 lanugine
3307 641 3532 698 damas:
3643 632 3648 637 ’

2249 732 2653 803 Saltigerosque
2676 733 2874 805 tigres,
2905 732 3048 789 fulva
3072 733 3284 788 cervice
3305 733 3488 790 leones
3505 773 3521 798 ,

2247 822 2403 879 llaud
2427 839 2587 880 secus
2612 834 2671 880 ut
2692 823 2882 894 pecual
2908 825 3189 895 propriore
3210 824 3404 880 clausit
3425 824 3574 881 ovili.

2246 913 2485 984 Postque
2506 914 2771 970 salutiferi
2794 915 3044 985 perfusos
3067 930 3190 971 rore
3214 914 3413 973 lavacri
3431 956 3447 981 ,

2248 1002 2364 1058 Sub
2392 1003 2575 1060 Patris
2599 1012 2654 1062 et
2678 1003 2861 1060 Geniti
2878 1046 2893 1071 ,
2918 1005 3095 1061 sancti
3119 1005 3221 1061 sub
3246 1005 3508 1063 Flaminis
3536 1007 3666 1063 almi

2247 1093 2477 1150 Nomine
2492 1136 2508 1159 ,
2533 1110 2644 1166 quo
2667 1103 2870 1151 nostra
2891 1094 3106 1151 conStat
3128 1110 3254 1167 spes
3276 1096 3436 1152 unica
3459 1097 3617 1164 vitte,

2246 1182 2706 1255 Christicolasque
2729 1184 2893 1241 rudes
2914 1185 2983 1241 ad
3008 1185 3133 1242 οωιί
3157 1185 3337 1243 sidera
3358 1188 3509 1243 misit
3534 1204 3551 1243 :

2246 1273 2647 1331 Chrismatibus
2667 1289 2827 1331 sacro
2848 1276 3065 1345 inunxit
3082 1278 3411 1350 baptismate
3432 1278 3595 1345 lotos,

2249 1364 2370 1433 Quo
2385 1366 2501 1439 iam
2530 1366 2812 1426 fumiferas
2833 1367 3050 1424 valeant
3072 1370 3457 1427 transcendere
3479 1369 3759 1438 ﬂammas,

2247 1455 2681 1528 Prcgeniemque
2702 1473 2897 1514 novam
2919 1458 3120 1517 Christi
3140 1461 3393 1533 perduxit
3414 1462 3469 1518 in
3493 1461 3695 1519 aulam.

2246 1547 2420 1605 Porro
2443 1547 2809 1606 celsitbronus
2826 1549 2994 1621 iudex
3014 1565 3142 1607 cum
3167 1550 3345 1607 factor
3365 1549 3581 1624 Olympi

2250 1637 2504 1704 Venerit,
2526 1637 2813 1695 ultricibus
2836 1640 3096 1696 mundum
3121 1642 3382 1697 damnare
3405 1640 3621 1709 favillis,

2250 1725 2319 1781 Et
2341 1741 2439 1782 vas
2457 1726 2779 1798 pestiferum
2801 1729 3014 1787 calcati
3037 1730 3263 1789 fulmine
3284 1731 3476 1790 fractis
3508 1747 3525 1775 ι

553 1788 707 1845 Tunc
731 1794 887 1859 pater
909 1783 1279 1855 omnipotens,
1311 1794 1494 1884 τοξιιω
1519 1779 1859 1853 εηιίεείωυε
1881 1784 2092 1840 auem"
2178 1810 2228 1874 B

552 1878 646 1933 Ille
669 1877 794 1948 pius
821 1884 991 1941 sator,
1018 1886 1272 1944 superam
1293 1872 1387 1944 qui
1413 1879 1680 1941 temperat
1703 1886 1861 1927 axem
1876 1911 1893 1937 ,

555 1964 885 2038 Progeniem
908 1970 1155 2020 sanctam
1179 1960 1440 2032 praecelsa
1464 1961 1615 2017 mitis
1639 1960 1711 2016 ab
1732 1974 1862 2015 arce

560 2059 738 2124 Misit,
763 2065 819 2112 et
840 2053 1113 2127 extemplo
1135 2053 1311 2108 cinxit
1329 2052 1421 2108 lux
1447 2067 1612 2108 aurea
1637 2051 1898 2107 mundum

558 2150 794 2207 Horrida
819 2147 1101 2221 probrosa:
1126 2144 1363 2216 dempsit
1384 2144 1476 2215 qui
1500 2145 1730 2200 crimina
1756 2143 1948 2202 mortis
1967 2182 1983 2210 ,

556 2242 624 2297 Et
650 2238 865 2297 facinus
893 2235 1079 2293 mundi
1105 2231 1362 2292 Iordanis
1386 2234 1520 2290 lavit
1544 2235 1599 2289 in
1623 2233 1786 2290 undis
1807 2274 1822 2299 ,

558 2332 915 2404 Signavitque
937 2328 1057 2400 pios
1079 2326 1309 2399 pretiosi
1334 2326 1615 2400 sanguinis
1635 2334 1806 2382 ostro.

560 2422 654 2479 Sic
678 2435 895 2493 quoque
918 2417 1175 2475 fellivomi
1198 2417 1439 2490 przedam
1464 2418 1533 2472 de
1556 2416 1713 2473 fauce
1738 2416 1980 2491 chelydri

557 2514 832 2578 Abstulit,
862 2520 918 2569 et
945 2509 1207 2583 quoquidi
1233 2507 1355 2581 (sic)
1382 2508 1592 2565 calidas
1614 2508 1867 2580 spoliavit
1886 2524 2102 2578 arenas,

559 2605 751 2662 Victor
771 2618 945 2660 ovans
966 2600 1160 2666 rediit,
1185 2600 1421 2671 patriam
1449 2600 1714 2657 remeavit
1737 2599 1806 2656 ad
1832 2615 2035 2657 arcem.

557 2698 681 2754 iam
704 2696 1073 2768 septingentos
1097 2692 1279 2749 finitos
1305 2692 1527 2748 circiter
1547 2707 1722 2749 annos

562 2789 631 2844 Et
657 2796 867 2859 septem
894 2786 1108 2852 decies,
1138 2783 1194 2839 ni
1219 2782 1399 2849 fallor,
1423 2800 1589 2856 supra
1611 2784 1783 2839 relicti
1801 2825 1818 2850 ,

563 2879 636 2936 Ut
660 2879 830 2935 tradit
856 2886 1063 2947 septem
1088 2876 1398 2947 priscorum
1419 2875 1663 2932 calculus
1687 2876 1848 2931 index
1866 2916 1883 2941 ,

564 2971 777 3025 Adsunt
800 2968 1085 3041 praesentis
1112 2965 1327 3024 deﬂuxu
1354 2969 1616 3040 temporis
1640 2969 1787 3024 anni.

560 3063 680 3130 Quo
703 3059 930 3117 Carolus
954 3072 1100 3115 nono
1127 3065 1319 3128 regnat
1344 3056 1576 3114 feliciter
1599 3073 1744 3114 anno
1770 3058 1797 3099 ει
1824 3076 1841 3127 ;

563 3155 621 3209 In
648 3168 757 3224 quo
780 3152 1060 3208 Saxonum
1083 3164 1252 3221 pravo
1276 3150 1343 3206 de
1365 3149 1630 3221 sanguine
1652 3158 1801 3206 creta

562 3246 709 3302 Cens
735 3244 933 3298 meruit
956 3257 1137 3315 regem
1165 3257 1437 3298 summum
1460 3258 1789 3314 cognoscere
1810 3244 1935 3300 caeli
1953 3283 1971 3311 ,

566 3336 797 3393 Sordida
824 3335 1045 3405 pollutis
1068 3350 1190 3405 qua:
1218 3334 1424 3405 pridem
1453 3335 1588 3391 dura
1615 3334 1829 3391 sacellis
1846 3377 1861 3402 ,

563 3429 802 3485 Ponebat
823 3468 840 3493 ,
867 3426 1069 3497 rapidis
1092 3425 1291 3480 bustim
1319 3438 1342 3465 ε
1371 3426 1595 3498 depasta
1618 3427 1852 3483 caminis

567 3523 690 3577 Rite
714 3528 1027 3577 cruentatas
1054 3527 1237 3573 tauros
1262 3520 1535 3574 mactabat
1554 3519 1623 3575 ad
1647 3534 1791 3576 aras.

569 3617 636 3673 Et
659 3616 949 3670 dcmonum
973 3611 1154 3669 cultus
1177 3612 1314 3667 colla
1343 3610 1664 3667 inﬂectendo
1688 3611 1951 3668 nefandos
1967 3654 1982 3678 ,

566 3708 896 3780 Suppliciter
920 3720 1187 3760 venerans
1209 3718 1570 3775 proceresque
1604 3705 1849 3775 Deosque
1887 3703 2149 3771 Penates,

566 3801 858 3858 Barbarica
887 3799 1035 3854 rabie
1063 3797 1237 3853 ﬂuxas
1261 3806 1543 3869 grassante
1570 3797 1833 3854 medullas
1850 3840 1865 3863 ,

566 3895 676 3949 Pro
700 3906 881 3946 rerum
907 3890 1123 3945 fortuna
1151 3888 1302 3959 plebs
1324 3889 1632 3944 miseranda
1659 3887 1906 3961 rogabat.

571 3986 687 4040 lloc
710 3999 880 4056 genus
902 3981 1134 4037 indocile
1156 3981 1377 4036 Christo
1401 3979 1716 4035 famularicr
1736 3979 1847 4035 alto

567 4077 828 4148 ignorans
843 4115 860 4140 ,
886 4074 1175 4130 Dominum
1202 4088 1325 4126 nam
1349 4071 1514 4127 corde
1537 4071 1763 4128 credere
1788 4072 1979 4127 nolens
1994 4112 2011 4138 ,

568 4168 651 4222 Ob
678 4180 899 4222 causam
926 4172 1125 4220 nostra:
1148 4163 1203 4218 in
1228 4164 1488 4220 mundum
1513 4164 1729 4221 venisse
1748 4164 1958 4221 salutis.

574 4258 729 4313 lianc
754 4256 982 4313 Carolus
1005 4256 1259 4328 princeps
1282 4265 1501 4327 gentem
1521 4296 1537 4323 ,
1561 4254 1893 4330 fulgentibus
1914 4260 2087 4316 armis

573 4350 815 4405 Fortiter
841 4349 1120 4404 adcinctos
1150 4346 1169 4386 ί
1198 4348 1365 4419 galeis
1396 4349 1657 4406 cristatus
1678 4351 1886 4419 acutis,

571 4441 809 4497 Arbitris
835 4442 860 4480 ε
884 4439 1075 4495 aeterni
1104 4441 1241 4493 mira
1270 4441 1471 4498 virtute
1492 4441 1718 4511 iubatus
1739 4440 1798 4511 δ,

571 4532 679 4589 Per
702 4533 883 4587 varios
904 4546 1064 4587 casus
1087 4532 1315 4596 domuit,
1330 4545 1429 4603 per
1451 4532 1598 4587 mille
1622 4534 1947 4606 triumphos,

574 4622 786 4691 Perque
807 4622 1139 4677 cruoril‘eros
1164 4620 1358 4676 umbos
1372 4663 1387 4686 ,
1412 4636 1511 4691 per
1534 4622 1642 4678 tela
1664 4622 1861 4691 duelli,

573 4713 679 4769 Per
702 4714 809 4767 vim
834 4713 1126 4778 virtutum,
1153 4728 1251 4782 per
1272 4711 1476 4782 spicula
1501 4711 1595 4768 lita
1614 4729 1809 4769 cruore

572 4803 876 4867 Contrivit,
909 4803 1127 4858 sibimet
1149 4803 1330 4874 gladio
1356 4802 1603 4858 vibrante
1626 4805 1836 4874 subegit
1862 4824 1877 4873 ;

575 4894 769 4948 Traxit
792 4892 1067 4948 silviculas
1092 4894 1161 4948 ad
1183 4893 1305 4946 cmli
1332 4907 1497 4964 regna
1521 4893 1843 4965 phalanges,

577 4982 809 5053 Moxque
831 4980 986 5051 lupos
1008 4996 1181 5036 smvos
1207 4991 1423 5037 teneros
1445 4982 1674 5037 mutavit
1699 4984 1752 5037 in
1778 4999 1944 5055 agnos
1967 5004 1979 5036 :

576 5076 916 5132 llaucisonOs
941 5076 1141 5129 tinctos
1166 5073 1320 5130 furva
1346 5076 1624 5145 nigredine
1647 5092 1844 5132 corvos

578 5167 754 5223 Vertit
781 5168 836 5222 in
863 5165 1108 5221 albilluas
1132 5166 1314 5221 subito
1334 5166 1667 5237 iamiamque
1690 5166 1999 5235 columbas,

650 5312 676 5338 ³
714 5296 1039 5371 Εξιτιηςῐιγρι
1060 5298 1245 5371 codice
1271 5297 1479 5367 collegii
1503 5298 1560 5353 S.
1586 5297 1739 5353 Pauli
1759 5299 2169 5371 depromptum;

580 5367 721 5422 forte
750 5368 961 5421 Alcuini
984 5409 997 5431 ,
1033 5368 1216 5421 multis
1244 5376 1424 5421 tamen
1455 5371 1664 5424 mendis
1691 5367 1951 5426 obsitum.
1985 5367 2055 5412 L-
2092 5367 2173 5430 Ex

579 5442 854 5511 Annesois
877 5439 1369 5511 apurii‘robcnium
1389 5480 1403 5505 ,
1428 5441 1497 5494 ad
1523 5438 1728 5495 calcem
1755 5442 1889 5501 tomi
1915 5445 2170 5511 secundi,

584 5510 689 5565 huc
719 5508 966 5562 relatum.
995 5508 1153 5563 Enn.

655 5600 683 5639 ι’
720 5599 913 5664 Forte,
940 5601 1123 5670 quinta
1152 5611 1299 5655 a'las.

658 5708 679 5735 ε
720 5697 873 5765 Leg.,
901 5697 1194 5766 labefactus
1222 5698 1426 5752 acerbo.

656 5789 680 5827 ιί
718 5788 872 5843 Anno
899 5788 990 5843 77l
1008 5830 1021 5854 ,
1047 5788 1271 5845 Carolus
1298 5790 1444 5845 solus
1472 5807 1696 5863 regnum
1722 5796 1960 5865 suscepit
1985 5812 1998 5863 ;
2031 5812 2173 5853 anno

2172 3173 2222 3242 C

2249 1908 2623 1982 Fulvereoque
2644 1911 2806 1985 globo
2826 1923 3117 1970 versutum
3130 1915 3342 1972 coxerit
3363 1929 3594 1989 anguem
3608 1956 3627 1983 ,

2247 2000 2368 2069 Quo
2391 2002 2510 2058 sine
2534 2002 2644 2059 line
2666 2001 2855 2061 dolens
2876 2005 3028 2076 picea
3052 2006 3346 2083 marciseat
3374 2005 3389 2058 i
3426 2007 3481 2063 in
3502 2006 3638 2073 olla,

2249 2091 2584 2149 Cunctorum
2608 2094 2866 2150 meritum
2890 2095 3093 2152 trilibri
3116 2103 3248 2152 tunc
3268 2097 3423 2154 lance
3442 2096 3713 2164 librando,

2248 2182 2451 2242 Lactea
2474 2182 2619 2240 dona
2640 2181 2801 2240 bonis
2816 2224 2832 2249 ,
2860 2199 2956 2241 seu
2981 2186 3164 2257 tristia
3180 2184 3360 2259 iungit
3381 2186 3613 2252 amaris,

2248 2271 2520 2344 Principis
2542 2275 2755 2330 interea
2775 2272 3017 2331 clemens
3036 2290 3139 2347 pro
3161 2291 3388 2334 munere
3408 2285 3560 2335 tanto

2249 2359 2481 2419 Prestet
2496 2403 2513 2429 ,
2538 2370 2601 2418 ut
2625 2362 2880 2434 astrigeri
2902 2365 3143 2434 potiatur
3159 2365 3383 2438 praemia
3410 2364 3605 2437 regni;

2249 2452 2440 2510 Dulcia
2462 2452 2736 2510 mellillua:
2755 2454 3013 2526 degustet
3032 2471 3233 2528 pascua
3258 2458 3385 2513 vita:
3408 2475 3423 2510 :

2250 2544 2488 2611 Pascua,
2515 2559 2640 2616 quae
2667 2551 2853 2601 noster
2865 2543 2981 2615 iam
3006 2544 3208 2602 dudum
3228 2544 3354 2615 iure
3380 2543 3714 2617 Redemptor

2249 2634 2632 2706 Ctelicolisque
2656 2634 2789 2689 dare
2811 2635 3035 2706 proprio
3058 2635 3309 2707 promisit
3333 2635 3405 2691 ab
3426 2649 3544 2690 ore.

2885 2767 3212 2826 CCLXXXI.

2775 2910 3311 3021 POEMA

2333 3108 3092 3357 ΡθΝἸἹῙέἸῦΙΒΙΙΞΕ
3123 3229 3268 3373 ET
3347 3224 3765 3362 SANCTIS

2534 3409 2941 3474 ECCLESIJE
2982 3412 3552 3478 EBOBACENSIS.

2254 3530 2362 3593 Ea:
2400 3529 2543 3594 cod.
2575 3550 2688 3593 ms.
2722 3534 3088 3673 monaslgrii
3124 3534 3188 3595 S.
3224 3534 3601 3598 Theoderici
3639 3553 3846 3616 prope

2990 3632 3197 3673 mnos.

2990 3632 3197 3677 ιριηοε.

2536 3734 2696 3808 241
2737 3734 3115 3800 MONITUM
3158 3736 3569 3799 ΡΒλἘΥΙΗΜ.

2326 3838 2619 3909 Auctorem
2640 3835 2822 3909 huius
2865 3839 3132 3907 poematis
3155 3853 3484 3909 anonymum
3514 3846 3676 3894 vocat
3702 3839 3850 3896 cele-

2255 3906 2532 3978 berrimus
2553 3905 3029 3978 blabillonius,rqui
3054 3909 3184 3964 illud
3203 3924 3235 3964 e
3260 3905 3380 3963 cod.
3406 3925 3510 3963 ms.
3529 3910 3848 3966 monasterii

2260 3977 2319 4034 S.
2347 3976 2885 4062 Theudorici‘opep.
2910 3976 3519 4062 ChristOphoripaubin
3546 3979 3747 4036 sodalis
3763 3982 3851 4037 sui

2257 4049 2422 4111 eruit,
2448 4056 2610 4119 atque
2631 4047 2776 4103 illius
2796 4047 3183 4119 fragmentum,
3201 4050 3420 4106 omissis
3437 4049 3505 4107 iis
3561 4065 3643 4106 uze
3667 4066 3700 4106 a
3720 4067 3847 4109 ven.

2261 4120 2403 4175 Beda
2426 4126 2669 4173 mutuata
2684 4127 2830 4178 sunt.
2862 4121 3094 4176 inseruit
3112 4122 3235 4177 Act.
3262 4118 3363 4176 SS.
3386 4066 3586 4177 Bent-fill.
3615 4136 3741 4177 suae.
3763 4137 3847 4178 ιιι.

2260 4160 2405 4261 iii}?
2426 4160 3849 4262 ἷὶἷῖεῗέῗ’ὲι’ἐῖἷι‹ὶῗὶἰιὲἔεῶῖ’ὢὶὶι”“ιὶοῖιᾘὲιίίἐζ

2260 4259 2724 4334 omissoauctoris
2745 4259 3072 4334 nomine',"in
3095 4259 3323 4334 prmfato
3342 4262 3529 4317 codice
3557 4259 3674 4318 haec
3696 4273 3851 4334 erat:

2264 4329 2510 4409 {Heloria
2537 4330 2759 4401 Anglico
2784 4332 3017 4388 carmine
3052 4329 3263 4409 heroico
3287 4350 3321 4387 a
3345 4334 3578 4403 quodam
3619 4331 3855 4404 sapiente

2260 4400 2614 4543 fulgurum
2662 4484 2796 4528 vero
2844 4487 3037 4543 poema
3085 4486 3273 4543 postea
3316 4490 3347 4529 a
3403 4472 3719 4533 Mabillonio
3756 4489 3854 4532 ac-

2265 4550 2505 4613 ceptum,
2533 4541 2601 4613 de
2622 4541 3003 4613 auctore—nihil
3019 4541 3291 4611 dubitans,
3311 4546 3413 4601 sub
3435 4546 3656 4601 nomine
3672 4544 3857 4601 Flacci

2271 4611 2485 4669 Alcuini
2509 4611 2678 4668 edidit
2718 4614 2942 4670 Oxoni:e
2967 4615 3099 4671 l69l
3144 4617 3385 4673 Thomas
3408 4614 3542 4671 Gale
3568 4616 3710 4672 Hist.
3736 4615 3857 4672 Bri-

2271 4682 2529 4771 ξεξιιξιίετφο
2557 4681 2862 4771 δεινὼ»
2906 4685 3325 4771 Arcem-rice
3364 4685 3858 4771 Scriptum-.793

2268 4761 2344 4837 et.
2355 4768 2509 4824 seqq.
2542 4771 2562 4805 ι
2595 4754 2855 4835 Quamvis
2882 4754 3026 4813 enim
3054 4758 3217 4829 huius
3237 4754 3858 4841 opusculi'vcl‘auctoris

2270 4823 2415 4908 illius
2436 4823 2577 4906 apud
2592 4824 3079 4908 bmgrapbosnulla
3095 4838 3302 4908 mentio
3314 4828 3433 4908 fiat,
3451 4842 3660 4908 nesciri
3672 4838 3857 4908 tamen

2271 4903 2481 4969 auctor
2510 4897 2628 4965 ipse
2674 4910 2734 4952 se
2766 4897 2960 4964 noluit,
2998 4917 3015 4951 δ
3051 4899 3229 4969 inquit
3286 4899 3536 4969 laudatus
3574 4899 3753 4955 editor
3800 4898 3858 4954 in

2270 4964 2637 5037 prafatione;
2660 4985 2679 5017 ι
2709 4983 2834 5023 nam
2877 4964 3319 5036 versibus'l515,
3348 4968 3506 5037 1550,
3538 4969 3701 5033 155i,
3722 4969 3861 5024 bene

2268 5036 2578 5160 perpensis,
2593 5036 2780 5135 elicieS
2799 5038 3083 5095 Alcuinum
3105 5041 3273 5125 fuisse
3290 5036 3502 5112 patrem
3525 5039 3860 5123 huiusnlibel-

2295 5124 2334 5160 ι.
2365 5121 2435 5160 ne
2458 5107 2587 5160 uutd
2613 5108 2847 5160 destvlo
2870 5118 2927 5160 et
2950 5120 3211 5160 mmMrls
3235 5120 3612 5160 consonantia-
3632 5109 3860 5160 alusnuu

2295 5107 2334 5169 i,
2350 5107 2587 5188 nequid
2613 5108 2853 5188 diastylo
2870 5118 2927 5166 et
2950 5113 3211 5187 temporis
3235 5107 3612 5188 consonantia,
3632 5109 3862 5182 aliisque

2201 5187 2215 5195 '
2273 5176 2490 5233 indiciis
2516 5176 2780 5247 prolixius
2798 5176 3091 5237 dissertare
3112 5196 3336 5240 newsse
3357 5180 3608 5238 habeam.
3637 5200 3657 5235 ι

2276 5310 2608 5439 3323:3316
2633 5314 2879 5373 Saxones
2913 5318 3176 5390 baptizati
3204 5328 3364 5387 sunt,
3391 5325 3554 5389 prout
3578 5315 3858 5373 annalist:

2351 5465 2376 5531 ς
2415 5453 2560 5531 Loco
2581 5456 2759 5531 statim.
2790 5456 3072 5531 Ducangc,
3098 5477 3261 5529 voce,
3292 5461 3508 5518 Beatus.

2354 5523 2373 5563 ί
2415 5522 2581 5580 Forte
2594 5566 2612 5591 ,
2638 5528 2924 5583 accinctus.

2350 5596 2377 5634 ⁸
2416 5593 2559 5650 Loco
2583 5596 2801 5652 Arbitri.

2348 5668 2375 5703 Ιι
2416 5663 2457 5737 if
2461 5674 2579 5720 orte
2593 5706 2609 5730 ,
2627 5666 2865 5737 junctus.

2355 5736 2369 5813 ξ
2416 5734 2578 5813 [forte
2598 5777 2614 5801 ,
2628 5734 2640 5737 ⁷
2652 5736 2901 5805 fractum.

2353 5804 2367 5853 ἱ
2417 5804 2561 5862 Loco
2581 5848 2595 5873 ,
2624 5804 2928 5863 marcescat.
