4106 6550
1187 81 1468 88 _______

357 403 460 460 8l7

352 519 614 576 Omnibus
638 526 688 572 et
721 523 924 573 sancta
953 512 1078 570 ﬁdei
1110 512 1403 567 virtutibus
1429 510 1647 564 almam.

350 609 448 666 Cui
474 610 632 664 datur
660 608 890 662 antistes
911 604 1038 660 vitae
1062 609 1310 660 servator
1332 603 1592 663 honestat,

350 698 575 754 Nomine
604 696 886 760 Paulinus,
914 695 1049 751 civis
1079 693 1415 750 clarissimus
1443 691 1594 747 urbis

350 787 629 854 Romanae,
657 802 856 857 magno
886 786 1208 842 meritorum
1247 783 1418 839 fretus
1449 784 1674 846 honore,

349 874 450 945 Qui
481 875 580 932 fuit
607 893 704 932 ore
729 876 890 932 simul
917 890 1080 931 verax
1111 883 1166 930 et
1193 882 1411 944 pectore
1438 873 1697 942 prudens,

355 966 578 1025 iustitiae
603 969 810 1032 cultor,
840 982 998 1022 verus
1023 965 1246 1035 pictatis
1273 972 1506 1029 amator,

348 1059 661 1115 Catholicus
685 1058 895 1122 doctor,
920 1056 1160 1111 coalestia
1189 1056 1334 1111 dona
1368 1055 1687 1109 ministrans

345 1149 612 1208 Gentibus
641 1149 929 1222 equoreis,
956 1149 1086 1205 solis
1109 1164 1210 1203 ceu
1236 1146 1432 1202 lucifer
1469 1155 1651 1201 ortum

346 1241 714 1301 Przecurrens.
751 1249 922 1297 tetras
949 1241 1300 1297 tenebrarum
1327 1239 1548 1294 discutit
1580 1238 1824 1303 umbras,

345 1333 526 1407 Atque
547 1332 692 1390 diem
718 1339 986 1387 monstrat
1013 1331 1215 1387 mundo
1247 1330 1463 1386 venisse
1494 1344 1768 1385 serenum.

347 1423 442 1479 Sic
466 1431 624 1496 pater
652 1421 742 1477 ille
768 1422 908 1493 pius,
944 1421 1127 1478 divino
1154 1421 1359 1475 lumine
1386 1420 1560 1486 verbi,

346 1515 564 1587 Expulit
591 1515 844 1570 humanis
870 1515 1092 1570 tetricas
1127 1514 1193 1568 de
1224 1511 1482 1568 cordibus
1508 1514 1750 1567 umbras.

346 1607 558 1678 Quique
583 1608 672 1663 die
696 1607 930 1677 quadam
956 1608 1225 1663 constanti
1250 1614 1471 1678 pectore
1499 1621 1684 1676 regem

345 1699 648 1774 Aggressus
684 1701 870 1756 retulit
897 1702 1133 1771 signum,
1162 1701 1306 1769 quod
1338 1699 1576 1754 diximus
1603 1698 1733 1755 olim
1763 1711 1790 1739 ι

343 1791 513 1851 Nocte
541 1796 645 1850 sub
667 1794 902 1850 obscura
929 1794 1184 1863 juvenem
1209 1793 1414 1849 vidisse
1439 1791 1684 1862 patentis

344 1887 566 1944 Finibus
593 1889 899 1957 expulsum,
925 1888 1210 1959 posuitque
1241 1887 1294 1944 in
1323 1885 1528 1940 vertice
1555 1884 1818 1941 dextram.

343 1976 590 2034 Territus
617 1991 915 2049 agnoscens
948 1977 1220 2047 prrcdictm
1246 1976 1397 2047 signa
1429 1975 1622 2030 salutis

343 2069 480 2135 Rex,
515 2070 650 2128 solio
677 2072 903 2142 supplex
931 2071 1116 2128 statim
1144 2070 1425 2127 descendit
1450 2068 1519 2123 ab
1543 2068 1675 2133 alto,

343 2160 412 2216 Et
439 2161 548 2216 ruit
575 2170 703 2217 ante
728 2162 894 2232 pedes
913 2161 1210 2217 venerandi
1238 2161 1522 2226 antistitis,
1550 2167 1716 2230 atque

341 2248 536 2305 Omnia
563 2265 707 2306 nunc
737 2249 956 2313 faciam,
984 2250 1143 2315 dixit,
1171 2265 1506 2321 quaecunque
1534 2249 1825 2329 spopondi,

341 2337 519 2411 Atque
547 2339 718 2395 Deum
749 2340 875 2396 cmli
909 2340 1138 2397 credens
1165 2343 1471 2396 venerabor
1491 2342 1712 2412 ubique,

341 2428 445 2496 Qui
471 2430 602 2485 mibi
626 2432 900 2486 concessit
927 2430 1118 2498 vitam,
1149 2433 1409 2505 regnique
1429 2449 1722 2500 coronam;

340 2518 587 2591 Namque
612 2523 720 2578 erit
747 2522 838 2578 ille
862 2523 994 2578 mihi
1038 2521 1185 2581 solus
1231 2523 1375 2581 Deus
1417 2541 1578 2581 omne
1607 2542 1705 2598 per
1733 2542 1930 2583 aevum.

342 2611 449 2669 Sed
475 2614 638 2671 modo
666 2615 754 2670 dic
781 2615 938 2676 nobis
967 2615 1039 2671 sit
1062 2617 1299 2689 qualiter
1327 2617 1416 2673 ille
1438 2618 1736 2676 colendus?

340 2699 440 2759 Cui
473 2711 728 2776 prompto
755 2705 1010 2796 gaudens;
1024 2707 1305 2777 respondit
1332 2709 1624 2779 episcopus
1651 2723 1790 2765 ore:

345 2813 367 2846 ι
401 2794 571 2851 Fmda
595 2797 786 2867 procul
809 2794 1241 2870 fugiat—primum
1271 2801 1485 2857 cultura
1513 2802 1760 2867 deorum,

339 2886 454 2943 Nec
474 2903 734 2958 pecorum
762 2892 982 2963 sanguis
1008 2890 1159 2948 falsis
1184 2892 1308 2963 plus
1335 2891 1508 2948 fumet
1534 2892 1590 2948 in
1615 2893 1745 2959 aris,

338 2977 450 3036 Nec
473 2979 668 3036 calidis
693 2996 852 3038 omen
880 2982 1034 3038 ﬁbris
1055 2985 1335 3054 perquirat
1361 3001 1621 3058 aruspex,

339 3070 450 3128 Nec
476 3081 673 3130 cantus
698 3076 977 3131 volucrum
1010 3087 1187 3134 servet
1217 3079 1544 3136 vanissimus
1570 3097 1766 3152 augur,

338 3159 531 3219 Omnia
557 3173 870 3222 sternantur
900 3167 1066 3224 fundo
1093 3170 1388 3226 simulacra
1415 3171 1660 3227 deorum.
1688 3195 1706 3224 ι

337 3255 479 3311 lline
501 3257 624 3327 pius
653 3258 882 3313 antistes
908 3258 1032 3314 ﬁdei
1061 3260 1320 3331 mysteria
1349 3261 1513 3332 σαθρῆ

337 3343 503 3418 246,
529 3346 846 3404 Testiﬁeare
864 3349 1044 3419 palam
1072 3358 1386 3407 constanter
1401 3352 1456 3408 in
1481 3353 1673 3410 ordine
1697 3356 1927 3422 cunctis,

337 3434 523 3493 Donec
553 3439 670 3508 ipse
693 3437 854 3495 fidem
880 3441 1131 3510 conrepit
1157 3450 1380 3512 pectore
1406 3451 1520 3499 toto

337 3527 452 3584 Rex
484 3532 626 3600 pius,
653 3542 705 3586 et
736 3534 932 3602 populo
958 3536 1231 3605 persuasit
1266 3536 1491 3593 credere
1519 3537 1819 3596 Christum.

337 3620 476 3677 Ecce
501 3623 841 3678 sacerdotum
874 3624 1000 3680 Czeﬁ
1032 3627 1060 3666 δ
1091 3635 1220 3683 tunc
1255 3630 1515 3700 temporis
1543 3639 1755 3697 auctor,

336 3711 704 3784 lit-rerumque
731 3727 894 3785 caput
922 3716 1120 3782 fuerat,
1153 3719 1240 3774 cui
1269 3735 1367 3775 rex
1397 3721 1474 3775 ait
1499 3739 1510 3774 :
1542 3740 1560 3771 ‹
1595 3721 1689 3776 Eia

338 3804 534 3874 Arripe
565 3806 669 3860 tela
700 3806 796 3861 tibi
824 3811 976 3878 prius
1014 3808 1332 3863 inconsueta
1365 3812 1620 3867 sacerdos

335 3894 605 3961 Etjarulo
636 3899 838 3952 celsum
871 3900 1077 3968 primus
1109 3911 1164 3952 tu
1192 3902 1370 3970 pollue
1401 3902 1619 3963 fanum;

337 3987 437 4052 Qui
468 3986 943 4048 fuerasseelerum
975 3993 1184 4056 ἀωρίαν,
1207 4009 1352 4048 nunc
1368 4003 1488 4051 esto
1514 3997 1727 4052 salutis.
1763 4019 1782 4051 ν

334 4077 541 4132 Annuit
566 4081 650 4133 bis
682 4080 839 4135 dictis
870 4082 1070 4148 senior,
1102 4084 1400 4153 paucisque
1429 4086 1748 4156 respondit:

343 4188 360 4222 ι
397 4171 668 4227 Hactenus
701 4175 907 4228 incerto
935 4188 1051 4228 mea
1084 4177 1315 4230 stamine
1349 4177 1457 4230 vita
1485 4180 1763 4248 pependit,

337 4259 529 4317 Obruit
555 4270 608 4318 et
635 4264 810 4318 dubiis
832 4267 1071 4319 animum
1101 4267 1274 4337 caligo
1310 4271 1570 4331 tenebris,

337 4357 547 4412 Exhinc
575 4367 722 4412 certa
755 4373 970 4428 sequar,
1002 4360 1226 4428 cupiens
1253 4377 1547 4428 agnoscere
1577 4381 1786 4429 verum,

339 4448 736 4518 Eternumque
766 4450 965 4516 Deum;
1001 4452 1082 4507 vel
1113 4454 1258 4508 sistit
1284 4456 1392 4508 vita
1430 4455 1644 4520 futura;

337 4543 420 4596 An
450 4550 717 4595 tormenta
748 4542 922 4606 malis,
956 4552 1212 4599 maneant
1237 4561 1305 4600 an
1330 4549 1552 4616 przetnia
1582 4548 1766 4616 justis.
1797 4574 1814 4604 ι

341 4631 436 4687 llis
466 4634 640 4703 rapuit
675 4634 865 4688 dextra
895 4635 1058 4690 dictis
1082 4636 1277 4692 hastile
1307 4639 1528 4705 minari,

336 4722 516 4794 Atque
552 4739 756 4778 marem
790 4725 1108 4780 conscendit
1135 4742 1332 4797 equum
1361 4747 1467 4783 non
1501 4748 1650 4786 more
1677 4743 1852 4799 sueto,

338 4814 434 4869 Cui
465 4830 563 4884 per
583 4814 720 4869 colla
743 4813 888 4880 juba:
913 4817 1171 4882 volitant,
1206 4827 1374 4873 tumet
1405 4823 1568 4875 ardua
1602 4825 1818 4890 cervix;

342 4905 562 4960 Pectore
594 4905 806 4961 sublato
835 4908 990 4963 velox
1017 4909 1150 4965 fodit
1179 4913 1377 4975 ungula
1411 4924 1636 4977 lt‘l‘l'ﬂllt,

340 4997 735 5070 Impatiensque
762 5016 924 5055 Inulae
955 5005 1232 5071 quatiebat
1263 5008 1531 5062 morsibus
1561 5025 1778 5078 aurum,

340 5088 621 5145 Terribilis
651 5091 824 5159 qualis
849 5108 1014 5148 curvo
1043 5094 1101 5147 fit
1128 5095 1361 5150 Parthus
1393 5099 1446 5150 in
1474 5114 1602 5153 areu

340 5179 436 5236 Vel
465 5181 509 5235 si
538 5179 694 5252 longa
723 5181 870 5237 leves
897 5184 1071 5241 vibrat.
1095 5187 1307 5242 hastilia
1340 5189 1390 5242 in
1420 5207 1605 5258 auras,

340 5269 491 5327 Talis
515 5279 570 5326 et
599 5272 711 5341 ipse
739 5277 871 5343 petit
901 5276 1080 5346 jaeulo
1109 5277 1318 5349 fastigia
1352 5281 1495 5349 fani;

338 5357 388 5417 ο
411 5362 637 5418 nimium
662 5367 794 5418 tanti
825 5363 950 5420 felix
978 5367 1202 5422 audacia
1236 5369 1392 5425 facti!

415 5473 568 5529 Vers.
613 5475 732 5530 186.

413 5619 440 5682 ξ
480 5605 824 5682 Supra_vcrs.
856 5611 923 5665 91
947 5620 1002 5665 et
1026 5627 1140 5682 seq.

415 5677 444 5717 δ
479 5678 637 5748 Apud
661 5679 863 5736 Bedam
893 5682 1022 5750 Coiﬁ
1063 5677 1306 5748 voratur,
1339 5685 1374 5738 l.
1408 5686 1502 5742 cit.
1534 5704 1656 5750 ean.
1689 5690 1776 5747 l5.

1139 390 1471 454 CARMIXA.
1510 419 1579 430 --
1616 387 1705 443 DF.
1742 382 2014 442 PONTIF.
2057 383 2148 440 ET
2189 383 2290 441 SS.
2333 383 2528 440 ECCL.
2570 383 2868 444 EBORAC.

1961 499 2011 558 Α
2038 495 2236 552 Polluit
2260 507 2385 554 ante
2410 500 2565 567 alios,
2595 518 2728 569 quas
2755 501 2865 572 ipse
2890 511 3191 556 sacraverat
3215 519 3362 559 aras.

3524 386 3631 446 8l8

2035 589 2202 645 Plena
2231 591 2366 647 fides
2396 593 2600 663 patuit,
2625 607 2730 648 nec
2753 595 2928 650 adhuc
2955 595 3011 650 in
3043 595 3192 652 fonte
3217 597 3451 664 lavatur,

2037 679 2287 751 Explevit
2317 683 2532 738 virtutis
2551 699 2688 754 Opus
2714 684 2913 755 pietate
2943 685 3106 742 ﬁdeli.

2038 768 2218 824 Turba
2241 771 2580 842 salutifcrunl
2609 775 2856 844 sequitur
2879 789 3004 830 mox
3035 785 3145 831 tota
3171 777 3523 848 magistrum,

2036 857 2256 916 Viribus
2286 864 2562 918 unanimis
2591 871 2844 920 sternunt
2869 868 3188 940 etcduntquc
3223 869 3520 926 sacellum:

2037 951 2192 1006 ’l'uue
2216 965 2399 1008 erecta
2440 956 2548 1010 ruit
2578 955 2688 1010 fani
2720 966 2993 1013 structum
3022 961 3255 1030 profani,

2034 1042 2306 1115 Funditus
2337 1047 2390 1100 in
2428 1049 2642 1104 cineres
2664 1051 2828 1106 etiam
2856 1052 3124 1109 distrueta
3152 1055 3377 1112 fatiscit.

2034 1134 2219 1190 Adfuit
2253 1137 2460 1192 interea
2495 1148 2706 1210 tempus
2736 1141 2993 1198 Paschale
3020 1160 3116 1212 per
3144 1147 3356 1210 orbem,

2034 1228 2153 1297 Quo
2181 1246 2274 1284 rex
2305 1247 2427 1286 cum
2463 1233 2658 1301 populo
2684 1236 2878 1290 statuit
2905 1235 3172 1305 baptisma
3205 1237 3410 1303 subire,

2034 1319 2314 1375 liuboricae
2344 1321 2506 1376 celsis
2539 1323 2704 1377 etiam
2733 1325 2834 1379 sub
2857 1326 3127 1381 montibus
3160 1327 3341 1392 urbis;

2035 1411 2091 1466 In
2115 1429 2220 1483 qua
2253 1422 2395 1469 tecta
2428 1415 2538 1470 Deo
2567 1414 2733 1483 jussit
2759 1417 2868 1471 cito
2895 1431 3062 1488 parva
3089 1417 3279 1483 locari,

2035 1504 2286 1559 Sumeret
2314 1513 2374 1560 ut
2397 1507 2500 1561 sub
2528 1507 2608 1561 eis
2634 1522 2846 1561 sacram
2876 1508 3216 1578 baptismatis
3244 1508 3467 1565 undam.

2036 1601 2176 1656 Dum
2209 1601 2400 1656 festiva
2425 1602 2539 1658 dies
2576 1603 2753 1658 illuxit
2778 1605 3038 1674 temporis
3065 1605 3214 1669 almi,

2032 1692 2170 1748 Cum
2202 1693 2368 1759 natis,
2393 1692 2730 1764 ducibusque
2755 1696 2934 1761 simul,
2966 1713 3087 1751 eum
3117 1698 3270 1767 plebe
3297 1699 3572 1769 sequenti,

2039 1781 2335 1838 Undecimo
2366 1785 2515 1854 regni
2549 1795 2571 1823 ο
2605 1785 2825 1842 Christo
2854 1796 3102 1843 sacratus
3130 1789 3185 1841 in
3217 1803 3360 1844 anno
3388 1797 3475 1844 est

2038 1874 2207 1928 Fonte
2242 1876 2544 1939 salutifero,
2575 1877 2811 1948 pratfata:
2839 1879 2892 1933 in
2921 1881 3192 1936 nuenibus
3218 1883 3390 1947 urbis,

2033 1963 2202 2032 Cujus
2229 1966 2428 2022 abhinc
2449 1968 2666 2023 culmen
2700 1969 2985 2025 sublimius
3007 1972 3206 2026 extulit
3232 1972 3345 2037 ille,

2036 2059 2484 2131 Metmpolimque
2512 2061 2595 2116 sui
2626 2063 2820 2116 statuit
2843 2067 3143 2118 consistere
3171 2064 3343 2135 regni.

2036 2151 2129 2206 Sic
2156 2164 2373 2222 quoque
2396 2151 2692 2221 Gregorius
2718 2155 2916 2222 przesul
2946 2157 3260 2210 decreverat
3288 2156 3443 2223 olim,

2037 2244 2257 2300 Semina
2285 2248 2412 2300 dum
2438 2245 2564 2301 vita:
2596 2246 2834 2302 Romana
2865 2249 3016 2304 misit
3051 2251 3120 2303 ah
3151 2263 3279 2305 arce

2034 2336 2297 2392 Gentibus
2326 2337 2641 2408 Anglorum,
2667 2339 2951 2395 confestim
2983 2342 3235 2412 prtecipit
3259 2343 3450 2398 urbem

2037 2433 2188 2489 Hane
2221 2441 2382 2503 caput
2419 2433 2676 2490 Eeclesiis
2701 2443 2756 2490 et
2783 2434 2994 2491 culmen
3027 2437 3251 2493 honoris
3279 2439 3490 2506 haberi,

2034 2523 2205 2580 Pallia
2241 2525 2638 2596 pontiﬁcesque
2666 2527 2722 2582 in
2752 2544 2813 2582 ea
2844 2529 3046 2584 vestire
3082 2539 3347 2586 sacratos.

2035 2613 2127 2670 Sic
2153 2615 2274 2685 pius
2302 2617 2518 2673 antistis
2542 2617 2777 2689 primum
2801 2618 3060 2675 Paulinus
3095 2621 3352 2689 habebat,

2033 2703 2138 2774 Qui
2166 2704 2382 2760 Domini
2410 2704 2584 2776 legem
2611 2708 2879 2764 meditans
2908 2710 2962 2764 in
2992 2719 3154 2766 noete
3182 2711 3379 2783 dieque
3398 2751 3421 2777 ,

2035 2794 2270 2854 Sedulus
2298 2798 2352 2852 in
2375 2799 2601 2869 populos
2635 2801 2838 2871 sparsit
2863 2809 3136 2871 przecepta
3175 2802 3370 2858 salutis
3399 2845 3410 2856 .

2033 2887 2274 2945 Plurima
2301 2898 2631 2961 quaprOpter
2654 2891 2925 2947 convertit
2947 2891 3116 2948 millia
3158 2893 3416 2960 Christo;

2034 2979 2102 3036 Et
2126 2978 2250 3036 ﬁdei
2282 2978 2517 3037 flammis
2541 2981 2760 3038 virtutis
2788 2989 2846 3038 et
2871 2983 2994 3053 igne
3017 2998 3342 3052 coruscans,

2032 3073 2257 3145 Frigora
2285 3075 2368 3132 bis
2393 3075 2565 3131 ternis
2593 3075 2842 3131 borcalca
2867 3076 3073 3148 depulit
3095 3077 3277 3145 anuis,

1954 3195 2004 3258 ο
2034 3165 2150 3220 Rex
2174 3166 2371 3235 quibus
2403 3166 2656 3239 egregius
2683 3177 3007 3258 regnaverat
3035 3168 3292 3226 Edwinus
3318 3169 3486 3237 idem,

2033 3257 2414 3329 Disposuitque
2444 3274 2570 3314 suas
2589 3260 2739 3330 justo
2769 3257 3138 3315 moderamine
3165 3260 3339 3331 leges,

2029 3350 2290 3406 lllieitans
2317 3348 2344 3389 δ
2374 3366 2595 3407 servare
2625 3351 2786 3406 fidem
2807 3352 3072 3423 donisque
3098 3353 3389 3425 minisque,

2031 3440 2413 3511 Ecclesiasque
2441 3443 2556 3498 suis
2585 3441 2832 3499 fundavit
2856 3443 2910 3498 iu
2940 3444 3170 3500 urbibus
3197 3446 3407 3516 amplas
3433 3466 3445 3501 :

2031 3531 2113 3588 Ex
2139 3533 2340 3602 quibus
2363 3531 2649 3590 Euboricte
2683 3534 2874 3590 solidis
2902 3533 3119 3590 suffulta
3144 3536 3413 3592 columnis

2031 3621 2237 3680 Nobilis
2268 3624 2358 3679 illa
2383 3632 2567 3681 manet
2591 3625 2735 3681 celso
2774 3626 3016 3696 speciosa
3049 3628 3269 3694 decore,

2030 3713 2149 3783 Qua
2173 3716 2409 3772 statione
2435 3730 2592 3774 sacra
2623 3716 2724 3772 fuit
2762 3719 2851 3772 ille
2877 3717 3091 3773 lavatus
3122 3721 3175 3774 in
3208 3721 3373 3784 unda,

2031 3806 2313 3879 Quamque
2341 3808 2434 3864 diu
2457 3809 2614 3874 vixit,
2643 3810 2842 3864 Clu-isti
2872 3822 3142 3881 praerepta
3181 3815 3426 3873 tenebat.

2028 3895 2112 3952 llli
2137 3905 2468 3969 quapropter
2487 3899 2726 3954 clemens
2756 3901 2977 3954 meliora
3006 3903 3234 3970 parabat

2032 3986 2272 4046 Tradere
2303 4005 2471 4059 regna
2500 3989 2672 4053 Deus,
2703 3989 2807 4044 luci
2838 3991 3044 4046 sociata
3073 3993 3332 4061 perenni;

2033 4077 2168 4133 Nam
2195 4079 2295 4134 sibi
2324 4081 2657 4151 prmscriptzc
2684 4082 2877 4136 mortis
2904 4083 3031 4136 dum
3056 4095 3282 4140 venerat
3307 4087 3464 4152 hora,

2031 4167 2261 4242 Belliger
2286 4173 2541 4228 occubuit
2565 4173 2748 4227 subito
2777 4175 3069 4229 socialibus
3095 4178 3292 4242 armis,

2031 4259 2076 4314 Ο
2106 4277 2192 4316 res
2221 4277 2364 4318 cteca
2395 4263 2560 4317 nimis
2584 4271 2803 4319 terreno
2831 4265 2997 4320 fidere
3026 4284 3213 4337 regno,

2031 4351 2184 4418 Quod
2213 4368 2456 4424 przeceps
2493 4352 2708 4408 fortuna
2739 4364 2902 4420 rotat,
2936 4355 3167 4426 fatisque
3198 4359 3449 4430 malignis

2030 4442 2294 4508 Vertitur,
2320 4452 2375 4499 et
2401 4447 2574 4501 variis
2601 4461 2817 4518 semper
2840 4455 3078 4503 metatur
3101 4451 3154 4504 in
3180 4451 3350 4507 horis.

1950 4576 2007 4637 Β
2032 4536 2170 4590 liceo
2200 4537 2389 4593 decem
2417 4545 2473 4593 et
2503 4548 2710 4610 septem
2748 4547 3034 4611 postquam
3086 4553 3408 4613 regnaverat
3437 4546 3616 4612 annis,

2031 4624 2284 4680 Edwiuus
2308 4629 2560 4683 accubuit
2585 4640 2609 4667 θ
2633 4645 2817 4700 regum
2845 4631 3180 4687 clarissimus
3207 4634 3315 4689 ille.

2029 4717 2159 4771 Post
2183 4735 2343 4787 quem
2370 4736 2477 4774 non
2511 4721 2696 4776 habuit
2719 4723 2977 4792 praeclara
3007 4725 3287 4781 Britannia
3319 4727 3502 4782 talem.

2031 4808 2141 4863 llne
2170 4819 2350 4864 tamen
2379 4812 2720 4881 omnipotens
2746 4812 2863 4867 fieri
2894 4829 3002 4870 non
3030 4830 3224 4883 passus
3254 4817 3482 4873 inultum
3508 4829 3616 4885 est,

2029 4901 2134 4955 Sed
2165 4900 2312 4956 dedit
2340 4899 2647 4958 Osualdum
2674 4903 2815 4973 regis
2851 4919 3078 4975 regnare
3102 4915 3355 4979 nepotem
3389 4907 3435 4961 ί.

2028 4991 2129 5058 Qui
2161 4992 2340 5047 subito
2370 4991 2594 5048 veniens
2620 4994 2864 5047 externis
2892 4995 3045 5050 exsul
3069 4998 3136 5052 ab
3158 4999 3292 5063 oris,

2027 5081 2281 5136 l‘irmiter
2304 5083 2515 5137 invicta:
2544 5083 2667 5138 ﬁdei
2693 5083 2932 5140 conlisus
2961 5087 3016 5141 in
3048 5089 3233 5152 armis,

2026 5173 2253 5245 Agmina
2289 5189 2455 5244 parva
2486 5173 2653 5229 trahit
2677 5191 2973 5245 properans
3009 5187 3064 5234 et
3093 5183 3266 5252 pergit
3309 5182 3365 5237 in
3403 5183 3615 5241 hostem

2028 5264 2342 5320 Vastantem
2369 5266 2621 5335 patriam,
2657 5265 2801 5322 ferro
2825 5266 3166 5339 ﬂammisque
3181 5285 3536 5340 cremantem,

2027 5356 2258 5413 Millibus
2287 5359 2613 5426 innumeris,
2638 5359 2826 5430 spoliis
2859 5361 3194 5433 nimiumque
3218 5368 3530 5436 superbum.

3225 5495 3380 5555 Vers.
3412 5501 3536 5555 230.

2097 5619 2121 5658 ἀ
2166 5620 2346 5686 Forte,
2374 5625 2668 5678 inculcam.

2103 5702 2125 5730 ε
2164 5691 2410 5770 ξᾴιυὶηιιε
2440 5694 2678 5749 occubuit
2722 5710 2777 5750 tv
2808 5694 2882 5750 ω.
2925 5695 3046 5752 Oct.
3076 5694 3180 5752 655
3208 5697 3370 5767 Beda,
3401 5699 3439 5754 ι.
3486 5702 3609 5770 cit.,

408 5755 440 5788 ιε
487 5751 633 5804 Anno
665 5767 717 5807 x1
749 5753 1026 5830 regitizalta
1052 5753 1216 5808 etiam
1245 5755 1382 5811 Beda
1410 5773 1530 5830 cap.
1561 5751 1625 5815 ll
1654 5763 1746 5817 ubi
1775 5764 1926 5820 addit
2027 5778 2144 5830 cap.
2174 5763 2263 5816 ‘20.

340 5818 512 5881 fuisse
536 5835 738 5882 annum
764 5809 885 5876 6§7.
913 5824 1050 5894 Ergo
1072 5809 1306 5896 regnum
1635 5809 1918 5890 ait-lto?

2108 5833 2123 5873 ί
2171 5834 2309 5889 Iit-da
2338 5835 2427 5889 lib.
2464 5853 2544 5900 ιιι,
2573 5852 2692 5904 eap.
2727 5837 2744 5890 l
2779 5851 2928 5906 seqq.
