4106 6534
295 423 390 480 821
1040 425 1372 482 CAR-Ml)“.
1407 457 1476 467 -—
1514 425 1604 482 DE
1641 425 1914 481 PON'HF.
1958 427 2048 482 ET
2096 426 2195 482 SS.
2241 426 2434 481 ECCL.
2481 425 2775 482 EBOBAC.

1899 547 1940 602 Α
1979 542 2172 595 Vexari
2202 540 2429 595 solitus:
2461 540 2812 604 clamoribus,
2840 555 2966 594 cccc
3004 549 3226 610 repente

294 540 524 612 Contigit
549 546 611 595 ut
639 540 827 615 subito~
843 537 1074 598 ﬂammis
1102 540 1450 597 volitantibus
1475 541 1643 596 altum

291 632 428 702 Ignis
453 632 589 688 edax
615 631 830 688 culmen
869 640 1102 703 raperet,
1131 648 1232 688 nec
1258 632 1468 688 viribus
1493 631 1617 686 ullis

293 723 572 796 Exstingui
599 723 795 791 valuit,
821 723 994 780 donec
1029 725 1281 781 incendia
1315 733 1488 780 totam

290 813 680 886 Consumpsere
715 816 958 881 domum,
994 817 1223 872 nimium
1251 833 1340 872 res
1365 818 1506 872 mira
1537 815 1630 872 scd
1659 823 1778 869 acta
1795 823 1880 871 est

289 905 511 962 Pulvere
530 914 803 962 sacratam
823 915 1036 978 postam
1063 908 1222 962 timet
1249 909 1440 976 igneus
1471 909 1632 964 ardor

291 995 554 1068 Tangere,
591 996 688 1052 sed
713 997 932 1068 penitus
958 995 1194 1053 ﬂammis
1221 998 1422 1052 intacta
1451 999 1731 1054 remansit.

291 1086 406 1154 Qua
445 1087 645 1142 virtute
667 1087 886 1158 quidem
912 1087 1027 1143 visa
1056 1096 1246 1158 stupor
1273 1089 1527 1143 omnibus
1556 1089 1744 1158 ingens

287 1180 533 1237 Incubuit
564 1185 774 1248 statim,
805 1191 934 1238 tunc
961 1199 1288 1251 cognovere,
1327 1184 1470 1254 quod
1502 1183 1589 1238 ille

288 1269 468 1328 Pulvis
490 1281 610 1328 erat
637 1289 798 1330 sacro
826 1275 972 1346 regis
1001 1290 1127 1331 cum
1158 1275 1428 1348 sanguine
1457 1275 1662 1330 mixtus

286 1361 542 1429 Oswaldi,
573 1365 760 1421 multis
787 1365 967 1422 fuerat
995 1366 1090 1437 qui
1113 1382 1277 1422 causa
1300 1366 1516 1423 salutis.

285 1463 313 1493 ⁸
343 1451 550 1508 Claruit
575 1454 663 1510 his
689 1455 857 1527 signis
880 1465 1170 1527 postquam
1197 1456 1350 1512 locus
1373 1457 1476 1512 iste
1495 1456 1758 1526 peractis,

284 1545 544 1603 Ecelcsiis
570 1546 775 1604 Christi
793 1547 1035 1618 jucunda
1069 1558 1126 1605 et
1155 1550 1366 1606 reddita
1393 1565 1548 1620 pace,

283 1635 450 1709 Regis
462 1638 712 1695 Edelredi
741 1640 926 1712 regina
948 1637 1227 1697 Ostbfrida
1251 1641 1446 1706 ﬁdelis,

280 1731 412 1800 Qua:
437 1732 539 1789 fuit
557 1733 796 1792 Oswaldi
829 1737 1005 1790 sancti
1029 1735 1143 1804 iam
1171 1734 1280 1791 illia
1304 1735 1514 1800 fratris,

278 1823 506 1881 Curavit
530 1824 706 1882 sancti
731 1826 906 1882 sacris
936 1825 1198 1884 inducere
1233 1827 1392 1882 tectis

279 1914 575 1987 Ilelliquias
596 1918 800 1988 patrui,
823 1917 1093 1990 dignoque
1117 1920 1414 1976 recondere
1432 1919 1658 1977 honore.

277 2007 506 2064 Ossibus
535 2008 739 2075 allatis,
767 2010 976 2080 stupuit
1002 2010 1263 2067 miracula
1278 2011 1388 2066 late

277 2098 473 2156 Accola
501 2099 792 2167 Lindissm,
821 2115 1055 2158 cernens
1081 2119 1248 2174 super
1277 2104 1366 2158 illa
1401 2105 1710 2161 columnam

277 2191 415 2249 Ossa
442 2193 546 2248 viri
575 2193 753 2248 sancti
793 2192 986 2249 lumini
1011 2195 1080 2250 ad
1110 2194 1327 2267 fastigia
1354 2189 1476 2252 covl'i

277 2284 526 2342 Luminis
545 2287 768 2342 aetherei
790 2293 904 2344 tota
923 2284 1224 2358 fulgescere
1245 2297 1422 2343 nocte.

277 2377 450 2447 Maior
479 2377 756 2449 relliquias
780 2393 917 2449 quas
945 2386 1076 2434 tunc
1097 2378 1266 2434 aulrca
1296 2381 1514 2451 tegebat
1538 2398 1552 2442 ;

281 2466 418 2526 Nam
447 2469 646 2540 priscis
675 2470 818 2526 odiis
839 2481 1122 2527 assumere
1151 2470 1406 2543 primitus
1439 2487 1563 2527 ossa

275 2564 444 2636 Inque
472 2566 866 2623 monasterium
889 2565 1018 2623 saevi
1048 2565 1264 2624 deferre
1289 2575 1574 2639 negantes,

279 2657 450 2715 Nocte
478 2673 702 2715 manere
733 2658 881 2715 foras
909 2659 1000 2714 illa
1025 2659 1204 2715 fecere
1225 2660 1403 2716 coloni
1433 2677 1450 2727 ;

276 2751 386 2806 Sed
414 2751 544 2806 dum
570 2750 741 2807 divini
765 2750 1022 2807 viderunt
1046 2749 1268 2806 luminis
1299 2750 1500 2822 ignem,

274 2844 408 2911 Qua:
430 2844 584 2916 prius
610 2844 938 2910 abnuerant,
975 2857 1162 2898 secum
1192 2843 1434 2899 retinere
1467 2842 1742 2915 rogabant
1769 2858 1785 2909 ;

276 2934 546 3007 Maneqnc
569 2934 916 3006 sarcophago
943 2934 1246 2989 candentes
1274 2934 1387 2990 Iota
1415 2941 1630 3004 parato,

275 3028 536 3084 Ecclesia:
565 3027 806 3083 tulerant
829 3040 1026 3098 magno
1053 3025 1156 3081 sub
1191 3025 1408 3081 culmen
1433 3026 1665 3091 honore,

275 3120 444 3196 246
457 3121 687 3179 Divitias
713 3120 875 3178 terris
888 3130 1145 3179 curantes
1165 3121 1404 3178 condere
1423 3120 1599 3176 vivas.

274 3213 334 3272 In
362 3231 473 3286 quo
494 3216 664 3273 multa
692 3216 816 3273 loco
842 3216 983 3271 ﬁunt
1011 3231 1160 3272 nunc
1188 3230 1361 3285 usque
1385 3215 1605 3286 patroni

275 3306 360 3364 Ob
384 3308 642 3364 meritum
668 3308 806 3365 tanti
829 3308 885 3363 in
909 3309 1233 3379 languentes
1267 3308 1410 3362 dona
1436 3305 1650 3372 salutis,

278 3397 500 3458 Sancta:
531 3402 581 3458 si
611 3401 737 3458 ﬁdei
765 3401 941 3458 virtus
961 3387 1257 3457 cemitatur
1285 3400 1530 3456 eosdem.

279 3492 329 3552 E
360 3492 562 3563 quibus
583 3492 690 3549 hoc
728 3507 899 3548 unum
933 3492 1249 3564 properanti
1280 3499 1504 3562 tangere
1528 3489 1738 3562 plectro

279 3588 514 3653 Sufﬁcit,
541 3592 605 3641 ut
629 3582 825 3641 credas
849 3583 1079 3639 devotus
1108 3591 1333 3648 cretera,
1365 3581 1573 3647 lector;

279 3681 309 3724 ιι
331 3679 512 3736 Febre
536 3690 674 3749 puer
697 3674 919 3747 quidam
935 3673 1108 3742 iacuit
1131 3688 1231 3744 per
1259 3681 1505 3744 tempora
1520 3673 1701 3745 longa,

195 3776 203 3782 ’
279 3769 544 3828 Cmnobio
577 3769 840 3838 languens
867 3765 1030 3821 citius
1068 3765 1371 3820 moriturus
1398 3765 1453 3819 in
1479 3763 1592 3820 illo.

279 3862 428 3919 Ecce
449 3859 539 3916 die
564 3857 806 3928 quadam
838 3854 1007 3910 miser
1039 3855 1108 3910 ad
1137 3854 1256 3910 loca
1295 3861 1484 3910 sancta
1514 3855 1750 3924 sepulcri

282 3950 538 4016 Ducitur,
569 3946 808 4003 Oswaldi
848 3946 1062 4001 meritis
1089 3960 1159 4000 ne
1187 3953 1436 4017 tangeret
1473 3945 1622 4000 illum

281 4037 475 4095 Febris
497 4035 718 4100 acerba,
745 4032 882 4088 ﬁdes
895 4047 1022 4088 nam
1035 4032 1284 4104 pmoipit
1305 4047 1468 4087 omne
1489 4034 1636 4101 quod
1657 4041 1808 4089 orat:

282 4127 530 4187 Credidit
553 4134 614 4181 ut
639 4124 901 4194 languens
923 4123 993 4178 ad
1020 4137 1117 4177 sua
1152 4130 1298 4178 tecta
1321 4123 1566 4178 cucurrit

281 4219 526 4289 Corpore
562 4222 758 4272 sanato
789 4228 1095 4285 preperans
1121 4221 1178 4268 et
1203 4223 1428 4282 pectore
1453 4213 1601 4280 laeto,

283 4309 532 4366 Horbida
560 4321 666 4363 nec
691 4304 856 4362 audet
877 4304 1003 4376 plus
1027 4303 1177 4359 illum
1209 4311 1434 4376 tangere
1462 4304 1651 4360 febris.

282 4402 484 4460 Postea
521 4415 621 4456 rex
649 4397 781 4454 felix
814 4402 1112 4452 ornaverat
1139 4394 1256 4452 Offa
1297 4396 1606 4466 sepulcrum

286 4498 553 4568 Argento,
582 4490 838 4563 gemmis,
866 4502 1024 4553 auro,
1053 4486 1333 4557 multoque
1357 4486 1578 4550 decore,

290 4581 367 4638 Ut
393 4580 563 4636 decus
587 4585 646 4633 et
671 4574 950 4647 specimen
980 4569 1180 4627 tumbas
1209 4586 1312 4642 per
1333 4569 1494 4627 smcla
1525 4579 1789 4634 maneret,

286 4672 522 4730 Praemia
549 4684 650 4742 pro
676 4667 893 4724 modico
919 4671 1236 4735 sumpturus
1256 4677 1452 4734 magna
1479 4659 1686 4717 labore.

286 4765 401 4822 Nec
429 4779 537 4820 non
561 4769 710 4816 terra
734 4758 906 4813 micat
928 4753 1246 4812 cmlestibus
1266 4752 1468 4825 inclyta
1497 4752 1689 4823 signis,

287 4854 570 4927 Corporis,
598 4860 662 4907 ut
705 4849 843 4918 dixi,
873 4863 995 4918 quae
1015 4846 1191 4904 sancti
1219 4846 1330 4901 lota
1363 4844 1584 4900 lavacro
1611 4852 1714 4909 est,

289 4946 537 5017 Sumpsit
558 4951 615 4999 et
636 4939 893 4998 eﬂ’ectum
913 4936 1165 4992 vincendi
1185 4935 1293 4991 tela
1316 4935 1538 5006 maligni

285 5037 565 5096 Das-monis
591 5042 648 5091 et
668 5046 834 5088 sanos
859 5029 1072 5084 vexatis
1098 5027 1326 5084 reddere
1347 5042 1561 5082 sensus.

291 5144 314 5171 ε
346 5129 634 5186 Abbatissa
661 5125 882 5196 quidem
900 5120 1150 5192 quasdam
1177 5117 1297 5174 loca
1323 5127 1513 5174 sancta
1543 5116 1723 5173 videre

289 5220 546 5288 Advenit,
572 5231 694 5274 sese
719 5222 778 5271 et
803 5211 1016 5270 meritis
1041 5209 1388 5267 committere
1416 5210 1614 5264 sancti.

290 5316 521 5386 Iamque
543 5311 762 5370 domum
792 5308 1009 5364 rediens
1035 5306 1235 5360 tulerat
1261 5303 1328 5359 de
1355 5301 1577 5373 pulvere
1609 5311 1766 5358 terrae

291 5406 506 5464 Ablutis
528 5417 745 5461 sacram
769 5416 892 5471 qua:
916 5413 985 5454 ex
1010 5396 1228 5452 ossibus
1256 5393 1516 5450 hauserat
1552 5395 1751 5450 undam
1778 5411 1792 5454 ;

294 5503 566 5572 Tempore
585 5504 867 5554 transacto
895 5492 1150 5549 veniebat
1175 5491 1374 5562 hospes
1403 5489 1472 5546 ad
1501 5489 1669 5556 illam,

297 5596 552 5650 Dmmone
575 5591 669 5660 qui
699 5587 878 5644 fuerat
897 5584 1180 5642 nocturnis
1211 5581 1410 5653 smpius
1432 5581 1583 5638 boris

368 5683 522 5741 Vcrs.
562 5680 687 5737 401.

368 5812 391 5835 η
421 5797 564 5852 Beda
585 5808 710 5863 cap.
754 5793 837 5863 ft.

371 5869 400 5906 ιν
428 5868 568 5922 Beda
595 5862 717 5934 cap.
751 5862 835 5917 19..

373 5951 393 5978 ε
429 5937 571 5994 Beda
596 5951 714 6006 cap.
741 5934 826 5988 Il.

1982 632 2234 702 Cmpcrat
2263 632 2548 686 lai'n'rcndis
2579 631 2834 686 frendens
2871 631 2988 686 lora
3021 633 3128 686 lata
3163 634 3392 702 replere,

1984 724 2248 779 Morsibus
2276 733 2326 777 et
2359 723 2545 778 furens
2574 731 2746 778 semet
2776 723 3017 777 lacerare
3048 723 3315 780 nefandis.

1981 815 2050 870 Et
2068 833 2193 870 eum
2217 816 2392 870 nullus
2422 831 2544 870 eum
2569 816 2744 886 potuit
2779 817 3159 887 constringere
3186 818 3398 882 vinclis,

1981 908 2076 962 Vel
2102 908 2283 961 miseri
2316 921 2491 962 smvos
2522 907 2705 978 ﬂagris
2735 923 3082 977 compescere
3114 920 3314 973 motus,

1983 999 2107 1054 II:ec
2135 998 2420 1054 abbatissa:
2449 1001 2667 1070 quidam
2699 1015 2926 1054 narrare
2953 1003 3215 1056 cucurrit.

1981 1089 2072 1142 Illa
2106 1090 2297 1145 videns
2325 1090 2556 1146 miseros
2579 1098 2777 1156 motus,
2807 1107 3076 1162 vocesque
3105 1092 3356 1158 furentis,

1980 1179 2223 1236 Iusserat
2249 1183 2430 1237 afferri
2461 1197 2619 1238 sacro
2642 1198 2764 1236 eum
2796 1182 3016 1252 pulvere
3044 1199 3284 1255 Capsam.

1983 1273 2048 1328 lit
2075 1291 2198 1328 cum
2226 1275 2379 1344 virgo
2407 1274 2588 1330 ferens
2613 1276 2887 1342 veniebat,
2916 1285 2972 1331 et
2995 1277 3136 1331 atria
3173 1280 3298 1332 tecti

1981 1365 2229 1428 latraret,
2262 1365 2443 1419 subito
2471 1367 2642 1420 tacuit
2663 1365 2922 1432 furiosus,
2946 1376 3000 1422 et
3029 1383 3220 1422 otnncs

1979 1457 2291 1526 Composuit
2311 1466 2510 1523 motus,
2538 1473 2730 1512 somno
2757 1459 2910 1529 quasi
2940 1461 3184 1514 membra
3214 1460 3470 1515 dedisset.

1980 1547 2220 1617 Quisque
2255 1547 2334 1602 rei
2367 1556 2611 1603 astantes
2637 1551 2960 1620 spectabant
2984 1550 3162 1605 exitus
3190 1561 3356 1606 esset.

1981 1639 2110 1693 Post
2134 1639 2281 1693 hora:
2320 1638 2558 1710 spatium
2587 1648 2837 1704 vexatus,
2865 1649 2919 1695 et
2948 1641 3062 1711 ipse
3085 1641 3304 1704 resedit,

1982 1729 2274 1801 Suspirans
2302 1731 2568 1801 graviter,
2597 1746 2764 1787 sanus
2790 1743 2904 1786 tum
2931 1735 3205 1795 sensibus,
3231 1733 3428 1802 inquit,

1982 1822 2268 1888 Redditus,
2295 1830 2353 1878 et
2375 1839 2580 1895 vaguas
2610 1823 2746 1895 fugit
2767 1842 2935 1896 vagus
2970 1827 3144 1882 hostis
3171 1827 3223 1879 in
3252 1843 3431 1880 auras.

1907 1930 1952 1989 Β
1981 1913 2245 1969 Mirantur
2265 1915 2448 1972 cuncti
2471 1917 2705 1985 stupidis
2735 1919 2863 1972 hinc
2891 1918 3017 1972 inde
3047 1917 3298 1988 loquelis,

1984 2003 2311 2062 Incolumem
2327 2008 2506 2063 subito
2526 2023 2726 2065 cernen
2735 2016 2814 2065 tes
2839 2025 3068 2081 corpore
3095 2019 3231 2076 toto,

1984 2098 2212 2155 OSsibus
2232 2108 2288 2155 et
2317 2101 2521 2167 nervis,
2551 2118 2654 2158 nec
2676 2119 2782 2158 non
2805 2113 2860 2159 et
2886 2113 3068 2160 mente
3096 2107 3365 2176 vigentem
3392 2122 3407 2170 ;

1984 2189 2272 2260 Inquirunt
2297 2191 2488 2248 subita:
2519 2209 2743 2250 causam
2775 2195 3025 2250 mirando
3058 2195 3273 2260 salutis,

1984 2280 2088 2348 Qui
2123 2284 2401 2354 respondit
2432 2300 2636 2342 ovans:
2669 2305 2687 2337 ι
2720 2285 2789 2341 Ut
2820 2287 2966 2341 venit
2995 2287 3150 2357 virgo
3189 2287 3438 2342 locellum

1985 2373 2236 2440 Portans,
2267 2385 2323 2432 et
2349 2377 2578 2446 pedibus
2617 2379 2795 2449 tetigit
2821 2380 2937 2434 lucc
2962 2382 3121 2446 atria,
3151 2381 3336 2436 statim

1989 2465 2300 2522 Discessere
2329 2468 2535 2538 procul,
2574 2471 2667 2540 qui
2703 2486 2791 2525 me
2829 2479 3083 2539 torquere
3117 2471 3367 2526 solebant

1987 2555 2290 2620 Drctnones,
2317 2567 2378 2613 ut
2402 2559 2616 2630 fugiunt
2643 2563 2895 2616 veniente
2931 2561 3050 2616 luce
3085 2563 3344 2617 tenebrat.
3381 2584 3398 2614 ν

1985 2646 2084 2702 Cui
2112 2652 2378 2719 portanda
2403 2651 2530 2707 data
2559 2660 2644 2708 est
2671 2668 2857 2708 secum
2880 2669 3012 2724 pars
3034 2653 3275 2723 pulveris
3301 2653 3428 2707 almi
3455 2672 3469 2719 ;

1988 2739 2064 2795 Ac
2089 2751 2209 2810 post
2241 2742 2364 2797 talis
2389 2744 2439 2799 ei
2467 2744 2645 2801 fuerat
2677 2747 2896 2800 vexatio
2927 2760 3227 2815 nunquam.

1986 2833 2012 2873 ιι
2041 2835 2118 2890 Te
2145 2851 2361 2907 quoque
2379 2847 2586 2904 sancta,
2613 2847 2807 2910 potens
2833 2839 3144 2904 virtutibus,
3176 2839 3374 2908 inclyta
3401 2839 3585 2893 multis

1986 2928 2132 2983 Crux
2162 2929 2468 2986 veneranda
2490 2947 2708 2997 canam,
2741 2945 3011 3002 nequeam
3039 2932 3085 2986 si
3112 2946 3364 3001 promere
3393 2930 3584 3002 dignos

1987 3019 2170 3076 Laude
2207 3029 2298 3076 tua
2327 3038 2538 3078 versus.
2573 3023 2860 3094 Reparasti
2891 3023 3101 3094 perdita
3133 3023 3364 3092 pridem,

1987 3110 2140 3166 Nunc
2159 3112 2358 3168 iterum
2386 3129 2486 3184 per
2514 3121 2570 3171 te
2595 3116 2741 3171 cedit
2769 3115 2996 3170 victoria
3020 3115 3136 3186 regi

1987 3203 2261 3269 Oswaldo,
2297 3214 2360 3260 ut
2388 3205 2663 3277 quondam
2690 3215 2879 3279 pauore,
2907 3207 3164 3263 cecinere
3199 3221 3458 3263 camenae.

1893 3301 1942 3365 ο
1974 3295 2110 3351 Exin
2127 3295 2374 3353 miriﬁcis
2390 3298 2542 3354 fulsit
2564 3308 2656 3356 tua
2679 3301 2849 3372 gloria
2876 3302 3084 3375 signis;

1986 3388 2068 3444 Ad
2099 3396 2154 3446 te
2179 3398 2290 3445 tota
2318 3391 2424 3448 ﬁde
2447 3391 2654 3449 famosa
2684 3393 2968 3450 Britannia
2989 3396 3186 3462 currit,

1987 3480 2243 3546 Quaerere
2267 3497 2366 3552 pro
2388 3484 2558 3539 variis
2581 3485 2801 3541 sibimet
2836 3487 3197 3542 medicamina
3229 3488 3456 3544 morbis.

1991 3573 2056 3627 Et
2086 3588 2184 3645 spe
2209 3573 2278 3629 ad
2306 3581 2359 3628 te
2381 3575 2545 3630 etiam
2569 3575 2880 3632 venientem
2902 3576 3094 3634 fallere
3121 3579 3343 3644 nescis;

1987 3662 2233 3735 Namque
2259 3665 2451 3720 salutis
2469 3680 2602 3737 opes
2635 3667 2929 3724 redeuntes
2957 3685 3100 3741 saepe
3128 3677 3428 3740 reportant.

1987 3755 2106 3812 Non
2139 3770 2240 3828 ego
2261 3754 2499 3812 rurieula
2525 3772 2746 3829 possum
2767 3774 3092 3830 percurrere
3126 3758 3334 3831 plectro

1987 3846 2202 3916 Omnia,
2234 3849 2513 3905 multoties
2538 3865 2661 3920 qua:
2687 3865 2788 3921 per
2823 3861 2878 3908 te
2905 3851 3058 3923 signa
3082 3861 3362 3924 geruntur,

1987 3941 2056 3998 Et
2079 3955 2279 4014 pecora
2300 3950 2465 4014 atque
2496 3943 2766 4009 homines,
2819 3944 2984 3998 etiam
3018 3943 3356 4016 iuvenesque
3399 3959 3585 4001 senes-

3337 4036 3502 4108 ique;

1988 4126 2231 4196 Denique
2259 4128 2498 4197 prmcisa:
2531 4126 2598 4182 de
2627 4135 2678 4180 te
2705 4127 2976 4182 ducuntur
3007 4127 3206 4197 ubique

1987 4218 2293 4285 Particulze,
2322 4235 2423 4290 per
2449 4235 2586 4289 quas
2607 4220 2743 4274 ﬁunt
2770 4220 2856 4290 pia
2885 4221 3024 4275 dona
3064 4219 3274 4275 salutis.

1991 4308 2203 4365 Sufﬁcit
2229 4325 2260 4366 e
2289 4311 2500 4365 cunctis
2529 4312 2633 4366 hoc
2656 4309 2830 4366 solum
2857 4311 3043 4366 dicere
3073 4312 3287 4382 signum
3311 4327 3324 4365 :

1987 4402 2184 4458 Frater
2212 4411 2332 4458 erat
2363 4403 2584 4473 quidam
2614 4417 2744 4458 casu
2774 4402 3086 4458 confractus
3108 4403 3324 4466 acerbo,

1989 4492 2318 4563 Infractique
2341 4493 2529 4550 dolens
2554 4493 2771 4562 penitus
2807 4495 2975 4564 gemit
3000 4509 3124 4549 ossa
3148 4493 3360 4550 lacerti.

1992 4583 2238 4654 Cumque
2264 4584 2419 4640 dolor
2445 4585 2646 4640 nimius
2666 4593 3014 4642 succreverat
3039 4595 3095 4640 et
3117 4594 3298 4641 tumor
3317 4587 3517 4642 ardens

1915 4671 1966 4732 D
1989 4676 2234 4730 Pectoris
2257 4676 2554 4745 ingeminat
2582 4675 2887 4747 Iaerymaus
2925 4677 3157 4747 suspiria
3186 4676 3336 4742 fessi,

1991 4765 2068 4820 De
2079 4781 2242 4822 cruce
2265 4767 2350 4821 cui
2374 4767 2598 4836 quidam
2620 4775 2831 4822 veteres
2855 4765 2968 4834 iam
2998 4781 3224 4837 vespere
3247 4781 3464 4823 muscos

1990 4856 2204 4920 Attulit,
2246 4857 2301 4911 in
2331 4857 2599 4928 gremium
2623 4857 2844 4911 sibimet
2875 4871 3013 4926 quos
3038 4855 3257 4927 proiicit
3281 4874 3426 4928 arger
3452 4877 3463 4911 :

1990 4950 2235 5020 Cumque
2259 4950 2365 5004 iret
2400 4949 2641 5004 cubitum
2662 4947 2865 5003 oblitus
2892 4948 3165 5017 deponere
3205 4963 3471 5015 muscum,

1994 5040 2221 5096 Nescius
2255 5041 2311 5095 in
2340 5040 2552 5110 gremio
2574 5055 2768 5095 somno
2789 5049 3097 5110 praeventus
3125 5041 3399 5106 habebat;
3481 5051 3484 5054 ‘

1998 5133 2271 5205 Evigilans
2296 5131 2474 5188 medio
2500 5133 2791 5188 morbosus
2816 5139 3058 5201 tempore
3087 5132 3285 5196 noctis,

1998 5225 2141 5281 Ecce
2161 5225 2362 5294 aliquid
2391 5223 2553 5294 gelidi
2574 5223 2733 5278 lateri
2759 5224 2862 5278 sibi
2886 5224 3060 5278 sensit
3080 5223 3293 5289 adesse,

1995 5314 2334 5383 Admotaque
2356 5327 2518 5367 manu
2542 5328 2733 5368 sanum
2757 5328 2816 5368 se
2846 5311 2986 5367 forte
3011 5311 3179 5368 fuisse

1999 5403 2276 5473 Repperit,
2314 5409 2479 5472 atque
2503 5402 2639 5462 nihil
2663 5401 2901 5456 fractura
2930 5402 3102 5457 sensit
3139 5403 3209 5457 ab
3236 5403 3351 5458 illa.

2001 5507 2025 5536 ε
2055 5495 2255 5565 Inclyta
2282 5491 2425 5549 fama
2453 5493 2576 5558 viri,
2609 5509 2709 5548 nec
2737 5493 2910 5549 solum
2931 5494 3056 5563 iure
3089 5495 3381 5552 Britannos

1995 5578 2237 5644 Illustrat
2255 5587 2498 5656 populos,
2535 5593 2686 5641 trans
2716 5587 2941 5660 insuper
2966 5603 3184 5659 aequora
3211 5591 3386 5658 ponti,

3189 5680 3339 5736 Vers.
3379 5681 3508 5736 456.

2071 5789 2097 5830 δ
2122 5791 2265 5845 Beda
2299 5803 2417 5858 cap.
2463 5789 2519 5853 9.,
2549 5789 2672 5846 libr.
2723 5807 2802 5848 III.

2073 5873 2095 5901 ε
2122 5861 2265 5916 Beda
2294 5876 2414 5930 cap.
2448 5859 2531 5914 15.
