4106 6480
615 262 721 320 82"»
1432 266 1494 324 Β.
1528 268 1590 322 F.
1625 268 1855 325 ALBINI
1898 270 2027 329 Slil'
2063 272 2225 326 .\Lt.l
2256 273 2343 327 lNl
2383 272 2669 329 OPEliL'M
2710 271 2891 329 PARS
2932 271 3017 327 Vi.
3789 270 3898 328 82$

610 377 859 448 Aspersit
883 379 1084 444 radios,
1115 380 1315 452 quibus
1338 390 1392 437 et
1412 381 1704 438 Germania
1729 382 1880 438 fulsit
1906 402 1917 437 :

611 465 655 523 Ε
678 470 875 540 quibus
902 478 959 527 et
982 472 1227 543 quaedam
1258 474 1519 548 populosa
1546 474 1809 532 ilibernia
1835 476 2031 532 sensit.

611 559 722 616 Sed
748 561 908 619 nobis
932 562 1148 634 signum
1174 581 1306 621 vero
1332 567 1476 624 inter
1498 569 1667 624 multa
1699 570 1872 626 relatu

614 652 727 708 liae
756 650 984 709 narrare
1011 655 1226 725 placet;
1261 656 1395 713 dira:
1425 659 1552 713 dum
1579 668 1822 730 tempore
1850 663 2042 734 pestis,

610 748 920 820 .Equoreos
944 752 1173 821 populos
1199 753 1305 808 lata
1337 770 1457 825 qua
1486 754 1641 812 clade
1663 758 1923 827 peremit.

613 836 899 895 Scotorum
931 857 1131 912 genere
1153 845 1513 903 scholasticus
1536 863 1662 903 acer
1688 850 1742 903 in
1775 859 1915 917 arte,
1972 878 1975 881 ν

611 928 727 985 Hoc
751 930 929 986 fuerat
954 936 1143 988 morbo
1169 938 1348 1006 patria
1379 953 1670 1007 percussus
1702 941 1759 996 in
1798 941 1912 1009 illa,

608 1018 898 1077 Librorum
921 1026 1103 1079 studio
1131 1026 1339 1093 doctus,
1365 1031 1459 1084 sed
1486 1030 1630 1088 nulla
1658 1031 1853 1089 futura:

608 1115 751 1170 Cura
778 1113 878 1169 fuit
896 1119 1095 1173 misero
1120 1120 1264 1185 vitm,
1288 1121 1389 1177 sibi
1413 1138 1645 1193 eumque
1668 1125 1880 1181 videret

610 1206 800 1265 Mortis
826 1211 1020 1267 adesse
1045 1214 1208 1281 diem,
1237 1230 1435 1287 magno
1464 1219 1738 1290 trepidare
1769 1223 1966 1279 timore

609 1299 883 1370 Cmperat,
916 1304 986 1357 ob
1018 1305 1214 1360 merita
1246 1308 1532 1375 scelerum,
1567 1327 1635 1367 ne
1666 1313 1734 1367 ad
1765 1322 1970 1370 tartara
2004 1316 2123 1373 dira

605 1388 855 1449 Mortuus
878 1392 1077 1451 inferni
1111 1407 1414 1467 raperetur,
1440 1416 1572 1458 voce
1599 1405 1839 1473 gementi

602 1484 915 1557 Alloquitur
940 1488 1146 1545 socium
1173 1508 1186 1543 :
1221 1508 1240 1541 ε
1270 1490 1483 1561 Frater,
1512 1494 1645 1550 mihi
1673 1498 1864 1553 mortis
1887 1513 2086 1554 amara:

604 1574 886 1634 Articulus
911 1590 1190 1652 properat,
1223 1584 1495 1655 citiusque
1526 1586 1595 1642 ad
1623 1596 1829 1645 tartara
1859 1592 2050 1659 ducar,

603 1670 886 1741 Perpetua:
914 1674 1126 1740 mortis,
1159 1676 1285 1746 quia
1305 1675 1421 1746 jam
1450 1694 1559 1735 non
1586 1687 1830 1753 tempore
1855 1697 2025 1753 parvo

603 1761 936 1822 Criminibus
963 1772 1174 1823 tantum
1199 1768 1413 1838 penitus
1446 1771 1654 1828 servire
1681 1774 1945 1834 solebam.

603 1854 751 1912 Proh
778 1857 928 1915 dolor
951 1861 963 1913 i
990 1861 1104 1915 lucc
1130 1870 1350 1934 pr0ptcr
1375 1865 1501 1919 novi
1531 1866 1719 1925 feralia
1748 1868 1983 1927 ﬂammis

606 1948 837 2010 Tartara
861 1959 1014 2022 parta
1045 1953 1197 2008 mihi.
1231 1955 1382 2010 Totis
1419 1958 1550 2013 mihi
1581 1962 1834 2016 sensibus
1861 1972 1944 2019 est
1973 1964 2119 2030 hinc,

607 2039 667 2097 Si
702 2041 831 2095 velit
857 2039 1210 2115 Omnipotens
1239 2046 1439 2102 misero
1467 2050 1765 2108 concedere
1790 2055 1976 2121 vitam,

608 2130 829 2187 Viribus
857 2132 1064 2189 annisis
1094 2149 1274 2192 mores
1308 2144 1520 2196 mutare
1551 2143 1834 2214 malignos.

606 2221 718 2281 Nec
744 2232 924 2279 tamen
954 2237 1075 2280 esse
1109 2228 1215 2283 mei
1241 2231 1421 2286 meriti
1444 2235 1557 2290 scio
1585 2238 1767 2292 vivere
1793 2248 2024 2305 tantum,

604 2313 670 2373 Ni
696 2318 828 2372 mihi
857 2320 1120 2379 concedat
1143 2322 1268 2378 vitm
1302 2325 1462 2383 modo
1492 2343 1689 2384 munus
1713 2339 1905 2389 amate

606 2407 935 2465 Sanctorum
958 2413 1170 2469 meritis
1202 2417 1517 2473 miserantis
1544 2421 1720 2488 gratia
1750 2420 1973 2484 Chrisﬁ.

601 2502 796 2558 Audivi
823 2507 1093 2574 quondam
1119 2509 1316 2567 celebri
1348 2527 1566 2568 rumore
1598 2513 1794 2573 referri

602 2593 839 2651 Oswaldi
866 2599 1009 2670 regis
1038 2597 1226 2657 laudes
1254 2602 1549 2658 virtutibus
1584 2608 1811 2678 amplas.

602 2685 681 2743 Tu
710 2688 836 2755 quia
866 2690 934 2745 de
959 2706 1155 2761 genere
1178 2709 1236 2749 es
1262 2692 1541 2752 Saxonum
1571 2700 1775 2771 collega
1806 2710 1985 2767 natus,

600 2776 806 2836 Forsan
845 2780 1012 2835 habes
1038 2780 1156 2849 ejus
1180 2785 1477 2855 quidquam
1505 2790 1666 2844 modo
1688 2791 2099 2861 relliquiarum?
2124 2813 2143 2845 ι

602 2873 701 2927 Cui
725 2873 906 2929 socius
927 2876 1113 2931 statim
1140 2876 1301 2933 fidam
1323 2878 1571 2949 profatur
1596 2884 1648 2938 in
1675 2900 1865 2940 aurem
1893 2905 1903 2938 :

602 2963 764 3039 ξδ’]
792 2984 811 3017 ι
839 2965 973 3024 Pars
995 2967 1213 3025 inventa
1239 2972 1378 3027 sacri
1402 2984 1485 3028 est
1506 2989 1717 3029 mecum
1740 2977 1806 3031 de
1828 2979 2009 3051 stipite
2031 2979 2182 3055 ligni,

602 3058 829 3115 inﬁxum
854 3058 1033 3117 fuerat
1060 3072 1220 3133 caput
1241 3065 1407 3120 occisi
1432 3066 1573 3121 illius
1603 3068 1655 3121 in
1684 3083 1825 3140 quo;

597 3150 734 3208 Etsi
766 3151 920 3208 firma
949 3162 1102 3209 tenes
1130 3153 1249 3212 fidei
1282 3166 1335 3211 tu
1367 3168 1606 3228 pectora,
1639 3162 1867 3218 credens

594 3242 702 3303 Per
731 3247 862 3299 tanti
886 3247 1062 3316 pietas
1092 3248 1343 3304 meritum
1369 3251 1549 3307 divina
1576 3258 1786 3323 patroni

595 3334 767 3406 llujus
790 3337 971 3393 adhuc
996 3339 1120 3393 vita:
1142 3340 1305 3395 donat
1331 3341 1426 3397 tibi
1453 3350 1701 3419 tempora
1736 3345 1890 3417 longa
1914 3368 1928 3415 ;

594 3427 821 3499 insuper
844 3440 1064 3487 mterna
1089 3434 1369 3504 praestabit
1392 3438 1586 3507 gaudia
1617 3439 1818 3497 forsan.
1852 3463 1871 3494 ι

665 3520 775 3577 Nec
806 3537 977 3588 mora,
1003 3526 1133 3595 quin
1159 3534 1270 3581 toto
1300 3528 1436 3582 dixit
1460 3546 1518 3585 se
1550 3533 1775 3589 credere
1805 3536 1986 3591 cordo.

595 3611 734 3671 Tum
764 3617 1039 3672 benedixit
1067 3634 1265 3689 aquam
1291 3623 1493 3689 socius,
1529 3634 1848 3696 partemque
1873 3631 2071 3687 sacrati

593 3708 828 3766 Roboris
855 3710 1149 3769 immittens
1183 3729 1328 3784 aegro
1348 3716 1497 3771 dedit
1526 3725 1684 3787 atque
1710 3719 2019 3777 bibendam.

592 3798 698 3867 Qui
721 3816 846 3855 mox
877 3803 1169 3867 convaluit,
1204 3807 1475 3876 mortique
1500 3819 1721 3879 ereptus
1749 3812 1816 3865 ab
1847 3812 1935 3867 illa
1961 3823 2064 3869 est.

595 3890 673 3949 Ex
701 3892 827 3947 hinc
853 3892 1137 3949 incolumis
1167 3897 1335 3952 multo
1358 3898 1473 3969 jam
1508 3908 1753 3973 tempore
1778 3903 1933 3969 vixit,

587 3982 675 4038 Ad
702 3984 1093 4056 Dominamque
1119 4002 1272 4043 suam
1296 3990 1461 4044 vitam
1486 4004 1829 4051 converterat
1855 4012 2071 4057 omnem

594 4071 1016 4144 Magniﬁeasque
1043 4075 1153 4132 Deo
1183 4078 1368 4135 laudes
1397 4082 1668 4139 referebat
1698 4088 1919 4157 ubique,

592 4163 661 4222 Et
697 4164 909 4220 liomini
938 4166 1198 4226 famulum
1229 4186 1427 4242 magno
1454 4175 1763 4234 celebrabat
1789 4180 2015 4239 honore.

664 4272 689 4299 ι
724 4258 957 4316 Sanctus
986 4269 1069 4315 ter
1100 4264 1268 4319 ternis
1289 4264 1505 4322 Oswald
1530 4269 1763 4326 feliciter
1785 4274 1941 4332 annis

592 4347 825 4419 imperio
853 4359 1136 4422 postquam
1171 4371 1461 4426 regnorum
1487 4362 1624 4415 rexit
1651 4362 1909 4432 habenas,

594 4441 711 4511 ipse
740 4440 855 4514 (sic)
888 4460 1022 4513 quas
1048 4447 1246 4503 retinet
1273 4448 1477 4505 famosa
1509 4452 1788 4511 Britannia
1809 4471 2024 4528 gentes,

593 4535 791 4593 Divisis
815 4536 1029 4607 linguis,
1058 4540 1269 4610 populis
1296 4558 1393 4613 per
1420 4547 1634 4601 nomina
1663 4556 1878 4619 patrum
1903 4570 1917 4617 ;

594 4629 770 4699 Atque
797 4644 967 4684 annos
989 4640 1272 4702 postquam
1304 4642 1385 4689 ter
1410 4635 1579 4693 denos
1608 4639 1743 4695 vixit
1771 4650 1827 4697 et
1854 4653 1996 4711 octo,

592 4719 859 4789 Augustas
888 4735 1044 4775 sacra
1070 4719 1251 4780 Nonas
1269 4724 1382 4795 jam
1412 4736 1589 4785 morte
1616 4730 1816 4787 dicavit
1840 4750 1853 4799 ;

589 4807 849 4865 Ascendit
878 4810 1089 4866 meritis
1118 4812 1358 4871 caelestia
1388 4832 1554 4890 regna
1577 4826 1821 4880 coruscis
1841 4866 1855 4889 ,

591 4896 738 4953 Oswi
760 4915 1017 4973 germano
1049 4908 1329 4963 terrestria
1360 4923 1521 4979 regna
1554 4914 1885 4985 relinquens.

592 4993 621 5035 ι)
646 4992 857 5050 interea
884 4994 1118 5053 obtinuit
1143 4999 1313 5066 multo
1334 4999 1446 5069 jam
1474 5015 1687 5076 sceptra
1708 5011 1893 5067 labore

592 5084 883 5158 Principio,
914 5089 1145 5159 propria
1170 5098 1350 5148 rector
1376 5110 1545 5153 novus
1573 5098 1702 5156 Osui
1734 5105 1945 5173 gentis;

594 5174 940 5247 liupugnatus
964 5179 1109 5237 enim
1141 5180 1313 5240 fuerat
1338 5185 1465 5241 hinc
1487 5186 1612 5242 inde
1642 5189 1879 5247 vicissim

594 5268 803 5340 Smpius
823 5271 1060 5329 externis
1088 5275 1454 5342 pmdantibus
1468 5280 1710 5349 undique
1740 5281 1894 5337 ﬁnes.

593 5364 814 5433 insuper
838 5380 867 5427 ο
891 5366 1129 5437 propriis
1150 5383 1437 5438 perpessus
1464 5371 1602 5429 bella
1628 5378 1963 5448 propinquis,

594 5453 693 5520 Qui
725 5456 941 5515 crudele
961 5472 1123 5517 manu
1147 5458 1453 5517 lacerabant
1482 5464 1688 5522 viscera
1715 5470 1885 5538 regni.

663 5567 815 5624 Vers.
854 5569 974 5622 5m.

662 5693 686 5721 ι
715 5680 851 5752 Beda
884 5680 999 5752 libr.
1036 5698 1115 5739 tu.
1146 5697 1260 5752 cap.
1294 5685 1343 5737 9.

667 5755 689 5790 δ
721 5750 860 5807 Beda
894 5749 925 5803 Ι.
960 5752 1078 5812 cit..
1107 5749 1225 5812 cap:
1257 5754 1334 5806 li.

2223 388 2274 445 Α
2301 384 2544 456 Cognato
2574 385 2858 455 implentcs
2883 382 3178 439 sceleratas
3204 384 3468 455 sanguine
3498 381 3752 450 dextras;

2305 475 2417 532 Nec
2446 485 2689 531 metuunt
2718 474 2925 545 patrias
2953 475 3174 545 gentilia
3203 485 3380 531 castra
3408 492 3507 547 per
3532 477 3717 543 urbes,

2304 568 2508 623 invidia
2541 577 2768 639 cogente
2794 567 2927 632 fera,
2957 568 3263 633 deducere;
3302 568 3385 624 vcl
3424 569 3503 623 sic

2304 661 2525 717 Viribus
2552 661 2796 717 externis
2826 668 3086 717 conantes
3112 669 3359 718 sternere
3389 676 3594 733 regem.

2305 764 2327 789 ε
2358 751 2456 805 Cui
2488 752 2591 805 fuit
2618 759 2744 806 ante
2772 751 2907 807 alios
2929 751 3120 821 primis
3147 751 3374 808 infestus
3402 753 3470 809 ab
3496 753 3657 809 annis

2303 841 2486 897 Hostis
2515 858 2609 897 rex
2639 840 2883 910 Pendan,
2917 840 3074 897 fortis
3102 843 3303 898 virtute
3330 842 3583 913 doloque,

2301 934 2525 989 Occisor
2551 931 2756 997 fratris,
2789 932 2940 1005 regni
2965 942 3018 989 et
3044 940 3287 989 vastator
3310 934 3581 1001 acerbus;

2299 1026 2402 1092 Qui
2427 1033 2509 1080 ter
2536 1025 2677 1082 dena
2707 1025 2808 1082 sibi
2833 1026 3092 1084 conduxit
3123 1027 3289 1081 millia
3318 1025 3480 1093 bella,

2300 1118 2409 1172 Ter
2432 1117 2709 1187 denosque
2741 1116 2908 1173 duces
2938 1118 3165 1173 totidem
3194 1119 3462 1175 deducere
3491 1128 3700 1178 turmas

2298 1210 2590 1281 Disposuit,
2625 1226 2856 1280 quorum
2886 1218 3071 1266 certus
3099 1209 3201 1270 fuit
3227 1227 3358 1268 usus
3386 1212 3441 1267 in
3469 1214 3659 1271 armis.

2299 1302 2411 1359 llac
2438 1311 2651 1362 vastare
2683 1318 2845 1362 manu
2871 1302 3203 1374 veniensque
3228 1311 3473 1362 evertere
3501 1322 3753 1377 regnum,

2297 1395 2493 1452 Moenia
2516 1396 2809 1460 destruxit,
2840 1395 3089 1452 homines
3108 1392 3380 1456 mucrone
3414 1400 3670 1471 peremit.

2293 1488 2563 1545 imbribus
2584 1491 2869 1547 exundans
2900 1499 3113 1548 torrens
3141 1507 3239 1548 ceu
3264 1495 3543 1553 montibus
3569 1496 3697 1554 altis

2295 1581 2506 1638 Sternit
2528 1598 2705 1654 agros,
2734 1594 3053 1654 segetesque
3082 1588 3226 1656 rapit
3260 1586 3549 1660 sylvasqne
3578 1590 3818 1657 recidit;

2295 1674 2387 1730 Sic
2417 1675 2521 1730 dux
2552 1677 2665 1746 ipse
2692 1676 2845 1732 ferox
2870 1676 3165 1735 devastans
3187 1681 3370 1739 omnia
3394 1683 3594 1753 pressit
3610 1724 3626 1749 ,

2224 1745 2263 1803 Β
2298 1765 2442 1821 Dans
2470 1745 2632 1823 simul
2662 1767 2717 1822 in
2742 1783 2962 1839 pessum
2992 1784 3209 1840 pueros,
3236 1772 3575 1845 juvenesque
3601 1791 3890 1851 senesque.

2297 1856 2485 1911 Nullus
2517 1872 2639 1912 eum
2668 1872 2854 1926 sexus,
2883 1859 2966 1914 vel
3004 1861 3150 1915 nulla
3182 1872 3484 1920 retraxerat
3513 1874 3649 1923 atas

2294 1950 2375 2005 Ad
2396 1950 2617 2019 pietatis
2638 1966 2776 2023 opus
2799 1969 2813 2017 ;
2854 1951 3001 2008 nullo
3029 1955 3154 2025 quia
3176 1953 3301 2024 jure
3326 1958 3590 2027 pepercit.

2295 2040 2403 2096 Sed
2434 2051 2635 2107 rector,
2664 2044 2751 2098 cui
2779 2057 2909 2100 cura
2939 2042 3040 2101 fuit
3068 2043 3361 2102 defendere
3395 2057 3636 2120 gentem,

2296 2132 2475 2202 Seque
2502 2150 2739 2206 suosque
2766 2136 2927 2191 simul
2948 2134 3153 2195 Christi
3183 2141 3409 2197 tutarier
3430 2143 3632 2210 armis,

2292 2222 2450 2297 Legit
2476 2233 2533 2281 et
2557 2224 2671 2294 ipse
2698 2227 2846 2282 viros
2876 2226 3067 2293 fortes,
3102 2241 3266 2301 atque
3288 2233 3505 2305 agmina
3531 2243 3711 2303 tanta,

2294 2318 2529 2373 Venerat
2556 2317 2702 2375 haud
2726 2320 2937 2392 trepido
2965 2330 3155 2379 contra
3186 2339 3282 2380 rex
3307 2335 3530 2396 pectore
3557 2337 3841 2403 promptus
3864 2370 3883 2400 .

2294 2410 2461 2466 Milite
2483 2424 2606 2467 cum
2635 2426 2783 2480 raro,
2814 2413 2993 2485 primo
3019 2415 3117 2473 sed
3140 2430 3336 2474 nomen
3364 2418 3578 2492 Olympi

2294 2505 2531 2562 Fletibus
2554 2515 2611 2561 et
2636 2507 2777 2564 votis
2806 2509 3082 2568 constanti
3110 2509 3277 2567 corde
3297 2513 3564 2584 poposcit.

2291 2597 2387 2652 liis
2408 2597 2550 2653 actis
2573 2600 2740 2654 etiam
2768 2599 2998 2660 hostiles
3021 2607 3082 2656 ut
3108 2600 3243 2662 vidit
3271 2603 3472 2674 ubique

2289 2688 2607 2745 innumeras
2634 2688 2779 2746 acies
2808 2689 2932 2746 latis
2960 2690 3270 2749 discurrere
3296 2695 3524 2764 campis,

2288 2777 2398 2835 Has
2421 2788 2612 2835 contra
2638 2781 2889 2852 opposuit
2911 2798 3137 2854 parvum
3168 2783 3294 2839 licet
3314 2785 3549 2859 impiger
3575 2803 3772 2863 agmen
3789 2833 3808 2860 ,

2290 2867 2452 2923 Millia
2480 2870 2621 2925 trina
2650 2872 2801 2927 ciens
2822 2878 3058 2940 tantum,
3084 2875 3179 2931 sed
3203 2886 3454 2949 prompta
3480 2878 3661 2937 duello

2287 2961 2397 3018 Nec
2427 2978 2597 3028 mora,
2622 2964 2754 3035 quin
2782 2965 2979 3022 mediis
3000 2982 3059 3022 se
3082 2968 3387 3026 immiserat
3408 2971 3658 3031 hostibus
3675 2976 3881 3045 audax,

2289 3055 2621 3112 Proturbans
2650 3056 2819 3123 acies,
2844 3054 3050 3115 Christi
3080 3060 3352 3119 testudine
3376 3060 3569 3123 fretus.

2291 3146 2411 3206 Mox
2445 3146 2608 3202 timor
2632 3147 2898 3217 impactas
2920 3149 3239 3220 populorum
3270 3152 3495 3225 dispulit
3522 3155 3659 3225 alas,

2287 3241 2388 3309 Qui
2415 3255 2608 3312 pugnae
2635 3239 3003 3308 immemores,
3034 3243 3203 3300 armis
3225 3245 3450 3317 telisque
3476 3246 3702 3317 relictis,

2286 3335 2425 3389 Tuta
2454 3333 2594 3405 fugae
2613 3332 2821 3405 petiere
2844 3331 2984 3401 loca,
3025 3342 3082 3391 et
3106 3350 3202 3392 sua
3233 3336 3387 3408 signa
3411 3338 3696 3401 revellunt.

2284 3427 2591 3483 Pallantum
2621 3440 2824 3483 cuneos
2849 3426 3027 3484 victor
3052 3444 3149 3486 rex
3177 3428 3337 3487 czedit
3364 3430 3598 3503 ubique,

2284 3519 2582 3576 Horrisona
2611 3516 2945 3588 increpitans
2974 3517 3245 3591 fugientes
3272 3535 3405 3577 voce
3428 3522 3749 3597 phalangas.

2282 3614 2448 3667 Arma
2474 3626 2669 3667 cruore
2692 3618 2902 3678 natant,
2930 3620 3214 3668 mutantur
3238 3615 3503 3685 sanguine
3531 3612 3749 3686 fontes;

2281 3706 2444 3775 Fugit
2472 3712 2528 3761 et
2554 3705 2667 3777 ipse
2696 3702 2877 3770 simul,
2909 3710 3060 3759 tanta
3088 3704 3177 3759 vix
3208 3704 3360 3761 clade
3382 3715 3604 3764 coactus

2283 3803 2400 3857 Dux
2428 3801 2669 3865 Pendan,
2697 3814 2929 3855 cernens
2953 3798 3129 3855 caedes
3158 3806 3477 3872 stragesque
3502 3816 3763 3862 suorum:

2280 3896 2392 3952 Nec
2415 3908 2596 3952 tamen
2625 3894 2827 3949 evaluit
2850 3892 3063 3965 fugiens
3088 3893 3321 3950 evadere
3346 3903 3577 3950 mortem
3594 3931 3614 3963 ,

2281 3990 2388 4046 Sed
2414 3988 2595 4061 gladio
2615 3986 2812 4043 cecidit
2839 3985 3048 4044 victrici
3073 3987 3287 4043 occisus
3315 3994 3372 4042 et
3396 3986 3510 4043 ille.

2279 4084 2535 4138 Curritur
2554 4082 2622 4139 ad
2653 4082 2891 4147 prmdam
2919 4080 3145 4152 passim,
3174 4090 3231 4136 et
3261 4081 3379 4137 laus
3400 4081 3563 4152 digna
3591 4080 3825 4144 Tonanti

2280 4175 2546 4230 lledditur
2574 4181 2802 4239 aeterno,
2834 4186 3050 4241 semper
3070 4171 3165 4241 qui
3194 4170 3389 4227 liberat
3414 4188 3608 4228 omnes

2279 4265 2337 4320 in
2362 4280 2420 4321 se
2447 4271 2729 4335 sperantes
2748 4263 3008 4329 clemens,
3042 4270 3097 4317 et
3122 4262 3296 4318 salvat
3324 4262 3547 4334 ubique.

2281 4358 2395 4413 lloc
2422 4365 2539 4411 erat
2564 4357 2670 4412 hoc
2696 4355 2860 4410 etiam
2891 4352 3074 4410 multis
3103 4354 3237 4410 satis
3262 4353 3393 4412 utile
3420 4354 3623 4411 bellum
3651 4375 3665 4410 :

2200 4467 2246 4526 ο
2284 4453 2526 4521 Namque
2552 4465 2704 4507 suam
2734 4456 2951 4521 gentem
2978 4464 3073 4505 rex
3103 4449 3350 4505 hostibus
3373 4451 3517 4507 eruit
3535 4453 3698 4521 acris,

2280 4545 2602 4602 Merciorum
2633 4542 2755 4599 fidei
2780 4541 3009 4612 sceptris
3040 4551 3095 4598 et
3120 4543 3359 4598 subdidit
3386 4543 3576 4611 almis,

2280 4637 2508 4693 Sacr-ato
2539 4636 2747 4692 faciens
2772 4633 3117 4705 baptismatis
3144 4647 3304 4689 amne
3329 4634 3497 4689 lavari
3521 4653 3535 4702 ;

2277 4730 2489 4800 Perque
2515 4728 2685 4792 illum,
2715 4726 2950 4782 donante
2972 4726 3104 4793 Deo,
3135 4726 3342 4781 ditatur
3367 4733 3597 4799 uterque

2277 4822 2558 4894 Magnifico
2579 4819 2805 4891 populus
2834 4818 3070 4874 caelestis
3098 4834 3324 4875 munere
3349 4821 3475 4876 doni
3503 4838 3517 4886 ;

2276 4916 2370 4973 ille
2390 4916 2564 4971 haeres
2589 4913 2780 4985 patria:
2810 4913 3006 4975 factus,
3039 4912 3129 4968 hic
3156 4914 3291 4970 civis
3316 4912 3546 4985 Olympi.

2279 5007 2450 5063 Ambo
2477 5006 2706 5079 gentiles
2736 5004 2954 5077 gemino
2982 5004 3220 5059 micuere
3247 5006 3545 5075 triumpho,

2277 5096 2548 5155 Damonis
2577 5095 2666 5150 ille
2687 5094 2841 5167 iugo,
2871 5103 3090 5151 terreno
3117 5096 3205 5151 hic
3237 5096 3392 5153 hoste
3413 5097 3643 5153 solutus.

2348 5186 2587 5242 Plurima
2612 5185 2885 5241 continuis
2908 5185 3118 5241 domuit
3139 5196 3262 5255 post
3288 5203 3452 5257 regna
3474 5189 3765 5261 triumphis

2273 5280 2440 5343 Oswi,
2472 5276 2729 5333 nobiliter
2752 5276 2959 5346 patrias
2985 5285 3041 5331 et
3069 5278 3209 5332 rexit
3236 5278 3497 5346 habenas,

2277 5370 2686 5442 «liquentisque
2714 5368 2819 5424 sibi
2848 5376 3037 5437 gentes
3064 5368 3191 5425 hinc
3215 5368 3338 5425 inde
3357 5372 3588 5444 subegit,

2275 5462 2383 5518 Has
2412 5471 2621 5517 terrore
2648 5474 2884 5530 premes,
2920 5460 3039 5515 illas
3070 5477 3331 5519 mucrone
3359 5479 3639 5531 coercens,

3466 5577 3619 5635 \‘ers.
3660 5580 3783 5638 568.

2346 5702 2363 5725 τ
2398 5688 2538 5744 Beda
2564 5686 2600 5739 i.
2632 5688 2740 5751 cit.,
2778 5700 2895 5756 cap.
2924 5686 3013 5741 ξι.
