4106 6548
723 84 1239 92 __—_—__—

356 360 468 423 825
1114 357 1446 418 CARMINA.
1482 388 1552 398 —
1592 357 1683 413 DE
1718 350 1990 413 PONTIF.
2034 350 2124 407 ET
2165 350 2269 408 SS.
2307 349 2504 410 ECCL.
2547 352 2844 413 EBOBAC.
3528 349 3634 409 826

356 477 625 539 Victrices
645 474 856 547 aquilas
880 490 980 546 per
1004 490 1173 548 regna
1202 473 1412 532 ferebat
1434 471 1652 543 ubique.
1962 470 2014 529 Δ
2041 465 2419 544 Lugentesque
2443 471 2527 528 sui
2550 470 2717 528 funus
2741 470 3093 543 lacrymabile
3118 469 3321 529 Patris.

357 570 595 642 Legibus
616 568 710 626 ille
736 569 901 626 etiam
924 565 1104 625 fuerat
1121 566 1459 638 iustissimus
1490 563 1693 637 aequis.
2050 566 2218 622 Ecce!
2257 564 2348 622 die
2375 565 2565 636 quinta
2588 563 2772 621 subito
2798 562 2963 618 Pater
2990 564 3107 635 ipse
3132 564 3360 631 resedit,

359 662 597 719 Invictus
620 659 802 729 bellis,
832 676 933 716 nec
956 675 1063 715 non
1094 660 1151 714 in
1178 673 1314 730 pace
1336 657 1532 714 ﬁdelis.
2049 657 2227 729 Atque
2252 657 2441 715 levans
2472 656 2675 721 oculos,
2709 656 2886 714 socios
2912 656 3194 726 conspexit
3218 665 3274 713 et
3294 656 3413 713 inﬁt
3434 673 3453 712 :

358 752 636 821 bonorum
659 752 843 827 largus
871 752 1104 816 miseris,
1140 753 1281 822 pius,
1306 750 1560 807 omnibus
1582 763 1803 820 mnus;
2056 772 2078 806 ¢
2111 753 2249 822 Quid
2269 753 2424 824 juvat
2447 753 2621 809 atroci
2657 759 2869 808 tantum
2900 752 3178 822 indulgere
3204 751 3417 819 dolori;

360 856 389 890 ⁸
415 846 708 917 Imperium
732 846 973 902 retinens
1001 854 1255 916 septenos
1288 859 1417 899 nam
1438 851 1638 914 quater
1658 854 1852 905 annua.
2050 843 2152 901 Cui
2174 844 2291 900 vult
2310 843 2654 916 omnipotens
2678 844 2881 915 poterit
2910 845 3196 901 mitescere
3216 842 3384 913 judex
3400 883 3417 910 ,

361 935 690 1009 Compositis
713 936 878 993 rebus
903 935 1031 992 felix
1056 936 1115 991 in
1142 949 1279 1007 pace
1305 934 1547 1005 quievit,
2052 936 2475 1009 Extremamqne
2505 951 2707 992 novum
2728 936 2895 992 vitam
2920 946 3239 993 convertere
3261 936 3318 992 in
3339 943 3545 994 ortum.

362 1029 599 1104 ngredo
624 1032 843 1090 tradens
868 1030 1088 1104 proprio
1114 1030 1421 1087 diademata
1449 1036 1577 1085 nato
1593 1068 1610 1095 ,
2051 1029 2298 1103 Namque
2325 1043 2485 1087 suum
2512 1029 2753 1087 clemens
2774 1030 3012 1101 legatum
3037 1028 3187 1087 misit
3211 1029 3280 1086 ab
3302 1028 3495 1098 astris,

362 1121 597 1196 ngredo
622 1124 861 1180 moriens
890 1123 1092 1194 regalia
1121 1129 1337 1193 sceptra
1364 1120 1697 1191 relinquens.
2052 1121 2157 1191 Qui
2188 1110 2418 1179 steterat
2442 1120 2601 1178 niveo
2626 1122 2855 1178 nimium
2878 1122 3176 1195 praeclarus
3199 1123 3401 1180 amictu
3418 1162 3437 1189 ,

433 1214 700 1288 Tempore
722 1231 846 1272 nam
870 1215 1062 1271 micuit
1081 1213 1370 1270 Wilfridus
1400 1213 1687 1285 episcopus
1715 1212 1744 1252 ιι
1771 1209 1897 1278 illo,
2052 1214 2123 1271 Et
2138 1214 2272 1270 mihi
2293 1212 2633 1285 flammigero
2660 1213 2914 1285 praedixit
2936 1212 3067 1269 talia
3096 1212 3278 1269 vultu:

366 1305 539 1376 Quem
562 1305 706 1363 Deus
733 1307 1074 1375 omnipotens
1102 1305 1297 1362 infudit
1321 1306 1444 1361 luce
1465 1320 1701 1376 superna
1719 1345 1735 1371 ,
2053 1304 2141 1362 Mc
2164 1305 2288 1376 pius
2312 1302 2657 1360 Altitbronus
2687 1303 3002 1362 Michaelem
3028 1304 3176 1362 misit
3203 1302 3434 1377 Olympo
3455 1343 3472 1371 ,

362 1399 624 1459 Errornm
652 1401 875 1458 tetricas
906 1399 1067 1456 terris
1091 1407 1151 1457 ut
1177 1398 1403 1471 pelleret
1429 1397 1685 1464 umbras,
2054 1398 2268 1465 Dicere,
2292 1397 2438 1468 quod
2466 1396 2658 1452 morbo
2681 1410 2828 1453 nunc
2855 1394 3252 1452 confortaberis
3277 1396 3382 1452 isto
3398 1436 3415 1462 ,

363 1492 471 1551 Per
494 1494 614 1551 loca
641 1503 918 1566 perpetua:
943 1502 1272 1565 quapmpter
1298 1492 1468 1549 multa
1489 1491 1684 1549 salutis
2054 1490 2163 1549 Pro
2189 1489 2400 1547 meritis
2421 1496 2624 1546 sanctae
2644 1489 2835 1546 Matris
2857 1490 3222 1562 precibusque
3246 1490 3462 1558 Mariae,

361 1581 629 1641 Gentibus
652 1592 706 1638 et
731 1583 945 1655 populis
973 1582 1235 1639 doctrina:
1259 1581 1462 1639 lumina
1493 1582 1711 1652 sparsit.
2055 1582 2188 1652 Quae
2213 1582 2479 1654 gemitus,
2508 1579 2795 1653 lacrymas,
2824 1582 3095 1639 sociorum
3125 1591 3182 1639 et
3202 1591 3328 1640 vota
3355 1592 3571 1640 tuorum

363 1672 513 1731 Illius
537 1672 791 1731 australis
819 1672 1000 1729 studio
1028 1672 1266 1730 Saxonia
1290 1672 1569 1729 Christum
2055 1674 2293 1730 Auribus
2327 1689 2357 1729 e
2388 1672 2525 1730 solio
2550 1674 2761 1731 cmlesti
2790 1675 2999 1731 audivit
3025 1676 3265 1748 apertis,

366 1763 628 1832 Credidit,
660 1775 716 1822 et
740 1766 891 1823 claro
920 1766 1138 1839 perfusa
1170 1776 1255 1823 est
1282 1766 1529 1837 lampade
1558 1765 1701 1821 vitae.
1983 1831 2028 1839 _
2058 1764 2368 1835 Deposwns
2392 1761 2605 1819 tibimet
2633 1764 2802 1820 vitam
2832 1765 2993 1820 simul
3019 1773 3184 1837 atque
3208 1766 3460 1824 salutem.

369 1856 482 1915 Nec
509 1831 682 1913 solum
711 1831 939 1929 populos
969 1859 1165 1913 animae
1193 1858 1262 1914 de
1285 1831 1460 1914 morte
1488 1856 1722 1929 maligna
1982 1831 2034 1897 Β
2057 1831 2190 1912 Esto
2214 1862 2397 1911 tamen
2423 1862 2623 1925 quarto
2648 1854 2901 1911 veniente
2924 1831 3149 1926 paratus
3170 1854 3226 1912 in
3255 1873 3398 1913 anno
3415 1898 3430 1924 ,

366 1948 491 2007 Illos
517 1951 747 2007 antistes
772 1950 1036 2007 doctrinis
1061 1952 1206 2007 eruit
1228 1950 1387 2006 almis
1404 1991 1421 2018 ,
2055 1947 2175 2019 Ipse
2199 1960 2301 2018 ego
2329 1956 2459 2003 tunc
2480 1946 2680 2002 iterum
2705 1945 2921 2002 veniam
2952 1954 3007 2004 te
3030 1950 3229 2015 visere,
3260 1964 3386 2005 nam
3423 1956 3484 2007 tu

369 2043 479 2101 Sed
502 2060 635 2101 nece
661 2046 729 2101 de
752 2054 1021 2116 praesente
1056 2045 1219 2102 simul
1249 2044 1478 2102 salvavit
1502 2044 1739 2105 eosdem.
2055 2044 2325 2116 Tempore
2348 2042 2643 2115 tranquillo
2669 2041 2863 2111 patria:
2888 2044 3140 2101 morieris
3162 2044 3218 2099 in
3239 2045 3376 2100 oris.
3414 2063 3435 2099 ι

369 2135 639 2210 Tempore
670 2139 939 2209 contiguis
966 2138 1058 2194 illo
1084 2154 1209 2193 nam
1237 2139 1338 2195 sub
1366 2139 1540 2195 tribus
1565 2138 1726 2196 annis
2055 2138 2347 2212 Angelicos
2380 2138 2629 2208 sequitur
2657 2141 2895 2196 monitus
2920 2155 3045 2196 mox
3078 2140 3191 2196 vita
3220 2140 3510 2212 salusque,
3552 2144 3556 2149 ’

371 2226 487 2283 Non
517 2244 627 2293 ros,
658 2244 769 2283 non
797 2229 973 2286 imber
997 2229 1248 2285 sitientes
1276 2229 1468 2301 irrigat
1491 2243 1673 2300 agros.
2056 2231 2170 2288 Nec
2193 2246 2303 2287 non
2328 2229 2573 2301 expletos
2594 2239 2722 2302 post
2747 2238 3009 2302 quattuor
3032 2232 3213 2287 exitus
3242 2247 3435 2298 annos,

371 2319 536 2375 Arida
561 2319 913 2390 ﬂammigeris
942 2320 1173 2376 tabescit
1202 2329 1346 2376 terra
1379 2321 1479 2376 sub
1500 2320 1687 2384 astris,
2057 2322 2311 2380 Presulis
2335 2323 2538 2396 egregii
2563 2322 2823 2395 praedicto
2849 2332 2935 2379 est
2959 2321 3068 2379 ﬁne
3094 2331 3337 2380 secutus.

374 2421 397 2450 ε
432 2410 497 2466 Et
528 2411 731 2466 victum
758 2412 968 2483 pariter
992 2412 1305 2483 hominique
1336 2411 1571 2483 feraxlue
1602 2413 1854 2484 negabat.
2060 2414 2155 2471 Sic
2177 2422 2231 2469 et
2262 2416 2317 2469 in
2345 2412 2598 2481 ecclesia,
2627 2430 2794 2485 quam
2823 2401 2974 2470 Petri
2998 2414 3176 2470 erexit
3199 2414 3436 2482 honore,

373 2502 551 2573 Atque
579 2502 778 2558 famem
803 2503 1048 2574 sequitur
1070 2505 1400 2563 morientum
1427 2504 1599 2563 cladis
1624 2521 1851 2562 acervus
1869 2545 1885 2571 ,
2061 2508 2313 2579 liripensi
2339 2515 2425 2565 est
2451 2508 2685 2579 positus,
2714 2507 2843 2565 felix
2872 2508 2927 2563 in
2954 2522 3092 2581 pace
3120 2508 3381 2580 sepultus.

374 2592 540 2667 248
563 2593 986 2666 Praecipitesque
1012 2604 1180 2652 munt
1208 2597 1363 2652 multi
1385 2598 1453 2653 de
1478 2599 1705 2670 rupibus
1728 2598 1874 2653 altis.
2061 2602 2159 2658 Vir
2186 2615 2401 2672 quoque
2424 2598 2761 2670 temporibus
2781 2608 3006 2656 sanctus
3036 2598 3276 2672 fulgebat
3304 2600 3358 2655 in
3382 2599 3513 2667 illis,

373 2683 474 2741 Ast
503 2685 592 2739 alii
622 2686 829 2755 rapidis
851 2700 971 2742 sese
998 2702 1241 2745 mersere
1272 2689 1373 2743 sub
1398 2676 1591 2756 undis,
2061 2693 2375 2767 Angelicam
2400 2693 2731 2750 Cuthbertus
2763 2705 2786 2734 ο
2816 2708 2986 2765 agens
3014 2693 3069 2748 in
3097 2706 3325 2764 corpore
3344 2695 3547 2760 vitam,

383 2777 451 2834 Ut
481 2778 582 2834 sibi
607 2779 924 2850 praeriperet
945 2779 1167 2853 longum
1195 2782 1303 2837 cita
1333 2797 1482 2838 mors
1506 2783 1833 2838 cruciatum.
2065 2788 2169 2855 Qui
2198 2786 2300 2842 fuit
2329 2804 2359 2842 a
2384 2802 2556 2857 puero
2578 2786 2749 2860 signis
2783 2786 3013 2858 insignis
3033 2786 3237 2857 apertis
3258 2826 3274 2854 ,

375 2871 497 2943 Ipsa
531 2887 765 2942 namque
792 2873 900 2939 die,
929 2889 1038 2945 quo
1063 2890 1197 2947 gens
1222 2883 1538 2947 susceperat
1563 2875 1673 2941 illa,
1870 2942 1873 2943 ν
2067 2878 2308 2937 Moribus
2336 2885 2392 2933 et
2420 2878 2632 2934 meritis
2653 2879 2838 2934 statim
2863 2878 3134 2933 succrevit
3160 2876 3440 2942 honestis;

378 2965 649 3022 Doctrinis
677 2966 881 3023 imbuta
902 2968 1097 3033 sacris,
1118 2969 1466 3039 baptismatis
1497 2970 1721 3037 undam,
1935 3011 1940 3015 -
2066 2973 2244 3042 Atque
2270 2985 2497 3026 manens
2522 2970 2821 3028 monachus
2848 2970 3110 3040 primaevo
3139 2977 3381 3039 tempore
3411 2968 3590 3024 clarus

378 3056 668 3121 Descendit
692 3059 897 3129 pluvia,
925 3068 981 3115 et
1006 3060 1292 3141 telluribn‘s
1317 3077 1449 3117 aura
1478 3077 1670 3119 serena
1686 3104 1700 3126 ,
2067 3063 2270 3120 Doctor
2300 3059 2631 3132 apostolicus
2661 3059 2783 3126 fuit,
2807 3059 2937 3115 hinc
2961 3067 3018 3115 et
3044 3057 3331 3130 presbyter
3354 3058 3550 3125 almus,

475 3157 637 3253 terra)
662 3152 825 3209 rediit
844 3153 1128 3254 specimen
1156 3154 1516 3213 viridantibus
1538 3155 1718 3220 arvis,
1992 3189 2044 3254 ο
2070 3157 2140 3213 Et
2160 3156 2278 3213 loca
2310 3154 2609 3254 fructiferis
2632 3152 2850 3254 replens
2876 3151 3323 3254 inculta.viretis,

381 3239 659 3315 Florigero
682 3243 860 3315 campi
885 3253 1204 3316 montesque
1227 3256 1491 3302 ornantur
1515 3248 1719 3303 amictu
1745 3267 1758 3303 :
1995 3239 2044 3254 “
2071 3245 2336 3303 Fontibus
2359 3244 2579 3300 aeternis
2607 3241 2847 3298 sitientia
2872 3248 3031 3311 prata
3056 3240 3307 3311 rigabat;

378 3330 632 3405 Frugil‘er
657 3333 909 3405 agricolis
932 3334 1243 3392 laetantibus
1268 3336 1473 3392 inditur
1496 3352 1675 3392 annus
1694 3378 1710 3404 ,
2068 3336 2263 3392 Divina
2287 3342 2343 3391 et
2364 3342 2594 3393 cunctos
2617 3331 2859 3391 formans
2883 3332 3087 3389 virtute
3112 3342 3377 3404 sequaces
3391 3339 3418 3398 ,'

380 3420 549 3495 Inque
571 3422 743 3480 Deum
766 3439 961 3482 carnes
987 3435 1312 3484 cunctorum
1338 3428 1614 3498 cordaque
1642 3430 1827 3485 vivum
2068 3426 2348 3500 Dogmatis
2376 3427 2601 3483 aetherei
2627 3425 2811 3482 radios
2829 3424 3121 3495 spargebat
3139 3423 3378 3495 ubique,

382 3515 821 3584 Exsultavernnt,
853 3515 1074 3588 (cecinit
1100 3518 1243 3577 sicut
1269 3528 1429 3576 antea
1456 3518 1652 3591 David)
2070 3518 2381 3575 Discutiens
2404 3515 2663 3574 tenebras
2688 3529 2960 3580 errorum,
2989 3514 3112 3571 luce
3135 3528 3353 3571 serena.

383 3605 598 3662 Certius
621 3607 839 3663 aeternis
862 3607 1131 3664 inhiantes
1148 3616 1370 3678 pectore
1396 3608 1554 3665 donis
1570 3648 1586 3674 ,
2069 3608 2167 3665 Est
2196 3609 2347 3666 locus
2370 3608 2588 3666 Oceano
2614 3607 2796 3665 dictus
2821 3606 3145 3677 cognomine
3170 3606 3348 3662 Farne
3363 3647 3380 3674 ,

381 3696 503 3766 Quo
530 3710 810 3770 sumpsere
837 3699 992 3773 prius
1019 3700 1241 3756 sibimet
1269 3708 1484 3758 terrena
1510 3716 1609 3773 per
1636 3698 1810 3756 illum.
2069 3704 2247 3760 Insula
2270 3703 2439 3761 fontis
2459 3703 2636 3772 inops,
2669 3700 2843 3772 frugis
2864 3708 2922 3756 et
2947 3700 3163 3757 arboris
3186 3713 3416 3770 expers;

454 3786 558 3845 ilic
576 3802 790 3860 quoque
814 3789 1127 3861 compulsus
1150 3790 1381 3847 Romam
1409 3792 1742 3863 properabat
1763 3790 1914 3846 adire
1930 3829 1950 3858 ,
2068 3794 2224 3853 Hanc
2256 3794 2395 3866 petit
2422 3793 2720 3864 intrepidus
2739 3790 2940 3848 Christi
2974 3792 3206 3848 bellator
3229 3792 3446 3863 epimus
3461 3830 3484 3859 ,

385 3876 495 3935 Sed
521 3880 673 3950 prius
694 3886 780 3935 est
803 3879 982 3935 ventis
1009 3880 1309 3938 Fresonum
1335 3888 1526 3937 vectus
1551 3882 1607 3936 in
1634 3895 1790 3948 oras,
2067 3884 2533 3956 Contemplativos
2552 3884 2779 3956 cupiens
2802 3890 2859 3938 et
2881 3896 3110 3953 carpere
3135 3882 3338 3948 liores;

385 3970 413 4011 δ
436 3971 616 4043 Atque
641 3971 715 4027 ibi
738 3986 866 4027 mox
892 3972 1078 4044 populi
1099 3974 1374 4030 convertit
1398 3972 1568 4030 millia
1596 3970 1815 4029 Christo
1830 4014 1848 4040 ,
2072 3978 2192 4048 Ipse
2216 3975 2330 4031 Deo
2354 3975 2453 4032 soli
2477 3976 2628 4033 solus
2653 3975 2862 4033 servire
2889 3974 3117 4046 sategit,

387 4062 627 4120 Plurim
654 4072 934 4135 perpetuae
956 4062 1341 4121 demonstrans
1363 4064 1507 4120 dona
1539 4063 1752 4127 salutis.
2073 4068 2153 4125 Ne
2180 4068 2487 4124 mundanus
2514 4068 2692 4124 honor
2710 4073 2950 4123 mentem
2980 4073 3219 4123 mutaret
3244 4064 3505 4123 alacrem.

388 4157 457 4216 Et
480 4171 806 4229 quocunque
828 4157 1023 4229 pedem
1050 4158 1241 4223 movit,
1267 4157 1359 4229 pia
1387 4157 1595 4213 semina
1623 4158 1795 4225 sevit,
2074 4158 2177 4216 Hic
2203 4158 2443 4215 Eremita
2473 4173 2630 4216 sacer
2653 4172 2763 4214 non
2787 4171 2956 4228 parvo
2990 4163 3239 4228 tempore
3265 4156 3435 4224 vixit,

389 4247 617 4307 Pectora
642 4246 972 4318 perfundens
999 4248 1209 4303 arentia
1240 4263 1364 4303 rore
1391 4262 1629 4319 superno
1648 4288 1664 4313 ,
2077 4250 2289 4322 Saepius
2308 4248 2567 4322 angelicis
2601 4247 2731 4304 l'elix
2758 4245 3012 4303 aﬂ'atibus
3038 4262 3173 4303 usus
3190 4288 3205 4314 ,

390 4340 591 4414 Inclyta
618 4340 825 4397 caelesti
852 4339 1139 4411 complevit
1160 4349 1217 4396 et
1237 4341 1436 4398 horrea
1470 4340 1651 4398 fructu
1673 4380 1689 4406 ,
2078 4340 2283 4399 Toxica
2311 4337 2581 4397 mortiferi
2609 4338 2861 4395 vincebat
2890 4337 2999 4393 tela
3035 4337 3307 4394 draconis.

391 4435 460 4491 Et
482 4432 686 4492 celebri
709 4432 853 4490 fama
882 4432 1005 4488 laeto
1032 4432 1287 4489 laudatur
1320 4433 1374 4487 in
1399 4432 1552 4488 orbe.
2077 4431 2336 4488 Attamen
2362 4432 2672 4488 abstractus
2699 4429 2886 4485 multis
2919 4428 3281 4501 rogitantibus
3305 4428 3452 4494 inde,

391 4528 529 4584 Dum
556 4526 679 4598 pius
703 4525 835 4582 illud
863 4525 963 4580 iter
988 4526 1147 4596 gestit
1177 4525 1449 4595 complere
1480 4524 1735 4580 sacerdos
1758 4565 1773 4592 ,
2001 4547 2058 4611 Β
2080 4521 2322 4580 Tandem
2348 4521 2625 4579 consensit
2652 4528 2920 4577 secretam
2943 4519 3187 4591 linquere
3212 4519 3394 4576 sedem
3412 4558 3429 4584 ,

390 4618 531 4674 Ecce
562 4623 784 4687 repente
816 4613 917 4669 fuit
937 4615 1128 4671 morbo
1156 4614 1436 4683 perculsus
1461 4614 1687 4680 acerbo,
2077 4614 2468 4686 Pontificisque
2495 4615 2745 4689 gradum,
2773 4614 2988 4687 populis
3005 4623 3062 4670 et
3084 4630 3211 4687 rege
3236 4621 3493 4679 coactus,

392 4709 602 4779 Perque
627 4708 745 4763 dies
767 4705 967 4763 multos
992 4706 1171 4761 valido
1197 4716 1475 4762 crescente
1500 4706 1688 4762 dolore
1706 4746 1722 4772 ,
2076 4708 2413 4779 Quandoque
2433 4707 2677 4779 suscepit
2700 4707 2915 4763 eunetis
2940 4707 3226 4763 orantibus
3250 4707 3404 4763 illum
3428 4720 3447 4773 ;

394 4800 556 4855 Venit
574 4799 641 4855 ad
669 4805 971 4854 extremum
998 4795 1247 4853 confecto
1268 4811 1500 4867 corpore
1523 4797 1685 4853 linem
1709 4836 1725 4863 ,
2077 4802 2346 4860 Nobiliter
2377 4803 2521 4859 binis
2546 4802 2707 4871 digne
2731 4814 2893 4870 quem
2922 4801 3064 4855 rexit
3084 4800 3139 4855 in
3165 4800 3322 4855 annis
3340 4839 3373 4866 ,ι

392 4891 485 4947 Bis
509 4891 772 4960 binosque
792 4888 911 4943 dies
934 4902 1095 4943 εθηειι
1118 4887 1236 4943 Sine
1264 4886 1508 4956 οοτΡθτίδ
1538 4887 1684 4942 omni
2080 4894 2321 4952 Plurima
2349 4893 2677 4964 conquirens
2712 4892 3018 4947 animarum
3040 4890 3191 4945 lucra
3219 4887 3451 4945 Tonanti
3468 4927 3488 4956 ,

392 4984 673 5042 Exanimis
699 4982 873 5054 iacuit
899 4997 1058 5052 pene,
1096 4988 1153 5037 et
1183 4981 1496 5051 spiraminis
1518 4989 1728 5046 extors,
2078 4988 2149 5044 Et
2170 4987 2311 5043 bene
2334 4984 2686 5042 commissum
2712 4982 2931 5040 sibimet
2960 4981 3198 5037 servavit
3219 4979 3396 5048 ovile,

394 5076 541 5132 Voce
562 5087 780 5141 carens,
801 5070 1169 5141 membrisque
1192 5079 1435 5141 stupens,
1454 5071 1509 5127 in
1529 5078 1749 5141 pectore
1772 5078 1978 5127 tantum
2080 5076 2159 5133 Ne
2182 5076 2342 5147 lupus
2364 5074 2628 5130 insidians
2653 5070 2857 5127 Christi
2877 5071 3165 5128 deroderet
3189 5083 3380 5141 agnos.

394 5167 616 5239 Frigida
637 5164 729 5221 vix
758 5164 907 5224 tenui
931 5165 1085 5222 duxit
1109 5164 1345 5220 susniria
1374 5163 1522 5219 ﬂatu.
2081 5167 2190 5225 Sed
2217 5184 2345 5225 mox
2370 5164 2628 5222 mundani
2657 5163 2871 5220 culmen
2898 5163 3090 5219 vitavit
3115 5162 3372 5229 honoris,

395 5258 652 5331 Discipuli
682 5258 815 5314 socii
842 5255 1060 5314 stabant
1082 5255 1212 5313 hinc
1236 5255 1361 5313 inde
1388 5265 1693 5328 gementes.
2078 5261 2199 5333 Ipse
2220 5267 2413 5333 petens
2446 5259 2647 5316 iterum
2666 5256 2812 5314 soliti
2833 5263 3042 5313 secreta
3069 5255 3292 5321 cubilis;

467 5394 624 5451 Vers.
661 5391 788 5451 62L
3263 5388 3421 5448 Vers.
3460 5389 3530 5445 67
3543 5389 3587 5447 Ξ.

473 5544 500 5574 ι
524 5530 668 5588 Beda
692 5531 814 5591 libr.
847 5546 921 5601 Iv.
951 5528 1149 5601 οεψηὸι
1252 5600 1255 5601 ν
1468 5597 1515 5601 __
1715 5596 1729 5601 _
1776 5596 1826 5601 __
1863 5596 1876 5601 _
2149 5530 2177 5573 ιι
2207 5530 2350 5601 Beda
2379 5529 2502 5585 libr.
2531 5527 2856 5601 v,_7eap7.g20.

474 5603 503 5643 ιι
526 5601 808 5672 Wilfrid“
855 5600 954 5671 Ep.
1002 5596 1168 5669 Cujus
1214 5600 1381 5653 vitam
1430 5597 1555 5672 vide
1592 5596 1732 5672 apud
1776 5596 1976 5672 biubi".
2156 5614 2180 5643 α
2211 5600 2525 5672 Cuthbertus
2564 5599 2665 5670 Ep.
2682 5596 2822 5672 'Vi_ta
2859 5606 2929 5672 et
2956 5598 3216 5672 miracula
3250 5596 3411 5672 “illius
3435 5609 3506 5672 ex
3532 5608 3658 5672 ven.

398 5676 520 5731 Act.
551 5662 653 5734 εεί
678 5672 878 5732 Bened.
903 5662 1041 5727 sae.
1078 5662 1144 5725 in
1165 5710 1178 5733 ,
1215 5676 1357 5740 part.
1393 5683 1429 5723 ι.
1460 5666 1580 5722 Viti.
1607 5662 1752 5723 Beda
1779 5668 1816 5723 l.
1844 5669 1935 5724 cit.
1963 5709 1977 5735 ,
2078 5672 2241 5735 Beda,
2265 5679 2396 5727 tom.
2416 5662 2733 5740 VOper'um,
2752 5669 3073 5741 Patrologiae
3092 5677 3222 5725 tom.
3249 5667 3429 5723 XCIV.
3457 5662 3659 5722 Mabill.

399 5758 519 5809 call-
554 5745 607 5799 3-
2080 5758 2206 5800 saec.
2236 5758 2274 5797 ιι
2302 5741 2500 5797 Bened.
2526 5747 2673 5809 part.
2702 5757 2740 5794 ι.

399 5758 519 5813 “Po
554 5757 607 5799 ὂ·
700 5812 705 5813 ,
736 5811 747 5813 4
1115 5810 1124 5813 ,
1149 5808 1167 5813 _
2080 5758 2206 5800 saec.
2236 5758 2274 5797 ιι
2302 5757 2500 5797 nenec.
2526 5757 2673 5809 part.
2702 5757 2740 5794 ι.

474 5808 493 5854 ἔ
523 5814 661 5870 Beda
696 5811 818 5867 libr.
855 5828 929 5877 tv,
957 5826 1073 5881 cap.
1113 5808 1191 5865 li.
