4106 6482
459 308 561 365 827

458 420 636 491 Atque.
665 418 737 473 ibi
769 418 1053 488 praesentis
1073 426 1413 488 spectaverat
1436 416 1628 473 ultima
1656 419 1812 480 vitae,

460 511 698 582 Quaeque
723 511 820 567 Dei
846 510 1032 567 famuli
1061 518 1275 566 saerata
1301 518 1386 565 est
1412 508 1586 565 insula
1620 520 1815 564 morte.

460 602 597 657 Nam
626 602 781 660 locus
806 603 896 659 ille
925 604 1064 658 nitet
1090 603 1261 673 signis
1286 604 1569 673 hucusque
1596 603 1839 658 coruscis
1857 644 1873 668 ,

458 693 541 749 Ex
568 696 678 764 q'uo
700 693 976 766 pontiﬁcis
998 692 1251 762 linquens
1277 692 1553 764 ergastula
1580 692 1766 749 carnis

461 785 699 857 Spiritus
724 786 835 841 alta
853 796 1046 858 petens
1075 785 1288 842 scandit
1316 801 1480 857 super
1508 795 1653 842 astra
1684 785 1929 855 polorum

458 875 571 932 Nec
595 892 705 934 non
735 884 792 934 et
817 878 983 934 claris
1008 877 1145 933 ﬁunt
1171 877 1435 934 miracula
1460 868 1626 935 rebus
1643 918 1660 944 ,

458 966 628 1023 Facta
656 967 780 1025 loco
808 984 1025 1024 sacrum
1053 975 1248 1038 pausat
1274 984 1383 1039 quo
1410 982 1611 1038 corpus
1635 968 1950 1033 humatum,

459 1059 630 1139 Cujus
653 1067 767 1117 tota
793 1060 901 1117 fuit
923 1060 1239 1117 cmlcstibus
1266 1062 1468 1133 inclyta
1496 1061 1669 1134 signis
1686 1102 1702 1128 ,

466 1151 654 1224 Usque
673 1152 819 1210 diem
848 1154 1058 1218 mortis,
1090 1155 1352 1226 primaevo
1377 1163 1621 1225 tempore
1646 1154 1778 1211 vita.

459 1244 656 1301 Omnia
680 1260 802 1317 qua:
830 1245 1035 1302 dudum
1056 1246 1355 1317 praeclarus
1378 1246 1524 1303 Beda
1549 1247 1804 1303 sacerdos

460 1338 719 1398 Prosaiee
740 1341 978 1412 primum
1001 1341 1226 1413 scripsit
1249 1355 1503 1398 sermone
1526 1342 1786 1414 magister
1803 1382 1817 1406 ,

460 1432 533 1487 Et
557 1441 683 1504 post
703 1434 927 1491 heroico
957 1434 1158 1490 cecinit
1191 1432 1456 1490 miracula
1480 1450 1639 1489 versu
1671 1446 1720 1487 ι.

467 1528 716 1598 Qualiter
741 1530 1017 1601 angelicos
1042 1528 1286 1586 monitus
1310 1528 1576 1585 medicina
1605 1535 1790 1584 secuta
1821 1536 1901 1584 est
1921 1570 1936 1592 ,

465 1621 604 1677 Dum
644 1631 825 1679 tumor
853 1622 909 1679 in
930 1630 1124 1679 tenero
1148 1621 1421 1678 succrevit
1444 1635 1675 1692 corpore
1700 1619 1936 1676 fervens.

463 1712 573 1768 Aut
595 1715 867 1785 quomodo
888 1714 1005 1785 ipse
1024 1730 1163 1784 puer
1189 1714 1368 1769 ventis
1393 1727 1493 1784 per
1520 1712 1718 1769 merula
1745 1727 1951 1783 puppes

462 1803 706 1864 Jactatas
723 1808 981 1879 precibus
1002 1808 1296 1868 revocabat
1322 1806 1393 1862 ab
1413 1821 1635 1877 aequore
1659 1807 1875 1876 quinas.

465 1896 713 1965 Qualiter
736 1906 834 1954 aut
857 1899 1097 1954 animam
1117 1896 1249 1954 ferri
1274 1912 1438 1968 super
1459 1903 1608 1952 astra
1633 1896 1850 1952 videbat

465 1990 725 2048 Praxsnlis
751 1989 977 2059 )Edani,
1008 2000 1227 2048 teneros
1256 1992 1383 2047 dum
1411 1998 1667 2062 pasceret
1690 2006 1877 2063 agnos.

464 2083 784 2141 leicolam
805 2085 1080 2156 quomodo
1107 2094 1327 2142 terreno
1355 2074 1496 2157 pane
1522 2083 1709 2141 fovere

467 2182 608 2239 Dum
641 2192 884 2256 cuperet,
915 2184 1117 2240 meruit
1140 2184 1394 2240 cmlestes
1421 2198 1639 2240 sumere
1662 2182 1731 2239 ab
1759 2182 1869 2237 illo.

474 2276 546 2332 Ut
568 2276 762 2333 bellum
785 2276 1020 2351 gelidum
1043 2276 1172 2333 villo
1202 2276 1439 2347 ﬂatuque
1472 2276 1763 2337 fovebant,

468 2370 798 2428 Ccrnentcln
820 2370 1049 2428 fratrem
1077 2371 1269 2428 morbo
1292 2370 1558 2441 culpaque
1580 2370 1811 2425 relaxat.

472 2460 652 2532 thue
676 2463 952 2533 precando
980 2460 1181 2517 famem
1209 2462 1485 2533 projectus
1512 2462 1581 2516 ab
1608 2473 1827 2530 :equore
1856 2459 2037 2514 nautis

471 2554 733 2622 Abstulit,
759 2565 815 2612 ct
839 2563 1051 2613 certum
1075 2556 1331 2627 praxdixit
1355 2556 1548 2610 adesse
1573 2570 1846 2610 serenum.

472 2646 583 2701 Aut
607 2646 882 2718 quomodo
908 2662 975 2702 cx
1008 2645 1188 2718 aquila
1218 2646 1398 2702 delato
1420 2646 1570 2717 pisce
1593 2645 1884 2701 cibandum

473 2740 548 2797 Sc
576 2742 894 2813 sociumque
920 2757 1076 2797 suum
1106 2741 1379 2811 przedixit,
1407 2748 1463 2795 ct
1492 2748 1577 2795 est
1600 2740 1676 2793 ita
1708 2738 1930 2795 factum.

470 2833 638 2906 249
658 2833 768 2890 Aut
783 2834 1059 2905 quomodo
1079 2832 1332 2889 ardentes
1360 2832 1558 2886 avertit
1576 2831 1646 2886 ab
1665 2829 1872 2885 mdihus
1892 2829 2065 2899 ignes,

472 2928 795 2984 Incumbens
820 2927 1093 2999 precibus,
1115 2926 1375 2995 jnvenum
1401 2939 1540 2994 quos
1569 2924 1762 2979 dextra
1785 2921 2065 2992 nequibat.

476 3016 817 3075 Dmmuniaca
845 3018 1065 3090 quidem
1092 3014 1177 3070 vel
1200 3014 1436 3086 qualiter
1460 3029 1599 3068 uxor
1624 3013 1693 3067 ab
1724 3012 1815 3066 illo

474 3113 563 3167 Sit
584 3120 797 3177 sanata,
817 3112 971 3182 prius
993 3124 1157 3180 quam
1187 3116 1329 3164 tecta
1364 3106 1603 3177 rogantis
1629 3106 1834 3161 inisset.

475 3210 759 3264 Daemones
784 3216 878 3263 aut
896 3204 1175 3277 quomodo
1202 3211 1425 3259 sanctus
1447 3202 1516 3258 de
1542 3201 1723 3259 Farne
1747 3200 2014 3273 malignos

476 3300 775 3371 Expulerit,
801 3298 958 3367 juxta
984 3296 1195 3353 faciens
1217 3296 1321 3352 sibi
1344 3304 1484 3351 tecta
1505 3295 1781 3350 manendi.

476 3392 554 3446 Ex
580 3392 733 3447 sicco
761 3398 823 3446 ut
856 3388 1117 3459 liquidam
1139 3387 1369 3457 poduxit
1396 3385 1603 3455 cespite
1629 3384 1925 3455 lympham,

475 3486 608 3555 Quze
636 3485 707 3541 ad
733 3491 919 3541 votum
942 3482 1121 3537 Patris
1148 3482 1445 3552 prmstahat
1471 3482 1525 3535 in
1558 3496 1653 3536 ore
1677 3492 1949 3551 saporem.

475 3578 724 3647 Qualiter
746 3577 862 3648 ipse
888 3576 991 3632 sibi
1015 3588 1243 3630 messem
1268 3574 1499 3628 sevisset
1526 3572 1579 3626 in
1614 3587 1768 3642 agro,

479 3672 546 3726 Et
569 3670 820 3726 volucres
844 3669 1012 3724 verbo
1043 3674 1254 3721 tantum
1284 3664 1585 3736 pepulisset
1614 3665 1681 3717 ab
1715 3664 1834 3719 illa'

481 3764 557 3823 Ut
582 3778 735 3820 mare
765 3776 889 3819 cum
915 3760 1090 3816 belvis
1117 3766 1311 3815 sancto
1332 3759 1541 3815 servire
1566 3756 1794 3812 solebat.

486 3856 732 3911 Plurima
756 3853 998 3910 veridico
1016 3852 1270 3924 przcdixit
1294 3860 1350 3907 ct
1372 3867 1467 3907 ore
1496 3851 1700 3913 futura,

488 3947 564 4003 De
587 3961 666 4011 se,
691 3945 867 4015 deque
888 3942 1029 4008 aliis,
1062 3958 1183 4012 quae
1212 3943 1475 4014 prznscius
1504 3950 1630 3997 ante
1664 3939 1906 3995 videbat.

484 4037 732 4104 Qualiter
753 4035 909 4091 uxori
936 4035 1178 4100 comitis,
1203 4034 1294 4090 cui
1324 4034 1551 4089 miserat
1578 4034 1782 4088 undam

486 4129 739 4194 Sacram,
771 4128 1013 4183 restituit
1038 4125 1261 4197 depulsa
1282 4133 1432 4196 peste
1453 4126 1705 4180 salutem.

483 4220 793 4275 Cbrismate
820 4217 901 4273 sic
920 4216 1212 4287 quamdam
1242 4223 1533 4271 sanaverat
1562 4215 1676 4283 ipse
1702 4220 2023 4283 perunctam

482 4310 526 4366 Α
553 4308 744 4366 morbo
767 4308 953 4364 lateris
982 4306 1287 4377 capitisque
1312 4304 1499 4360 dolore
1523 4303 1779 4374 puellam.

494 4404 569 4461 Ut
600 4402 923 4460 benedictus
952 4400 1083 4456 item
1106 4398 1323 4455 delatus
1344 4398 1500 4469 panis
1528 4397 1597 4451 ab
1627 4395 1721 4452 illo

490 4494 756 4550 Immissis
782 4492 1020 4564 lymphis
1046 4490 1337 4561 quemdam
1364 4494 1653 4543 sanaverat
1672 4502 1897 4559 aegrum.

488 4586 734 4656 Qualiter
760 4593 858 4640 aut
873 4582 1130 4652 juvenem
1160 4581 1484 4635 moriturum
1515 4578 1654 4635 forte
1681 4578 1859 4633 viator

491 4674 776 4747 Repperit,
797 4671 1005 4729 orando
1025 4670 1115 4727 cui
1142 4668 1381 4724 reddidit
1402 4668 1517 4739 ipse
1548 4667 1799 4723 salutem.

491 4768 566 4826 Ut
587 4769 711 4839 pius
733 4775 898 4836 atque
922 4764 1108 4829 Pater,
1141 4763 1335 4817 morbo
1354 4770 1607 4816 vastante
1629 4760 1942 4825 Britannos,

491 4858 752 4916 I’rzedixit
778 4856 941 4912 matri
954 4854 1191 4923 ~natiquc
1218 4853 1523 4922 domusque
1546 4850 1799 4906 salutem.

492 4948 740 5019 Qualiter
759 4957 856 5003 aut
877 4946 1116 5001 animam
1138 4942 1375 5014 pastoris
1394 4943 1464 4997 ab
1493 4942 1688 4997 arbore
1712 4940 1847 5012 lapsi

500 5039 789 5112 Angelicos
811 5037 950 5095 cmlo
975 5045 1152 5093 cretus
1174 5032 1377 5090 inferre
1403 5032 1618 5089 videret

498 5130 677 5200 Atque
702 5144 861 5184 suum
890 5134 1170 5198 aegrotans
1197 5131 1489 5180 curaverat
1512 5123 1628 5192 ipse
1652 5120 1984 5187 ministrum,

494 5219 754 5277 Proﬂuvii
782 5217 992 5274 ventris
1018 5215 1200 5271 fuerat
1229 5214 1323 5284 qui
1354 5214 1476 5268 tabe
1501 5222 1775 5284 gravatus.

499 5312 745 5379 Qualiter
771 5307 1058 5364 undecimo
1082 5315 1205 5378 post
1228 5313 1459 5360 mortem
1483 5319 1682 5374 corpus
1712 5304 1766 5358 in
1790 5319 1933 5358 anno

496 5403 773 5475 Integrum
800 5400 980 5456 fuerat
1005 5407 1116 5455 tota
1137 5412 1263 5455 cum
1292 5405 1442 5453 veste
1468 5406 1765 5466 repertum.

573 5513 725 5570 Vcrs.
767 5513 891 5568 729.

575 5644 600 5671 α
631 5632 760 5687 Ven.
786 5629 950 5695 Beda,
972 5629 1191 5684 ibidem.
1219 5626 1416 5681 Mahill.
1441 5642 1564 5681 srec.
1594 5644 1629 5681 ιι
1655 5626 1854 5682 Ilomcd.
1879 5633 2018 5695 part.
2047 5644 2083 5680 ι.

578 5702 605 5741 ι’
645 5700 925 5755 Adiltruda
961 5701 1102 5769 apud
1134 5698 1329 5755 lledam
1362 5697 1665 5761 Edildridu,
1695 5714 1813 5767 cap.
1848 5698 1931 5761 I9,
1962 5694 2081 5751 libr.

511 5790 559 5827 ιγ
592 5772 727 5827 llist.
759 5771 964 5828 Eccles.

1283 302 1345 358 B.
1385 302 1446 359 F.
1490 302 1717 359 ALBINI
1757 302 1888 359 SEU
1930 299 2213 357 ALCL’INI
2250 300 2538 358 OPERUM
2578 301 2757 357 PARS
2796 302 2881 358 VI.

2096 3148 2140 3212 C

3635 301 3734 358 823

2075 422 2123 478 Α
2152 415 2529 472 Diemoniaeus
2548 418 2735 485 homo,
2762 434 2925 488 supra
2958 434 3120 489 quem
3152 418 3396 474 fun.ii‘.ur
3429 419 3591 483 unda,

2155 506 2409 575 Sanatur,
2439 524 2625 565 sacros
2649 508 2830 566 Patris
2856 528 2977 580 qua:
3004 511 3214 566 laverat
3239 520 3412 566 artus.

2153 598 2322 669 ngra
2347 600 2574 655 trahens
2594 601 2814 670 quidam
2838 601 3074 672 suspiria
3098 602 3335 672 qualiter
3360 617 3526 659 orans

2150 690 2298 747 Illius
2321 693 2386 746 ad
2407 693 2674 747 tumulum
2701 693 2893 749 morbo
2919 700 3142 749 sanatus
3171 695 3240 748 ah
3274 693 3366 749 illo
3392 701 3499 748 est.

2151 782 2463 856 Languidus
2485 793 2654 856 utque
2682 785 2856 841 oculis
2887 795 3117 857 tangens
3146 786 3325 841 oraria
3354 784 3518 850 vasis,

2152 875 2298 934 Illius
2323 895 2392 935 ex
2422 881 2539 934 visu
2562 881 2715 936 dolor
2739 890 2796 936 et
2817 882 2994 953 caligo
3016 883 3267 939 recessit.

2150 970 2527 1028 Calceamenta
2560 972 2738 1028 Patris
2767 974 3005 1030 resoluto
3028 991 3256 1047 corpore
3281 976 3502 1045 quidam

2151 1062 2350 1131 Induit,
2376 1074 2429 1120 et
2456 1066 2606 1121 sanis
2625 1067 2869 1136 perrexit
2886 1067 3159 1137 gressibus
3186 1068 3329 1123 inde.

2154 1155 2401 1223 Qualiter
2428 1155 2628 1213 inﬁrmi
2651 1170 2918 1216 curentur
2946 1163 3201 1231 tegmine,
3232 1163 3333 1216 sub
3353 1179 3461 1234 quo

2158 1248 2561 1318 Spiritnsiastra
2590 1251 2727 1321 petit
2755 1254 2930 1309 sancti
2967 1260 3181 1311 terrena
3209 1255 3541 1327 relinquens.

2228 1359 2357 1417 llaec
2380 1361 2623 1418 breviter
2650 1365 2823 1437 tetigi,
2855 1380 2924 1420 ne
2953 1374 3063 1423 tota
3094 1375 3281 1424 tacere
3304 1369 3521 1425 viderer

2157 1448 2363 1522 Inclyta
2404 1452 2574 1507 rurali
2604 1455 2981 1528 perstringens
3006 1460 3250 1515 carmine
3272 1468 3445 1530 gesta.

2157 1538 2285 1595 Ilarc
2312 1542 2569 1611 quoniam
2596 1544 2798 1602 cecinit
2819 1547 2995 1617 plenis
3013 1542 3138 1604 e'um
3164 1552 3413 1608 versibus
3432 1553 3563 1609 olim

2158 1631 2463 1690 Praeclarus
2497 1637 2671 1693 nitido
2698 1638 2841 1694 Beda
2872 1657 3123 1697 sermone
3145 1644 3438 1713 magister;

2162 1724 2226 1779 Ni
2258 1729 2612 1799 pnevcnisset
2634 1741 2853 1789 nostras
2876 1735 3031 1804 prius
3059 1736 3175 1806 ipse
3203 1752 3494 1802 camenas,

2166 1816 2465 1889 Inciperem
2486 1818 2686 1891 lyricas
2708 1839 2898 1881 omnes
2924 1826 3218 1881 extendere
3245 1827 3429 1883 fibras.

2164 1908 2282 1965 Non
2309 1909 2457 1965 Pana
2487 1913 2749 1983 rogitans,
2778 1914 2970 1971 th‘ii
3001 1932 3103 1973 nec
3129 1933 3330 1974 numen
3356 1919 3535 1985 inane,

2165 2000 2275 2057 Sed
2302 2011 2392 2057 tua
2419 2018 2546 2058 cum
2573 2015 2687 2061 toto
2714 2004 2971 2078 sull‘ragia
2998 2008 3162 2063 corde.
3182 2024 3458 2080 precarer,

2166 2094 2241 2151 Ut
2266 2096 2401 2151 mihi
2428 2096 2706 2155 rorilluam
2738 2100 2992 2165 donares,
3023 2101 3262 2168 Christe,
3286 2104 3581 2175 loquelam,

2163 2187 2247 2244 Ad
2272 2190 2543 2247 narranda
2569 2192 2643 2261 pii
2680 2193 2840 2264 digne
2867 2196 3139 2264 praeconia
3164 2194 3365 2251 Patris.

2236 2279 2472 2353 Belliger
2500 2280 2756 2352 ngridns
2779 2292 3067 2355 postquam
3095 2286 3222 2340 hinc
3246 2286 3369 2341 inde
3391 2289 3696 2358 triumphas

2165 2370 2449 2437 Cesserat,
2479 2381 2537 2428 et
2561 2383 2749 2444 gentes
2778 2376 2989 2431 domuit
3014 2376 3115 2432 sub
3143 2386 3319 2432 marte
3340 2377 3575 2440 feroces,

2164 2461 2392 2534 Accepit
2411 2478 2662 2534 sponsam
2686 2466 3025 2522 Adiltrudam
3061 2469 3089 2508 ιι
3118 2469 3338 2525 nomine
3358 2469 3580 2533 dictam,

2168 2550 2441 2607 Nobilium
2464 2555 2704 2621 genitam
2735 2556 2903 2628 regali
2931 2559 3099 2629 stirpe
3126 2568 3434 2630 parentum,

2168 2642 2413 2700 Nobilior
2433 2645 2592 2717 longe
2611 2656 2763 2703 casta
2791 2664 2913 2719 quze
2936 2658 3115 2706 mente
3148 2651 3423 2706 manebat.

2170 2733 2304 2789 Nam
2328 2735 2458 2791 licet
2482 2736 2571 2791 illa
2600 2737 2741 2794 foret
2764 2740 3003 2796 thalamo
3028 2740 3314 2811 conjuncta
3336 2743 3590 2813 superbo.

2171 2826 2341 2899 Regia
2369 2829 2617 2886 bissenos
2642 2831 2977 2904 pariterjam
3006 2848 3203 2904 sponsa
3233 2848 3333 2903 per
3354 2850 3546 2899 annos,

2169 2918 2498 2975 Intemerata
2527 2929 2708 2977 tamen
2732 2924 3034 2992 permansit
3060 2924 3214 2995 virgo
3235 2940 3334 2995 per
3355 2942 3551 2989 :evum,

2170 3013 2317 3067 Inter
2335 3011 2459 3081 jura
2486 3014 2630 3069 thuri
2658 3014 2883 3071 vincens
2906 3015 3155 3072 incendia
3183 3018 3389 3073 carnis.
3511 3020 3527 3029 '

2172 3103 2411 3175 Virginis
2436 3103 2578 3160 alma
2606 3105 2759 3172 fides,
2788 3107 2934 3179 regis
2956 3108 3216 3179 patientia
3244 3110 3415 3164 mira!

2176 3196 2424 3252 Vincitur
2448 3196 2539 3251 hic
2566 3199 2837 3266 precibus,
2870 3198 2963 3255 sed
2986 3214 3171 3256 amore
3193 3199 3457 3256 Tonantis
3481 3210 3535 3255 et
3567 3199 3686 3265 illa;

2173 3288 2348 3344 Ambo
2372 3288 2545 3344 sacris
2573 3288 2699 3346 fidei
2726 3290 2997 3347 Ilerventes
3022 3290 3239 3365 ignibus
3262 3294 3431 3359 intus,

2172 3380 2529 3438 Permansere
2558 3381 2722 3438 simul
2748 3382 2947 3453 conjux
2973 3400 3100 3441 cum
3134 3384 3365 3457 conjuge
3386 3387 3545 3442 casti.

2175 3472 2459 3545 Quamque
2488 3473 2697 3546 integra
2722 3474 2863 3531 foret
2886 3479 3076 3533 vivens
3097 3477 3153 3531 in
3176 3493 3404 3547 corpore
3432 3479 3607 3549 virgo,

2176 3566 2309 3622 Post
2333 3574 2562 3621 mortem
2585 3565 2846 3623 Dominus
2873 3568 3045 3639 signis
3062 3569 3319 3640 patefecit
3344 3571 3586 3643 apertis;

2177 3656 2315 3712 Nam
2348 3671 2479 3713 caro
2502 3672 2600 3712 sex
2620 3657 2793 3713 denos
2812 3658 2979 3714 etiarn
3008 3659 3274 3715 tumulata
3298 3676 3396 3731 per
3420 3675 3593 3715 annos
3609 3702 3627 3726 ,

2177 3744 2499 3816 Incorrupta
2527 3746 2745 3817 quidem
2771 3754 2885 3804 tota
2912 3762 3037 3803 cum
3063 3758 3214 3805 veste
3240 3758 3455 3820 reperta
3486 3758 3591 3805 est.

2177 3838 2389 3909 Corpus
2412 3846 2533 3894 erat
2564 3847 2813 3911 vegetum
2837 3841 3022 3895 nervis
3047 3848 3102 3895 et
3120 3840 3299 3899 ﬂexile
3325 3850 3519 3907 totum,

2179 3930 2249 3984 Et
2268 3929 2435 3985 facies
2462 3928 2626 3985 rutilo
2658 3932 2896 4003 fulgebat
2923 3940 3111 3987 sancta
3140 3933 3355 3989 decore.

2181 4023 2249 4079 Et
2277 4023 2423 4093 quod
2445 4023 2569 4094 jure
2601 4024 2775 4095 magis
2806 4025 3036 4079 multum
3069 4024 3318 4081 mirabile
3343 4026 3491 4082 dictu
3521 4035 3607 4082 est

2180 4117 2322 4172 Ante
2348 4116 2466 4171 dies
2492 4117 2685 4171 mortis
2710 4116 2870 4172 binos
2896 4117 2950 4171 in
2979 4130 3211 4187 corpore
3239 4117 3458 4183 vulnus,

2182 4208 2335 4278 Quod
2369 4208 2613 4264 medicus
2636 4207 2765 4264 fecit
2790 4208 2961 4262 nimio
2986 4216 3213 4279 cogente
3241 4209 3458 4275 timore,

2181 4302 2423 4373 Apparet
2444 4317 2660 4367 sanum,
2685 4302 3005 4357 tenuissima
3033 4303 3151 4357 visa
3180 4302 3432 4368 cicatrix,

2184 4393 2396 4450 Ulceris
2422 4395 2729 4451 obtendens
2759 4394 2960 4449 veteris
2982 4393 3212 4464 vestigia
3244 4402 3477 4449 tantum.

2108 4520 2164 4583 Β
2185 4485 2368 4542 Vestis
2392 4484 2546 4551 item,
2577 4501 2766 4541 saeros
2792 4501 2915 4555 quae
2940 4484 3081 4539 texit
3104 4484 3332 4556 virginis
3368 4492 3542 4550 artus,

2186 4575 2409 4647 Expulit
2430 4583 2673 4631 atrocem
2698 4574 2767 4631 de
2790 4574 3033 4630 obsessis
3058 4590 3203 4646 smpe
3227 4573 3571 4646 chelydrum.

2185 4666 2297 4722 Nec
2322 4683 2431 4723 non
2456 4668 2641 4722 tumba
2662 4668 2835 4738 prior,
2867 4667 3041 4722 tenuit
3063 4682 3187 4737 qua:
3214 4666 3443 4738 virginis
3464 4667 3621 4724 alma:

2187 4759 2549 4816 Sacrosancta
2576 4761 2700 4815 sinu
2728 4761 2829 4815 sub
2856 4758 3021 4815 terris
3040 4759 3292 4815 membra
3315 4767 3532 4831 recepta
3549 4800 3565 4826 ,

2189 4853 2489 4908 Exstiterat
2519 4852 2705 4907 multis
2729 4859 2932 4922 optatae.
2958 4868 3123 4908 causa
3150 4851 3365 4917 salutis,

2193 4944 2371 5013 Atque
2390 4944 2551 5015 aegris
2579 4942 2754 4999 oculis
2778 4950 3135 5014 przestaverat
3161 4943 3276 5015 ipsa
3304 4941 3588 4999 medelam.

2190 5034 2354 5090 Istius
2378 5050 2509 5105 ergo
2535 5049 2707 5091 sacra:
2736 5034 3030 5106 prazdictus
3058 5035 3202 5089 Beda
3229 5035 3422 5105 puellae

2190 5127 2249 5181 In
2277 5128 2492 5182 Iaudem
2520 5126 2650 5183 fecit
2677 5126 2954 5198 prmclaris
2975 5128 3222 5183 versibus
3249 5128 3511 5200 hymnum
3535 5138 3582 5193 ε,

2190 5220 2533 5289 Quapropter
2562 5220 2712 5290 tetigi
2735 5219 2916 5289 parcis
2942 5218 3059 5275 lucc
3090 5235 3263 5290 pauca
3294 5218 3512 5285 libellis,

2197 5310 2267 5365 Ut
2286 5318 2410 5379 pote
2432 5324 2865 5364 commemorans
2889 5309 3091 5365 veteris
3118 5310 3407 5380 proverbia
3439 5309 3594 5376 dicti,

2200 5403 2281 5457 'I'u
2307 5418 2374 5458 ne
2401 5403 2537 5457 forte
2567 5404 2711 5458 feras
2741 5402 2795 5457 in
2819 5403 3009 5459 silvam
3039 5403 3185 5475 ligna
3217 5404 3411 5458 viator.

3389 5512 3546 5569 Vers.
3587 5512 3709 5568 784.

2272 5639 2292 5664 ο
2339 5626 2628 5698 Ilymimm.
2664 5627 2806 5683 Beda
2836 5644 2957 5699 cap.
2994 5628 3067 5682 20
3097 5628 3254 5699 cujus
3301 5626 3564 5682 Aleuinus
3609 5625 3781 5679 etiam

2196 5700 2526 5753 mentionem
2554 5699 2682 5755 facit
2704 5701 2757 5753 in
2783 5698 2938 5769 epist.
2976 5698 3098 5753 I53.
