4106 6518
304 384 407 442 829

1048 388 1379 447 CABMINA.
1408 378 1489 428 ’ὲ-
1531 388 1619 443 DE
1658 384 1928 442 PONTIF.
1973 386 2061 442 ET
2103 386 2202 441 SS.
2246 384 2440 442 ECCL.
2483 383 2779 441 EBOBAC.

3474 384 3578 440 $30

302 499 450 557 Tunc
478 514 693 571 quoque
715 498 856 557 forte
876 499 979 557 fuit
997 502 1253 572 quiddam
1281 502 1631 559 memorabile
1649 509 1883 573 gestum,
1916 504 1962 565 Α
1991 500 2318 572 Prmctpicns
2347 513 2534 573 gentes
2562 501 2856 558 Scotorum
2880 501 3026 558 crede
3056 513 3278 560 cruenta

302 591 536 649 Estimo
570 593 717 663 quod
742 592 931 649 multis
946 593 1208 663 prodesse
1233 593 1539 665 legentibus
1559 594 1688 656 ista,

303 682 362 744 Si
397 691 581 741 tamen
598 684 714 740 haec
738 684 1028 755 quisquam
1050 684 1325 755 reputabit
1350 684 1513 756 digna
1542 683 1792 755 legendo.

300 773 616 833 Exstinctus
642 773 789 847 regis
824 773 993 833 frater
1019 774 1123 831 fuit
1146 774 1405 832 IElfwine
1432 788 1461 817 ιι
1488 775 1651 841 bello,

299 868 359 924 In
384 883 495 940 quo
517 867 678 925 miles
704 868 839 923 item
858 867 1080 938 quidam
1108 876 1424 939 prostratus
1452 867 1509 923 in
1540 866 1709 922 armis

299 958 508 1016 Nobilis
527 959 557 1000 δ
580 958 838 1016 occubuit
859 958 1066 1014 crudeli
1094 966 1277 1030 strage
1296 966 1633 1030 peremptus,

299 1050 687 1124 I'lxanimisqne
712 1050 858 1109 diem
879 1051 1037 1108 duxit
1053 1066 1182 1109 cum
1201 1059 1362 1107 nocte
1384 1051 1665 1122 sequenti;

298 1142 402 1212 Qui
423 1151 631 1212 tamen,
654 1144 956 1201 exstinctos
983 1143 1167 1199 anima
1188 1144 1453 1200 redeunte
1472 1158 1572 1214 per
1598 1151 1776 1208 artus,

298 1235 564 1295 Redditus
583 1241 671 1292 est
688 1236 835 1301 vitae,
863 1242 920 1291 et
943 1243 1158 1306 sumpta
1188 1235 1390 1290 virtute
1419 1235 1725 1299 valescens,

296 1324 474 1398 Atque
495 1325 672 1399 ligans
697 1324 917 1383 sibimet
941 1325 1226 1383 reﬂuentia
1255 1324 1498 1388 vulnera,
1532 1326 1674 1381 festo

297 1416 476 1491 Carpit
500 1419 657 1476 abire
675 1418 870 1491 gradu,
898 1417 995 1473 sed
1019 1429 1212 1489 captus
1234 1417 1304 1474 ab
1323 1418 1593 1483 hostibus,
1618 1426 1781 1487 atque

295 1509 379 1567 Ad
399 1510 659 1569 comitem
684 1510 977 1581 quandam
999 1521 1023 1550 ε
1051 1510 1253 1567 reflexo
1278 1519 1365 1567 est
1394 1510 1533 1566 calle
1561 1510 1849 1574 reductus;

294 1604 396 1661 Cui
425 1618 610 1661 eomes
628 1603 866 1661 instituit
889 1605 958 1661 de
985 1619 1047 1661 se
1073 1620 1301 1661 narrare
1326 1605 1450 1674 quis
1469 1615 1637 1665 esset,

295 1697 393 1754 Ille
422 1707 607 1754 tamen
631 1697 829 1754 metuit
854 1685 1002 1755 clara
1024 1712 1087 1754 se
1107 1698 1278 1769 stirpe
1304 1694 1462 1751 fateri

297 1783 672 1865 Progeuitum,
693 1790 916 1848 dicens:
946 1788 1160 1859 Pauper
1192 1805 1313 1844 sum
1344 1796 1401 1843 ct
1425 1788 1660 1843 rusticus
1686 1803 1850 1851 unus,

296 1884 474 1957 Atque
500 1884 739 1941 maritali
764 1884 1014 1940 vivebam
1028 1883 1154 1955 jure
1188 1883 1405 1954 ligatus.

246 1974 257 1984 ’
295 1977 469 2043 Quem
489 1990 677 2034 comes
710 1974 985 2045 accipiens
1016 1975 1196 2047 primo
1220 1990 1415 2030 curare
1443 1975 1672 2045 sategit;

296 2066 377 2124 Ne
395 2074 579 2123 tamen
606 2065 912 2138 aufugeret,
937 2065 1136 2120 vinciri
1155 2064 1354 2134 jussit;
1385 2073 1442 2118 at
1468 2066 1557 2120 ille

295 2152 501 2215 Vinciri
531 2171 810 2227 nunquam
848 2154 1047 2226 potuit,
1079 2170 1203 2209 nam
1234 2164 1430 2210 cuneta
1458 2156 1654 2209 resolvi

295 2246 524 2304 Vincula
553 2253 745 2318 sponte
771 2261 871 2301 sua
892 2244 1142 2301 mirando
1162 2259 1315 2301 more
1336 2245 1600 2299 solebant.

296 2340 425 2398 Ilaec
443 2343 575 2398 dum
601 2341 899 2397 cernebant
922 2339 1245 2412 stupefactis
1265 2338 1542 2394 mentibus
1571 2339 1781 2403 hostes,

293 2435 522 2491 Artibus
545 2448 612 2489 ex
644 2433 873 2506 magicis
896 2448 992 2489 seu
1024 2432 1245 2503 scriptis
1267 2448 1388 2488 esse
1419 2442 1695 2505 putantes,

294 2522 508 2595 Smpius
522 2523 798 2581 addebant
815 2524 1016 2594 priscis
1041 2538 1182 2579 nova
1210 2524 1425 2579 vincula
1449 2523 1661 2578 vinclis.

296 2614 415 2672 iloc
440 2629 630 2673 eomes
651 2614 930 2671 admirans
957 2622 1166 2671 secrete
1194 2624 1458 2671 convocat
1492 2615 1641 2669 illum
1658 2656 1673 2677 ,

294 2707 365 2763 Et
390 2724 493 2763 cur
517 2722 626 2764 non
646 2713 834 2777 posset
860 2706 1080 2773 vinciri,
1111 2706 1340 2777 inquirit
1368 2710 1439 2762 ab
1466 2706 1575 2768 illo,

288 2803 375 2858 An
396 2802 551 2875 prius
572 2810 667 2857 aut
685 2800 928 2872 magicas
948 2799 1226 2856 didicisset
1257 2800 1483 2856 forsitan
1515 2802 1699 2855 artes?

288 2892 465 2950 Nosse
487 2891 630 2948 nihil
653 2890 849 2948 studiis
869 2906 931 2947 se
956 2906 1024 2947 ex
1051 2891 1249 2947 talibus
1276 2892 1365 2946 ille
1393 2892 1616 2947 fatetur.

290 2983 461 3056 25o
482 2983 581 3041 Est
605 2983 741 3040 mihi
763 2984 858 3040 sed
885 2983 1055 3040 frater
1077 2982 1105 3024 δ
1131 2985 1313 3041 devoti
1339 2986 1600 3055 pectoris,
1630 2986 1827 3057 inquit,

292 3076 472 3146 Quem
498 3077 636 3145 scio,
656 3077 801 3148 quod
822 3077 1044 3133 Christo
1069 3092 1173 3147 pro
1209 3093 1297 3132 me
1328 3078 1587 3133 solemnia
1607 3087 1792 3133 cantat

288 3168 608 3237 Missarum,
629 3168 890 3240 quoniam
916 3183 1003 3223 me
1023 3175 1181 3240 putat
1196 3182 1320 3224 esse
1343 3176 1706 3239 peremptum.

290 3261 364 3317 Et
389 3261 437 3317 si
460 3260 605 3318 forte
628 3260 869 3316 animam
889 3275 1034 3315 nunc
1059 3257 1234 3315 altera
1258 3259 1368 3315 vita
1396 3268 1607 3315 teneret
1624 3301 1641 3326 ,

287 3352 447 3414 Illius
471 3354 564 3410 illa
589 3366 784 3425 preces
804 3359 1028 3423 propter
1047 3351 1353 3423 missasque
1381 3350 1694 3421 frequentes

289 3448 514 3512 Ubera,
546 3446 737 3511 credo,
765 3441 930 3511 foret,
950 3459 1248 3515 pugnasque
1270 3443 1529 3498 evaderet
1545 3455 1754 3499 omnes.

289 3538 451 3596 Tunc
477 3536 731 3609 cognovit
751 3549 877 3593 eum
905 3535 1185 3605 responsis
1209 3533 1300 3589 ille
1326 3533 1560 3603 receptis

288 3630 416 3688 Dux
441 3629 557 3686 fore
580 3627 841 3700 praeclara
867 3626 1110 3699 genitum
1139 3627 1207 3682 de
1229 3626 1399 3697 stirpe
1425 3633 1755 3696 parentum;

289 3725 369 3782 Et
384 3722 633 3796 quamvis
659 3720 882 3778 sibimet
900 3719 1052 3774 visus
1072 3719 1147 3775 sit
1165 3716 1291 3789 jure
1314 3718 1617 3783 necandus,

290 3816 475 3888 Eripit
496 3816 645 3872 hunc
668 3812 853 3878 morti,
877 3811 1095 3869 cuidam
1121 3811 1217 3867 sed
1240 3811 1482 3867 vendidit
1502 3810 1674 3877 illum,

290 3909 403 3979 Qui
429 3921 646 3980 quoque
671 3912 845 3963 tentat
865 3920 993 3961 eum
1018 3902 1157 3960 diris
1176 3904 1386 3960 vincire
1410 3904 1641 3970 catenis,

291 4000 412 4057 Nec
437 3999 635 4070 potuit,
663 3995 924 4068 quoniam
946 3995 1208 4069 prtedicto
1234 4010 1388 4052 more
1410 3996 1639 4059 solutus,

293 4091 464 4148 Liber
487 4088 559 4146 ab
582 4085 850 4158 impositis
868 4086 1187 4142 remanebat
1211 4099 1442 4155 corpore
1468 4085 1683 4141 vinclis.

296 4183 517 4255 Saepius
542 4181 662 4238 hate
682 4178 937 4249 equidem
959 4176 1059 4234 sed
1077 4176 1331 4248 praestitit
1360 4177 1494 4231 hora
1522 4176 1631 4231 diei

293 4274 510 4341 Tertia,
539 4288 649 4345 qua
675 4270 847 4327 frater
867 4269 1159 4325 missarum
1188 4268 1331 4325 dona
1354 4267 1564 4324 solebat

293 4367 478 4426 Corde
495 4363 696 4424 oﬂ'erre
722 4363 847 4438 pio;
871 4363 1133 4420 Dominus
1161 4362 1289 4418 dum
1316 4346 1448 4417 talia
1474 4361 1652 4417 cernit

296 4459 458 4524 Mira,
489 4456 805 4514 facultatem
827 4455 920 4513 dat
947 4456 999 4511 ei
1028 4469 1148 4511 sese
1174 4453 1496 4510 redimendi.

279 4546 466 4609 'Liber
490 4558 547 4605 et
576 4547 667 4605 ille
700 4547 843 4604 redit
871 4546 1033 4618 pretii
1062 4547 1163 4602 sub
1178 4543 1305 4614 jure
1330 4545 1670 4615 redemptus,

296 4645 481 4715 Atque
498 4640 723 4699 domum
743 4649 994 4713 repetens
1018 4646 1343 4695 narraverat
1365 4639 1548 4693 omnia
1578 4636 1756 4703 fratri,

300 4735 414 4793 Sed
439 4732 712 4791 referente
734 4732 829 4788 illo
849 4729 1107 4802 cognovit
1132 4736 1379 4800 tempora
1402 4729 1572 4784 frater

298 4827 422 4891 Illa,
450 4823 650 4897 quibus
672 4822 869 4880 vinclis
890 4822 1190 4878 resolutum
1212 4836 1271 4876 se
1301 4819 1592 4884 referebat,

299 4919 433 4978 Ilaec
451 4917 643 4976 eadem
666 4915 806 4982 fieri,
831 4914 1034 4986 quibus
1055 4922 1114 4970 et
1133 4912 1394 4969 solemnia
1423 4926 1640 4982 semper

305 5009 596 5068 lissarum
625 4998 930 5064 celebrasse
951 5005 1063 5061 Deo
1084 5018 1206 5060 sese
1231 5003 1524 5060 recolebat.

374 5098 601 5157 meuit
620 5096 878 5166 ngridus
902 5107 927 5135 ο
951 5110 1118 5167 regno
1142 5093 1375 5150 feliciter
1403 5094 1563 5148 annis

302 5191 417 5248 'I'er
440 5189 623 5261 quinis
648 5187 856 5244 faciens
882 5185 1133 5242 victricia
1152 5185 1316 5253 bella,
1347 5200 1631 5257 quousque

304 5283 631 5355 Agminibus
658 5280 841 5337 missis
868 5280 1051 5336 animo
1076 5287 1226 5334 trans
1250 5294 1470 5361 aequora
1493 5295 1658 5345 δίει-ο,

380 5393 536 5451 Vers.
577 5393 704 5449 837.

382 5519 407 5548 ι
449 5504 722 5575 .Elfwine.
754 5501 1145 5575 ApudDedam
1169 5501 1365 5575 Iibmv,
1394 5518 1514 5573 cap.
1539 5503 1629 5558 2‘2.

381 5578 413 5619 δ
447 5572 675 5633 Nelidae
697 5572 884 5629 Imma.
922 5572 1089 5637 Beda,
1113 5573 1332 5627 ibidem.

384 5659 407 5687 ε
454 5647 533 5701 Ad
564 5647 804 5701 comitem
835 5644 978 5712 regis
1000 5643 1254 5699 Edilredi.
1286 5642 1440 5711 Apud
1469 5642 1689 5699 Dedam.

376 5719 405 5759 ⁸
431 5718 530 5775 Cui
556 5732 751 5772 nomen
771 5713 1120 5785 erat'I‘unna,
1140 5713 1425 5785 presbyter
1437 5724 1493 5769 et
1511 5715 1698 5769 abbas.
1729 5716 1888 5770 Beda.

386 5801 411 5830 ε
450 5785 702 5859 ngridus
734 5783 1258 5859 rexilxorthumbrizc
1297 5783 1429 5838 obiit
1472 5801 1610 5840 anno
1641 5786 1764 5841 (385.
1796 5786 1894 5842 Bc—

312 5862 379 5920 da
409 5855 532 5917 libr.
562 5872 640 5927 tv,
673 5870 792 5927 cap.
821 5855 909 5909 20'.

1992 593 2221 650 Vastare
2248 596 2533 661 innocuas,
2563 595 2747 665 Anglis
2767 605 2823 651 et
2853 611 3068 667 semper
3095 597 3331 659 amicas.

1990 688 2111 745 Mox
2138 691 2400 745 adversus
2426 705 2551 744 eum
2579 688 2747 744 Pictis
2766 690 3116 753 bellantibus,
3144 690 3259 761 ipse

1989 780 2256 838 Occubuit
2278 782 2456 837 victus
2479 781 2679 836 misera
2705 797 2828 835 eum
2857 780 3011 836 clade
3035 797 3255 836 suorum
3273 819 3292 849 ,

1989 873 2203 943 Imperii
2231 871 2481 941 linquens
2503 872 2736 927 Altfrido
2764 871 2783 909 ί
2818 871 3061 941 regmiua
3092 871 3273 937 fratri,

1990 964 2093 1031 Qui
2122 964 2295 1019 sacris
2319 962 2495 1019 fuerat
2518 961 2709 1017 studiis
2738 962 2975 1017 imbutus
3009 963 3077 1016 ab
3110 963 3271 1018 annis

1990 1053 2195 1110 ditatis
2216 1056 2425 1125 primze,
2464 1054 2641 1109 valido
2666 1069 2915 1110 sermone
2941 1055 3185 1124 sophista
3206 1095 3221 1120 ,

1989 1147 2132 1202 Acer
2157 1153 2214 1201 et
2239 1147 2476 1216 ingenio,
2506 1144 2648 1199 idem
2678 1161 2773 1199 rex
2795 1145 2954 1199 simul
2983 1154 3145 1215 atque
3175 1146 3453 1215 magister.

1988 1236 2216 1292 Prmfuit
2242 1236 2497 1291 Ecclesim
2517 1236 2857 1291 venerandus
2881 1236 3021 1292 Bosa
3056 1238 3081 1275 Β
3106 1238 3384 1300 sacerdos,

1986 1326 2285 1399 Condignis
2321 1326 2511 1398 gradui
2538 1326 2751 1381 meritis
2778 1334 2907 1382 tunc
2931 1327 3193 1396 temporis
3211 1327 3343 1392 alto,

1989 1418 2087 1473 Vir
2111 1418 2429 1479 monachus.
2454 1417 2676 1487 prtesul,
2708 1417 2897 1474 doctor
2924 1419 3263 1484 moderatus,
3294 1419 3581 1485 honestus,

1990 1508 2163 1576 Quem
2184 1508 2364 1563 divina
2391 1510 2563 1563 sacris
2582 1507 2844 1562 virtutum
2879 1509 3056 1579 gratia
3078 1510 3242 1564 sertis

1990 1599 2330 1669 Cumpserat,
2360 1606 2418 1653 et
2442 1598 2625 1652 multis
2649 1597 2780 1653 fecit
2801 1597 3104 1669 {algescere
3134 1601 3311 1657 donis.

1992 1686 2234 1743 Plurima
2260 1696 2595 1757 quapropter
2617 1689 2893 1758 congessit
2921 1689 3068 1745 lucra
3098 1689 3366 1757 Tonanti,

1993 1778 2151 1833 Iletia
2178 1778 2482 1833 mundanas
2513 1777 2816 1833 imminens
2842 1793 2997 1834 sacra
3026 1794 3126 1850 per
3154 1781 3349 1847 undas,

1914 1858 1964 1920 B
1993 1869 2297 1940 {Equoreas
2320 1868 2538 1924 Christo
2561 1868 2774 1940 prtedas
2797 1869 2861 1923 ad
2898 1870 3080 1925 littora
3104 1872 3293 1926 traxit.
3363 1918 3373 1928 .

1989 1959 2088 2015 Vir
2110 1961 2229 2016 sine
2259 1958 2450 2015 fraude
2474 1960 2671 2024 bonus,
2701 1960 2851 2015 dives
2866 1961 3068 2029 pietate
3098 1977 3329 2033 superna
3350 2003 3368 2028 ,

1988 2052 2155 2122 Inque
2179 2053 2341 2108 domo
2364 2050 2578 2106 Domini
2608 2049 2757 2105 fulsit
2789 2066 2885 2105 ceu
2913 2050 3107 2105 lucifer
3130 2052 3350 2109 ardens.

1989 2142 2090 2197 IIic
2120 2142 2284 2197 Pater
2306 2141 2566 2201 Ecclesia:
2593 2140 2799 2196 cultum
2825 2142 3121 2203 decoravit,
3148 2150 3205 2200 et
3227 2142 3375 2198 illam

1990 2234 2230 2290 Moribus
2253 2250 2286 2289 a
2311 2232 2487 2302 plebis
2514 2232 2731 2302 penitus
2758 2233 3028 2299 secernit;
3060 2241 3116 2288 et
3143 2236 3237 2295 uni

1989 2324 2278 2379 Deservire
2300 2323 2412 2378 Deo
2432 2323 2645 2388 statuit,
2670 2322 2832 2377 simul
2864 2324 3119 2379 omnibus
3139 2323 3312 2381 boris.

1990 2414 2062 2469 Ut
2084 2416 2197 2486 lyra
2221 2414 2479 2469 continuo
2501 2421 2783 2469 resonaret
2805 2415 3035 2483 mystica
3058 2414 3287 2484 plectro,

1991 2503 2283 2559 .Etbcreas
2305 2502 2520 2557 Domini
2556 2502 2858 2558 decantatis
2881 2502 3129 2558 laudibus
3148 2505 3301 2561 edas.

1991 2593 2103 2648 Vox
2130 2593 2364 2649 humana
2388 2594 2609 2665 quidem
2634 2608 2888 2664 superum
2914 2594 3160 2665 pulsaret
3184 2594 3493 2666 Olympum,

1989 2685 2182 2742 Omnia
2211 2686 2537 2756 dispensans
2560 2685 2786 2740 alternis
2810 2695 3055 2757 tempora
3083 2687 3288 2753 causis,

1990 2778 2174 2834 Lectio
2199 2794 2343 2833 nunc
2380 2777 2555 2845 ﬁeret,
2585 2778 2681 2834 sed
2703 2794 2849 2833 nunc
2870 2778 3044 2834 oratio
3079 2792 3258 2845 sacra,

1989 2872 2228 2940 Quisque
2258 2871 2350 2926 Dei
2376 2870 2565 2927 laudes
2583 2870 2866 2941 prtefcrret
2884 2873 3131 2941 corporis
3152 2887 3274 2928 usu.

1990 2962 2240 3017 .lusserat
2268 2962 2413 3017 hunc
2437 2963 2634 3031 raptim
2665 2962 2935 3032 complere
2963 2962 3176 3035 negotia
3197 2963 3403 3028 carnis,

1990 3054 2256 3111 Omnibus
2274 3064 2336 3110 ut
2358 3053 2512 3111 fieret
2540 3069 2742 3124 parvus
2776 3071 2958 3126 sopor,
2988 3070 3113 3111 esca
3144 3056 3245 3111 sub
3270 3064 3416 3112 actu.

1990 3144 2107 3199 Non
2133 3153 2331 3209 terras,
2358 3145 2673 3213 victusque,
2697 3146 2918 3208 domus,
2947 3146 3354 3214 nummismata,
3377 3154 3578 3212 vestes.

1915 3215 1965 3280 θ
1994 3234 2105 3291 Nec
2128 3235 2425 3306 quidquam
2454 3235 2735 3305 proprium
2764 3234 2982 3291 sibimet
2995 3237 3110 3307 jam
3145 3235 3383 3292 vindicet
3406 3236 3579 3304 ullus;

1988 3324 2185 3381 Omnia
2214 3325 2310 3382 sed
2336 3325 2549 3380 cunctis
2573 3325 2766 3381 flerent
2794 3327 3105 3381 communia
3130 3341 3365 3398 semper.

1986 3416 2091 3484 Qui
2122 3424 2339 3471 terrena
2362 3416 2487 3480 sibi,
2511 3415 2553 3486 ἰ-
2586 3416 2851 3489 ctelorum
2877 3417 2962 3473 vel
2992 3416 3129 3487 petit
3153 3419 3352 3482 haeres,

1987 3509 2217 3575 Gaudia,
2245 3509 2287 3579 -ιι
2312 3508 2407 3579 qui
2427 3508 2637 3564 cunctis
2668 3509 2826 3564 fieret
2850 3510 3159 3565 communia
3187 3510 3363 3582 regni.

1987 3600 2088 3657 Hic
2104 3602 2228 3672 pius
2255 3601 2486 3657 antistes
2510 3602 2726 3671 magnis
2748 3602 3044 3659 virtutibus
3074 3603 3237 3672 hujus

1986 3691 2236 3761 Implevit
2255 3699 2541 3763 postquam
2552 3691 2848 3762 pmsentis
2872 3700 3118 3763 tempora
3137 3693 3285 3755 vitm,

1988 3779 2212 3837 Transit
2240 3781 2295 3837 in
2315 3784 2608 3837 :ethercam
2636 3782 2794 3837 laetus
2821 3781 3054 3837 feliciter
3079 3782 3279 3839 aulam.

2059 3916 2211 3975 Visio
2234 3918 2568 3990 temporibus
2586 3918 2957 3974 memorabilis
2983 3927 3103 3975 acta
3133 3921 3234 3976 sub
3259 3918 3428 3979 isdem
3443 3960 3464 3989 ,

1991 4010 2063 4066 Ut
2091 4025 2218 4067 reor
2246 4009 2301 4065 in
2326 4017 2515 4066 nostro
2543 4010 2623 4067 sic
2642 4012 2749 4065 erit
2774 4011 2822 4066 si
2843 4012 3088 4067 carmine
3110 4013 3334 4083 scripta,

1988 4104 2241 4160 Proderit
2264 4112 2469 4159 aeterna
2497 4103 2683 4159 multis
2708 4103 2776 4158 de
2805 4112 2980 4159 morte
3007 4103 3286 4169 vocandis,

1989 4195 2183 4251 Posset
2207 4203 2270 4250 ut
2292 4210 2423 4266 ergo
2451 4194 2664 4250 animas
2691 4195 2840 4250 vitiis
2865 4208 3059 4250 sanare
3085 4203 3413 4266 peremptus.

1991 4285 2256 4353 Mortuus,
2280 4300 2407 4342 ecce
2426 4286 2519 4342 diu
2549 4285 2786 4341 surrexit
2812 4301 3040 4356 corpore
3060 4285 3281 4357 quidam
3310 4287 3364 4351 ιι,

1992 4376 2267 4447 Multaque
2287 4392 2409 4447 quae
2432 4376 2572 4433 vidit
2597 4384 2902 4432 memoratu
2928 4376 3092 4448 digna
3117 4374 3349 4442 ferebat,

1992 4467 2035 4522 Ε
2058 4467 2253 4539 quibus
2281 4467 2374 4522 hic
2394 4466 2597 4522 nostris
2619 4466 2878 4522 addemus
2908 4481 3080 4537 pauca
3101 4465 3367 4523 camenis.

1914 4570 1970 4633 ι)
1993 4559 2137 4630 Ergo
2159 4560 2377 4615 domum
2401 4558 2676 4629 propriam
2703 4559 2979 4614 communi
3003 4559 3057 4613 in
3077 4557 3237 4627 plebe
3257 4558 3507 4627 maritus,

1993 4650 2172 4720 Atque
2192 4663 2344 4703 suam
2369 4648 2513 4702 rexit
2523 4645 2674 4718 justo
2698 4650 3071 4705 moderamine
3091 4649 3281 4717 vitam,

1992 4738 2095 4807 Qui
2126 4746 2248 4809 post
2275 4746 2455 4793 tactus
2478 4745 2599 4793 erat
2622 4738 2812 4792 morbo
2824 4734 2938 4806 jam
2968 4737 3150 4793 carnis
3174 4737 3389 4803 acerbo,

1991 4828 2205 4900 Perque
2233 4828 2351 4885 dies
2384 4827 2605 4894 multos,
2641 4826 2820 4883 valido
2847 4837 3128 4884 crescente
3159 4828 3367 4896 dolore,

1992 4919 2244 4975 Inﬁrmus
2273 4920 2540 4975 recubans
2574 4927 2819 4974 extrema
2842 4920 3087 4989 pericula
3118 4919 3304 4983 duxit:

1996 5006 2237 5063 Mortuus
2264 5022 2328 5063 ac
2359 5008 2577 5063 tandem
2605 5008 2784 5078 primo
2805 5009 2907 5064 sub
2940 5018 3181 5079 tempore
3203 5011 3380 5068 noctis
3398 5054 3416 5077 ,

1994 5101 2126 5171 Ejus
2149 5102 2204 5156 in
2227 5111 2475 5157 extrema
2504 5101 2780 5172 reSpirans
2798 5111 2954 5172 parte
2976 5104 3194 5170 revixit,

1994 5192 2169 5263 Atque
2192 5195 2525 5264 resurgendo
2548 5202 2776 5249 cunctos
2801 5194 2961 5249 simul
2992 5195 3118 5250 inde
3146 5193 3354 5266 fugavit

1993 5282 2222 5340 Funeris
2246 5284 2539 5354 exsequias
2563 5295 2887 5357 peragentes
2917 5294 3077 5341 nocte
3103 5288 3205 5341 sub
3233 5288 3370 5357 ipsa.

3179 5395 3335 5454 Vers.
3374 5399 3501 5456 890.

2072 5502 2093 5577 ξ
2134 5502 2683 5577 liltfridussuccessit
2708 5507 2864 5562 fratri
2905 5524 3003 5563 suo
3038 5508 3258 5577 ngrido
3287 5525 3426 5569 anno
3454 5511 3562 5568 685

2070 5576 2095 5612 ε
2136 5572 2296 5643 Dom,
2331 5575 2618 5643 episcopus
2641 5577 3016 5635 Eboracensis.
3060 5572 3195 5635 Vide
3224 5580 3412 5637 Flores
3440 5580 3580 5637 Hist.

1995 5642 2449 5724 piirlnblatthteum
2493 5642 3178 5724 West-Illonasteriensem
3207 5651 3585 5724 collectosde

1998 5713 2250 5789 tV'ilfrido
2277 5714 2804 5789 ctDosaAepiscopis.
2842 5719 2979 5776 Ven.
3011 5720 3173 5785 Beda,
3204 5721 3326 5775 libr.
3368 5736 3417 5774 Iv
3441 5720 3578 5776 IIist.

1994 5784 2151 5853 Augl.
2182 5798 2299 5853 cap.
2336 5785 2405 5838 I2
2423 5795 2478 5839 et
2501 5786 2592 5843 23.

2068 5856 2090 5893 ιδ
2133 5853 2455 5911 Drithelmus
2482 5859 2716 5913 nomine.
2748 5858 2910 5928 Beda,
2944 5860 3065 5915 libr.
3098 5878 3129 5913 v
3158 5878 3277 5929 cap.
3327 5863 3409 5916 I5.
