4106 6504
518 300 619 357 831
1333 296 1393 351 Β.
1438 296 1500 352 F.
1540 294 1765 353 ALBINI
1802 296 1935 354 SEU
1974 298 2253 354 ALCL'INI
2287 298 2574 358 OPERUM
2611 298 2794 353 PARS
2828 296 2915 353 V'l.

516 411 646 469 Plus
669 409 766 469 sed
792 423 979 468 amore
1007 408 1196 482 vigens
1214 408 1415 479 conjux
1440 408 1517 462 ibi
1545 408 1660 465 sola
1691 409 1978 474 remansit,
2121 416 2174 473 Α
2198 408 2468 465 Prendere
2498 406 2826 478 forcipibus;
2858 422 2959 463 nec
2996 419 3081 462 me
3107 405 3419 476 ecutingcre
3440 414 3649 461 tantum

3690 290 3798 351 85?.

519 504 694 572 Quam
724 502 953 560 nimium
982 502 1236 574 pavidam
1260 501 1480 565 rediens
1506 516 1534 554 a
1558 510 1735 557 morte
1758 501 1993 558 maritus

519 596 776 669 Coeperat
796 597 1026 661 hortari,
1056 596 1283 665 reliquis
1310 593 1641 663 fugientibus
1668 593 1817 649 illinc
1842 612 1857 648 :

527 703 551 739 ς
582 686 713 755 Quae
739 686 871 742 mihi
897 686 1003 741 fida
1031 686 1166 741 satis
1191 697 1440 739 remanes
1466 699 1532 738 ex
1555 683 1824 746 omnibus,
1858 683 2058 753 inquit.

522 776 603 834 'l'e
629 792 778 849 rogo,
813 792 879 832 ne
909 785 1121 831 metuas
1145 789 1289 831 nunc
1312 790 1422 839 me,
1446 772 1758 830 dulcissima
1784 774 2004 847 conjux,

525 866 662 923 Viro
680 868 954 938 equidem,
979 883 1109 923 vere
1132 871 1345 922 surrexi
1381 882 1412 920 a
1438 873 1614 920 morte
1642 865 1926 931 remissus,

524 956 635 1014 Sed
655 959 785 1013 mihi
815 959 970 1027 longe
993 957 1154 1012 aliter
1187 972 1331 1011 nunc
1372 956 1541 1010 altera
1573 957 1683 1009 vita
1708 956 1984 1027 sequenda
2003 962 2113 1024 est,

522 1047 731 1105 Gaudia
759 1048 841 1105 vel
864 1049 1021 1104 luxus
1042 1061 1221 1103 meme
1248 1048 1509 1101 damnare
1537 1060 1765 1102 necesse
1788 1055 1895 1102 cst.
1925 1066 1944 1100 ι

524 1135 637 1192 Nec
666 1151 837 1199 mora,
870 1135 1077 1190 divitiis
1103 1148 1231 1188 mox
1249 1134 1503 1189 omnibus
1532 1133 1620 1187 ille
1646 1132 1876 1201 relictis,

521 1223 654 1284 Jura
683 1225 999 1282 monasterii
1026 1224 1221 1280 devoto
1244 1232 1329 1279 est
1354 1223 1518 1278 corde
1538 1230 1756 1278 secutus
1773 1263 1788 1288 ,

521 1317 699 1389 Atque
726 1316 801 1373 ibi
831 1326 940 1371 tam
961 1317 1098 1371 duro
1125 1314 1333 1370 domuit
1356 1315 1457 1370 sub
1483 1313 1723 1384 pondere
1748 1329 1972 1385 corpus,

524 1410 596 1467 Ut
620 1409 778 1466 facile
806 1426 875 1465 ex
901 1411 1011 1463 vita
1032 1415 1253 1479 possent
1279 1422 1607 1477 cognoscere
1627 1406 1830 1473 cuncti,

524 1502 658 1570 Quae
684 1500 770 1556 vel
798 1508 997 1572 quanta
1021 1500 1173 1569 prius
1200 1499 1393 1553 ductus
1420 1498 1485 1552 de
1512 1512 1743 1568 corpore
1765 1496 1957 1553 crevit.

526 1592 637 1648 Isto
665 1607 902 1664 namque
923 1594 1085 1647 modo
1111 1605 1233 1661 qua:
1269 1589 1403 1645 vidit
1438 1588 1583 1644 ferre
1614 1588 1839 1645 solebat.

534 1704 555 1736 σ
591 1683 915 1754 Splendidus
946 1722 961 1750 ,
989 1681 1183 1753 inquit,
1210 1689 1350 1746 erat,
1375 1680 1466 1750 qui
1489 1695 1575 1734 me
1599 1680 1666 1735 de
1686 1694 1915 1751 corpore
1937 1679 2111 1747 duxit,

524 1777 595 1833 Et
621 1786 815 1833 contra
839 1776 1087 1831 mstivum
1114 1772 1245 1829 solis
1268 1771 1633 1843 processimus
1657 1780 1861 1837 ortum,

524 1869 644 1936 Quo
672 1868 740 1923 ad
762 1866 927 1923 latam
950 1864 1142 1921 vallem
1168 1864 1486 1919 devenimus
1509 1871 1675 1933 atque
1702 1860 2048 1933 profundam,

524 1954 693 2026 Cujus
720 1956 775 2012 in
804 1955 1096 2027 oblongum
1123 1960 1350 2009 extensa
1374 1960 1461 2008 est
1483 1953 1602 2007 sine
1622 1951 1729 2007 ﬁne
1756 1967 1979 2023 vorago,

526 2051 659 2122 Quae
675 2049 818 2105 latus
840 2046 1173 2105 horrendum
1200 2044 1430 2100 ﬂammis
1453 2044 1787 2101 ferventibus
1806 2052 2004 2113 urunt,

526 2143 707 2212 Atque
735 2137 878 2194 aliud
898 2137 1082 2195 habuit
1108 2135 1317 2208 glaciali
1344 2136 1608 2208 grandine
1632 2136 1886 2208 plenum;

528 2231 658 2289 Haec
677 2228 965 2286 animabus
984 2236 1105 2284 erat
1130 2228 1408 2283 hominum
1428 2228 1557 2283 hinc
1584 2227 1710 2283 inde
1732 2227 1956 2299 repleta,

528 2331 660 2401 Quae
682 2330 844 2386 nimis
869 2338 1075 2385 exustae
1104 2328 1231 2382 dum
1266 2324 1516 2382 ﬂammas
1543 2324 1687 2387 ferre
1710 2327 2029 2398 nequibant,

526 2422 772 2494 Frigoris
795 2423 848 2477 in
876 2422 1115 2477 medium
1145 2420 1345 2476 misere
1370 2435 1494 2474 mox
1524 2419 1899 2492 prosiliebant,

597 2516 757 2588 251
787 2515 1031 2582 Cumque
1062 2512 1135 2568 ibi
1164 2528 1263 2567 nec
1289 2520 1542 2584 poterant
1569 2512 1811 2584 requiem
1854 2512 2116 2584 reperire,

1757 2604 2023 2679 [vicissim

528 2700 980 2759 Flammivomum
1006 2696 1199 2757 ﬂentes
1228 2700 1427 2755 iterum
1452 2699 1767 2757 ferebantur
1796 2703 1850 2757 in
1878 2700 2079 2772 ignem.

528 2792 657 2849 llaec
679 2807 913 2850 cernens
934 2806 1149 2849 mecum
1172 2792 1496 2859 meditabar,
1528 2790 1671 2847 forte
1696 2793 1840 2862 quod
1859 2800 2007 2851 esset

528 2885 697 2944 Pot-na
723 2883 1027 2951 infernalis,
1062 2900 1223 2955 quam
1254 2898 1398 2956 saepe
1426 2884 1616 2939 audire
1643 2885 1905 2941 solebam.

527 2976 733 3034 Ductor
760 2982 816 3031 et
840 2973 931 3030 ille
953 2974 1085 3030 mihi
1112 2974 1397 3030 meditanti
1430 2973 1558 3028 talia
1584 2974 1755 3030 dixit:

527 3070 669 3136 Non,
691 3076 754 3124 ut
778 3067 896 3140 ipse
916 3076 1093 3140 putas,
1119 3068 1280 3125 isthic
1310 3065 1561 3123 infernus
1585 3068 1837 3123 habetur.

2206 499 2326 556 Jam
2355 508 2627 571 poterant,
2658 498 2907 571 quamvis
2934 497 3165 555 multum
3188 505 3394 561 terrere
3419 497 3683 555 valerent.

2210 594 2361 650 Tunc
2383 610 2485 666 ego
2513 593 2799 653 conclusus
2828 590 3068 650 tenebris
3095 598 3151 647 ct
3176 591 3248 646 ab
3283 592 3442 648 hoste
3469 601 3710 659 coactus,

2208 684 2586 755 Circumspcxi
2613 682 2806 750 oculis,
2833 682 3038 752 aliquid
3064 682 3109 737 si
3140 681 3281 738 forte
3304 684 3517 739 veniret

2208 775 2432 840 Auxilii,
2464 789 2573 844 quo
2591 771 2707 842 jam
2735 772 2979 828 salvarcr
3003 773 3073 827 ab
3102 771 3261 829 hoste
3286 782 3533 829 cruento.

2211 866 2363 922 Tunc
2383 866 2515 921 mihi
2535 872 2660 936 post
2684 871 2895 934 tergum
2920 861 3068 919 fulsit
3089 864 3244 933 quasi
3266 865 3420 920 stella
3441 880 3541 936 per
3557 865 3803 932 umbras,

2211 956 2341 1024 Qum
2361 955 2532 1027 magis
2545 970 2865 1017 accrescens
2882 970 3289 1026 properansque
3306 953 3585 1028 fugaverat
3595 958 3805 1022 hostes,

2212 1049 2333 1104 Dux
2354 1054 2478 1103 erat
2503 1046 2592 1102 ille
2618 1062 2773 1103 meus
2800 1048 3026 1108 veniens
3051 1061 3176 1114 cum
3204 1047 3325 1105 luce
3354 1055 3597 1119 repente,

2209 1137 2377 1208 Cujus
2400 1138 2456 1194 in
2489 1139 2723 1194 adventu
2746 1138 3000 1209 fugerunt
3032 1138 3304 1200 deamoqu
3326 1139 3454 1195 atri.

2213 1227 2354 1283 llinc
2374 1228 2642 1284 convertit
2669 1228 2777 1285 iter
2797 1228 3102 1285 brumalem
3128 1228 3261 1286 solis
3283 1228 3351 1287 ad
3375 1237 3579 1298 ortum,

2214 1318 2483 1389 Noctique
2504 1327 2753 1391 ereptum
2782 1319 2983 1377 nitidas
3009 1334 3098 1383 me
3124 1320 3280 1378 duxit
3300 1321 3356 1376 in
3382 1335 3567 1379 auras.

2211 1412 2354 1469 Ante
2386 1413 2479 1469 ubi
2502 1429 2602 1470 nos
2626 1428 2816 1469 murus
2844 1414 3023 1470 subito
3049 1415 3354 1487 comparuit
3382 1415 3596 1487 ingens,

2213 1502 2319 1572 Qui
2346 1504 2463 1560 sine
2486 1503 2591 1560 line
2611 1504 2695 1560 sui
2733 1504 2813 1561 sic
2839 1505 2989 1561 visus
3013 1505 3208 1578 longus
3230 1514 3287 1561 et
3311 1505 3475 1573 altus,

2213 1588 2405 1648 Nullus
2431 1601 2494 1648 ut
2514 1600 2743 1677 extenso
2769 1593 3049 1650 videretur
3075 1597 3343 1653 terminus
3368 1596 3466 1654 illi.

2215 1682 2323 1738 Sed
2348 1696 2517 1754 prope
2542 1683 2667 1747 dum
2696 1682 2968 1752 venimus,
2988 1700 3120 1755 quo,
3141 1686 3289 1758 quali
3310 1689 3495 1745 nescio
3520 1698 3670 1749 certe

2142 1775 2190 1837 Β
2215 1774 2442 1843 Ordine,
2468 1792 2570 1833 nos
2594 1777 2795 1833 fuimus
2821 1786 3029 1835 stantes
3055 1781 3110 1836 in
3134 1781 3377 1839 culmine
3395 1784 3558 1843 muri.

2216 1867 2358 1925 Ecce
2392 1866 2465 1923 ibi
2489 1884 2713 1941 campus
2736 1877 2856 1925 erat
2880 1885 3109 1942 magnus
3132 1872 3533 1942 pulcherrimus
3554 1884 3740 1947 atque,

2214 1957 2382 2031 Cujus
2410 1967 2592 2015 tantus
2620 1968 2738 2016 erat
2765 1959 3057 2033 fragrantis
3081 1964 3225 2020 nitor
3253 1967 3455 2033 odoris,

2213 2046 2261 2102 Α
2290 2061 2376 2103 me
2413 2046 2640 2103 fetorem
2668 2063 2795 2105 mox
2818 2057 2883 2105 ut
2913 2047 3209 2121 depelleret
3231 2068 3447 2109 omnem
3476 2073 3491 2109 :

2215 2137 2285 2195 Et
2307 2137 2396 2194 lux
2429 2146 2581 2197 tanta
2610 2155 2825 2197 sacrum
2848 2141 3165 2213 perfuderat
3196 2146 3436 2218 undique
3463 2162 3739 2220 campum.

2215 2226 2473 2286 Vincet-et
2500 2241 2560 2285 ut
2585 2229 2762 2288 lucem
2799 2232 2928 2288 solis
2951 2233 3111 2289 simul
3142 2242 3305 2305 atque
3329 2237 3457 2294 diei.

2216 2322 2275 2379 In
2300 2324 2388 2379 bis
2413 2339 2546 2396 ergo
2572 2323 2709 2381 locis
2733 2324 2885 2381 betas
2912 2326 3159 2384 habitare
3179 2319 3426 2386 videbam

2219 2413 2549 2470 Sanctorum
2572 2422 2805 2479 turmas,
2837 2413 3102 2488 sedesque
3134 2424 3319 2475 tenere
3343 2420 3554 2478 beatas.

2219 2506 2347 2563 llaec
2364 2521 2467 2578 ego
2490 2509 2834 2580 conspiciens
2860 2524 3075 2566 mecum
3104 2511 3424 2580 meditabar,
3453 2530 3525 2571 an
3551 2525 3732 2575 essent

2219 2598 2409 2670 Regna
2433 2614 2669 2670 superna
2696 2599 2804 2671 poli
2830 2600 3044 2657 cunctis
3072 2604 3340 2673 promissa
3364 2604 3559 2662 beatis.

2221 2689 2350 2747 Haec
2376 2690 2511 2745 mihi
2538 2688 2776 2746 volventi
2802 2694 3087 2765 respondit
3114 2695 3325 2761 ductor,
3352 2706 3410 2753 et
3434 2697 3593 2755 infit:

2220 2779 2362 2846 Non,
2391 2779 2532 2837 sicut
2558 2782 2675 2853 ipse
2705 2789 2889 2853 putas,
2914 2782 3076 2840 isthic
3101 2793 3228 2841 sunt
3251 2802 3415 2860 regna
3442 2789 3714 2860 polorum.

2221 2872 2415 2944 Fulget
2438 2873 2493 2929 in
2517 2884 2644 2929 ante
2667 2888 2823 2931 nova:
2846 2872 3025 2945 major
3048 2876 3182 2934 mihi
3213 2880 3387 2951 gratia
3411 2881 3572 2949 lucis,

2222 2963 2355 3031 Quae
2382 2962 2550 3018 nimio
2576 2972 2799 3035 superat
2824 2964 2999 3021 lucem
3026 2965 3232 3040 fulgore
3253 2970 3516 3041 priorem,

2222 3055 2361 3113 Nam
2390 3064 2518 3113 tunc
2544 3058 2635 3114 illa
2664 3058 2816 3128 prior
2838 3072 2968 3115 vere
3000 3062 3315 3117 tenuissima
3344 3064 3462 3119 visa
3484 3071 3587 3121 est.

528 3163 772 3234 Cumque
800 3163 918 3220 btec
938 3162 1254 3233 aspicerem,
1296 3161 1552 3233 pavidum
1583 3177 1669 3216 me
1699 3160 1855 3217 duxit
1881 3160 1937 3217 in
1970 3172 2115 3223 ante.
2146 3148 2194 3212 C
2227 3148 2343 3204 \‘ox
2370 3164 2586 3221 quoque
2624 3159 2943 3208 cantantum
2964 3162 3188 3209 resonat
3215 3153 3530 3214 dulcissima
3562 3156 3787 3225 ibidem.

529 3256 682 3313 Tune
709 3257 890 3313 subito
917 3255 1029 3311 vidi
1059 3255 1299 3311 tenebris
1322 3253 1437 3311 loca
1463 3264 1655 3309 cuncta
1687 3254 1908 3326 repleri,

527 3349 907 3419 lntrantesque
935 3347 1055 3403 illas
1083 3347 1321 3405 densatze
1345 3347 1523 3403 noctis
1549 3349 1729 3419 imago
2074 3378 2078 3441 ξ

528 3440 640 3497 Nos
666 3440 813 3497 circa
841 3439 1102 3507 incubuit,
1136 3454 1236 3499 nec
1267 3437 1559 3510 quidquam
1587 3453 1814 3495 cernere
1838 3448 2039 3512 pratter

530 3532 780 3589 Ductoris
800 3532 1036 3604 speciem
1065 3530 1217 3602 potui
1245 3538 1531 3600 vestesque
1558 3531 1814 3587 nitentes.

530 3625 601 3680 Et
633 3625 712 3680 sic
734 3623 965 3693 ingressi
990 3621 1103 3678 sola
1134 3622 1236 3677 sub
1264 3631 1421 3676 nocte
1444 3638 1544 3691 per
1569 3622 1813 3690 umbras,

531 3714 674 3771 Ecce
700 3722 925 3784 repente
944 3712 1089 3785 globi
1113 3711 1450 3772 ﬂammarum
1470 3712 1625 3772 valde
1647 3722 1911 3771 tetrarum

533 3806 706 3862 Sicuti
736 3806 803 3860 de
823 3812 986 3876 puteo
1012 3811 1242 3876 surgunt
1270 3804 1575 3874 iterumque
1602 3804 1847 3861 residunt
1871 3824 1884 3870 ;

532 3896 687 3952 Tunc
718 3896 912 3951 aberat
939 3896 1120 3950 subito
1153 3897 1347 3950 ductor
1374 3895 1630 3966 solusque
1654 3899 1917 3963 remansi,

531 3986 590 4041 In
620 3985 814 4041 mediis
838 3986 1049 4056 positus
1072 3985 1315 4056 trepidus
1338 3987 1690 4057 stupidusque
1719 3989 1979 4046 tenebris.

532 4078 775 4147 Cumque
798 4076 943 4147 globi
974 4074 1206 4132 ﬂammae
1233 4085 1481 4147 peterent
1503 4076 1635 4141 alta,
1661 4085 1823 4149 atque
1848 4080 2089 4138 vicissim

534 4166 767 4222 Motibus
796 4167 1018 4221 alternis
1050 4167 1366 4237 repetebant
1388 4167 1495 4221 ima
1524 4169 1789 4235 barathri,

533 4258 726 4315 Omnia
753 4255 1094 4312 ﬂammarum
1118 4255 1331 4328 fastigia
1358 4272 1521 4314 cerno
1549 4258 1743 4329 repleri

535 4351 831 4423 Spiritibus
857 4350 1138 4405 hominum
1166 4349 1401 4417 miseris,
1429 4352 1521 4420 qui
1543 4365 1695 4407 more
1713 4352 1909 4410 favilla:

536 4445 673 4501 Cum
708 4442 942 4498 ﬂammis
968 4442 1173 4514 pariter
1198 4441 1552 4508 scandebant,
1581 4452 1743 4514 atque
1768 4447 2054 4513 cadebant,

532 4536 639 4592 Sed
667 4536 867 4591 nimius
894 4534 1036 4591 fetor
1063 4534 1172 4590 late
1193 4533 1313 4591 loca
1340 4541 1533 4590 cuncta
1565 4536 1824 4605 replebat.

535 4630 775 4702 Longius
802 4629 918 4684 haec
948 4641 1180 4684 cernens
1202 4627 1560 4683 circumstetit
1584 4628 1822 4699 undique
1859 4639 2049 4697 terror,

532 4721 605 4778 Ut
628 4729 753 4792 pote
780 4719 912 4789 quid
941 4717 1204 4783 facerem,
1231 4730 1445 4788 possem
1473 4732 1583 4788 quo
1605 4727 1818 4773 vertere
1841 4734 2087 4791 gressum

528 4812 759 4877 Inscius,
786 4820 882 4866 aut
908 4810 1110 4865 misero
1133 4808 1226 4878 qui
1252 4809 1375 4865 finis
1401 4808 1541 4865 forte
1573 4818 1837 4865 maneret.

527 4904 707 4961 Audio
745 4911 859 4960 tum
886 4903 1067 4959 subito
1102 4901 1345 4957 sonitum
1366 4910 1490 4974 post
1516 4910 1665 4972 terga
1689 4910 2021 4974 gementum,

535 4999 648 5057 Nec
674 5016 779 5056 non
816 5015 916 5056 ceu
939 4999 1086 5070 vulgi
1114 5004 1275 5069 capto
1304 5012 1467 5069 super
1492 4998 1647 5053 hoste
1670 4998 1995 5054 cachinnum
2019 5014 2034 5065 ;

531 5093 634 5162 Qui
660 5106 826 5163 prope
846 5090 975 5145 dum
997 5088 1224 5144 veniunt
1246 5088 1432 5142 hostes
1454 5101 1692 5157 agnosco
1716 5085 2003 5156 malignos,

528 5182 615 5238 Ad
642 5197 831 5252 pinnas
853 5180 1062 5236 animas
1088 5178 1359 5234 ululantes
1383 5178 1622 5248 quinque
1661 5179 1965 5243 trahentes,

530 5267 667 5326 Cum
688 5269 886 5339 quibus
922 5269 976 5325 in
1007 5268 1171 5325 medii
1194 5267 1529 5324 descendunt
1562 5266 1671 5322 ima
1699 5267 1964 5322 barathri.

530 5361 923 5417 Flammivomo
948 5376 981 5416 e
1005 5368 1168 5430 puteo
1194 5359 1414 5430 quidam
1434 5358 1627 5414 deinde
1652 5358 1873 5430 maligni

532 5457 816 5513 Dzemones
838 5455 1153 5519 ascendunt,
1186 5454 1359 5510 oculis
1387 5451 1810 5515 ﬂammantibus,
1839 5458 2002 5522 atque

535 5548 619 5604 Me
641 5548 1134 5614 circumsteterant,
1162 5548 1410 5619 putidum
1431 5545 1499 5601 de
1523 5546 1747 5602 naribus
1774 5547 1953 5617 ignem

536 5638 748 5710 Oreque
775 5638 1045 5711 spirantes
1071 5638 1274 5713 ignitis,
1304 5653 1498 5708 meque
1529 5638 1805 5693 minantur

615 5752 765 5809 \‘crs.
810 5754 930 5809 9i7.

2226 3242 2297 3297 Et
2321 3259 2443 3299 cum
2468 3244 2591 3301 lucc
2622 3244 2724 3300 fuit
2752 3246 2879 3302 miri
2916 3245 3212 3320 fragrantia
3238 3250 3444 3318 odoris,

2226 3335 2301 3392 Ut
2324 3336 2456 3392 mihi
2490 3344 2711 3408 propter
2729 3352 2851 3394 eam
2877 3340 3204 3410 parvissima
3226 3343 3400 3413 prima
3430 3352 3616 3416 putata
3644 3355 3746 3404 est.

2226 3425 2348 3494 Quo
2372 3442 2473 3483 nos
2494 3429 2621 3482 dum
2647 3427 2806 3484 laatus
2830 3444 3111 3500 sperarem
3140 3431 3360 3498 intrare,
3389 3445 3612 3507 repente

2228 3517 2483 3573 Substitit
2504 3518 2619 3589 ipse
2643 3534 2797 3574 meus
2821 3520 3017 3576 ductor
3036 3538 3391 3595 gressumque
3417 3535 3716 3600 retorquet,

2227 3609 2420 3682 Meque
2445 3612 2550 3676 via,
2581 3627 2679 3683 per
2714 3629 2877 3684 quam
2907 3631 3007 3672 nos
3032 3619 3301 3687 venimus,
3327 3621 3449 3677 inde
3477 3622 3710 3687 reduxit,

2226 3702 2601 3773 intrantesque
2627 3706 2823 3761 iterum
2851 3708 3030 3779 campi
3056 3710 3172 3767 loca
3201 3713 3426 3783 pulchra
3453 3714 3676 3785 prioris,

2227 3795 2422 3850 Omnia
2454 3811 2576 3866 quas
2600 3798 2730 3865 vidi,
2762 3800 2809 3854 si
2830 3801 3027 3856 scirem
3050 3801 3208 3871 forte,
3239 3806 3467 3875 requirit
3492 3825 3505 3861 τ

2228 3887 2423 3943 Nescio
2444 3889 2533 3943 cui
2554 3890 2691 3957 dixi,
2719 3893 3014 3965 statimque
3036 3894 3151 3953 btec
3181 3898 3387 3953 addidit
3410 3899 3497 3954 ille
3520 3918 3536 3956 :

2229 3982 2421 4038 Vidisti
2447 3983 2640 4038 vallem
2663 3983 2895 4050 ﬂammis
2918 3996 2974 4045 et
2998 3987 3201 4061 frigore
3229 3991 3464 4062 plenam,

2226 4073 2285 4130 In
2315 4091 2420 4146 qua
2447 4092 2590 4132 nunc
2615 4092 2810 4132 ammte
2835 4081 3013 4150 pcenis
3038 4091 3343 4154 purgantur
3364 4085 3597 4153 acerbis,

2227 4166 2307 4224 Ac
2329 4169 2555 4225 redeunt
2581 4170 2779 4227 iterum
2801 4180 3045 4242 purgata:
3074 4174 3141 4228 ad
3163 4177 3385 4244 praemia
3414 4176 3558 4234 vitae.

2227 4259 2299 4315 At
2319 4277 2448 4319 vero
2472 4270 2667 4333 puteus
2696 4264 2941 4334 putidum
2966 4265 3057 4335 qui
3090 4273 3340 4323 eructuat
3368 4269 3572 4339 ignem,

2228 4352 2325 4408 Est
2346 4368 2409 4408 os
2435 4353 2651 4421 inferni,
2679 4355 2849 4411 ruerit
2873 4371 2999 4411 nam
3028 4357 3274 4429 quisquis
3303 4360 3358 4415 in
3386 4361 3540 4431 illum
3650 4426 3655 4427 γ

2229 4442 2393 4499 Forte
2420 4453 2610 4511 semet,
2638 4462 2912 4516 nunquam
2942 4457 3063 4518 post
3096 4450 3213 4505 haec
3237 4450 3534 4508 salvabitur
3562 4452 3707 4511 inde.

2150 4512 2205 4573 Ῑ)
2232 4540 2474 4614 Floriger
2495 4540 2597 4596 iste
2620 4512 2790 4606 locus,
2815 4512 2976 4613 quem
2992 4544 3230 4613 possidet
3253 4546 3373 4601 alba
3396 4545 3675 4615 juventus,

2229 4629 2327 4687 Est
2358 4632 2575 4703 requies
2599 4633 2650 4686 in
2673 4648 2782 4703 qua
2808 4643 3056 4704 spectant
3075 4634 3316 4691 caelestia
3345 4652 3530 4705 regna,

2225 4722 2329 4790 Qui
2340 4723 2481 4779 bona
2493 4732 2798 4794 gesserunt,
2817 4727 3066 4795 quamvis
3080 4741 3143 4781 ex
3160 4736 3315 4799 parte
3331 4728 3531 4793 minus,
3545 4744 3708 4799 quam

2223 4811 2465 4869 Postulat.
2489 4815 2631 4868 alma
2658 4815 2824 4872 fides:
2851 4833 2975 4872 nam
2988 4816 3079 4886 qui
3106 4816 3379 4887 perfectus
3394 4820 3590 4891 ubique
3601 4829 3703 4886 est,

2224 4902 2297 4960 Ut
2320 4904 2570 4971 moritur,
2601 4906 2784 4961 statim
2806 4907 2929 4962 coeli
2955 4908 3261 4976 penetrabit
3288 4909 3341 4963 in
3365 4909 3563 4966 aulam.

2229 4994 2468 5051 Pertinet
2493 4997 2562 5052 ad
2584 4997 2738 5066 cujus
2762 4998 2957 5053 vicinia
2986 4998 3219 5071 fulgidus
3240 5000 3329 5055 illc

2229 5083 2374 5141 Luce
2392 5085 2543 5142 locus
2569 5086 2758 5154 nimia,
2786 5088 2907 5143 miri
2935 5104 3151 5159 quoque
3179 5090 3370 5160 plenus
3394 5092 3600 5160 odoris,

2230 5176 2307 5231 De
2327 5192 2436 5246 quo
2457 5186 2771 5234 cantantum
2794 5182 3116 5236 suavissima
3137 5197 3242 5237 vox
3264 5184 3571 5240 resonabat.

2231 5266 2312 5323 Tu
2338 5269 2467 5339 quia
2490 5285 2634 5325 nunc
2655 5272 2848 5326 iterum
2872 5273 3037 5327 debes
3056 5288 3335 5330 assumere
3355 5290 3573 5346 corpus,

2234 5357 2409 5428 Atque
2434 5359 2680 5415 homines
2710 5361 2874 5427 inter,
2901 5363 3163 5418 moritura
3182 5366 3365 5422 vivere
3389 5368 3517 5433 vita,

2231 5450 2477 5523 Corrige,
2504 5467 2707 5523 quaeso,
2731 5462 2852 5510 tuos
2883 5471 3064 5512 mores
3088 5466 3146 5511 et
3172 5459 3335 5513 verba
3356 5458 3441 5513 vel
3460 5468 3635 5527 actus,

2234 5541 2305 5597 Ut
2328 5550 2419 5597 tua
2444 5545 2498 5599 in
2519 5544 2605 5600 bis
2626 5553 2811 5601 sancta
2835 5555 3116 5617 reputetur
3141 5550 3351 5605 mansio
3374 5552 3588 5606 turmis.

2232 5629 2359 5689 Haec
2385 5633 2477 5688 ubi
2507 5633 2742 5702 dicebat,
2769 5639 3038 5705 quomodo
3065 5640 3159 5697 sed
3184 5640 3323 5696 scire
3343 5641 3582 5711 nequivi,

3392 5753 3541 5811 Veis.
3588 5754 3740 5812 l005.
