4106 6514
202 448 309 504 835

201 561 454 616 indutum
483 558 702 631 proprio
723 559 906 614 statim
929 574 1016 614 me
1037 576 1264 631 corpore
1287 561 1414 616 vidi.
1442 580 1462 613 ι

273 651 381 708 Nec
415 666 550 720 gens
571 650 845 706 clarorum
887 652 1125 721 genitrix
1156 654 1273 708 haec
1313 660 1500 706 nostra
1530 651 1793 717 virorum,

201 741 350 810 Quos
371 741 580 812 genuit,
609 740 709 795 soli
731 741 950 796 sibimet
979 750 1110 796 tunc
1134 743 1250 813 ipsa
1279 742 1502 797 tenebat

201 836 346 892 Intra
377 833 518 890 forte
546 835 630 889 sui
657 833 990 892 concludens
1019 835 1227 888 viscera
1252 834 1429 904 regni,

202 926 309 983 Sed
333 926 521 997 procul
551 943 618 982 ex
653 925 760 981 illis
791 925 992 981 multus
1023 933 1171 980 trans
1199 941 1416 996 aequora
1452 925 1620 989 misit,

199 1018 467 1074 Gentibus
488 1027 546 1072 ut
571 1017 795 1088 reliquis
821 1015 1144 1087 pra-ferrent
1173 1017 1380 1073 semina
1413 1018 1556 1073 vitm.

197 1109 242 1168 Β
268 1111 465 1180 quibus
495 1111 584 1164 ille
614 1108 716 1163 fuit
739 1110 915 1163 dictus
943 1111 1265 1179 cognomine
1290 1108 1525 1165 Sanctus

201 1201 367 1273 252
407 1201 643 1271 Egberet
665 1212 691 1241 ι
722 1201 971 1265 antistes,
1000 1202 1190 1271 primis
1210 1203 1388 1257 {etatis
1415 1203 1468 1257 in
1497 1202 1656 1258 anuis

197 1294 300 1361 Qui
327 1294 556 1364 liquerat
581 1293 815 1363 patriam
838 1293 1027 1362 patrue
1059 1293 1298 1348 cmlestis
1322 1309 1530 1361 amore,

197 1387 266 1440 Et
293 1386 577 1457 peregrina
602 1395 791 1456 petens
819 1382 999 1438 Scotis
1019 1383 1132 1452 jam
1167 1373 1400 1459 maxima
1425 1387 1550 1441 vitae

197 1474 353 1530 Tune
386 1476 634 1546 exempla
663 1476 824 1530 dabat
849 1475 1112 1530 doctrinm
1135 1466 1381 1545 lampade
1408 1475 1635 1546 fulgens,

192 1568 421 1624 Actibus
441 1569 750 1632 instituens,
777 1567 957 1625 verbis
983 1583 1335 1638 quoscunque
1360 1568 1609 1635 docebat,

193 1661 533 1733 Pauperibus
557 1661 760 1730 largus,
800 1662 1020 1716 sibimet
1039 1663 1134 1717 sed
1162 1676 1380 1733 semper
1403 1675 1624 1732 egenus.

194 1751 291 1807 Sic
317 1753 490 1807 bonus
515 1752 746 1824 egregia:
771 1752 926 1806 duxit
953 1751 1324 1809 moderamina
1361 1752 1504 1816 vitae,

197 1845 384 1917 Usque
407 1847 551 1902 diem
577 1850 771 1904 mortis
789 1848 936 1904 clara
961 1848 1164 1920 pietate
1189 1863 1499 1904 coruscans.

190 1937 295 1993 Cui
325 1938 501 1994 fuerat
529 1937 710 1994 socius
738 1941 952 1995 meritis
978 1946 1034 1994 et
1062 1938 1305 1995 moribus
1330 1948 1506 2009 aptus,

190 2031 266 2087 Et
295 2045 477 2086 comes
495 2031 674 2087 exsilii
703 2031 917 2087 “'ibcrt
946 2031 976 2072 ι»
1000 2030 1294 2102 praeclarus
1323 2029 1380 2086 in
1403 2030 1553 2086 omni

189 2123 497 2197 Reliigione
520 2125 678 2192 satis,
705 2125 802 2181 sed
829 2133 952 2197 post
975 2125 1180 2181 divisus
1205 2125 1276 2180 ab
1310 2124 1407 2180 illo

191 2212 517 2270 Theoricam
545 2214 694 2272 solus
721 2215 887 2270 vitam
909 2215 1189 2272 districtus
1208 2213 1420 2286 agebat.

188 2307 324 2364 Inde
348 2321 460 2363 suae
485 2308 665 2378 gentis
693 2309 978 2364 monachis
1002 2307 1310 2374 construxit
1334 2306 1477 2362 ovile

189 2400 507 2471 Egregium,
541 2402 668 2456 vitae
691 2401 902 2457 meritis
927 2409 982 2456 et
1015 2399 1263 2455 moribus
1294 2397 1424 2454 illud
1562 2388 1568 2394 ’

190 2493 485 2549 Exornans
513 2481 708 2548 ovibus
735 2489 939 2548 Christi
970 2489 1246 2546 studiosus
1268 2485 1495 2554 alendis,

188 2587 314 2656 Ipse
337 2601 433 2656 per
455 2593 744 2655 angustam
769 2598 908 2653 quas
935 2589 1087 2640 recto
1107 2579 1325 2636 tramite
1343 2577 1536 2635 callem

191 2679 364 2735 Duxit
393 2678 462 2734 ad
481 2676 707 2733 aetherei
730 2675 958 2731 devotus
981 2688 1182 2746 pascua
1206 2672 1380 2744 regni.

189 2770 406 2828 Claruit
433 2767 638 2825 idcirco
663 2769 853 2840 signis,
876 2773 932 2822 et
955 2781 1106 2822 more
1129 2763 1427 2836 prophetae,

190 2863 362 2919 Multa
386 2862 567 2917 futura
588 2861 775 2918 videns
801 2861 1001 2917 mansit
1033 2858 1329 2931 praeclarus
1365 2854 1590 2928 ubique,

189 2953 391 3011 Postea
419 2952 660 3009 caelestis
685 2951 991 3022 penetravit
1018 2949 1214 3023 gaudia
1240 2949 1385 3004 vita.

254 3044 361 3100 Ast
393 3043 488 3099 alii
525 3043 734 3099 ratibus
757 3045 901 3100 vecti
923 3051 1076 3098 trans
1099 3057 1287 3113 aequor
1310 3040 1483 3096 Eoum

187 3133 473 3208 Paganum
494 3135 700 3206 petiere
727 3134 928 3202 solum,
957 3149 1066 3206 qua
1090 3134 1257 3190 verba
1285 3131 1477 3189 salutis

192 3226 472 3299 Spargere
492 3226 775 3284 tentabant
803 3227 859 3283 in
885 3227 1122 3297 agrestia
1143 3225 1308 3282 corda
1335 3224 1586 3282 serendo.

191 3319 270 3378 Ut
294 3319 399 3376 fuit
419 3319 672 3391 egregius
695 3317 1042 3375 Wilbrordus
1065 3319 1355 3389 episcopus
1378 3329 1399 3356 ο
1443 3316 1554 3383 ille,

188 3409 440 3467 Plurim
472 3409 566 3483 qui
589 3410 770 3482 populi
801 3408 1104 3466 Fresonum
1129 3409 1302 3465 millia
1328 3406 1552 3464 Christo

188 3506 219 3548 ει
248 3507 520 3563 Lueratus
543 3503 767 3562 monitis
786 3503 966 3559 fuerat
987 3502 1318 3567 cmlestibus,
1345 3508 1510 3570 atque

190 3597 512 3656 Pontiﬁcale
536 3597 702 3654 decus
729 3596 918 3654 multis
951 3596 1167 3653 ornavit
1194 3597 1251 3652 in
1277 3597 1460 3660 annis,

190 3690 578 3762 Ecclesiasque
605 3688 718 3746 Deo
739 3689 925 3760 plures
956 3689 1264 3746 construxit
1288 3687 1513 3754 ibidem,

191 3782 552 3854 Presbyteros
577 3783 632 3836 in
659 3782 742 3838 eis
765 3788 1032 3847 statuens,
1052 3781 1310 3852 verbique
1333 3779 1635 3844 ministros,

193 3875 390 3933 Omnia
413 3873 702 3947 perficiens
747 3871 878 3928 felix
903 3872 959 3928 in
983 3887 1119 3946 pace
1145 3873 1372 3944 quievit.

190 3973 348 4030 Illius
370 3985 500 4029 ecce
521 3968 629 4026 duo
655 3969 874 4026 fuerant
896 3967 1146 4038 exempla
1180 3966 1354 4024 secuti
1409 4020 1412 4022 ν

193 4064 535 4136 Presbyteri,
561 4063 732 4119 nimio
761 4061 978 4119 accensi
1005 4060 1221 4118 fervore
1242 4059 1368 4116 fidei
1394 4079 1412 4128 ;

193 4154 447 4214 Nominis
479 4156 641 4213 unius
662 4153 984 4210 Herwaldus
1013 4163 1038 4193 ο
1058 4161 1290 4223 uterque
1313 4157 1561 4208 vocatus.

193 4249 309 4306 Par
326 4263 464 4321 opus
489 4246 754 4304 ambobus
778 4245 906 4300 vita
931 4243 1026 4301 sed
1045 4252 1102 4299 et
1125 4243 1308 4299 exitus
1332 4258 1496 4299 unus.

190 4339 368 4399 Albus
392 4337 502 4405 hic,
532 4337 622 4394 ille
642 4335 821 4409 niger,
847 4335 1102 4392 distantia
1115 4333 1230 4390 sola
1257 4331 1504 4406 capillis;

191 4431 273 4488 At
305 4430 461 4502 niger
481 4429 540 4485 in
576 4427 732 4484 libris
755 4425 934 4483 fuerat
968 4425 1265 4483 studiosior
1290 4424 1432 4482 albo.

193 4523 345 4593 Ergo
363 4521 422 4577 hi
448 4519 724 4578 Saxonum
749 4534 975 4592 pagana:
1003 4518 1239 4590 compita
1267 4517 1439 4589 plebis

193 4614 501 4681 lutrabant,
532 4611 745 4683 aliquos
773 4611 819 4667 si
847 4611 1065 4667 Christo
1091 4609 1376 4681 acquirere
1400 4619 1662 4680 possent;

196 4707 313 4764 Sed
337 4707 467 4762 dum
487 4703 630 4761 forte
657 4716 828 4760 novos
849 4718 1032 4760 mores
1056 4701 1378 4775 habitusque
1407 4701 1535 4759 ﬁdei

192 4800 518 4874 Agnoscunt
541 4796 748 4865 miseri,
773 4804 1020 4854 metuunt
1038 4811 1110 4854 ne
1137 4796 1379 4853 funditus
1403 4796 1582 4853 omnis

196 4891 323 4949 Jam
347 4892 568 4949 caderet
587 4891 751 4948 citius
779 4896 1025 4944 veterum
1052 4888 1260 4944 cultura
1293 4886 1543 4943 deorum.

197 4983 316 5042 Hos
333 4985 514 5042 subito
537 4991 722 5058 raptos
745 4981 951 5040 crudeli
970 4989 1146 5039 morte
1169 4989 1436 5038 necarunt
1453 4999 1471 5036 :

197 5075 402 5135 Album
427 5075 526 5132 sed
547 5074 819 5131 trucidant
836 5075 1021 5130 statim
1046 5086 1305 5129 mucrone
1325 5076 1572 5138 cruento,

201 5168 388 5240 Longa
412 5167 510 5224 sed
529 5166 825 5239 exquirunt
851 5167 987 5221 duro
1009 5169 1278 5221 tormenta
1305 5162 1523 5232 nigella,

201 5261 383 5331 Atque
406 5266 808 5333 peremptorum
835 5257 1010 5314 Rheni
1045 5256 1146 5314 sub
1171 5254 1408 5312 fluminis
1425 5255 1599 5311 undas

277 5375 437 5432 Vera.
475 5373 641 5432 4057.

281 5502 308 5533 ι
338 5489 397 5562 S.
425 5489 699 5562 Egbertus
715 5487 1016 5562 ep._Beda,
1045 5484 1171 5562 libr.
1213 5497 1432 5562 [,hcap.
1463 5481 1532 5538 1ο
1580 5489 1636 5539 et
1670 5496 1790 5552 cap.

205 5561 301 5618 25.
338 5553 653 5617 νίάῶιίειηι
682 5553 1046 5615 Habilionium
1072 5556 1193 5612 Act.
1226 5553 1326 5609 SS.
1348 5623 1353 5624 γ
1376 5567 1504 5624 saec.
1530 5568 1616 5620 tu,
1647 5562 1792 5624 part.

209 5649 253 5704 ι,
280 5648 402 5704 ins-
428 5632 533 5688 487
559 5639 616 5689 et
639 5646 793 5704 S‘N‘l-
822 5630 900 5704 De
924 5626 986 5704 ει
1007 5627 1321 5704 Eamne.“
1343 5623 1626 5704 Wiclasxte
1647 5637 1798 5704 ὐθιξτ

210 5693 415 5774 ιίοήἑξυ
437 5716 655 5774 quoque
676 5693 808 5757 fa'c'it
836 5693 1095 5755 Alcuinus
1122 5698 1180 5752 in
1210 5695 1332 5751 Vita
1371 5693 1430 5751 S.
1459 5693 1798 5751 Willibrordi

208 5771 560 5909 calt)tOl‘lr'ibert,
591 5842 732 5899 forte
775 5840 1024 5897 Wicbert.
1056 5835 1544 5909 Vid.gBeda,libr.
1570 5852 1626 5902 v,
1653 5834 1793 5892 Hist.

214 5928 335 5986 cap.
370 5913 456 5982 l0,
483 5907 554 5972 etv
585 5913 781 5970 Mabill.
813 5912 936 5971 Vita
964 5909 1022 5967 S.
1070 5907 1337 5981 Wigberti
1377 5908 1500 5964 Act.
1541 5922 1668 5965 sec.
1709 5923 1793 5976 tu,

942 445 1273 503 CARMINA.
1310 477 1381 487 —
1410 445 1498 502 DE
1537 444 1811 504 PONTIF.
1852 447 1938 502 ΕΤ
1981 445 2083 502 SS.
2125 445 2326 503 ECCL.
2369 443 2665 504 EBORAC.

3383 448 3493 507 855

1810 567 1860 624 Α
1887 559 2125 630 Corpora
2154 561 2466 631 projiciunt,
2494 576 2614 630 qum
2639 560 2736 616 sed
2759 573 2883 615 mox
2914 558 3105 615 ordine
3130 561 3270 616 miro

1897 649 2099 705 Contra
2133 651 2452 721 prarvalidos
2477 649 2788 705 ferebantur
2813 647 3051 705 ﬂuminis
3079 650 3238 716 ictus,

1897 737 2061 794 Millia
2087 750 2140 794 et
2169 755 2342 811 usque
2368 754 2499 796 suos
2520 740 2702 796 socios
2724 740 2943 795 undana
2965 740 3245 796 natabant.

1895 827 1998 884 Ast
2028 844 2352 900 quocunque
2373 830 2493 886 loco
2518 828 2808 886 veniebant
2832 845 3065 903 corpora
3093 840 3274 898 nocte,

1897 919 2164 976 Maximus
2193 920 2320 976 hinc
2347 919 2482 976 lucis
2511 919 2698 976 radius
2726 934 2892 992 super
2925 928 3074 978 astra
3103 920 3338 978 refulsit.

1895 1008 2105 1068 Lumen
2126 1019 2180 1066 et
2217 1013 2321 1068 hoc
2343 1011 2438 1078 illi,
2467 1013 2562 1081 qui
2589 1019 2810 1068 sanctos
2832 1019 2960 1068 ante
2990 1012 3278 1079 uocabant,

1893 1105 2182 1178 Aspiciunt
2201 1099 2353 1163 Omni
2379 1122 2597 1178 semper
2623 1105 2928 1179 fulgescere
2953 1117 3132 1166 nocte.

1891 1197 2048 1253 Alter
2073 1199 2141 1254 ab
2165 1198 2253 1255 his
2281 1206 2446 1255 noctu
2469 1198 2742 1255 sociorum
2765 1199 2917 1256 visus
2941 1209 3000 1253 at
3022 1199 3115 1255 uni
3141 1207 3250 1268 est,

1893 1289 2154 1364 Corpora,
2182 1293 2271 1348 cui
2307 1292 2467 1359 dixit,
2497 1292 2684 1348 statim
2716 1293 2960 1363 reperire
2987 1293 3218 1364 potestis

1893 1381 2112 1450 Nostra,
2137 1385 2232 1441 ubi
2253 1385 2323 1441 de
2346 1385 2500 1440 cmlis
2522 1384 2702 1440 lucem
2731 1384 2946 1440 radiare
2978 1385 3203 1441 videtis.

1894 1476 2048 1534 Visio
2067 1487 2196 1534 tunc
2221 1478 2400 1535 socios
2425 1477 2548 1532 talis
2573 1492 2676 1533 nec
2699 1475 2790 1532 illa
2818 1475 3026 1545 fefellit,

1891 1567 2134 1641 Corpora
2161 1583 2396 1641 namque
2420 1569 2554 1626 locis
2584 1569 2666 1625 sic
2692 1575 2822 1624 sunt
2847 1568 3069 1625 inventa
3095 1570 3198 1625 sub
3224 1568 3420 1640 isdem,

1893 1663 2326 1738 Ilartyribusque
2342 1663 2448 1735 piis
2466 1663 2630 1735 digno
2654 1662 2958 1718 conduntur
2981 1662 3206 1718 honore.

1961 1755 2062 1811 Ast
2085 1753 2178 1810 alii
2210 1765 2376 1826 atque
2405 1755 2498 1810 alii
2520 1752 2748 1826 praefata
2774 1769 2839 1808 cx
2870 1763 3028 1826 gente
3054 1753 3290 1810 ministri

1892 1849 2173 1908 Sermonis
2193 1849 2408 1905 fuerant
2433 1849 2543 1904 illis
2580 1848 2636 1903 in
2657 1846 2901 1918 partibus
2928 1845 3100 1902 orbis.

1817 1923 1870 1987 Β
1895 1942 1938 2000 Ε
1967 1943 2165 2014 quibus
2188 1943 2392 2014 egregii
2423 1940 2683 1997 Sailbert
2713 1940 2947 2011 Viraque
2972 1939 3229 1997 sacerdos

1894 2034 2253 2108 Temporibus
2281 2032 2480 2090 fulsere
2507 2032 2646 2098 suis,
2675 2033 2771 2104 qui
2791 2030 3028 2088 culmine
3059 2030 3196 2087 clari

1891 2131 2170 2189 Virtutum
2202 2127 2434 2195 fuerant,
2469 2137 2655 2182 nostro
2683 2143 2818 2196 quos
2838 2126 3081 2182 carmine
3106 2133 3333 2182 cunctos

1894 2222 2141 2293 Tangere
2164 2235 2275 2274 non
2308 2218 2490 2274 libuit.
2514 2214 2671 2272 Nunc
2694 2229 2928 2286 namque
2951 2223 3226 2272 revertere
3246 2214 3453 2272 Musam

1893 2311 2058 2371 Urbis
2088 2311 2159 2368 ad
2187 2311 2468 2367 E‘uboriea:
2492 2306 2576 2364 fas
2599 2315 2702 2374 est,
2731 2306 2920 2378 procul
2949 2306 3091 2362 unde
3119 2306 3368 2372 recessit,

1890 2408 2186 2468 Pontifices
2215 2420 2456 2462 summos
2481 2422 2498 2470 ;
2527 2403 2834 2472 seriemque
2861 2401 3167 2472 relinquere
3192 2414 3404 2472 regum,

1891 2501 1996 2573 Qui
2021 2510 2146 2574 post
2173 2497 2476 2555 Aldfridum
2512 2497 2531 2536 ί
2562 2495 2843 2552 variarunt
2870 2501 3114 2562 tempora
3143 2491 3321 2564 regni,

1888 2591 2124 2666 lniperio
2145 2589 2390 2647 functum
2416 2587 2575 2646 denis
2601 2585 2763 2642 simul
2791 2592 2956 2655 atque
2979 2581 3206 2638 novenis

1889 2684 2130 2744 Orbibus
2155 2696 2443 2748 annorum,
2470 2680 2565 2752 qui
2591 2684 2717 2752 post
2745 2672 2846 2733 sub
2871 2684 3116 2747 tempore
3141 2673 3296 2746 pacis

1889 2777 2182 2850 Appositus
2210 2772 2458 2847 patribus
2490 2783 2746 2841 suprema
2775 2776 2926 2825 sorte
2951 2766 3178 2838 quievit.

1961 2869 2170 2925 interea
2195 2865 2332 2921 Bosa
2360 2862 2538 2920 felicia
2566 2875 2735 2934 regna
2767 2866 2989 2931 petente

1889 2961 2102 3032 Accipit
2125 2958 2383 3014 Ecclesiae
2408 2955 2649 3027 regimen
2679 2952 3016 3009 clarissimus
3041 2949 3131 3008 ille

1889 3054 1990 3113 Vir
2015 3056 2234 3127 pietate,
2265 3051 2393 3120 fide,
2421 3049 2630 3106 meritis
2657 3058 2712 3106 et
2735 3055 2916 3104 mente
2944 3046 3207 3116 Joannes,

1889 3144 2221 3204 Pontificalis
2245 3159 2405 3215 apex,
2435 3143 2740 3213 priscorum
2771 3138 3002 3196 formula
3031 3138 3274 3196 Patrum.

1893 3238 2144 3297 Flumina
2181 3235 2443 3293 doctrinae
2471 3232 2704 3289 fundens
2731 3247 2763 3288 e
2791 3239 3014 3302 pectore
3035 3246 3196 3301 puro,

1817 3285 1862 3353 C
1893 3285 2157 3402 iisiis;
2181 3285 3057 3393 {adigis-iga;Maximi;

1893 3424 2063 3492 Quem
2093 3420 2313 3476 virtutis
2339 3419 2515 3476 honor
2550 3416 2719 3489 signis
2756 3415 3051 3471 comitatur
3079 3412 3307 3486 apertis,

1891 3517 2136 3587 Quorum
2161 3527 2334 3585 pauca
2362 3510 2498 3566 libet
2525 3506 2727 3564 uostris
2753 3519 3060 3562 memorare
3096 3501 3360 3561 camenis.

1896 3606 1923 3646 ⁸
1951 3602 2091 3659 Dum
2117 3599 2282 3656 Pater
2314 3599 2430 3668 ipse
2450 3597 2575 3667 pius
2599 3594 2804 3665 jejunio
2828 3601 3017 3650 sancta
3038 3593 3284 3666 gerebat,

1891 3693 2125 3752 Parvula
2145 3704 2297 3767 septa
2325 3693 2458 3748 viris
2485 3692 2682 3762 repetit
2712 3691 3004 3748 comitatus
3023 3690 3299 3756 honestis;

1892 3785 2084 3848 Posset
2103 3796 2164 3844 ut
2189 3787 2456 3842 aethereos
2479 3783 2662 3840 animo
2690 3783 2985 3853 decerpere
3009 3779 3192 3850 ﬂores,

1893 3879 1965 3939 Et
1990 3877 2220 3938 Domino
2245 3877 2478 3950 propria:
2503 3875 2746 3932 decimas
2771 3875 3080 3947 persolvere
3099 3875 3246 3942 vitae,

1894 3973 1940 4030 Ε
1962 3971 2119 4043 queis
2143 3970 2362 4027 divitias
2383 3968 2524 4026 cmlo
2549 3969 2818 4040 reperiret
2835 3969 3064 4039 opimas.

1892 4064 2110 4121 latrans
2136 4077 2268 4135 ergo
2295 4061 2474 4118 locum
2500 4060 2766 4118 districtis
2795 4060 2987 4116 usibus
3014 4067 3223 4130 aptum,

1895 4157 2049 4214 Tunc
2074 4156 2262 4227 inopes
2279 4155 2444 4227 jussit
2462 4168 2560 4226 per
2581 4152 2827 4225 proxima
2848 4152 3086 4222 compita
3113 4148 3309 4223 queri,

1892 4247 2002 4307 Per
2025 4262 2086 4305 se
2112 4245 2442 4319 pauperibus
2463 4245 2665 4302 victum
2688 4251 2749 4300 ut
2772 4241 3008 4300 deferret
3028 4241 3235 4316 egenis.

1891 4341 2046 4400 Tunc
2068 4355 2214 4413 aeger
2234 4337 2449 4410 juvenis
2478 4344 2770 4408 mutusque
2811 4333 3098 4391 adducitur
3122 4333 3222 4400 illi,

1891 4433 2151 4490 Promere
2173 4429 2269 4502 qui
2293 4429 2458 4485 nullis
2476 4435 2692 4499 poterat
2710 4425 2825 4495 jam
2843 4424 3010 4481 verba
3035 4423 3280 4495 loquelis,

1894 4521 1995 4579 Cui
2015 4525 2180 4594 caput
2203 4519 2453 4576 horribili
2472 4517 2653 4575 fuerat
2672 4517 2979 4588 scabrigine
2999 4523 3228 4585 tectum,

1813 4647 1870 4711 Ι)
1892 4614 1963 4670 Et
1983 4628 2088 4686 pro
2114 4612 2266 4669 crine
2287 4611 2427 4667 cutis
2449 4608 2679 4666 maculis
2704 4607 2899 4664 vestita
2926 4607 3209 4675 remansit,

1893 4704 2033 4762 Huic
2053 4703 2177 4777 pius
2199 4703 2424 4760 antistes
2448 4701 2690 4758 casulam
2715 4699 2985 4770 congessit
3011 4713 3202 4772 egeno,

1891 4797 1953 4856 In
1973 4811 2084 4869 qua
2102 4795 2404 4868 susciperet
2430 4794 2626 4867 stipem
2650 4793 2819 4849 miser
2844 4791 2934 4847 ille
2955 4798 3190 4847 suetam.

1893 4889 2133 4962 Postque
2157 4888 2273 4945 dies
2296 4894 2504 4960 septem
2529 4885 2793 4942 transacti
2815 4882 3074 4956 temporis
3095 4882 3248 4939 illum

1887 4980 2140 5040 Iusserat
2157 4979 2374 5047 adduci,
2397 4986 2712 5050 motamque
2735 4977 3023 5033 ostendere
3045 4974 3313 5047 linguam;

1891 5075 1993 5134 Cui
2017 5074 2198 5133 crucis
2221 5074 2497 5146 impressit
2517 5080 2720 5130 sanctae
2745 5071 3007 5145 signando
3027 5071 3280 5143 ﬁguram,

1892 5167 2074 5242 Atque
2096 5169 2191 5224 diu
2211 5168 2433 5226 tacitam
2456 5166 2619 5238 jussit
2640 5165 2888 5239 proferre
2914 5165 3233 5237 loquelam!

1893 5258 2000 5330 Qui
2033 5259 2182 5319 dicto
2205 5259 2369 5317 citius
2394 5258 2576 5316 Patris
2595 5266 2867 5330 praecepta
2898 5266 3142 5324 secutus,

3044 5367 3202 5428 Vere.
3245 5368 3406 5429 “09.

1893 5489 2249 5567 partzir'hpag.
2276 5483 2406 5567 fi'll.
2437 5483 2720 5567 observat.
2750 5496 3092 5567 prahpum.
3125 5482 3180 5539 l.

1969 5564 1993 5592 ο
2023 5551 2360 5610 Wilbrordus
2382 5570 2470 5624 ep.
2500 5551 2767 5609 Alcuinus
2786 5554 2842 5608 in
2864 5551 2991 5609 Vita
3013 5568 3195 5626 supra.

1965 5623 1994 5665 ει
2023 5623 2186 5680 Beda.
2212 5623 2334 5679 libr.
2365 5641 2418 5680 ν.
2445 5638 2565 5680 can.
2592 5623 2680 5678 11.

1973 5638 2769 5765 ἐζῖιωιῖέένῖξιιὰἰ
2803 5694 2938 5765 duo,
3001 5694 3156 5749 albus
3195 5702 3251 5750 et
3299 5691 3482 5765 niger,

1897 5773 2191 5846 martlres.
2212 5764 2539 5846 ΔΫξειηιὶθιξει,
2568 5763 2692 5819 libr.
2719 5763 2936 5846 vlnqist.
2966 5765 3122 5846 Angl.
3153 5780 3274 5837 cap.
3300 5763 3387 5820 ll;

1974 5834 2001 5918 ξ
2024 5833 2170 5918 fide
2200 5833 2392 5918 Alfort.
2423 5835 2493 5918 ad
2513 5834 2871 5918 anqum_705,
2894 5833 3124 5918 nim}.

1974 5907 2001 5949 ε
2024 5904 2191 5973 Beda,
2210 5905 2334 5964 libr.
2363 5921 2396 5961 ν
2426 5905 2565 5961 Hist.
2596 5903 2752 5978 Angl.
2784 5903 2903 5976 cap.
2924 5905 2977 5960 2.
