4106 6488
516 344 624 404 355

503 461 626 522 .Ore
652 461 880 532 loquens
902 462 1159 530 prompto
1193 453 1465 510 tacituma
1492 450 1708 507 silentia
1734 447 1896 517 rupit,

515 554 587 610 Et
604 552 766 624 pleno
793 557 881 605 est
914 546 1135 620 penitus
1160 553 1345 600 mutus
1364 556 1616 599 sermone
1642 540 1879 595 locutus.

515 644 698 716 Atque
723 642 811 698 die
839 648 971 705 toto,
999 639 1207 711 pariter
1231 649 1357 691 cum
1379 640 1543 690 nocte
1560 628 1830 701 sequenti,

515 736 636 794 Non
659 733 898 793 cessavit
918 747 1094 787 ovans
1119 728 1301 784 varias
1321 725 1571 799 proferre
1588 722 1854 796 loquelas,

516 828 694 897 Atque
720 840 833 881 sine
856 822 1057 877 mentis
1077 825 1317 875 secretas
1338 815 1580 887 pandere
1605 827 1833 878 causas;

517 918 735 973 Etcum
752 928 887 971 voce
906 912 1049 968 cutis
1076 909 1284 981 pariter
1306 906 1424 979 jam
1450 920 1581 961 sana
1608 917 1829 959 reversa
1850 907 1938 956 est
1959 915 1976 965 ;

516 1006 955 1075 Reddunturque
978 1000 1107 1059 novi
1133 1000 1375 1070 crispato
1396 997 1550 1053 crine
1576 993 1756 1065 capilli
1781 1009 1797 1059 ;

518 1098 865 1167 Pulcherque
890 1102 977 1150 est
1001 1090 1221 1163 juvenis
1244 1089 1439 1156 factus,
1462 1093 1856 1159 promptasque
1881 1077 2118 1151 loquela.

518 1193 721 1263 Sicque
752 1189 978 1246 domum
998 1184 1276 1257 prepriam
1313 1180 1557 1253 gaudens
1583 1185 1809 1234 sanatus
1833 1173 2036 1263 adibat.

516 1261 681 1355 253
702 1294 729 1322 ι
754 1279 866 1335 Nec
882 1276 1198 1332 meminisse
1217 1272 1365 1328 aliud
1385 1270 1569 1335 taedet,
1590 1263 1863 1323 laudabile
1874 1261 2120 1355 isignum,

519 1354 658 1432 Dum
684 1373 878 1427 lustrat
904 1375 1090 1440 pastor
1113 1364 1263 1438 vigili
1290 1362 1560 1419 tutamine
1586 1356 1849 1415 mandras
1871 1354 1925 1423 ι’,

519 1467 848 1524 Sanctarum
876 1461 1027 1515 venit
1055 1456 1384 1513 famularum
1409 1454 1592 1509 visere
1618 1448 1836 1515 cellam,

520 1558 599 1615 De
622 1570 856 1628 quarum
884 1566 1115 1607 numero
1142 1546 1370 1604 recubat
1395 1538 1715 1615 virguncula
1741 1537 1991 1610 quaedam

520 1650 671 1704 Vena
700 1645 789 1703 cui
814 1658 989 1714 nuper
1015 1641 1195 1697 medio
1220 1645 1306 1694 est
1333 1636 1508 1693 incisa
1533 1632 1766 1698 lacerto,

521 1742 593 1798 Et
616 1752 811 1795 manus
837 1732 1102 1803 obstipuit
1130 1730 1297 1786 nimio
1325 1732 1610 1785 crassante
1635 1730 1869 1780 tumore.

520 1834 667 1905 Ergo
691 1829 977 1887 videbatur
1000 1825 1164 1881 citius
1189 1821 1454 1879 moritura
1478 1815 1704 1890 puenai'

520 1925 673 1982 l-lane
702 1922 798 1980 sed
827 1919 1067 1978 restituit
1094 1914 1309 1973 Domini
1334 1914 1537 1969 virtute
1561 1908 1724 1967 saluti

523 2015 769 2071 Antistes
794 2019 1037 2075 sanctus,
1067 2006 1161 2077 qui
1191 2011 1356 2072 tecta,
1386 2018 1420 2058 a
1449 2009 1627 2059 matre
1655 2004 1904 2071 rogatus,

526 2105 763 2178 Virginis
792 2104 1053 2167 intrabat,
1083 2099 1454 2167 recubamque
1481 2109 1553 2150 ex
1579 2106 1733 2150 more
1758 2088 1984 2155 salutat,

522 2202 702 2268 Atque
724 2209 919 2267 preces
941 2191 1174 2247 fundens
1197 2187 1383 2244 manui
1398 2183 1766 2242 benedixerat
1787 2193 1965 2252 εει-ω.

522 2288 758 2345 lnvaluit
785 2285 973 2343 statim
996 2281 1237 2353 fugiente
1265 2277 1452 2336 dolore
1474 2273 1677 2348 puella,

522 2384 692 2453 Inque
717 2378 939 2435 modum
962 2376 1165 2432 mirum
1187 2380 1303 2429 toto
1327 2370 1396 2428 de
1419 2382 1648 2440 corpore
1674 2373 1790 2423 tota

523 2475 662 2531 Cum
689 2472 954 2528 redeunte
978 2468 1125 2525 foras
1149 2465 1379 2522 secessit
1403 2459 1634 2535 praesule
1658 2457 1849 2530 pestis.

524 2569 786 2625 Protinus
809 2565 1119 2620 Altithrcno
1143 2560 1358 2631 magnis
1380 2564 1570 2627 erepta
1594 2552 1834 2626 periclis,

527 2659 696 2732 Virgo
720 2657 869 2715 canit
893 2655 1079 2711 laudes
1103 2652 1307 2709 multos
1326 2650 1539 2706 victura
1563 2662 1663 2718 per
1687 2640 1880 2702 annos.

603 2762 629 2792 ε
663 2750 803 2806 lluic
824 2747 970 2803 aliud
995 2744 1159 2801 simili
1188 2741 1453 2799 successit
1475 2740 1531 2795 in
1553 2738 1746 2795 ordine
1767 2735 2002 2807 signum.

526 2846 670 2903 Ecce
696 2856 881 2900 comes
905 2838 1126 2911 quidam
1153 2834 1522 2892 venerandum
1541 2830 1669 2901 jure
1691 2828 1955 2885 Joannem

526 2940 787 3000 Advocat,
817 2934 1063 2992 ecclesia:
1093 2931 1322 2988 Domino
1348 2927 1442 3000 qui
1470 2934 1613 2981 tecta
1642 2923 1871 2980 dicaret.

528 3032 681 3089 Uxor
702 3036 823 3086 erat
844 3027 1002 3098 cujus
1030 3024 1218 3080 multis
1246 3021 1460 3079 inﬁrma
1489 3018 1702 3083 diebus,

528 3122 899 3193 Quadraginta
918 3121 1108 3189 jacens
1135 3122 1328 3171 noctes
1352 3112 1610 3184 depressa
1635 3107 1843 3177 dolore,

529 3214 745 3286 Algida,
772 3226 874 3267 nec
896 3209 1066 3264 valuit
1091 3221 1213 3262 sese
1237 3203 1480 3262 relevare
1502 3200 1702 3267 cubili;

530 3305 733 3361 Lurida
757 3303 843 3360 cui
867 3301 1078 3373 gelidus
1100 3297 1279 3370 pallor
1301 3301 1630 3368 praetexerat
1653 3308 1776 3360 ora,

528 3398 768 3454 Naribus
792 3394 1020 3451 alternis
1048 3391 1230 3448 tenuis
1254 3389 1344 3445 vix
1369 3388 1537 3444 flabat
1561 3386 1808 3444 anhelus.

532 3493 670 3549 lluic
692 3490 818 3563 pius
842 3488 1074 3543 antistes
1100 3484 1444 3542 benedictam
1471 3481 1698 3538 miserat
1722 3480 1946 3546 undam,

530 3583 649 3649 Qua
680 3579 832 3650 prius
860 3576 1147 3634 ecclesiam
1178 3573 1409 3629 Domino
1438 3577 1753 3628 sacraverat
1778 3568 1950 3635 illam,

532 3669 605 3726 Ut
628 3675 843 3738 potaret
869 3680 1011 3730 eam,
1043 3674 1206 3734 atque
1233 3661 1471 3719 dolentia
1500 3659 1743 3715 membra
1772 3658 1977 3715 liniret.

531 3760 685 3828 Quod
714 3760 842 3815 dum
870 3757 1109 3819 fecisset,
1142 3754 1389 3823 sequitur
1414 3751 1683 3807 medicina
1711 3764 1809 3821 per
1832 3760 2007 3818 artus,

532 3851 709 3921 Atque
735 3845 1022 3904 salutifero
1045 3844 1222 3901 morbi
1249 3843 1463 3915 periere
1491 3840 1593 3896 sub
1616 3841 1839 3907 haustu,

531 3940 695 3996 Venit
716 3947 773 3994 et
795 3945 993 4008 optata:
1019 3935 1196 3990 virtus
1218 3947 1477 3989 concessa
1503 3930 1714 3997 salutis,

533 4032 720 4103 Surgit
741 4040 800 4085 et
822 4044 855 4085 e
878 4037 1051 4084 strato
1074 4026 1264 4082 statim
1292 4035 1421 4080 tunc
1448 4024 1648 4079 femina
1673 4038 1881 4095 sospes,

533 4122 709 4192 Atque
738 4118 1011 4176 sacerdoti
1042 4114 1319 4173 renovatis
1348 4113 1554 4170 viribus
1582 4112 1728 4171 almo

533 4211 734 4271 Pocula
762 4214 1036 4284 deportat,
1066 4211 1386 4279 cunctisque
1414 4207 1648 4279 impigra
1675 4207 1969 4263 ministrat.

533 4307 792 4364 lleddidit
823 4315 988 4376 atque
1016 4304 1130 4360 Deo
1162 4303 1384 4375 proprio
1419 4316 1543 4357 cum
1577 4298 1808 4372 conjuge
1840 4309 2045 4371 grates.

605 4399 633 4440 δ
664 4400 739 4455 At
766 4413 951 4456 comes
977 4398 1123 4454 hunc
1150 4397 1290 4452 alius
1318 4396 1534 4453 diverso
1561 4406 1803 4466 tempore
1832 4396 1993 4451 scisci

534 4491 690 4548 Fecit
714 4491 782 4547 ad
803 4488 1091 4546 ecclesiam
1115 4488 1332 4543 Domini
1355 4486 1424 4543 de
1444 4502 1597 4543 more
1618 4486 1924 4552 dicandam,

537 4580 707 4652 Cujus
737 4579 878 4635 forte
907 4595 1045 4651 puer
1074 4578 1290 4635 mortali
1324 4587 1475 4648 peste
1508 4579 1815 4647 subactus,|

537 4673 783 4730 Mortuus
804 4688 871 4728 ex
900 4672 1048 4729 omni
1076 4672 1441 4727 membrorum
1466 4679 1623 4741 parte
1646 4672 1911 4727 remansit

538 4765 797 4835 Spiritus,
822 4773 1052 4834 excepto
1077 4764 1220 4835 quod
1243 4771 1465 4836 pectora
1494 4763 1633 4820 fessa
1662 4764 1934 4831 movebat,

535 4858 757 4931 Frigida
782 4859 874 4913 vix
901 4858 1047 4913 tenui
1072 4858 1355 4929 geminans
1378 4856 1613 4927 suspiria
1639 4854 1790 4923 flatu,

537 4948 769 5007 Funeris
790 4950 1077 5020 exsequias
1100 4951 1188 5006 cui
1216 4957 1346 5004 tunc
1373 4963 1557 5005 comes
1583 4948 1698 5019 ipsc
1722 4949 1971 5020 parabat,

539 5042 610 5098 Et
631 5040 839 5097 loculus
855 5041 1011 5112 juxta
1035 5042 1235 5107 stabat,
1263 5056 1371 5111 quo
1394 5054 1594 5110 corpus
1617 5040 1949 5096 humandum

539 5130 665 5188 Ilox
691 5130 891 5198 fuerat,
919 5134 1045 5188 vita:
1068 5131 1326 5202 quoniam
1354 5145 1481 5200 spes
1509 5128 1655 5185 nulla
1683 5131 1936 5186 manebat
1962 5148 1974 5183 :

538 5220 650 5280 Pro
673 5238 783 5293 quo
806 5223 1116 5294 pontificem
1140 5222 1447 5293 lacrymans
1470 5223 1579 5277 dux
1607 5221 1722 5290 ipse
1749 5222 1994 5293 rogabat,

543 5315 618 5373 Ut
642 5316 959 5387 dignaretur
986 5329 1154 5386 puero
1183 5314 1505 5372 benedicere
1533 5322 1756 5383 praesto,

620 5449 777 5506 Vers.
818 5451 977 5507 H63.

619 5578 643 5605 ει
680 5565 824 5621 Idem
853 5566 979 5621 ibid.
1014 5581 1133 5636 cap.
1168 5567 1220 5621 5.

619 5636 646 5677 ι
687 5636 961 5699 ,llandras,
990 5637 1042 5690 id
1071 5633 1175 5704 est,
1207 5635 1554 5692 monasteria.
1585 5634 1702 5690 Vid.
1731 5633 2013 5705 Cangium.

622 5718 643 5745 ε
684 5707 847 5761 llmla.
876 5723 994 5761 can.
1023 5707 1074 5761 4.
1174 5735 1179 5740 -

622 5723 643 5745 ε
686 5723 847 5769 ηεαδ,
876 5723 994 5777 cap.
1023 5723 1074 5762 4.

619 5778 647 5817 ιι
689 5778 823 5837 Ibid.
849 5794 968 5853 cap.

1339 337 1401 392 Β.
1442 335 1504 391 F.
1539 333 1767 392 ALBINI
1811 331 1943 389 SEL'
1986 328 2265 387 ALCUiNl
2301 327 2592 385 OX’ERUM
2632 325 2813 381 PARS
2857 324 2941 380 Vl.

2142 451 2194 506 Α
2221 441 2397 510 Atque
2424 413 2615 511 preces
2640 438 2873 492 Domino
2898 451 2997 506 pro
3023 434 3187 505 hujus
3214 430 3439 487 fundae
3467 428 3596 484 vita.

3716 316 3825 373 836

2222 531 2333 590 Nec
2360 532 2507 602 quod
2538 530 2698 600 plena
2729 527 2855 584 ﬁdei
2887 526 3179 598 rogitabat,
3201 520 3327 593 jure
3355 520 3609 593 negabat,

2222 624 2323 680 Vir
2349 624 2475 696 pius
2500 631 2556 679 et
2582 622 2844 689 clemens,
2871 620 3058 676 statim
3088 617 3183 674 sed
3208 616 3391 673 visitat
3414 628 3644 686 ingruat,

2222 718 2292 773 Et
2318 715 2599 774 benedixit
2623 730 2776 781 eum,
2808 712 3025 770 rediens
3053 727 3123 769 ex
3153 724 3307 767 more
3334 707 3535 766 salutat
3564 724 3580 762 :

2224 809 2348 866 Mox
2380 808 2674 874 revalesce,
2705 822 2864 878 puer,
2892 805 3099 871 dicens,
3128 803 3384 873 viresque
3410 814 3647 857 resume.

2223 900 2356 959 Post
2382 903 2500 957 haec
2526 916 2652 957 cum
2680 898 2881 971 prmsul
2908 898 2993 955 vel
3018 896 3131 955 dux
3156 895 3426 968 prandere
3450 891 3739 956 sedebant,

2222 993 2471 1051 Postulat
2495 992 2747 1050 infirmus
2771 990 2963 1047 sitiens
2990 987 3092 1045 sibi
3119 985 3314 1059 poeula
3338 984 3495 1053 ferri,

2222 1084 2322 1142 Cui
2349 1084 2610 1140 Dominus
2636 1082 2879 1154 gaudens
2901 1078 3047 1150 quod
3063 1077 3180 1150 jam
3206 1085 3398 1150 potare
3423 1074 3654 1141 valeret,

2223 1177 2350 1251 Mox
2378 1177 2605 1233 calicem
2632 1175 2748 1232 vini
2778 1174 3125 1231 benedictum
3152 1187 3184 1227 a
3210 1168 3446 1242 praesule
3470 1169 3650 1236 misit;

2225 1268 2300 1327 Ut
2320 1268 2460 1325 bibit
2481 1268 2649 1335 hunc,
2671 1265 2857 1323 statim
2880 1279 3048 1322 sanus
3068 1258 3325 1328 surrexit,
3352 1270 3411 1320 et
3433 1262 3566 1329 ibat,

2221 1361 2560 1431 lntravitque
2583 1360 2803 1417 domum
2827 1373 2938 1428 quo
2958 1356 3069 1414 dux
3093 1366 3151 1414 et
3172 1354 3372 1428 praesul
3395 1354 3650 1412 edebant.

2221 1451 2469 1523 Cumque
2491 1450 2599 1507 illis
2619 1451 2810 1507 bibere
2830 1457 2888 1506 et
2910 1448 3056 1507 vesci
3082 1462 3145 1505 se
3166 1447 3304 1504 velle
3326 1445 3595 1519 profatur,

2224 1541 2386 1598 Potat
2411 1541 2634 1612 editque
2657 1541 2855 1599 sedens
2876 1540 3034 1596 latus
3059 1538 3374 1595 laetantibus
3400 1536 3531 1603 illis,

2226 1634 2358 1692 Post
2385 1635 2503 1692 haue
2529 1642 2587 1689 et
2612 1633 2801 1691 multis
2828 1632 3047 1689 vivebat
3075 1645 3266 1705 sospes
3291 1629 3348 1686 in
3377 1627 3557 1686 annis.

2306 1737 2331 1766 ε
2358 1725 2431 1782 At
2470 1740 2688 1798 quoque
2727 1724 2929 1798 pressu]
2970 1723 3078 1781 iter
3116 1736 3218 1794 per
3250 1719 3544 1795 quamdam
3578 1716 3837 1775 cursibus

3552 1808 3760 1885 [arma

2227 1931 2517 1988 Planitiem
2538 1928 2739 2001 campi,
2765 1943 2891 1985 cum
2915 1928 3066 1987 clero
3089 1926 3263 2000 gessit
3279 1930 3567 1997 equester;

2228 2022 2387 2080 Tunc
2400 2019 2631 2091 juvenes
2656 2020 2850 2077 ardent
2870 2033 3035 2076 cursu
3056 2017 3386 2075 contendere
3405 2026 3691 2087 equorum,

2232 2111 2343 2170 Sed
2370 2112 2495 2185 pius
2520 2110 2752 2168 antistes
2779 2110 2956 2167 vetuit
2980 2106 3295 2180 specialiter
3318 2120 3497 2163 unum

2230 2203 2315 2262 Ex
2343 2204 2531 2273 sociis,
2560 2203 2689 2260 ludo
2716 2217 2787 2258 ne
2816 2217 2879 2259 se
2905 2200 3161 2257 misceret
3186 2199 3381 2256 inani.‘

2212 2290 2325 2351 ’llle
2352 2303 2537 2352 tamen
2565 2301 2757 2351 contra
2784 2292 3014 2349 vetitum
3041 2289 3350 2363 petulanter
3378 2288 3627 2346 habenas

2232 2387 2429 2456 Solvit,
2456 2400 2599 2459 equo
2623 2383 2820 2452 ﬁdens,
2850 2381 3200 2453 mediumque
3224 2380 3464 2452 erumpit
3488 2378 3547 2436 in
3568 2391 3788 2449 aequor;

2232 2479 2380 2553 Ergo
2402 2492 2598 2537 cavum
2620 2476 2895 2550 quoddam
2916 2474 3051 2539 dum
3078 2473 3323 2532 fervidus
3348 2472 3439 2529 ille
3462 2470 3707 2528 caballus

2232 2570 2516 2637 Transilit,
2539 2577 2599 2626 et
2616 2568 2798 2624 valido
2810 2565 3032 2638 juvenis
3054 2565 3341 2623 conamine
3362 2563 3551 2637 lapsus

2230 2661 2294 2719 In
2326 2661 2561 2733 lapidem
2589 2658 2811 2727 cecidit,
2842 2658 2936 2729 qui
2969 2657 3114 2715 forte
3137 2654 3367 2727 aqualis
3392 2669 3575 2712 alente

2233 2753 2292 2810 ln
2323 2752 2504 2809 medio
2529 2750 2709 2823 campi
2734 2748 2896 2806 latuit
2925 2749 3029 2806 sub
3054 2748 3264 2819 cespite
3293 2754 3494 2812 tectus,

2234 2842 2348 2901 Nec
2372 2841 2513 2915 lapis
2540 2841 2678 2898 alter
2703 2848 2828 2897 erat
2852 2855 3048 2912 campo
3078 2845 3328 2910 repertus
3355 2837 3413 2894 in
3441 2837 3571 2905 illo;

2235 2938 2375 2995 Huic
2397 2946 2563 3011 caput
2585 2944 2752 3009 atque
2776 2948 3002 2991 manum
3023 2948 3157 2990 casu
3182 2931 3385 2988 collisit
3407 2929 3627 2997 acerbo,

2234 3028 2473 3087 Vertieis
2494 3036 2551 3085 et
2573 3027 2734 3084 solvit
2754 3024 3059 3095 iuncturas,
3087 3030 3254 3095 atque
3277 3022 3509 3079 cerebro

2157 3157 2208 3225 ο
2236 3122 2531 3193 Quassato,
2560 3119 2775 3178 cunctis
2794 3117 2970 3189 jacuit
2990 3117 3107 3190 jam
3131 3114 3383 3172 sensibus
3408 3127 3602 3225 expers
3630 3130 3649 3170 :

2234 3214 2307 3271 Et
2327 3211 2685 3270 moribundus
2709 3217 2831 3267 erat
2856 3215 3009 3266 motu
3036 3208 3155 3264 sine
3182 3205 3430 3276 corporis
3456 3204 3589 3261 ullo.

2236 3302 2480 3375 Septima
2508 3315 2704 3373 nempe
2730 3298 2835 3356 fuit
2860 3307 2992 3355 tunc
3017 3297 3237 3355 circiter
3263 3296 3402 3353 hora
3429 3295 3563 3362 diei,

2236 3391 2693 3462 Semianimisque
2718 3390 2941 3447 domum
2969 3388 3135 3446 sociis
3160 3385 3409 3445 defertur
3437 3385 3509 3446 ab
3532 3386 3687 3458 ipsis.

2234 3482 2307 3538 At
2330 3482 2463 3554 vigil
2487 3481 2543 3537 in
2567 3480 2823 3553 precibus
2848 3479 3131 3552 perstabat
3155 3485 3315 3535 nocte
3340 3476 3627 3544 sacerdos;

2237 3571 2398 3629 Venit
2419 3573 2488 3628 ad
2511 3571 2791 3628 inﬁrmum
2817 3572 2997 3642 primo
3021 3569 3118 3627 sed
3142 3584 3307 3626 mane
3330 3583 3608 3634 reversus,

2234 3661 2599 3735 lmpositaquc
2619 3677 2786 3718 manu
2812 3661 2975 3734 capiti
3001 3660 3282 3718 benedixit
3303 3660 3576 3718 eumdem.

2234 3754 2416 3825 Atque
2440 3753 2589 3810 illum
2613 3753 2834 3825 proprio
2859 3752 3194 3825 compellans
3218 3752 3439 3811 nomine
3462 3753 3693 3821 clamat;

2235 3845 2382 3918 Ergo
2405 3844 2558 3918 gravi
2587 3843 2755 3901 veluti
2783 3844 2849 3901 de
2878 3859 3072 3902 somno
3097 3852 3350 3918 surgeret
3376 3843 3490 3913 ille,

2237 3937 2539 3995 Rwludens
2566 3935 2753 3993 oculos
2780 3936 2930 3993 Patri
2960 3937 3240 4009 respondit
3267 3947 3474 4005 amato,

2235 4029 2630 4101 Convaluitque
2654 4029 2782 4096 cito,
2812 4029 3075 4086 recreatis
3100 4029 3330 4096 viribus,
3357 4037 3522 4103 atque

2234 4120 2372 4180 Cras
2395 4123 2662 4195 equitavit
2684 4139 2856 4179 ovans
2879 4139 3010 4180 caro
3036 4140 3159 4180 cum
3185 4125 3419 4198 praesule
3442 4139 3695 4199 pergens

2238 4215 2403 4275 Multa
2431 4216 2555 4284 alia,
2584 4224 2649 4272 ut
2678 4214 2945 4283 referunt,
2977 4216 3069 4272 hic
3096 4214 3226 4272 fecit
3253 4217 3409 4290 signa
3434 4215 3692 4284 Joannes,

2238 4306 2369 4376 Quae
2392 4306 2555 4363 modo
2584 4323 2693 4364 non
2719 4306 2881 4364 libuit
2903 4306 3193 4363 brevitatis
3210 4305 3337 4378 jure
3365 4307 3577 4365 referri.

2234 4396 2484 4454 Diximus
2511 4398 2604 4455 hic
2631 4405 2864 4463 tantum,
2893 4398 3075 4469 posuit
3101 4412 3224 4469 qua:
3250 4396 3397 4455 Beda
3423 4398 3682 4474 magister

2234 4489 2581 4546 lndubitantc
2605 4487 2734 4557 ﬁde,
2759 4497 2954 4546 texens
2978 4488 3050 4545 ab
3071 4489 3285 4562 origine
3308 4489 3487 4563 prima

2158 4541 2216 4604 υ
2240 4541 3046 4653 sanguisuga“;
3068 4541 3127 4636 ἐι
3140 4541 3519 4653 gestia.

2241 4673 2535 4731 Consenuit
2556 4681 2846 4746 postquam
2871 4672 3131 4746 praefatus
3154 4673 3441 4744 episcopus
3467 4670 3576 4739 ille,

2242 4768 2397 4824 Tunc
2423 4766 2516 4822 alii
2542 4767 2734 4822 vivens
2759 4765 2944 4822 sedem
2973 4764 3249 4822 concessit
3272 4763 3517 4830 honoris,

2240 4859 2422 4930 Atque
2445 4858 2835 4915 monasterium
2860 4858 3056 4913 devoto
3077 4856 3244 4913 corde
3266 4855 3477 4928 petivit,

2244 4948 2689 5022 Condignamque
2716 4947 2829 5004 Deo
2858 4949 3027 5004 vitam
3054 4948 3344 5020 complevit
3372 4947 3592 5004 ibidem.

2239 5041 2478 5112 Juraque
2505 5049 2635 5096 tunc
2664 5041 2880 5096 tandem
2910 5048 3071 5097 terra:
3097 5038 3389 5111 peregrina
3418 5037 3747 5109 relinquens,

2238 5133 2337 5190 Est
2359 5133 2549 5203 patrias
2571 5132 2824 5203 pmprius
2851 5131 3058 5188 cmlesti
3088 5130 3332 5187 redditus
3357 5130 3534 5187 lueres
3563 5130 3609 5186 τ.

2315 5228 2343 5267 ε
2369 5224 2661 5296 Presbyter
2685 5222 2936 5294 egregius
2962 5222 3226 5278 successit
3250 5220 3377 5290 jure
3399 5219 3596 5278 Joanni

2241 5314 2547 5380 Wilfridus,
2576 5313 2754 5370 haeres
2780 5310 2928 5367 Patri
2955 5311 3305 5383 dignissimus
3333 5310 3500 5368 almo.

3409 5445 3563 5502 Vcrs.
3604 5446 3763 5503 l2l6.

2321 5571 2344 5664 :
2378 5559 2661 5664 aia-sa
2688 5559 2740 5614 δ·

2321 5630 2341 5669 ί
2380 5632 2536 5684 Anno
2558 5630 2654 5684 7‘21
2671 5670 2683 5682 .

2319 5703 2344 5742 ⁸
2381 5701 2523 5755 Beda
2548 5699 2685 5755 llist.
2714 5700 2870 5769 Angl.
2896 5716 3014 5770 cap.
3038 5701 3333 5766 5;'Mahill.
3363 5701 3488 5757 libr.
3517 5718 3587 5757 xx
3616 5702 3841 5767 Annal.,

2244 5787 2393 5830 num.
2426 5771 2529 5841 2‘2;
2563 5780 2617 5826 et
2644 5787 2767 5829 εει-ς.
2801 5788 2860 5827 ιιι
2891 5773 3091 5829 Dcned.
3124 5780 3267 5843 part.
3300 5789 3369 5839 ιι,
3398 5787 3521 5843 pag.
3553 5771 3676 5829 560.
3711 5771 3844 5830 inde
