4106 6492
303 367 407 424 837
1051 375 1383 432 CAIHIINA.
1422 409 1493 419 ——-
1527 379 1617 434 DE
1654 377 1922 434 PONTIF.
1967 377 2054 432 ΕΤ
2095 377 2195 434 SS.
2230 378 2424 435 [εει.
2469 380 2760 436 ιιυυιιλω.
3480 385 3583 440 833

304 489 408 558 Qui
433 490 588 562 prius
613 491 895 549 Bubon-ica:
919 493 1100 550 fuerat
1127 496 1510 551 vice-domnus
1536 505 1593 552 et
1620 496 1787 551 abbas
1819 516 1830 548 ;
1923 503 1969 557 Α
2000 495 2164 566 Inque
2188 494 2284 550 Dei
2307 492 2556 553 domibus
2583 497 2750 553 multa
2775 507 3092 555 ornamenta
3116 501 3346 571 paravit.

304 581 498 641 Postea
525 586 621 642 sed
647 601 844 659 magno
867 589 1185 645 meritorum
1211 589 1445 646 culmine
1473 588 1666 656 fretus,
1993 585 2119 644 Illas
2140 598 2386 660 argento,
2411 592 2642 662 gemmis
2665 592 2881 649 vestivit
2901 600 2957 646 et
2983 608 3139 657 auro,

301 672 579 732 Pontiﬁcis
599 679 796 734 summi
823 679 1122 752 condignus
1146 681 1376 752 sumpsit
1403 681 1687 748 honorem,
1995 682 2180 739 Serica
2202 685 2536 755 suspendens
2554 687 2857 758 peregrinis
2877 687 2994 744 vela
3019 689 3228 760 ﬁguris.

301 765 632 840 Ornavitque
651 771 880 843 gradum
904 774 1116 830 meritis
1137 784 1191 830 et
1215 774 1457 831 moribus
1478 774 1656 830 almis.
1994 777 2351 848 Sacravitque
2374 779 2574 850 probos
2600 777 2863 836 altaribus
2887 781 3004 850 ipse
3030 781 3333 847 ministros,

299 863 537 922 Plurima
561 883 689 924 nam
715 868 886 926 titulis
909 877 1112 925 sancta:
1137 878 1461 925 ornamenta
1487 868 1731 926 venusns
1990 869 2286 926 Ordinibus
2307 859 2772 928 variiscclebrcnt
2795 872 2890 944 qui
2916 871 3052 928 festa
3080 870 3365 940 Tonantis,

298 957 518 1017 Addidit
538 961 803 1028 ecclesiae,
831 963 993 1019 rutilo
1015 963 1110 1033 qui
1138 978 1267 1020 vasa
1292 963 1494 1020 decore
1989 958 2319 1032 Davidisque
2341 960 2479 1018 alios
2503 959 2631 1020 fecit
2653 962 2941 1018 concinere
2965 977 3158 1018 canna.

295 1049 436 1120 Apta
460 1051 776 1126 ministeriis
799 1062 1054 1126 argentea
1071 1051 1198 1123 jure
1223 1052 1467 1122 sacratis.
1991 1050 2094 1119 Qui
2125 1051 2352 1108 Domino
2381 1061 2636 1126 resonent
2661 1052 2950 1110 modulatis
2973 1053 3184 1110 vicibus
3211 1056 3460 1127 hymnos.

295 1133 462 1214 254
490 1139 662 1212 Fecit,
688 1153 748 1200 et
773 1144 985 1217 argenti
1014 1143 1232 1200 laminis
1258 1144 1454 1211 altare,
1483 1155 1784 1213 crucesque
1987 1143 2156 1214 Cujus
2181 1143 2351 1201 frater
2376 1143 2519 1201 idem
2543 1145 2711 1217 Tyrio
2735 1145 2978 1201 nutritus
3004 1145 3059 1201 in
3082 1153 3255 1212 ostro,

293 1229 527 1287 Texerat
551 1233 758 1290 auratis
782 1249 797 1289 :
825 1231 1122 1304 nolensque
1145 1231 1478 1289 abscondere
1499 1246 1686 1303 gazas,
1989 1225 2311 1309 Sumpserat
2333 1235 2630 1294 Edbertus
2653 1237 2830 1309 gentis
2857 1237 3055 1307 regalia
3081 1247 3316 1309 sceptra.

293 1320 540 1380 Prudens
563 1325 761 1396 praesul
784 1340 881 1381 eas
908 1324 1094 1380 divino
1118 1325 1384 1396 impendit
1408 1322 1623 1380 honori.
1987 1329 2095 1400 Qui
2119 1329 2367 1398 dilatat-it.
2387 1331 2594 1404 proprii
2619 1329 2856 1388 conﬁnia
2885 1331 3062 1404 regni,

275 1412 421 1470 llaec
443 1415 568 1486 pius
591 1415 859 1474 Euborica
886 1415 1096 1474 faciens
1119 1416 1347 1473 antistes
1371 1417 1428 1474 in
1451 1415 1612 1483 urbe,
1988 1420 2200 1494 Saepius
2222 1421 2450 1479 hostiles
2471 1421 2730 1495 subigens
2754 1429 2966 1480 terrore
2990 1422 3307 1494 phalangas.

290 1508 567 1569 Ecclesias
590 1510 726 1567 alias
747 1511 906 1568 donis
925 1511 1142 1568 ornavit
1163 1511 1380 1581 opimis,
1987 1511 2253 1585 Tempora
2281 1519 2412 1569 tunc
2437 1511 2598 1584 hujus
2625 1511 2842 1569 fuerant
2871 1511 3047 1569 felicia
3073 1515 3273 1585 gentis,

291 1600 403 1660 Nec
429 1603 609 1679 minus
632 1603 722 1659 ille
744 1603 836 1676 pio
861 1619 1049 1660 curam
1074 1605 1144 1661 de
1167 1603 1332 1661 corde
1356 1603 1599 1676 gerebat,
1985 1606 2162 1675 Quam
2190 1621 2286 1663 rex
2313 1614 2370 1662 ct
2394 1605 2594 1678 prmsul
2618 1605 2874 1662 concordi
2896 1605 3021 1678 jure
3050 1607 3342 1678 regebant;

288 1687 650 1764 Multiplicare
676 1711 890 1768 greges,
920 1694 1136 1752 Domini
1164 1704 1438 1767 praecepta
1465 1703 1705 1763 secutus,
1985 1695 2088 1754 llic
2107 1696 2232 1766 jura
2261 1689 2542 1764 EccleSim,
2572 1711 2668 1752 rex
2698 1697 2790 1752 l‘lle
2819 1698 3034 1770 negotia
3066 1698 3219 1771 regni
3251 1716 3266 1752 :

286 1785 561 1843 Doctrina:
581 1787 827 1854 monitis,
848 1786 1114 1859 exemplis
1135 1796 1302 1858 atque
1322 1787 1582 1844 coruscis.
1985 1785 2091 1843 llic
2117 1787 2187 1842 ab
2214 1781 2514 1859 apostOlico
2542 1787 2785 1844 humeris
2811 1786 2920 1844 fert
2947 1789 3112 1859 pallia
3139 1789 3335 1857 missa;

288 1877 401 1943 llos
425 1880 627 1941 mentis
654 1879 904 1952 dapibus,
936 1879 1060 1937 illos
1083 1879 1181 1937 sed
1206 1880 1392 1937 carnis
1418 1881 1640 1939 alebat:
1913 1859 1960 1922 Β
1987 1877 2083 1935 Ille
2109 1878 2253 1935 levat
2278 1879 2442 1950 capiti
2468 1887 2715 1936 veterum
2740 1879 3045 1936 diademata
3070 1889 3317 1951 patrum;

287 1969 401 2028 llos
429 1969 576 2028 fovet
597 1971 859 2039 :etheriis,
887 1971 1012 2028 illos
1037 1973 1350 2030 carnalibus
1376 1983 1558 2046 auget,
1984 1968 2172 2025 Fortis
2197 1968 2306 2036 hic,
2335 1968 2426 2027 ille
2449 1959 2603 2042 plus;
2635 1970 2725 2028 hic
2752 1977 3024 2038 strenuus,
3053 1971 3143 2027 ille
3169 1971 3454 2046 benignus,

285 2060 396 2120 Ore
419 2077 692 2134 manuque
717 2063 900 2130 simul,
929 2062 1198 2120 donorum
1226 2062 1411 2136 largus
1435 2064 1703 2136 utrisque,
1982 2059 2272 2144 Germana:
2297 2061 2451 2132 pacis
2477 2070 2760 2118 servantes
2781 2061 2908 2134 jura
2935 2062 3197 2131 vicissim,

285 2153 424 2217 Rem
446 2151 669 2232 pietatis
690 2167 858 2226 agens
881 2153 1084 2225 duplici
1110 2155 1478 2211 moderamine
1503 2163 1716 2222 rector;
1983 2151 2064 2209 Ex
2089 2152 2199 2209 alio
2222 2151 2393 2216 frater
2415 2152 2546 2210 felix
2574 2152 2788 2223 adjutus
2812 2159 3062 2224 uterque.

284 2243 551 2309 Omnibus
578 2254 857 2318 acceptus,
889 2245 1248 2312 venerandus,
1282 2237 1564 2313 benestus,
1592 2254 1826 2302 amatus.
1982 2239 2147 2298 Rexit
2172 2243 2261 2299 hic
2285 2241 2586 2310 Ecclesiam
2613 2245 2838 2316 triginta
2867 2253 2922 2302 et
2946 2249 3181 2317 quatuor
3203 2245 3365 2304 annis
3387 2255 3440 2316 ο,

289 2351 316 2381 ι
343 2339 413 2395 At
435 2353 533 2395 sua
562 2337 706 2396 facta
730 2339 906 2395 bonus
927 2347 1219 2411 postquam
1245 2338 1608 2410 compleverat
1633 2339 1724 2397 ille
1981 2331 2075 2389 ille
2103 2333 2264 2390 amnis
2290 2329 2466 2391 tenuit
2493 2342 2579 2390 ter
2605 2342 2814 2405 septem
2843 2343 3060 2405 sceptra
3090 2343 3399 2406 parentum.

283 2431 481 2488 Pastor
503 2432 560 2488 in
585 2431 866 2500 Ecclesiis,
898 2430 1156 2502 specialia
1183 2439 1335 2502 septa
1363 2430 1576 2503 petivit,
1981 2424 2159 2481 Ambo
2186 2423 2376 2482 felices
2403 2425 2617 2483 meritis
2647 2425 2702 2480 in
2732 2440 2868 2498 pace
2897 2425 3114 2497 sepulti.

283 2523 406 2594 Quo
433 2523 643 2582 servire
671 2525 785 2582 Deo
815 2533 929 2582 tota
949 2522 1066 2594 jam
1092 2532 1274 2581 mente
1302 2533 1525 2582 vacaret
1552 2545 1566 2580 :
1982 2516 2009 2555 δ
2039 2516 2397 2588 Temporibus
2419 2517 2612 2589 primis
2635 2516 2844 2590 praefati
2872 2517 3120 2590 praesulis
3145 2516 3326 2588 hujus.

282 2617 728 2691 οοηιεωιιιοιίνω
755 2632 985 2690 seseque
1010 2633 1108 2690 per
1129 2618 1316 2674 omnia
1341 2618 1469 2677 vita:
1983 2609 2274 2682 Presbyter
2301 2611 2536 2676 eximius
2562 2610 2796 2677 meritis,
2825 2611 3147 2682 cognomine
3169 2609 3334 2676 Beda,

283 2709 452 2777 Dans,
479 2709 665 2766 mundi
689 2710 871 2765 varias
893 2724 1165 2781 curasque
1190 2709 1414 2780 reliquit
1438 2710 1647 2768 inanes.
1981 2705 2146 2762 Astra
2169 2712 2380 2777 petens,
2406 2703 2603 2760 clausit
2625 2702 2910 2774 praesentis
2936 2701 3140 2756 lumina
3164 2701 3308 2757 vitae.

283 2800 354 2862 Et
377 2801 627 2873 quamvis
653 2801 774 2873 ipso
800 2799 1066 2858 resideret
1088 2815 1318 2873 corpore
1345 2804 1529 2869 terris,
1982 2796 2086 2866 Qui
2113 2812 2239 2853 mox
2267 2810 2297 2850 a
2321 2809 2492 2867 puero
2515 2793 2670 2850 libris
2695 2795 2936 2849 intentus
2962 2792 3216 2860 adhaesit,

281 2894 538 2967 Attamen
564 2909 634 2950 ex
657 2893 809 2951 omni
826 2891 942 2962 jam
972 2901 1156 2950 mente
1181 2895 1439 2950 manebat
1460 2893 1710 2967 Olympo,
1981 2889 2051 2944 Et
2072 2896 2189 2945 toto
2211 2885 2649 2948 studiisservivit
2670 2895 2894 2957 pectore
2915 2885 3107 2942 sacris.

242 3027 246 3032 .
281 2985 520 3058 Pervigil
543 2994 868 3057 exspectans
892 2985 1134 3042 cmlestis
1155 2987 1376 3057 prtemia
1401 2987 1548 3054 vitae,
1984 2982 2057 3041 Ut
2089 2993 2217 3058 pote
2237 2989 2558 3054 septenncm
2578 2995 2742 3050 quem
2765 2977 2895 3035 fecit
2917 2993 3046 3034 cura
3069 2987 3358 3052 parentum

281 3064 552 3148 Tempore
574 3091 699 3148 quae
722 3084 896 3144 certo,
923 3076 1034 3133 vita
1058 3084 1326 3148 praesente
1349 3085 1584 3150 peracta,
1983 3075 2148 3131 Arcta
2177 3072 2492 3132 monasterii
2521 3071 2803 3128 Cirvensis
2829 3069 3068 3127 claustra
3093 3070 3300 3136 subire,
3421 3092 3430 3095 -

282 3166 605 3240 Sumpserat
629 3167 888 3242 angelicis
911 3167 1052 3224 emlo
1074 3175 1417 3225 transvectus
1441 3169 1498 3225 in
1521 3169 1683 3227 ulnis.
1924 3236 1949 3242 _
1983 3164 2083 3222 Cui
2109 3164 2222 3235 jam
2252 3162 2549 3236 praeclarus
2571 3159 2879 3219 Ceolfridus
2905 3171 2931 3200 ο
2957 3159 3177 3231 praefuit
3203 3160 3406 3228 abbas;

354 3236 455 3315 llic
479 3236 768 3330 pastoralis
791 3259 975 3331 posuit
999 3259 1128 3314 dum
1153 3258 1395 3330 pondera
1419 3275 1588 3326 curae,
1909 3236 1956 3298 θ
1987 3258 2092 3327 Qui
2114 3258 2404 3330 peregrina
2426 3264 2619 3328 petens
2641 3253 2848 3312 Christi
2873 3253 3136 3310 deductus
3160 3269 3370 3320 amore,

283 3348 532 3406 Tradidit
551 3349 823 3422 Ecgberto
844 3348 1169 3405 venerandae
1185 3349 1310 3421 jura
1333 3350 1626 3419 cathedras,
1985 3350 2232 3407 Mortuus
2254 3356 2342 3406 est
2367 3347 2522 3405 exsul
2549 3347 2844 3418 Linguame
2873 3347 2931 3402 in
2957 3345 3156 3402 finibus
3180 3347 3352 3413 urbis,

281 3442 454 3511 Quem
480 3439 586 3497 sibi
612 3441 925 3512 pontificem
950 3439 1083 3498 fecit
1109 3440 1400 3498 succedere
1425 3455 1716 3498 summum.
1980 3445 2162 3514 Atque
2182 3444 2258 3500 ibi
2281 3441 2550 3518 condigne
2575 3441 2707 3498 felix
2731 3437 3028 3497 tumulatus
3051 3440 3257 3496 honore
3277 3437 3404 3494 est;

281 3532 381 3590 llic
409 3531 513 3608 fuit
538 3531 841 3606 Ecgbertus
867 3531 1038 3605 regali
1066 3533 1236 3604 stirpe
1263 3541 1481 3591 creatus
1504 3533 1564 3601 ις
1980 3535 2149 3607 Cujus
2169 3549 2368 3606 corpus
2387 3539 2508 3596 erat
2527 3540 2650 3604 post
2672 3539 2917 3602 tempora
2941 3528 3111 3585 multa
3134 3538 3438 3601 repertum,

279 3623 578 3692 Nobilium,
606 3639 796 3682 coram
821 3623 1006 3692 saeclo,
1036 3622 1220 3680 radice
1247 3633 1554 3694 parentum,
1979 3627 2254 3700 integrum
2279 3627 2513 3698 penitus,
2541 3625 2884 3696 patriamque
2905 3622 3103 3678 exinde
3127 3622 3430 3679 reductum.

282 3715 394 3774 Sed
415 3713 649 3773 Domino
669 3730 858 3774 coram
882 3714 1093 3773 meritis
1118 3714 1435 3787 praeclarior
1455 3716 1634 3774 almis.
1979 3717 2125 3790 Ergo
2145 3717 2474 3774 monasterio
2497 3715 2640 3771 Beda
2660 3713 2901 3770 nutritus
2921 3714 2978 3769 in
3004 3713 3113 3779 illo,

279 3806 443 3864 Dives
464 3821 632 3878 opum
658 3816 844 3872 terrae,
869 3805 1088 3862 miseris
1111 3820 1250 3876 quas
1274 3805 1479 3878 spargit
1503 3808 1713 3879 egenis,
1979 3809 2207 3868 Ornavit
2229 3816 2442 3866 teneros
2464 3805 2745 3878 praeclaris
2767 3806 3012 3860 moribus
3033 3821 3223 3860 annos.

280 3900 456 3957 Ditior
479 3909 541 3956 ut
565 3899 744 3968 ﬁeret,
773 3899 913 3957 coelo
939 3899 1068 3956 dum
1092 3899 1300 3973 colligit
1325 3899 1464 3956 illas.
1978 3902 2202 3960 Discere
2224 3915 2462 3971 namque
2486 3913 2652 3971 sagax
2671 3895 2910 3968 juvenis,
2939 3912 3034 3952 seu
3057 3896 3298 3953 scribere
3318 3911 3533 3968 semper

280 3994 384 4064 Qui
412 4011 576 4053 curas
599 3997 820 4068 inopum
847 3995 1074 4052 devotus
1095 4011 1312 4068 semper
1333 3996 1548 4069 agebat,
1980 3996 2244 4053 Fervidus
2272 3995 2529 4058 instabat,
2557 4007 2663 4048 non
2689 3990 2839 4062 segni
2866 3997 3048 4045 mente
3073 3989 3331 4046 laborans
3357 4007 3372 4044 :

278 4085 616 4158 Pauperibus
644 4085 892 4142 tribuens
921 4087 1120 4142 devoto
1148 4094 1370 4157 pectore
1397 4102 1580 4158 gazas,
1981 4087 2050 4143 Et
2078 4087 2157 4144 sic
2181 4085 2490 4157 proﬁciens,
2520 4090 2607 4140 est
2634 4082 2810 4139 factus
2833 4081 2958 4152 jure
2984 4080 3266 4151 magister.
3343 4094 3348 4098 ·
3413 4155 3419 4160 _

281 4177 431 4252 Quas
452 4179 616 4234 terris
638 4176 890 4250 perde”.
918 4177 1138 4233 sibimet
1159 4178 1428 4234 condebat
1452 4177 1699 4251 Olympo.
1980 4187 2216 4244 Plurima
2240 4193 2571 4258 quapropter
2591 4181 2885 4255 pmctarus
2907 4179 3170 4252 opuscula
3194 4180 3388 4235 doctor

279 4270 384 4328 llic
406 4280 524 4326 erat
545 4267 804 4326 Ecclesia:
828 4275 1010 4325 rector
1029 4268 1387 4335 clarissimus.
1412 4278 1578 4340 atque
1979 4279 2182 4345 Edidit,
2205 4278 2502 4350 explanatis
2521 4277 2752 4333 obscura
2774 4273 3047 4329 volumina
3073 4279 3279 4329 sancta:

279 4360 546 4433 Εεηείιιε
572 4360 784 4426 δυσίων
811 4358 1011 4431 Populo
1036 4359 1364 4416 venerabilis
1391 4360 1562 4428 omni»
1978 4371 2298 4442 Scriptum,
2322 4384 2424 4425 nec
2447 4383 2558 4424 non
2583 4366 2876 4422 Metrorum
2900 4364 3141 4421 condidit
3164 4372 3372 4433 artem;

279 4450 522 4533 Moribus
539 4451 764 4517 ειθοιιιεο
781 4448 950 4520 limis
973 4447 1228 4517 επεὼίιίθ»
1253 4458 1420 4520 alque
1976 4461 2056 4519 De
2081 4477 2296 4536 quoque
2323 4460 2682 4532 Temporibus
2708 4459 2847 4514 mira
2877 4458 3087 4514 ratione
3115 4457 3390 4525 volumen,

269 4539 491 4600 Eliens
513 4541 569 4598 in
589 4555 809 4613 pravos,
830 4538 978 4598 mitis
996 4539 1158 4596 simul
1180 4548 1345 4612 atque
1367 4555 1611 4598 severus.

1901 4594 1958 4623 η,
1979 4553 2136 4623 Quod
2163 4559 2309 4609 tenet
2333 4560 2609 4608 astrorum
2634 4565 2846 4614 cursus,
2872 4549 3011 4616 loca,
3040 4558 3308 4620 tempora,
3339 4548 3503 4621 leges.

277 4631 468 4691 Sacris
487 4594 673 4691 ἀίνίέἱῑ
691 4631 902 4688 “cum
928 4636 1224 4702 noctesque
1245 4594 1491 4701 δίθεαιιε,
1901 4594 1958 4658 υ
1982 4594 2216 4716 ξθέἰρείῑ
2241 4651 2299 4701 et
2326 4641 2633 4699 Historicos
2658 4639 2806 4696 claro
2830 4594 3084 4697 sermdne
3112 4594 3344 4706 libellos,

278 4724 514 4799 ιηιιιίεετ
534 4723 752 4782 δεδίδιιθ
774 4721 1032 4796 θυιῑίοείε
1054 4720 1305 4778 meum“
1329 4737 1515 4788 οηηεν
1978 4736 2220 4795 Plurima
2244 4733 2498 4791 versiﬁco
2522 4733 2723 4790 cecinit
2745 4747 2961 4804 quoque
2985 4730 3239 4788 Carmina
3263 4732 3490 4802 plectro.

279 4816 568 4876 Missarum
590 4815 875 4873 celebrans
895 4811 1159 4872 solemnia
1182 4821 1370 4870 sancta
1394 4811 1605 4879 diebus,

1976 4829 2134 4894 Actu,
2167 4833 2372 4894 mente,
2401 4825 2506 4883 ﬁde
2532 4832 2778 4882 veterum
2805 4824 3029 4895 vestigia
3055 4823 3279 4880 Patrum

349 4949 512 5017 Ven.
550 4949 710 5008 £364.
3143 4956 3302 5015 Vers.
3339 4957 3499 5015 l3l2.

254 5063 539 5121 discimus
578 5064 636 5120 in
689 5063 934 5120 Ecclesia
966 5060 1296 5133 Eboracensi
1331 5068 1534 5132 prmter
1561 5063 1873 5133 episcopum
2059 5083 2083 5112 ε
2119 5070 2264 5126 Beda
2301 5071 2368 5126 de
2406 5084 2503 5124 sex
2542 5067 2794 5124 :etatibus
2833 5067 3017 5124 mundi
3058 5067 3127 5123 ad
3167 5081 3371 5122 annum
3406 5065 3569 5125 4671.

275 5135 861 5225 exstitisse‘abbatem,
891 5134 986 5205 qui
1021 5131 1305 5189 monachis
1329 5131 1452 5188 eam
1483 5131 1874 5204 occupant—ibus
1986 5161 2006 5195 ι
2040 5142 2134 5225 llis
2157 5137 2632 5225 temporibush‘ait,
2664 5137 3142 5225 multinAnglornm
3163 5135 3338 5220 gentis
3365 5137 3575 5193 nobiles

275 5214 530 5279 praeerat.
563 5203 792 5261 Μηιιι..
910 5203 928 5205 “

275 5327 277 5330 ι
321 5333 328 5337 ,
348 5287 379 5352 ξ
415 5273 618 5352 gabill.
643 5274 768 5352 libr.
795 5273 1306 5352 xxxApnal.,_num.
1335 5272 1424 5327 l7.
1555 5341 1596 5352 _
1654 5343 1688 5352 η

1977 5223 2034 5268 et
2063 5203 2392 5283 ignobiles...
2421 5210 2487 5266 de
2501 5209 2785 5264 Britannia
2815 5203 3039 5264 Romam
3063 5203 3249 5264 venire
3275 5221 3571 5264 consueve-

1978 5291 2135 5345 rant,
2165 5284 2310 5337 inter
2331 5295 2467 5352 quos
2495 5281 2668 5336 etiam
2705 5279 3186 5352 reverentlissimus
3213 5277 3384 5333 abbas
3413 5291 3570 5334 meus

348 5345 381 5387 δ
413 5344 520 5420 llic
556 5345 869 5420 Ecgbertug.
903 5344 1178 5420 ﬁdberti,
1211 5359 1372 5414 quem
1413 5343 1506 5420 alii
1545 5341 1869 5420 Εαέζζξςζιᾳιη

1978 5341 2282 5407 Ceolfridus
2306 5341 2477 5406 annos
2503 5358 2666 5405 natus
2692 5350 3030 5420 septuaginta
3053 5359 3314 5420 quatuor,
3331 5363 3455 5420 cum
3483 5362 3573 5404 es-

276 5416 594 5490 nominant.
616 5413 785 5490 ipsis
822 5413 1385 5490 Νρηὲιαιιιιηψνρψω
1422 5414 1592 5490 ira"?!
1619 5413 1872 5490 Wilfridp
1977 5433 2060 5478 set
2095 5422 2379 5490 presbyter
2416 5422 2573 5477 annis
2617 5413 2976 5490 quadraginta
3008 5413 3236 5490 septem,
3267 5418 3445 5490 abbas
3477 5434 3574 5490 au-

279 5481 911 5564 dignitggmjbdicanti
958 5485 1013 5564 in
1059 5483 1190 5564 sede
1235 5484 1561 5564 Eboracensi
1576 5485 1868 5564 _sucegssit

1975 5504 2084 5548 tem
2101 5481 2334 5564 triginta
2361 5492 2617 5564 quinque.
2637 5481 2761 5564 'Ubi
2777 5481 3048 5560 Lingonas
3066 5481 3342 5564 pervenit,
3377 5487 3449 5543 ibi
3475 5488 3569 5544 de-

256 5553 423 5632 .an'no
448 5555 576 5613 752.
606 5554 806 5632 33pm.
839 5554 1032 5611 Annal.
1062 5553 1186 5608 libr-
1218 5569 1333 5620 XXI.
1361 5569 1510 5609 num.
1539 5554 1635 5620 i7;
1669 5555 1860 5611 Alfol‘l»
1971 5553 2218 5626 functus:
2235 5553 2398 5632 atque
2425 5562 2479 5617 in
2507 5553 2732 5617 ecclesia
2751 5553 3404 5632 beatorumiﬁeminormn
3426 5574 3572 5632 mar-

278 5627 348 5683 ad
376 5641 581 5705 alii???
606 5625 837 5705 πει-η
877 5695 926 5705 __
965 5696 977 5705 _
1391 5695 1405 5705 _
1536 5694 1552 5705 _
1784 5697 1835 5705 η
1974 5644 2154 5705 tyrum
2195 5625 2436 5704 Sepultus
2475 5642 2580 5688 est.
2633 5652 2664 5705 »ί
2689 5633 2828 5705 fide
2869 5631 3099 5705 Mabill._
3133 5631 3254 5705 Act.
3434 5628 3567 5684 lien.

353 5709 376 5776 ξ
415 5695 564 5776 Dbiit
583 5695 1077 5776 ιρ-ηρἹρςκῌειιιίῃε
1095 5696 1217 5750 libr.
1234 5712 1362 5776 xxiv
1377 5694 1864 5776 .lnnal.,num.l_l.
1975 5694 2101 5760 sine.
2139 5694 2372 5776 Inpart.
2413 5720 2462 5769 ι,
2495 5719 2616 5774 pag.
2649 5698 2786 5760 1009
2827 5712 2882 5759 et
2920 5717 3037 5776 seq.
3074 5700 3268 5759 Annal.
3306 5701 3430 5756 libr.
3468 5714 3564 5766 xx,

349 5766 378 5806 ἀ
413 5767 574 5836 Anno
615 5765 737 5821 735.
783 5765 982 5821 Mabill.
1020 5766 1144 5836 libr.
1189 5783 1282 5822 xxi
1323 5765 1540 5832 Annal.,
1585 5783 1732 5820 num.
1774 5767 1866 5831 29,
1978 5765 2244 5831 numJl:

282 5849 407 5910 pag.
433 5836 587 5911 99in
612 5836 741 5905 ﬁne,
763 5844 816 5893 et
838 5852 961 5894 saec.
988 5851 1049 5891 ιιι
1075 5835 1301 5902 Bened,
1329 5845 1468 5908 part.
1495 5853 1557 5903 ιι,
1591 5851 1715 5910 pag.
1745 5837 1869 5892 562.
