4106 6488
557 328 789 391 διδ.

561 443 865 519 Supposita:
889 458 1010 514 quae
1039 449 1189 499 stant
1215 439 1456 498 curvatis
1476 437 1733 503 arcubus,
1765 436 1914 493 intus

563 539 776 597 Emicat
799 534 1031 607 egregiis
1057 533 1403 606 laquearibus
1432 539 1595 602 atque
1622 526 1895 594 fenestris,

564 632 905 702 Pulchraque
928 628 1229 702 porticibus
1254 625 1425 698 fulget
1453 620 1791 678 circumdata
1823 614 2026 682 multis,

564 725 801 782 Plurima
829 722 1056 780 diversis
1075 722 1317 778 retinens
1340 717 1541 775 solaria
1568 714 1748 781 tectis,

565 818 696 887 Qua:
722 815 944 888 triginta
977 820 1125 869 tenet
1149 810 1318 868 variis
1338 807 1629 867 ornatibus
1642 818 1791 861 aras.

567 908 682 966 Hoc
710 906 820 963 duo
841 902 1089 976 discipuli
1119 900 1399 974 templum,
1428 899 1653 956 doctore
1672 894 1919 966 iubente,

567 999 999 1058 Ediﬂcaverunt
1027 994 1337 1052 Eanbaldus
1356 1001 1413 1049 et
1442 988 1725 1055 Alcuinus,
1752 984 1912 1042 ambo

566 1090 877 1149 Concordes
898 1087 1050 1160 operi
1074 1086 1271 1143 devota
1298 1089 1483 1139 mente
1506 1080 1808 1136 studentes.

568 1183 683 1240 lloc
708 1192 888 1238 tamen
918 1180 1029 1251 ipse
1052 1178 1214 1233 Pater
1233 1174 1380 1232 socio
1402 1188 1525 1228 cum
1554 1168 1788 1242 praesule
1818 1178 1845 1209 ι
1873 1165 2156 1239 templum,

568 1276 709 1332 Ante
736 1272 825 1329 die
846 1270 1056 1327 decima
1094 1281 1258 1339 quam
1289 1264 1571 1321 clauderet
1604 1259 1794 1317 ultima
1812 1259 1939 1315 vitae

569 1367 801 1426 Lumina
830 1362 1133 1437 praesentis,
1157 1358 1363 1431 sophiae
1385 1360 1694 1413 sacraverat
1720 1351 1885 1409 alma.

575 1461 715 1531 Ergo
743 1456 1082 1514 ministratur
1107 1450 1441 1507 clarissimus
1466 1446 1657 1503 ordine
1678 1457 1838 1501 sacro

571 1549 777 1609 Prmsul
802 1544 1116 1622 perfectus;
1156 1541 1369 1598 meritis
1391 1540 1690 1612 plenusque
1711 1534 1949 1601 dierum,

574 1639 820 1699 Tradidit
841 1634 1119 1693 Eanbaldo
1146 1634 1176 1675 ι’
1198 1633 1395 1689 dilecto
1418 1630 1573 1687 laetus
1593 1627 1815 1684 alumno

575 1732 737 1807 257
776 1727 1094 1787 Pontitlcale
1129 1728 1311 1793 decus,
1337 1724 1555 1780 sibimet
1588 1730 1800 1778 secreta
1827 1717 2023 1792 petivit

540 1886 555 1897 ,τ
579 1825 768 1895 Septa,
790 1821 904 1878 Deo
929 1817 1027 1876 soli
1066 1832 1175 1887 quo
1192 1814 1305 1885 iam
1327 1813 1536 1870 servire
1561 1818 1804 1867 vacaret.

576 1912 824 1970 Tradidit
848 1917 933 1966 ast
960 1909 1069 1964 alio
1103 1919 1123 1946 ε
1153 1908 1353 1961 cbaras
1378 1918 1541 1975 super
1561 1902 1743 1959 omnia
1772 1914 1936 1973 gazas

577 2006 866 2063 Librorum
890 2009 1038 2066 nato,
1080 1996 1224 2070 patri
1252 1996 1345 2067 qui
1377 2010 1592 2066 semper
1616 1993 1863 2060 adhaesit,

577 2098 849 2155 Doctrinae
876 2095 1067 2149 sitiens
1099 2089 1322 2146 haurire
1348 2086 1547 2144 ﬂuenta
1577 2094 1765 2142 suetus
1794 2101 1807 2137 :

577 2190 744 2262 Cujus
768 2188 817 2244 si
842 2200 1003 2243 curas
1021 2182 1301 2256 proprium
1336 2191 1664 2253 cognoscere
1690 2190 1885 2233 nomen

579 2285 783 2343 Fronte
809 2277 917 2339 sua'
937 2278 1123 2335 statim
1151 2274 1441 2349 pnesentia
1470 2271 1713 2329 carmina
1747 2269 1979 2341 prodent
2007 2264 2061 2323 ιι.

580 2376 680 2436 llis
700 2374 887 2432 divisit
904 2385 1039 2443 opes
1058 2367 1290 2425 diversis
1315 2364 1586 2428 sortibus;
1616 2360 1694 2417 illi

579 2468 837 2526 Ecclesia:
864 2464 1133 2536 regimen,
1162 2457 1471 2522 thesauros,
1500 2468 1650 2520 rura,
1673 2450 1880 2510 talenta
1914 2468 1929 2506 :

582 2559 720 2618 Huic
738 2557 941 2632 sophiae
953 2554 1250 2626 specimen,
1264 2549 1529 2615 studium,
1542 2546 1857 2617 sedemque,
1875 2543 2169 2614 librosque.

583 2651 835 2723 Undique
860 2663 997 2722 quos
1017 2645 1203 2703 clarus
1228 2642 1517 2714 collegerat
1551 2646 1677 2694 ante
1701 2636 1963 2708 magister
1978 2674 1994 2702 ,

582 2746 843 2822 Egregius
876 2741 1117 2801 condens
1143 2753 1251 2795 uno
1279 2735 1380 2794 sub
1409 2731 1645 2791 culmine
1675 2744 1861 2802 gazas.

583 2841 697 2899 Illic
724 2837 966 2896 invenies
987 2843 1231 2891 veterum
1254 2827 1482 2902 vestigia
1502 2825 1750 2892 Patrum,

586 2929 860 3003 Quidquid
886 2928 1051 2986 habet
1076 2940 1172 2998 pro
1198 2940 1257 2979 se
1280 2920 1438 2978 Latio
1465 2919 1745 2975 Romanus
1777 2915 1831 2971 in
1863 2912 1997 2968 orbe

585 3024 798 3085 Graecia
835 3020 920 3076 vel
949 3015 1207 3090 quidquid
1233 3010 1538 3069 transmisit
1560 3007 1708 3065 clara
1739 3005 1949 3063 Latinis
1981 3022 1996 3059 :

590 3115 890 3176 Hchraicus
909 3110 992 3167 vel
1020 3108 1164 3182 quod
1192 3104 1421 3178 populus
1442 3102 1580 3158 bibit
1612 3100 1785 3156 imbre
1814 3110 2068 3170 superno,

588 3207 769 3265 Africa
795 3202 1011 3261 lucilluo
1038 3198 1124 3258 vel
1152 3195 1413 3270 quidquid
1436 3194 1641 3251 lumine
1662 3190 1880 3263 sparsit.

590 3299 744 3369 Quod
784 3297 944 3353 Pater
973 3293 1355 3365 Hieronymus,
1378 3287 1524 3359 quod
1546 3285 1716 3342 sensit
1739 3283 1994 3349 Hilarius,
2016 3288 2179 3352 atque

587 3387 910 3448 Ambrosius
930 3383 1147 3456 prtesul,
1184 3379 1348 3437 simul
1370 3376 1724 3451 Augustinus,
1752 3382 1809 3430 et
1828 3375 1945 3447 ipse

594 3478 833 3537 Sanctus
865 3472 1218 3540 Athanasius,
1256 3468 1403 3541 quod
1449 3466 1675 3525 Orosius
1729 3463 1842 3520 edit
1880 3462 2057 3518 avitus
2089 3471 2115 3502 α
2161 3475 2177 3516 :

590 3566 865 3640 Quidquid
922 3563 1217 3637 Gregorius
1263 3574 1512 3619 summus
1557 3555 1737 3625 docet,
1773 3562 1830 3611 et
1865 3555 1975 3611 Leo
2008 3568 2179 3627 papa;

590 3661 823 3719 Basilius
860 3656 1146 3731 quidquid,
1172 3653 1490 3727 Fulgentius
1531 3659 1693 3723 atque
1726 3656 2036 3705 coruscant.

592 3753 951 3812 Cassiodorus
985 3750 1138 3815 item,
1162 3746 1583 3819 Chrysostomus
1605 3750 1770 3813 atque
1793 3738 2053 3798 Joannes.
2109 3808 2118 3817 _

591 3842 864 3917 Quidquid
899 3853 955 3898 et
982 3839 1287 3898 Althelmus
1318 3838 1523 3902 docuit,
1547 3835 1679 3908 quid
1706 3834 1850 3890 Beda
1893 3832 2157 3905 magister

592 3939 726 4008 Quae
753 3934 1063 3993 Victorinus
1099 3931 1369 4003 scripsere
1389 3972 1403 3995 ,
1428 3927 1649 3984 Boetius
1679 3944 1691 3979 :
1732 3932 1897 3997 atque

594 4026 851 4085 llistorici
882 4034 1118 4089 veteres,
1134 4020 1442 4092 Pompeius,
1456 4017 1683 4082 Plinius,
1712 4016 1825 4086 ipse

594 4120 736 4176 Acer
764 4116 1107 4181 Aristoteles,
1133 4114 1318 4169 rhetor
1341 4124 1559 4183 quoque
1590 4108 1798 4164 Tullius
1828 4105 2039 4177 ingens.

595 4208 739 4280 Quid
768 4223 984 4280 quoque
1009 4204 1284 4269 Sedulius,
1305 4202 1388 4258 vel
1422 4202 1549 4272 quid
1579 4199 1726 4256 canit
1750 4198 1864 4267 ipse
1891 4194 2180 4260 iuvencus,

595 4299 857 4358 Alcuinus
891 4298 908 4337 ί
943 4305 999 4355 et
1042 4295 1327 4361 Clemens,
1352 4292 1605 4363 Prosper,
1642 4289 1933 4352 Paulinus,
1963 4286 2183 4350 Arator,

594 4389 735 4460 Quid
763 4376 1115 4451 Fortun'atus,
1146 4384 1232 4441 vel
1260 4384 1391 4455 quid
1419 4382 1734 4439 Lactantius
1760 4380 1946 4436 edunt.

595 4483 749 4551 Quod
783 4480 930 4536 Maro
979 4478 1234 4551 Virgilius
1255 4519 1269 4543 ,
1298 4474 1533 4543 Statius,
1556 4472 1809 4532 Lucanus
1847 4481 1902 4528 et
1929 4470 2134 4551 Auctor
2166 4485 2181 4524 :

668 4592 820 4650 Vcrs.
862 4590 1022 4648 {553.

667 4739 692 4767 α
737 4724 1036 4790 Eanbaldo,

595 4798 858 4853 successit
896 4786 1040 4851 anno
1067 4786 1191 4861 778,
1223 4794 1423 4849 mensis
1456 4792 1607 4863 Sept.
1665 4786 1840 4846 initio.
1897 4787 2017 4846 Viti.
2044 4786 2185 4845 infra

597 4884 739 4925 vers.
772 4866 909 4923 1564
945 4874 1000 4923 et
1029 4863 1186 4921 1582.

667 4940 695 4980 ιι
734 4939 949 4995 Primus
994 4936 1082 4992 hic
1107 4944 1194 4991 est
1217 4933 1380 5005 hujus
1428 4932 1662 5005 nominis
1691 4929 2050 5005 Eboracensis
2070 4928 2187 5005 epi-_

596 5024 827 5081 scopas;
859 5009 1126 5081 euianno
1162 5006 1266 5081 796
1291 4999 1557 5081 successit
1597 5002 1735 5058 alter
1772 4999 2192 5067 Eanbaldus,’ad

596 5074 756 5153 quem
782 5074 1000 5149 seripsit
1024 5077 1282 5132 Alcuinus
1301 5074 1458 5199 epist.
1488 5074 1577 5129 56.

671 5163 693 5190 ο
738 5150 892 5217 l.cg.,
921 5148 1039 5214 alii,
1068 5162 1263 5217 nempe
1296 5146 1338 5201 A
1361 5147 1563 5217 cuino.‘

816 5166 892 5221 g.,
921 5162 1041 5221 am,
1067 5162 1263 5221 nempe
1296 5162 1544 5221 Alcutno.

668 5221 695 5262 ἀ
738 5215 921 5276 Poetae
953 5219 1171 5276 quidem
1197 5215 1394 5273 nomen
1426 5215 1567 5272 haud
1595 5232 1622 5268 a

600 5291 915 5349 monasterii
957 5281 1017 5344 S.
1051 5286 1395 5352 Theudorici,
1430 5287 1507 5341 ait
1548 5281 1919 5349 Mabillonius;
1971 5281 2187 5337 Alcuini

597 5377 729 5419 vero
752 5377 949 5418 nomen
978 5359 1105 5416 huic
1133 5358 1364 5414 carmini
1392 5356 1557 5414 fuisse
1579 5355 1860 5429 praeﬁxum
1886 5353 1972 5410 vel
1995 5367 2062 5408 ex
2085 5354 2189 5408 hoc

598 5434 718 5492 solo
745 5433 865 5489 loco
892 5430 1030 5488 satis
1054 5429 1170 5485 erui
1194 5436 1396 5501 pote“.

676 5518 701 5546 ⁸
740 5503 847 5567 AL,
869 5511 1076 5557 acutus.

677 5575 699 5617 ί
738 5574 1012 5630 Alcuinus.
1042 5570 1181 5625 iline
1207 5568 1453 5625 Oudinus
1496 5566 1719 5638 coniicit
1747 5567 2034 5624 Alcuinum
2078 5581 2187 5623 non

601 5662 723 5703 esse
747 5645 906 5717 hujus
934 5640 1202 5717 poematis
1231 5648 1511 5695 auctorem
1533 5680 1547 5705 ,
1575 5638 1679 5717 qui
1702 5639 1887 5717 utique
1914 5653 1975 5693 se
2002 5638 2190 5717 viven-

604 5729 711 5773 tem
738 5708 946 5771 sanctis
964 5711 1279 5769 doctoribus
1301 5726 1407 5765 non
1429 5708 1816 5766 accensuisset.
1832 5708 1934 5764 Ast
1950 5724 2051 5779 ego
2071 5708 2189 5764 loco

601 5789 880 5852 Alcuinus,
907 5786 1147 5840 Alcimus
1172 5782 1258 5838 vel
1281 5779 1542 5839 Alcinous
1574 5779 1862 5851 legendum
1908 5779 2184 5836 existimo.

1664 5222 1820 5284 paret
1848 5213 1902 5269 in
1933 5226 2038 5284 ms.
2064 5210 2183 5284 cod.

1404 325 1466 381 Β.
1504 326 1567 381 F.
1608 318 1837 378 ALBINI
1878 319 2009 377 SEU
2053 314 2335 374 Αιεῑιῖςι
2370 311 2660 372 UPERUM
2697 307 2878 367 PARS
2915 306 3000 365 Vl.

2181 433 2231 494 Α
2258 428 2408 485 Artis
2432 424 2804 500 grammaticzc
2832 422 2917 478 vel
2949 419 3080 493 quid
3113 415 3381 488 scripsere
3415 413 3694 487 magistri;

1134 4724 1187 4779 ui
1232 4721 1435 4779 viventi
1487 4733 1539 4777 et
1588 4717 2184 4790 resignanti__)Elberto
2248 4732 2252 4737 ·

3735 298 3856 352 RH

2253 521 2393 592 Quid
2414 519 2626 576 Probus
2651 528 2817 588 atque
2850 515 3045 581 Focas,
3070 513 3334 578 Donatus,
3362 508 3768 573 Priscianusve,

2254 614 2500 679 Servius,
2537 611 2804 676 Eutieius,
2839 605 3147 677 Pompeius,
3174 602 3602 661 Comminianus.

2256 706 2503 762 Invenies
2524 704 2659 760 alios
2678 701 2984 774 perplures,
3013 699 3206 763 lector,
3231 696 3429 751 ibidem

2257 798 2514 870 Egregios
2545 793 2762 859 studiis,
2793 800 2911 849 arte
2937 799 2994 847 et
3016 804 3267 847 sermone
3290 788 3599 859 magistros,

2257 887 2496 943 Plurima
2529 884 2623 957 qui
2657 884 2805 941 claro
2832 881 3099 953 scripsere
3122 877 3394 936 volumina
3423 891 3585 933 sensu
3621 891 3639 933 :

2256 978 2486 1036 Nomina
2507 978 2602 1035 sed
2636 990 2867 1049 quorum
2895 972 3146 1046 praesenti
3186 970 3242 1027 in
3265 970 3510 1027 carmine
3536 966 3704 1025 scribi

2257 1071 2499 1140 Longius
2525 1078 2609 1126 est
2632 1069 2810 1123 visum
2857 1080 3023 1138 quam
3045 1063 3240 1138 plectri
3276 1060 3513 1133 postulet
3538 1074 3691 1116 usus.

2331 1161 2428 1217 llis
2455 1162 2531 1215 ita
2558 1159 2835 1231 dispositis
2863 1155 3140 1226 complens
3166 1168 3263 1208 sua
3289 1158 3535 1222 tempora
3568 1163 3815 1207 summus

2258 1256 2525 1320 Antistes,
2546 1260 2695 1309 totus
2724 1248 2938 1307 meritis
2962 1257 3207 1304 maturus
3230 1252 3287 1301 et
3312 1245 3490 1311 annis,

2261 1345 2391 1403 Post
2418 1360 2587 1400 annos
2621 1343 2801 1409 binos,
2828 1355 3042 1397 menses
3069 1337 3233 1395 simul
3263 1346 3428 1408 atque
3476 1343 3608 1407 quot
3648 1349 3859 1403 anuos,

2263 1438 2344 1494 Ex
2373 1453 2480 1508 quo
2507 1442 2659 1506 septa
2679 1448 2834 1492 sacer
2855 1431 3052 1505 prmsul
3080 1438 3294 1487 secreta
3330 1430 3550 1502 petivit;

2265 1529 2552 1602 Discipulis
2581 1542 2766 1584 coram
2792 1534 2999 1598 pastor,
3025 1523 3362 1597 patriarcha,
3388 1522 3670 1594 magister,

2267 1619 2487 1677 Transit
2515 1619 2583 1674 ad
2612 1618 2908 1673 :ethercam
2932 1616 3091 1672 laetus
3116 1615 3353 1672 feliciter
3383 1614 3583 1670 aulam.

2270 1711 2421 1769 lianc
2454 1718 2637 1767 tamen
2666 1708 2808 1766 hanc
2838 1709 3001 1765 citius
3030 1706 3310 1782 lugubris,
3334 1722 3453 1763 mea
3486 1706 3690 1773 ﬁstula,
3726 1721 3856 1778 par-

3701 1797 3721 1869 l
3742 1806 3859 1854 tetu

2268 1891 2489 1959 Desere,
2520 1906 2588 1948 ne
2610 1905 2803 1963 pereas
2830 1890 3196 1963 laerymarum
3226 1889 3434 1962 gurgite
3463 1906 3679 1958 mersa,

2267 1981 2407 2039 Dum
2430 1998 2693 2054 properas
2719 1990 2934 2054 portum
2968 1980 3103 2038 velis
3125 1983 3404 2053 hucusque
3441 1981 3720 2047 secundis,

2268 2072 2408 2143 Quid
2438 2087 2745 2130 memorare
2773 2074 2960 2130 studes
2986 2072 3143 2129 nobis
3168 2071 3513 2128 mmstissima
3538 2070 3687 2127 fata?

2269 2163 2405 2221 Cum
2432 2163 2613 2219 subito
2641 2170 2770 2220 ante
2796 2161 2983 2219 oculos
3008 2161 3220 2219 cunctis
3244 2176 3395 2229 mors
3430 2161 3611 2219 invida
3643 2172 3870 2222 nostros

2268 2252 2497 2311 lmmina
2524 2268 2782 2326 supremo
2802 2253 3003 2311 clausit
3020 2251 3332 2310 veneranda
3361 2268 3557 2327 sopore

2269 2345 2552 2405 Pontiﬁcis
2588 2345 2805 2413 summi,
2839 2346 3015 2404 nostri
3051 2344 3229 2420 patris
3255 2354 3420 2418 atque
3445 2348 3711 2421 magistri.

2270 2439 2319 2494 ο
2342 2438 2521 2495 nobis!
2554 2454 2590 2493 ο
2613 2437 2767 2507 nigra
2794 2437 2941 2494 dies!
2969 2452 3009 2493 ο
3031 2437 3180 2495 clara
3203 2438 3301 2495 sed
3325 2438 3433 2496 illil

2271 2528 2383 2586 Nos
2407 2529 2527 2585 sine
2545 2536 2705 2601 patre
2735 2527 2852 2585 dies
2880 2528 3156 2601 orphanos
3184 2527 3276 2585 ille
3304 2529 3544 2602 reliquit,

2273 2620 2542 2688 Fletibus,
2565 2621 2762 2678 exsilio
2781 2618 3029 2693 duroque
3050 2617 3239 2677 labore
3264 2630 3541 2691 gravatos.

2276 2715 2529 2775 Reddidit
2553 2724 2637 2771 ast
2665 2713 2814 2770 illum
2841 2711 3032 2784 patria:
3051 2711 3312 2787 Patrique
3354 2729 3614 2787 superno,

2275 2805 2537 2871 Fletibus,
2565 2804 2758 2861 exsilio
2794 2803 3041 2875 duroque
3073 2802 3260 2861 labore
3297 2802 3552 2860 saltuum.

2275 2897 2394 2955 1am
2425 2895 2512 2952 cui
2542 2895 2793 2954 Christus
2817 2910 3005 2961 amor,
3027 2906 3191 2968 potus
3210 2936 3228 2965 ,
3264 2894 3453 2965 cibus,
3479 2895 3666 2952 omnia
3710 2896 3869 2954 Chri-

3676 2991 3695 3064 ι
3718 3000 3870 3058 slus;

2281 3082 2428 3149 Vita,
2459 3082 2616 3150 fides,
2638 3097 2854 3151 sensus,
2877 3097 3023 3154 spes,
3054 3080 3169 3149 lux,
3196 3082 3303 3149 via,
3342 3081 3540 3155 gloria,
3567 3081 3762 3139 virtus.

2203 3149 2256 3216 (ἶ
2282 3174 2384 3244 Qui
2414 3149 2625 3232 decimo
2656 3183 2713 3231 et
2740 3149 2938 3246 quarto
2966 3149 3167 3233 summi
3202 3149 3460 3233 dormivit
3498 3176 3550 3233 in
3582 3192 3724 3233 anno

2280 3268 2499 3327 Ordinis
2529 3267 2763 3339 accepti,
2784 3276 2979 3325 octavo
3008 3269 3109 3326 sub
3134 3269 3247 3327 sole
3273 3267 3594 3329 Novembris
3624 3271 3673 3337 '.

2280 3360 2419 3417 Dum
2451 3358 2635 3432 gravis
2663 3358 2754 3417 illa
2785 3359 2905 3417 dies
2937 3368 3091 3417 sexta
3116 3359 3355 3433 fulgebat
3383 3362 3439 3419 iu
3469 3360 3623 3419 hora.

2281 3450 2413 3523 Ejus
2436 3450 2506 3507 ad
2543 3450 2833 3523 exsequias
2855 3464 3114 3524 magnum
3140 3459 3497 3509 concurrerat
3534 3466 3729 3525 agmen
3745 3492 3762 3520 ,

2281 3542 2418 3600 Cum
2468 3541 2618 3600 clero
2663 3540 2881 3614 praesul,
2919 3539 3169 3614 populus,
3194 3541 3553 3615 iuvenesque,
3579 3558 3872 3616 senesque,

2280 3631 2462 3691 Patris
2488 3631 2786 3690 honoriﬁce
2808 3640 3067 3690 curantes
3090 3633 3327 3690 condere
3366 3650 3585 3707 corpus.

2282 3723 2330 3785 0
2359 3726 2543 3791 Pater,
2567 3741 2602 3782 o
2630 3734 2836 3798 pastor,
2863 3725 2990 3782 vita:
3019 3740 3147 3796 spes
3175 3727 3410 3783 maxima
3435 3735 3655 3795 nostras,

2285 3816 2362 3875 Te
2387 3818 2506 3875 sine
2531 3832 2633 3874 nos
2657 3817 2888 3874 ferimur
2916 3818 3129 3874 turbata
3162 3833 3261 3889 per
3280 3834 3498 3889 aequora
3531 3818 3737 3885 mundi,

2285 3910 2362 3967 Te
2386 3910 2523 3967 duce
2548 3911 2752 3967 deserti
2777 3910 2946 3967 variis
2968 3910 3295 3967 involvimur
3316 3914 3499 3979 undis,

2282 4002 2481 4061 Incerti
2508 4003 2724 4076 qualem
2754 4019 3067 4062 mereamur
3099 4013 3320 4077 tangere
3343 4018 3583 4078 portum.

2286 4096 2423 4152 Dum
2462 4095 2541 4151 sol
2577 4111 2795 4166 noxque
2847 4096 2949 4153 sibi
2989 4097 3208 4164 cedunt,
3239 4099 3368 4154 dum
3396 4106 3658 4170 quattuor
3701 4112 3876 4158 annus

2287 4187 2557 4244 Dividitur
2585 4187 2816 4253 vicibus,
2848 4198 3101 4245 crescunt
3122 4188 3251 4246 dum
3283 4189 3526 4260 germina
3557 4188 3749 4257 terris;

2288 4276 2478 4334 Sidera
2506 4278 2635 4333 dum
2664 4276 2868 4343 lucent,
2896 4277 3067 4333 trudit
3093 4277 3222 4333 dum
3251 4276 3434 4334 nubila
3469 4286 3695 4346 ventus;

2289 4370 2517 4441 Semper
2559 4369 2761 4437 honos,
2789 4382 3097 4442 nomenque
3147 4375 3319 4437 tuum,
3348 4369 3648 4442 laudesque
3694 4384 3877 4427 mane-

3680 4460 3877 4535 [bunt.

3442 4574 3595 4632 Vers.
3644 4575 3803 4631 1595.

2366 4717 2391 4757 ⁸
2425 4712 2746 4771 liovedenus
2774 4712 2843 4769 ad
2868 4726 3072 4768 annum
3101 4711 3207 4768 780
3247 4711 3451 4769 Alberti
3500 4727 3595 4769 seu
3642 4710 3879 4771 Ailberti

2295 4785 2531 4859 episcopi
2547 4782 2934 4859 Eboracensis
2945 4782 3151 4859 obitum
3181 4783 3247 4837 ad
3277 4783 3423 4859 hunc
3447 4798 3644 4859 annum
3672 4796 3882 4859 memo-

2296 4852 2560 4937 rat.qtio_d
2590 4854 2902 4937 quidemne}
2920 4854 3023 4909 hoc
3054 4852 3174 4937 loco
3199 4852 3874 4937 coplirn_tatur._§uperius

2297 4923 2450 4982 enim
2471 4928 2539 4982 ad
2565 4941 2708 4982 vers.
2749 4924 2889 4982 1396
2921 4939 2987 4979 ex
3016 4924 3207 4979 eodem
3235 4923 3546 4989 Hovedeno,
3571 4923 3884 4982 Mabillonio

2296 5007 2352 5055 et
2379 4996 2594 5079 Alforto
2621 4996 2952 5079 notavimus,
2976 4993 3284 5079 QLbegqm
3329 4997 3514 5052 sedem
3566 4995 3715 5078 illam
3762 4996 3879 5068 epi-

2290 5068 2563 5139 scopalem
2587 5067 2787 5123 adiisse
2816 5082 2960 5121 anno
2983 5064 3106 5121 766.
3135 5064 3274 5120 Huic
3301 5080 3429 5121 vero
3456 5081 3600 5123 anno
3647 5066 3693 5123 si
3742 5064 3876 5139 qua-

2292 5138 2615 5220 tuor-decim,
2656 5138 2856 5208 quibus
2904 5143 3029 5220 post
3072 5135 3322 5220 adeptam
3373 5137 3715 5220 dignitatem.
3740 5145 3875 5220 teste

2378 5218 2448 5264 :ta
2480 5206 3529 5279 nostro,supervivit,_ad_dantur,prodit
3551 5224 3725 5279 annus
3747 5208 3867 5264 780.

2291 5276 2558 5353 Superius
2583 5276 2802 5351 quoque
2827 5294 2969 5335 vers.
3002 5276 3140 5333 1563
3160 5286 3216 5332 et
3235 5276 3387 5349 seqq.
3414 5278 3634 5344 dicitur,
3654 5277 3871 5335 beatum

2290 5352 2619 5417 Elbertum,
2650 5348 3158 5421 postquamrelicto
3180 5348 3497 5421 episcopatu
3538 5350 3591 5405 in
3634 5349 3871 5421 solitudi-

2294 5391 3436 5492 ἶῖἱεῧνέἑὲξεῆἷῖῖ“ἐέἱιιέἱᾷἷέ⁷άῖὲῖὄῦῘὸ
3443 5391 3880 5492 ἓὶιὸἶιοῐίἷίῐὲίο

2293 5495 2461 5550 decus
2488 5492 2735 5558 tradidit,
2765 5489 2977 5547 duobus
3004 5489 3182 5546 adhuc
3212 5489 3371 5546 annis
3395 5506 3460 5546 ac
3482 5489 3705 5548 totidem
3735 5505 3882 5546 meno

2295 5565 2447 5621 sibus
2498 5564 2722 5620 vixisse.
2781 5561 2921 5633 Hinc
2974 5562 3142 5633 igitur
3189 5562 3431 5633 rolliges,
3460 5563 3605 5633 hunc
3650 5559 3883 5618 .Elberti

2294 5650 2569 5693 secessum
2598 5643 2654 5690 et
2683 5632 2945 5690 Eanbaldi
2974 5632 3698 5703 o’rdinationemcontigisse
3740 5644 3883 5688 anno

2292 5705 2417 5770 778.
2470 5718 2658 5762 mense
2701 5703 3029 5775 Septembri.
3065 5701 3183 5759 Vid.
3236 5702 3437 5761 Mabill.
3485 5701 3605 5759 libr.
3647 5718 3751 5759 xxv
3779 5704 3883 5760 An-

2296 5775 2429 5845 nal.,
2463 5790 2587 5851 pag.
2615 5775 2744 5842 255.
2772 5774 2921 5832 num.
2956 5774 3043 5829 lt.
