4106 6570
266 427 369 487 848

337 547 439 603 llic
461 558 565 614 ego
588 543 720 599 dum
738 535 884 595 volui
905 541 1060 592 certo
1090 542 1145 588 te
1170 531 1298 599 fine,
1322 527 1541 594 Thalia,

267 640 552 702 ILLmdere,
571 649 663 690 res
688 629 892 688 nostris
915 625 1156 684 occurrit
1184 632 1334 696 gesta
1361 620 1570 678 diebus.

271 731 434 784 Fessa
468 728 596 782 licet
633 735 838 795 paucos
871 725 1212 792 quapropter
1254 715 1434 770 adhuc
1478 725 1618 767 cane
1665 721 1856 763 versus

268 821 446 892 Atque
471 819 577 875 mei
595 816 754 889 pueri
788 828 1009 872 causam
1038 811 1294 880 succinge
1326 819 1644 878 parumper,

266 912 370 969 Cui
395 926 612 983 quoque
635 915 961 981 praesentem
985 912 1177 961 testem
1208 918 1293 956 me
1319 901 1549 970 contigit
1568 913 1712 954 esse.

345 1005 488 1073 Ergo
514 1000 615 1056 fuit
637 999 856 1072 quidam
875 996 1090 1069 juvenis
1115 993 1352 1050 nutritus
1383 990 1438 1046 in
1474 989 1610 1045 urbe

270 1094 565 1160 Enborica,
593 1091 822 1164 simplex
844 1090 1047 1154 animo,
1086 1086 1184 1145 sed
1210 1083 1451 1140 fervidus
1479 1091 1606 1138 actu
1636 1123 1648 1136 .

269 1188 483 1258 Quique
511 1201 645 1242 mea:
673 1183 814 1240 rexit
842 1181 1069 1255 puerilis
1093 1187 1335 1248 tempora
1359 1176 1485 1230 vitae

269 1278 533 1344 Consilio,
561 1275 710 1332 scius
733 1259 967 1345 quad'am
992 1270 1085 1341 qui
1115 1275 1275 1324 nocte
1303 1265 1472 1322 suetis

269 1368 480 1426 Insistit
507 1365 760 1438 precibus
795 1360 998 1419 Christi
1027 1357 1318 1417 Genitricis
1349 1356 1404 1412 in
1437 1353 1578 1410 aula.

274 1460 431 1516 Tunc
459 1458 551 1513 lux
578 1455 719 1511 alma
748 1454 967 1510 domum
994 1450 1175 1507 subito
1201 1446 1505 1520 repleverat
1537 1442 1685 1498 illam
1704 1479 1720 1508 ,

273 1552 345 1608 Et
371 1564 498 1606 cum
522 1547 644 1603 luce
669 1545 831 1602 simul
860 1541 1010 1598 venit
1038 1540 1124 1595 vir
1146 1537 1393 1593 vestibus
1414 1532 1585 1599 albis,

275 1641 538 1715 ["ulgidus
563 1644 810 1708 aspectu,
839 1641 985 1689 statu
1011 1629 1259 1687 sublimis
1283 1625 1546 1691 honesto,

273 1732 346 1790 Et
372 1731 585 1790 blandis
606 1729 859 1802 juvenem
888 1725 1056 1781 nimio
1095 1733 1304 1779 terrore
1331 1718 1615 1775 cadentem

275 1823 466 1881 Elevat
494 1818 769 1890 alloquiis,
797 1816 1122 1882 librumque
1135 1810 1376 1867 ostendit
1411 1813 1681 1878 apertum.

279 1913 516 1986 Perlegit
546 1912 688 1968 hunc
707 1907 946 1978 juvenis,
973 1905 1111 1961 dixit
1135 1902 1224 1958 cui
1260 1900 1450 1957 codice
1472 1897 1660 1954 clauso

275 2004 552 2064 Candidus
579 2001 670 2057 ille
705 2020 716 2055 :
751 1999 944 2056 Sciens
970 1995 1170 2051 iterum
1196 1993 1400 2064 majora
1424 1990 1653 2047 videbis.

285 2098 381 2154 liis
402 2095 585 2161 dictis,
602 2093 783 2150 subito
809 2090 1017 2147 nitidus
1041 2087 1310 2159 disparuit
1332 2085 1549 2155 hospes.

283 2190 451 2263 258
476 2187 617 2244 llinc
640 2199 856 2257 quoque
881 2190 1004 2255 post
1029 2180 1240 2251 aliquos
1265 2193 1372 2234 non
1423 2177 1584 2248 longo
1630 2183 1873 2246 tempore

1619 2266 1642 2342 [
1659 2280 1875 2323 menses

291 2372 596 2430 Percutitur
613 2369 830 2442 juvenis
857 2365 1098 2424 currenti
1129 2371 1282 2436 peste
1305 2375 1406 2433 per
1433 2366 1608 2426 artus,

294 2467 655 2539 Aigmmsque
682 2462 774 2518 diu
809 2459 974 2516 dubia
996 2459 1098 2515 sub
1123 2463 1299 2512 morte
1317 2453 1555 2526 jacebat,

289 2560 546 2628 Augustis
573 2557 855 2612 retrahens
887 2553 1184 2624 perituram
1214 2548 1439 2605 naribus
1462 2560 1682 2611 auram;

287 2650 455 2720 inque
477 2648 614 2703 meis
635 2645 904 2702 recubans
926 2643 1198 2707 manibus,
1230 2649 1360 2695 tunc
1386 2638 1610 2710 spiritus
1634 2635 1754 2707 ejus

291 2741 390 2800 Est
416 2749 603 2812 raptus
632 2737 836 2803 subito,
860 2750 1162 2806 corpusque
1188 2733 1450 2790 remansit
1476 2732 1657 2787 inane.

292 2833 423 2890 Post
449 2834 682 2904 spatium
713 2827 948 2894 rediens,
981 2829 1175 2883 iterum
1202 2825 1299 2883 sed
1324 2823 1567 2880 membra
1595 2822 1880 2888 movebat,

293 2927 360 2985 Et
397 2925 533 2983 mihi
563 2922 846 2990 narrabat,
872 2921 1096 2991 quidam
1117 2917 1262 2990 quod
1289 2917 1520 2972 duxerat
1538 2914 1690 2970 illum

291 3019 372 3074 Ad
399 3019 518 3074 loca
542 3013 765 3086 pulchra
784 3010 968 3076 nimis,
991 3008 1192 3064 multos
1226 3006 1320 3062 ubi
1355 3004 1488 3062 vidit
1508 3013 1738 3061 ovantes
1756 3045 1771 3070 ,

295 3110 509 3181 ignotos
547 3114 815 3176 notosque
845 3099 1029 3168 simul,
1054 3100 1150 3156 sed
1187 3098 1424 3154 maxime
1446 3105 1649 3154 saneta:

299 3204 444 3261 illius
474 3199 733 3258 Ecclesiae
754 3198 904 3252 laetos
927 3193 1144 3264 agnovit
1166 3191 1434 3248 alumnos.

299 3297 401 3365 Qui
436 3310 561 3350 mox
587 3291 888 3360 suscipiunt
925 3285 1150 3359 placidis
1175 3283 1514 3357 amplexibus
1532 3283 1703 3349 illum,

297 3388 366 3445 Et
395 3401 578 3443 secum
618 3384 832 3454 penitus
856 3393 1072 3449 semper
1098 3376 1335 3433 retinere
1362 3374 1632 3442 volebant,

296 3480 407 3537 Sed
426 3479 538 3534 cito
557 3477 749 3533 ductor
778 3488 904 3528 eum
925 3483 1191 3526 converso
1211 3467 1348 3525 calle
1369 3466 1587 3523 reduxit

295 3571 378 3628 Ad
402 3569 684 3642 proprium
706 3580 928 3636 corpus,
953 3565 1158 3628 dicens,
1181 3560 1327 3632 quod
1360 3559 1492 3616 solis
1521 3559 1590 3616 ad
1617 3568 1794 3616 ortum

299 3665 418 3723 lam
447 3662 643 3720 melius
672 3659 957 3714 habiturus
984 3656 1124 3722 eris;
1171 3655 1238 3710 de
1263 3652 1523 3709 fratribus
1551 3653 1688 3709 alter

301 3758 409 3815 Sed
441 3755 604 3813 hodie
629 3751 926 3808 moriturus
949 3749 1075 3813 erit,
1110 3748 1374 3818 cujusque
1406 3755 1656 3818 paratam

301 3849 493 3906 Vidisti
511 3845 714 3902 sedem.
742 3842 1004 3898 iuvenem
1033 3855 1136 3895 nec
1162 3852 1344 3894 sermo
1376 3834 1584 3892 fefellit.

301 3943 437 3999 Nam
464 3941 575 3998 cito
597 3935 895 4001 convaluit,
919 3935 1047 3989 dum
1079 3933 1160 3987 sol
1189 3930 1444 3987 rutilabat
1469 3930 1538 3984 ad
1567 3938 1780 3995 ortum;

302 4037 446 4090 Ante
470 4032 614 4088 diem
643 4027 884 4085 medium
916 4023 1092 4078 fuerat
1119 4023 1214 4076 sed
1241 4027 1488 4076 mortuus
1521 4019 1682 4074 alter.

302 4123 398 4179 Ille
424 4119 609 4177 tamedâ€˜
624 4116 840 4187 juvenis
865 4129 1092 4187 parvum
1119 4121 1243 4183 post
1265 4121 1499 4182 tempus,
1524 4111 1712 4166 eodem

300 4217 463 4274 Anno
483 4211 784 4284 percutitur
806 4204 1113 4278 populantis
1140 4211 1292 4274 peste
1318 4201 1540 4267 doloris,

301 4307 482 4378 Atque
502 4302 637 4358 mihi
660 4299 846 4356 statim
872 4296 1063 4353 morbo
1091 4295 1342 4365 praedixit
1366 4291 1422 4378 in
1447 4290 1540 4347 illo
1568 4306 1584 4345 :

303 4402 420 4458 llac
444 4397 662 4470 luejam
689 4393 914 4458 moriar,
942 4391 1055 4447 cito
1080 4388 1264 4444 carnis
1291 4361 1535 4454 elatistra
1562 4384 1890 4456 relinquam.

305 4495 419 4551 Nec
443 4505 600 4548 secus
631 4488 833 4552 evenit,
860 4484 1118 4556 quoniam
1142 4482 1226 4537 vis
1253 4493 1450 4551 magna
1474 4475 1680 4533 doloris

300 4584 513 4648 Crevit,
539 4588 597 4635 et
624 4586 926 4634 extremam
940 4574 1195 4646 juvenem
1222 4571 1441 4627 deduxit
1471 4569 1526 4630 in
1553 4568 1765 4624 horam.

303 4680 412 4751 Qui
439 4675 586 4734 tenui
622 4673 858 4728 moriens
881 4668 1117 4723 animam
1148 4658 1436 4721 traducere
1456 4660 1586 4717 ï¬‚atu

306 4743 449 4826 ï¬um
476 4766 662 4835 coepit,
683 4763 859 4820 fuerat
886 4759 1116 4831 vigilans
1141 4771 1174 4812 e
1206 4743 1468 4810 fratribus
1495 4767 1655 4817 unus,

310 4861 410 4918 Vir
436 4859 640 4930 probus
663 4862 718 4912 et
742 4868 928 4919 verax,
960 4849 1098 4906 vidit
1120 4848 1216 4920 qui
1239 4846 1476 4904 culmine
1502 4846 1571 4902 ab
1597 4844 1705 4901 alto

306 4951 664 5010 Descendisse
689 4947 868 5002 virum
896 4941 1038 4999 facie
1057 4957 1152 4998 seu
1180 4948 1330 4996 veste
1353 4953 1638 4996 coruscum
1657 4978 1673 5001 ,

309 5046 382 5104 Et
407 5041 652 5114 posuisse
676 5051 834 5094 suum
857 5050 982 5091 mox
1006 5048 1070 5088 os
1093 5031 1378 5086 morientis
1401 5029 1469 5084 ad
1497 5043 1617 5092 ora,

312 5134 570 5195 izlandins
613 5127 896 5200 amplexus
941 5125 1190 5180 manibus
1232 5135 1450 5193 quoque
1506 5120 1749 5175 membra
1797 5131 1897 5172 cu-

1627 5207 1848 5282 [bantis
1881 5227 1897 5264 :

309 5325 721 5396 Regressusque
748 5309 985 5368 animam
1009 5307 1227 5364 solvens
1256 5302 1323 5360 de
1350 5316 1572 5358 carcere
1595 5299 1776 5356 carnis

392 5610 414 5634 Î¹Î¹
457 5590 591 5647 V'idc
617 5583 775 5656 epist.
800 5579 923 5656 234,
949 5577 1397 5656 ad_F_r_iduinum__;
1426 5587 1542 5656 nec
1557 5642 1574 5656 -
1579 5580 1716 5656 puto
1755 5569 1902 5652 hunc

316 5641 590 5726 diversum
620 5641 742 5711 esse
770 5653 838 5706 ab
857 5641 931 5726 eo
954 5651 1044 5726 qui
1074 5650 1165 5706 hic
1208 5646 1509 5726 appellatur
1557 5641 1896 5726 l"_r_iduc_inus.

393 5711 571 5787 {in}
581 5711 809 5783 carmen
839 5711 1177 5792 descriptum
1188 5711 1263 5792 ei
1278 5711 1423 5792 'cod.
1440 5731 1540 5792 ms.
1570 5711 1899 5792 _lla_rleiano,

315 5809 392 5864 de
419 5781 705 5876 qiio'piura
723 5796 836 5876 jam
862 5781 1114 5876 dixim'us.
1137 5788 1269 5876 viae
1294 5788 1425 5876 Ergâ€œ
1454 5785 1471 5839 Î¹
1501 5781 1903 5876 Â«anilitas:

321 5853 926 5947 quoqueâ€˜extraximus
973 5861 1255 5934 epistolam
1294 5858 1420 5922 29.4,
1468 5857 1535 5911 ad
1582 5853 1901 5908 Friduinum

1046 413 1380 476 CARâ€˜MINA.
1419 441 1490 455 â€”
1527 409 1617 466 DE
1654 395 1922 463 PONTIF.
1963 397 2052 457 Î•Î¤
2089 396 2189 456 SS.
2231 392 2428 453 ECCL.
2469 389 2764 450 EBORAC.

1883 525 1925 579 Î‘
1955 514 2148 570 Erexit
2166 513 2398 568 volitans
2421 523 2606 566 secum
2644 520 2809 577 super
2833 509 2979 559 astra
3006 499 3275 573 polorum.

3428 369 3539 434 846

2029 605 2154 660 ll:ec
2181 619 2282 672 ego
2304 609 2466 659 nauta
2493 601 2644 655 rudis
2671 598 2868 653 teneris
2893 603 3149 661 congesta
3175 588 3398 652 carinis,

1957 696 2057 754 Per
2085 695 2257 768 pelagi
2287 693 2483 748 fluctus
2517 701 2573 746 et
2601 707 2696 762 per
2718 689 2853 744 vada
2893 703 3033 742 (acea
3064 685 3397 755 gubernans,

1961 785 2239 845 Euborica:
2263 789 2330 841 ad
2356 792 2572 858 portum
2597 781 2924 838 commercia
2951 779 3075 849 jure
3107 774 3330 840 reduxi;

1963 880 2030 936 Ut
2058 888 2185 950 pote
2214 893 2332 948 qum
2357 876 2636 948 proprium
2667 873 2770 930 sibi
2795 887 2881 928 me
2912 869 3139 926 nutrivit
3169 867 3468 930 alumnum,

1960 972 2156 1027 lmbuit
2184 981 2237 1026 et
2261 970 2452 1043 primis
2484 979 2757 1036 utcunque
2787 973 3035 1020 verenter
3062 963 3129 1016 ab
3158 959 3336 1016 annis.

1961 1061 2088 1117 Haec
2115 1061 2320 1131 idcirco
2348 1060 2436 1115 cui
2465 1058 2701 1131 propriis
2726 1057 2792 1111 de
2827 1053 3104 1119 Patribus,
3134 1061 3298 1124 atque

1963 1151 2200 1224 Regibus
2227 1159 2284 1206 et
2309 1149 2528 1206 Sanctis
2554 1148 2753 1204 ruralia
2775 1146 3012 1203 carmina
3044 1143 3259 1214 scripsi.

1962 1241 2074 1299 Hos
2097 1241 2301 1314 pariter
2324 1249 2569 1306 sanctos,
2596 1239 2750 1309 tetigi
2775 1251 2914 1308 quos
2940 1233 3187 1290 versibus
3216 1230 3360 1296 istis,

1963 1332 2260 1403 Deprecor,
2282 1339 2344 1385 ut
2370 1338 2612 1386 nostram
2634 1328 2821 1384 mundi
2845 1325 2913 1382 de
2944 1325 3156 1398 gurgite
3190 1322 3441 1393 cymbam

1963 1424 2046 1480 Ad
2071 1432 2286 1496 portum
2311 1423 2440 1478 vita:
2469 1422 2678 1478 meritis
2703 1421 3063 1490 precibusque
3085 1418 3403 1489 gubernem.

2577 1575 2925 1634 CCLXXIIâ€œ.

2490 1703 2517 1732 Î¹
2549 1691 2631 1745 Ad
2657 1689 3032 1746 Friducinum.

1965 1805 2228 1867 Chartula
2245 1819 2573 1878 percurrens
2597 1806 2893 1863 Fridncino
2917 1807 2946 1848 Î´
2979 1806 3062 1862 fer
3085 1820 3202 1861 mea
3234 1803 3384 1862 salve

1899 1879 1946 1941 Î’
2039 1900 2365 1972 Perpetuam
2394 1914 2545 1967 nato,
2571 1901 2724 1975 pacis
2749 1901 2803 1956 in
2833 1915 2928 1958 ore
2950 1908 3064 1956 tuo.

1972 1994 2156 2054 Dulcis
2179 2013 2333 2055 amor
2355 1998 2556 2066 Patris,
2584 1999 2768 2054 valeas
2799 1997 2886 2054 dic
2907 2012 3123 2066 semper
3151 1993 3350 2063 ubique

2041 2086 2178 2144 Cum
2199 2090 2403 2161 pietate
2439 2105 2598 2147 sacra
2626 2098 2683 2146 et
2707 2087 3070 2161 prosperitate
3095 2088 3256 2142 bona.

1972 2179 2078 2237 Per
2101 2177 2222 2238 ioca
2243 2190 2439 2239 sancta
2474 2184 2553 2240 tui
2581 2191 2914 2250 sanctorum,
2948 2189 3094 2247 nate,
3125 2178 3300 2236 fidelis

2045 2271 2132 2330 Sis
2162 2290 2372 2331 memor
2399 2275 2806 2348 Albinisemper
2834 2275 2890 2332 in
2915 2289 3014 2332 ore
3039 2274 3208 2346 pacis.

1976 2365 2108 2423 Esto
2129 2367 2274 2438 pius,
2302 2368 2472 2438 mitis,
2503 2378 2662 2428 cauto
2689 2368 3059 2426 moderamine
3081 2380 3334 2442 pergens,

2048 2459 2290 2519 Consilio
2308 2463 2566 2534 prudens,
2589 2473 2644 2520 et
2662 2465 2863 2537 pietate
2890 2473 3106 2536 potens.

1978 2550 2038 2607 In
2067 2567 2319 2609 sermone
2347 2555 2566 2625 quidem
2594 2571 2785 2622 verax,
2813 2565 2872 2613 et
2895 2555 3059 2611 corde
3082 2553 3279 2618 fidelis,

2048 2641 2376 2701 Collaudans
2400 2644 2676 2704 Christum
2697 2647 2809 2704 oris
2831 2647 2887 2702 in
2907 2645 3102 2702 cilicio.

1982 2734 2215 2794 Sedulus
2241 2737 2298 2794 in
2330 2738 2608 2808 precibus,
2637 2746 2954 2795 sanctorum
2981 2738 3220 2793 maxime
3245 2733 3464 2806 templis

2052 2826 2134 2884 Ne
2167 2835 2222 2886 te
2245 2836 2538 2903 praetereat
2558 2828 2722 2886 ullius
2749 2829 3034 2887 auxilium.

1984 2916 2182 2977 Sobria
2209 2934 2336 2976 cum
2361 2919 2525 2976 sociis
2545 2917 2747 2976 faciens
2769 2921 3016 2976 convivia
3032 2919 3217 2990 jnstis,

2053 3008 2394 3082 Pauperibus
2422 3010 2608 3084 largus
2637 3025 2736 3067 ceu
2773 3011 3099 3082 miserisque
3124 3019 3301 3082 pater.

1986 3100 2284 3161 Prohibeas
2307 3093 2528 3176 propria
2555 3105 2835 3162 sceleratis
2861 3115 3043 3162 castra
3088 3105 3318 3177 rapinis,

1991 3254 1999 3262 _
2058 3199 2137 3254 Ne
2163 3201 2417 3270 cuiquam
2440 3199 2664 3256 tulerint
2689 3200 2742 3256 vi
2771 3215 2868 3256 sua
2897 3197 3039 3256 forte
3068 3200 3166 3255 tui.

1988 3288 2225 3348 Sanctus
2243 3291 2319 3346 ait
2347 3309 2362 3346 :
2395 3290 2609 3346 Justum
2636 3307 2744 3346 non
2769 3291 2880 3348 vidi
2903 3306 3097 3362 nempe
3125 3289 3396 3356 relictum,

2060 3379 2190 3449 Ejus
2218 3397 2380 3454 egens
2404 3399 2590 3438 semen
2619 3400 2724 3438 non
2751 3398 2852 3456 ego
2890 3398 3032 3454 pane
3061 3399 3239 3439 sacro.

1988 3472 2250 3544 Pauperis
2289 3475 2358 3528 ad
2411 3474 2666 3530 thronum
2717 3474 2925 3530 clamor
2969 3474 3286 3530 conscendit
3339 3470 3572 3545 Olympi,

2060 3563 2345 3629 Audietct
2380 3563 2632 3620 Christus
2666 3565 2807 3620 illius
2834 3567 2947 3635 ipse
2979 3580 3187 3636 preces.

1985 3653 2107 3709 Non
2131 3662 2224 3708 tua
2251 3669 2440 3710 mensa
2471 3671 2662 3725 precor
2689 3656 2848 3711 furtis
2879 3659 2964 3711 vri
2990 3656 3128 3712 forte
3157 3657 3380 3728 rapinis,

2065 3744 2160 3802 Vel
2189 3748 2446 3802 miserum
2475 3747 2662 3817 spoliis
2688 3748 2805 3818 ipsa
2834 3748 3028 3804 domus
3051 3749 3277 3804 redolet.

1991 3840 2201 3913 Saepius
2225 3843 2522 3898 Altithroni
2554 3843 2650 3898 tibi
2674 3843 2746 3900 sit
2767 3844 2992 3899 conviva
3027 3845 3302 3900 sacerdos.

2062 3933 2132 3990 Et
2151 3933 2354 3990 Christi
2386 3934 2640 4002 famulus,
2664 3935 2746 3990 vel
2769 3935 2934 3990 miser
2961 3944 3124 4006 atque
3161 3950 3327 4005 vagus
3350 3951 3364 3999 _;

1991 4023 2168 4094 Quam
2191 4029 2418 4083 verbosa
2447 4028 2604 4084 malis
2633 4043 2866 4099 persona
2891 4027 3117 4082 adsueta
3137 4026 3411 4097 loquellis,

2063 4116 2298 4173 Auribus
2328 4118 2666 4189 ingeminans
2693 4119 2856 4176 verba
2883 4119 3115 4175 nefanda
3145 4121 3273 4177 tuis.

2596 4275 2824 4333 CCLXX
2833 4273 2966 4332 XIII.

2565 4387 2648 4444 Ad
2697 4387 3012 4455 Quemdam.

1997 4499 2149 4557 Musa
2173 4500 2363 4558 volans
2388 4503 2572 4559 veniat
2602 4503 2744 4560 Moni
2776 4515 2798 4544 Îµ
2824 4521 3023 4577 magno
3045 4504 3188 4562 ferre
3213 4505 3441 4563 salutem

1923 4595 1976 4657 Î¹)
1996 4588 2098 4686 Cui
2121 4590 2266 4646 Deus
2291 4599 2558 4649 mternum
2587 4595 2790 4650 tribuat
2811 4611 2909 4666 per
2929 4595 3127 4652 saecula
3151 4597 3300 4652 salve
3340 4612 3356 4652 :

1999 4681 2170 4750 Quem
2203 4684 2457 4754 precibus
2483 4683 2703 4742 Christo
2732 4695 3044 4742 sanctorum
3075 4689 3230 4744 turba
3262 4705 3359 4760 per
3396 4689 3584 4750 orbem

1999 4773 2248 4829 Assiduis
2271 4772 2501 4841 Domino
2527 4776 2871 4832 commendet
2896 4785 3084 4833 sancta
3110 4792 3416 4850 precamur.

2000 4863 2074 4923 Ut
2105 4879 2272 4922 sanna
2288 4866 2494 4932 veniat,
2521 4868 2771 4924 veniente
2803 4878 3070 4940 tempore,
3094 4879 3251 4926 natus

2001 4958 2180 5015 Albini
2202 4957 2400 5027 Patris,
2421 4957 2738 5030 praeclaram
2764 4960 2918 5018 hctus
2952 4961 3020 5018 ad
3050 4964 3260 5027 urbem,

2003 5049 2122 5118 Qua
2145 5057 2364 5108 sanctus
2390 5058 2580 5106 sancto
2609 5049 2870 5108 Martinus
2895 5067 3123 5122 corpore
3150 5061 3363 5124 pausat.

2001 5139 2156 5208 Quod
2177 5149 2436 5211 praestare
2463 5157 2659 5212 precor
2683 5143 2864 5211 nobis,
2891 5144 2979 5214 pia
3003 5145 3178 5216 gratia
3209 5145 3434 5202 Christi.

2002 5231 2112 5289 Sed
2138 5239 2214 5297 tu,
2248 5242 2395 5299 nate,
2424 5231 2537 5289 Deo
2557 5233 2783 5304 placidis
2801 5232 3007 5290 servire
3029 5245 3304 5291 memento

2005 5323 2262 5389 Moribus,
2299 5335 2358 5380 ut
2386 5326 2535 5380 mitis
2561 5340 2773 5396 semper
2799 5334 2850 5381 te
2874 5335 3122 5399 protegat
3153 5329 3276 5396 ille;

2003 5415 2269 5488 Prospere
2295 5431 2395 5487 per
2424 5425 2598 5475 terras
2625 5417 2841 5491 ignotas
2867 5419 3034 5476 ducat
3054 5429 3301 5486 euntem,

2008 5553 2265 5638 abbatem
2306 5551 2848 5638 G'crwieensemhqui
2889 5555 3040 5638 idem
3064 5555 3234 5638 videri
3263 5553 3435 5638 possit
3459 5570 3585 5638 cum

2012 5627 2116 5679 islo
2143 5625 2451 5697 Friducino,
2481 5625 2582 5682 nisi
2611 5625 2755 5697 quod
2778 5625 2926 5682 hunc
2953 5634 3140 5682 natum
3162 5625 3374 5682 fidelem
3396 5635 3550 5683 vocet
3567 5663 3586 5694 ,

2015 5698 2160 5751 illum
2186 5710 2313 5750 vero
2340 5704 2398 5749 ut
2426 5695 2644 5752 Patrem
2669 5707 2979 5754 veneretur.

2085 5785 2106 5813 Îµ
2148 5772 2329 5830 Forte.
2346 5768 2568 5837 Manna,
2598 5769 2664 5825 ad
2691 5784 2853 5841 quem
2880 5776 2964 5826 est
2991 5769 3149 5840 epist.
3181 5768 3303 5825 l83.
