4106 6522
518 366 622 426 851

1340 362 1400 417 Β.
1445 361 1505 417 F.
1547 362 1774 418 ALBINI
1812 360 1943 417 εει]
1985 358 2262 416 ALCUINI
2300 358 2587 417 OPERUM
2628 358 2811 413 PARS
2851 357 2958 413 VII.

3699 355 3806 411 852

516 484 765 556 corporis
814 483 999 557 exigit,
1048 491 1104 538 et
1153 492 1416 554 quantum
1459 483 1736 555 sapientia:
1796 477 2180 551 expostulatA
2210 485 2625 533 tatemvestram
2650 476 2789 532 infra
2813 475 3556 545 intimaqumquedetrnditis.
3594 474 3808 540 Quanto

518 579 786 637 studium.

595 668 708 727 Dis.
749 669 1124 727 Perfectorum
1151 684 1275 727 esse
1320 670 1651 726 arbitramur
1692 662 2001 736 huiusmodi
2029 678 2116 718 ra-

519 764 689 823 tionis
709 763 881 820 frenis
903 762 1208 819 animamur
1242 778 1435 819 cursus
1456 774 1731 834 coercerez
1757 787 1828 799 ——
1853 756 1995 813 MAG.
2032 754 2115 809 Ad

522 858 666 915 hanc
707 858 917 914 scilicet
962 858 1378 928 perfectionem.
1424 855 1555 911 dum
1606 860 1741 910 setas
1773 850 1952 919 ﬂoret,
1989 851 2117 908 dum

522 949 740 1006 animus
767 949 936 1020 viget,
960 963 1080 1015 vos,
1103 947 1222 1011 lilii,
1244 947 1525 1003 cohortor.

593 1043 705 1099 Dts.
755 1040 887 1103 Duc,
920 1055 1040 1113 age,
1072 1049 1130 1095 et
1155 1041 1322 1095 reduc
1350 1054 1449 1111 per
1475 1037 1675 1093 divinae
1717 1035 1837 1090 vias
1866 1032 2113 1095 rationis.

521 1143 577 1186 et
605 1132 673 1188 ad
719 1130 881 1200 huius
927 1146 1189 1187 cacumen
1240 1128 1591 1202 perfectionis
1635 1123 1889 1182 transfer.
1956 1122 2116 1188 Nam,

522 1222 649 1278 licet
675 1221 865 1292 impari
894 1234 1108 1291 gressu,
1151 1230 1205 1276 te
1234 1221 1516 1276 ductorem
1546 1219 1848 1289 sequimur.
1878 1245 1949 1256 —
1973 1214 2115 1269 Dite.

521 1313 662 1383 Quid
702 1314 886 1380 homo,
919 1311 1184 1368 rationale
1204 1311 1428 1376 animal,
1467 1309 1690 1365 meliore
1716 1317 1869 1378 parte
1898 1306 2116 1361 immoro

521 1404 662 1469 talis,
715 1405 793 1460 tui
845 1403 1158 1461 Conditoris
1207 1405 1386 1473 imago
1410 1442 1426 1468 ,
1466 1400 1595 1472 quid
1642 1398 1862 1470 propria
1886 1396 2121 1468 perdis?

523 1496 655 1569 quid
678 1494 853 1552 aliena
888 1494 1062 1568 petis?
1112 1510 1214 1551 cur
1247 1493 1436 1549 intima
1474 1490 1674 1563 quaeris
1697 1498 1753 1545 et
1787 1502 1997 1545 summa
2026 1501 2118 1543 re-

526 1592 764 1666 linquis?

596 1684 713 1743 Dts.
749 1684 882 1754 Quae
912 1690 1041 1740 sunt
1084 1680 1326 1755 propria,
1352 1678 1437 1734 vel
1458 1692 1582 1749 quae
1610 1675 1788 1733 aliena
1814 1674 1839 1729 ?
1874 1703 1949 1716 —
1976 1672 2117 1729 Mss.

2216 568 2410 623 melius
2434 577 2518 624 est
2542 567 2771 623 interius
2794 568 3004 632 ornari,
3051 581 3216 637 quam
3269 565 3533 631 exterius,
3572 581 3808 623 annnam

2214 665 2531 729 perpetuam
2562 657 2850 727 splendore
2872 654 3063 727 polire.

2285 750 2446 823 267
2464 749 2575 806 Dis.
2609 748 2741 816 Quae
2757 756 2882 805 sunt
2907 748 3100 803 anima:
3121 757 3441 803 ornamenta
3460 749 3810 822 [perpetua]?

2213 873 2288 887 --
2320 845 2462 901 Mss.
2512 843 2697 898 Primo
2721 843 2962 899 omnium
3002 843 3291 914 sapientia,
3336 842 3424 898 cui
3453 858 3549 900 vos
3574 842 3814 900 maxime

2217 935 2440 992 studere
2462 934 2723 991 cohortor
2747 931 2904 1007 [Ms.,
2936 931 3183 1006 suadeo].

2288 1027 2403 1084 Dis.
2443 1027 2591 1083 Unde
2614 1027 2818 1082 scimus
2842 1024 3166 1098 sapientiam
3201 1039 3323 1081 esse
3352 1027 3707 1098 perpetuam?
3742 1011 3813 1083 Et

2217 1121 2263 1178 si
2289 1123 2407 1178 haec
2426 1122 2607 1177 omnia
2630 1135 2752 1191 qua:
2779 1128 2905 1176 ante
2927 1119 3250 1185 numerasti,
3301 1120 3616 1177 transitoria
3663 1131 3810 1188 sunt,

2218 1226 2318 1269 cur
2337 1227 2445 1268 non
2472 1219 2529 1267 et
2556 1210 2752 1267 horum
2776 1211 3004 1267 scientia
3035 1211 3463 1281 pertransiti—
3510 1211 3652 1271 Mss.
3679 1214 3817 1271 Ani-

2219 1318 2363 1357 mam
2400 1301 2607 1374 putatis
2632 1311 2755 1358 esse
2781 1302 3137 1373 perpetuam?

2289 1390 2403 1448 Dis.
2445 1389 2563 1447 Non
2611 1391 2787 1447 solum
2838 1399 3093 1463 putamus
3122 1432 3138 1459 ,
3173 1392 3269 1449 sed
3305 1392 3470 1449 etiam
3510 1395 3820 1454 certissime

2219 1482 2441 1538 scimus.
2480 1510 2549 1523 -—
2589 1480 2729 1538 Mss.
2772 1481 2939 1538 Estne
2986 1481 3253 1552 sapientia
3283 1482 3449 1541 decus
3475 1490 3535 1541 et
3577 1483 3818 1557 dignitas

2220 1573 2461 1630 animze?

2288 1666 2404 1723 Dis.
2442 1664 2542 1722 Est
2564 1679 2792 1722 vere.-—
2824 1664 2877 1740 [ι
2903 1664 3045 1723 Mss.
3073 1664 3573 1738 Quomodoabsque
3594 1667 3818 1740 sapien-

525 1776 882 1839 Aliena'sunt,
900 1790 1021 1846 qua:
1045 1782 1201 1829 extra
1215 1777 1557 1843 quaeruntur,
1584 1775 1644 1823 ut
1664 1765 1977 1823 divitiarum
1992 1779 2124 1822 ωηο
2154 1831 2199 1846 __
2222 1756 2321 1825 tia,
2349 1758 2545 1815 decore
2589 1772 2690 1813 suo
2708 1799 2722 1822 ,
2760 1759 2943 1814 anima
2970 1755 3201 1816 feliciter
3230 1760 3432 1830 poterit
3470 1776 3592 1817 esse
3622 1776 3817 1832 perpe-

524 1831 802 1943 gregatio:
833 1831 999 1933 intra,
1028 1831 1306 1937 sapientiae
1321 1863 1505 1919 decus.
1542 1831 1728 1932 (igitur
1759 1868 1839 1927 tu,
1861 1874 1896 1915 ο
1924 1859 2119 1916 homo!
2154 1831 2201 1892 Β
2229 1850 2362 1905 tua?
2395 1847 2823 1943 Nonne‘absque
2848 1850 3059 1906 ratione
3084 1856 3188 1917 est,
3216 1850 3453 1943 animam
3478 1851 3684 1923 absque
3721 1853 3819 1908 de.

526 1965 573 2023 si
602 1966 678 2021 tui
692 1963 861 2035 ipsius
884 1976 1109 2033 compos
1129 1961 1263 2026 eris,
1288 1957 1591 2031 possidebis
1608 1956 1751 2027 quod
1772 1970 2124 2026 necunquam

527 2058 777 2114 amittere
805 2053 1035 2120 dolebis,
1058 2069 1158 2111 nec
1174 2053 1283 2110 ulla
1304 2052 1400 2109 tibi
1427 2049 1641 2108 fortuna
1668 2048 1885 2107 auferre
1898 2048 2121 2106 valebit.

528 2148 668 2217 Quid
698 2150 882 2222 igitur,
911 2164 947 2204 o
975 2145 1233 2204 mortales
1282 2154 1436 2204 extra
1461 2144 1669 2218 petitis,
1695 2143 1827 2201 dum
1850 2145 1999 2203 intra
2023 2142 2124 2201 ha-

528 2238 671 2298 betis
695 2241 837 2312 quod
870 2239 1116 2312 quaeritis
1142 2241 1166 2295 ?

492 2404 499 2411 .
601 2333 717 2390 Dis.
758 2331 1093 2389 Felicitatem
1117 2332 1431 2402 quaerimus.
1470 2359 1541 2371 —
1578 2327 1719 2384 Mm.
1752 2327 1899 2383 Bene
1925 2325 2123 2398 quatri-

528 2426 626 2490 tis,
657 2426 703 2481 si
730 2431 1038 2481 manentem
1064 2422 1330 2495 quaeritis,
1381 2430 1437 2477 et
1461 2436 1567 2478 non
1593 2419 1906 2492 fugientem.
1961 2417 2125 2474 Vide-

533 2512 606 2571 tis
656 2528 819 2585 quam
876 2512 1062 2568 multis
1112 2509 1567 2567 amaritudinibus
1624 2516 1839 2563 terrena
1892 2504 2127 2561 felicitas

530 2620 753 2676 aspersa
777 2610 885 2672 est,
927 2618 1051 2674 quae
1094 2601 1225 2657 nulli
1280 2601 1364 2656 vel
1413 2608 1525 2656 tota
1547 2597 1857 2671 proveniet,
1902 2594 1988 2652 vel
2019 2593 2125 2651 lida

530 2702 832 2767 permanet,
882 2694 1006 2766 quia
1033 2692 1108 2748 nil
1133 2707 1240 2748 non
1282 2689 1537 2746 mutabile
1556 2687 1842 2761 praesentis
1871 2686 1996 2743 vitae
2044 2686 2125 2742 in-

531 2785 708 2843 veniri
745 2791 942 2855 potest.
1016 2782 1155 2851 Quid
1202 2782 1486 2853 pulchrius
1531 2780 1693 2836 luce?
1738 2788 1793 2835 et
1828 2778 1948 2836 haec
1968 2786 2125 2834 tene-

531 2878 649 2936 bris
677 2876 1092 2935 succedentibus
1141 2874 1475 2932 obfuscatur.
1516 2871 1657 2941 Quid
1695 2869 1921 2927 ﬂoribus
1952 2884 2124 2925 venu-

529 2972 672 3027 stius
703 2968 942 3026 aestatis?
981 2968 1074 3039 qui
1097 2977 1277 3024 tamen
1324 2963 1649 3021 hiemalibus
1701 2962 1991 3035 frigoribus
2031 2976 2127 3032 pe-

532 3072 711 3123 reunt.
766 3061 906 3131 Quid
934 3063 1108 3118 salute
1135 3061 1380 3131 corporis
1422 3057 1685 3115 suavius?
1735 3067 1791 3113 et
1820 3057 1944 3128 quis
1984 3057 2126 3112 hanc

2224 1953 2354 1996 core
2380 1947 2437 1995 et
2457 1939 2723 2013 dignitate
2763 1956 2860 1996 sua
2892 1956 3016 1997 esse
3048 1942 3429 2014 perpetuamﬂ
3463 1942 3822 2012 Consequens

2224 2032 2440 2089 videtur
2474 2043 2762 2104 utramque
2789 2049 2913 2091 esse
2939 2043 3279 2106 perpetuam,
3342 2034 3579 2090 animam
3609 2035 3815 2091 scilicet

2225 2136 2283 2183 et
2303 2128 2645 2200 sapientiam.
2689 2128 2971 2185 Videtisne
2994 2128 3239 2200 quolibet
3256 2142 3388 2186 casu
3415 2129 3718 2199 saepissime
3741 2129 3816 2185 di-

2224 2218 2390 2274 vitias
2436 2218 2725 2275 habentem
2758 2221 3030 2289 deserere,
3068 2228 3125 2278 et
3145 2235 3339 2279 omnes
3374 2220 3560 2278 saeculi
3579 2220 3821 2279 honores

2223 2314 2502 2370 multoties
2522 2315 2728 2371 minui?

2296 2405 2409 2462 Dis.
2452 2406 2715 2464 Videmus
2743 2407 2929 2479 itaque
2952 2415 3103 2465 utne
3125 2408 3276 2479 regni
3319 2406 3539 2478 quidem
3573 2408 3818 2479 potentia

2222 2500 2482 2569 perduret
2512 2496 2666 2572 [Us.,
2714 2498 2796 2555 uti
2814 2498 3118 2575 perdurat].
3145 2526 3218 2542 --
3244 2498 3385 2558 Mss.
3425 2499 3567 2570 Quid
3614 2500 3817 2560 divitiae

2208 2591 2345 2647 sine
2371 2590 2674 2662 sapientia?

2298 2683 2409 2740 Dis.
2442 2682 2597 2753 Quod
2617 2699 2816 2754 corpus
2837 2684 2956 2741 sine
2981 2685 3186 2753 anima,
3208 2684 3504 2744 Salomone
3554 2685 3771 2745 dicente
3799 2703 3816 2741 :

2228 2776 2371 2844 Quid
2407 2787 2629 2849 prosunt
2666 2778 2867 2834 divitia:
2905 2776 3088 2842 stulto,
3136 2795 3257 2835 cum
3308 2780 3623 2853 sapientiam
3647 2795 3820 2836 mare

2226 2887 2333 2927 non
2357 2872 2521 2943 possit
2578 2868 2763 2945 (Prov.
2799 2886 2936 2939 xvn,
2968 2871 3109 2945 16)?
3142 2902 3216 2915 --
3252 2870 3395 2932 Mss.
3456 2870 3646 2929 Nonne
3697 2873 3817 2930 lucc

2226 2971 2331 3030 est,
2379 2979 2500 3034 qua:
2550 2963 2809 3020 humilem
2838 2963 3086 3031 exaltat,
3131 2973 3188 3021 et
3243 2964 3408 3037 erigit
3461 2965 3531 3021 de
3576 2973 3820 3023 stercore

2224 3069 2542 3128 pauperem,
2570 3064 2630 3111 ut
2652 3056 2839 3113 sedeat
2863 3072 2988 3113 cum
3014 3056 3370 3130 principibus,
3401 3066 3457 3113 et
3490 3056 3685 3115 solium
3705 3054 3817 3129 glo-

531 3169 845 3233 perpetuam
871 3157 1072 3214 habere
1100 3155 1363 3211 conlidit?
1407 3153 1546 3223 Quid
1569 3150 1859 3223 tranquilla
1880 3166 2013 3222 pace
2034 3148 2123 3260 in-
2152 3195 2201 3260 ο
2228 3147 2325 3204 riae
2345 3148 2573 3205 teneat?

535 3249 797 3307 cundius?
821 3256 876 3304 et
915 3257 1095 3304 tamen
1131 3261 1275 3319 srcpe
1304 3247 1418 3302 hmo
1440 3244 1586 3301 tristi
1614 3242 2012 3300 discordiarum
2035 3240 2122 3298 fo-

537 3345 669 3400 mite
694 3344 960 3399 irritatur.

606 3440 720 3495 Dts.
762 3438 888 3495 ﬂare
908 3439 1090 3495 omnia
1111 3453 1189 3494 src
1209 3453 1269 3493 se
1291 3438 1515 3501 habere,
1547 3434 1691 3491 sicut
1710 3434 1865 3501 dicis,
1897 3449 2004 3491 non
2025 3436 2125 3489 du-

537 3531 789 3587 bitamus.
843 3529 950 3587 Sed
986 3544 1244 3603 quorsum
1276 3528 1412 3584 ista?
1437 3558 1508 3570 --
1533 3525 1675 3583 Mss.
1709 3524 1781 3583 Ut
1804 3540 1873 3581 ex
1900 3524 2125 3594 majori-

536 3623 637 3679 bus
668 3623 875 3678 minora
907 3621 1268 3692 cognoscatis.

607 3712 723 3771 Dis.
764 3714 1010 3784 Quonam
1034 3712 1231 3769 modo?
1251 3743 1321 3755 -ο
1350 3711 1490 3768 MAG.
1523 3710 1581 3768 Si
1609 3711 1807 3768 etelum
1862 3720 2123 3783 terraque

534 3806 651 3864 suis
671 3821 888 3877 semper
904 3805 1364 3861 vicissitudinibus
1390 3813 1692 3869 mutantur,
1716 3804 1985 3876 generalis
2002 3820 2123 3861 om-

533 3898 685 3956 nium
738 3897 1092 3972 [mortalium]
1145 3897 1491 3969 pulchritudo
1514 3905 1572 3953 et
1617 3896 1858 3959 utilitas;
1920 3903 2125 3966 quanto

538 3990 706 4061 magis
761 3987 1044 4057 cujuslibet
1088 3989 1165 4043 rei
1199 3988 1453 4059 specialis
1493 3987 1779 4043 delectatio
1808 3986 2121 4042 transitoria

534 4096 656 4138 esse
688 4097 909 4138 necesse
935 4081 1053 4138 est?
1103 4078 1169 4135 Et
1202 4096 1300 4135 cur
1332 4096 1393 4135 ea
1433 4079 1603 4136 amari
1627 4079 1825 4135 debent
1850 4096 1974 4150 qua:
2000 4095 2126 4151 per-

536 4186 759 4227 manere
791 4172 1096 4244 nequcuut?
1148 4170 1287 4238 Quid
1337 4186 1432 4224 vos
1471 4171 1716 4225 homines
1755 4171 1821 4226 de
1863 4169 2128 4243 [nominis

540 4264 737 4337 (Edit.,
758 4262 1052 4337 hominis)]
1082 4263 1260 4327 laude,
1287 4262 1353 4319 de
1385 4260 1607 4318 honoris
1628 4261 1913 4334 dignitate,
1954 4266 2021 4319 de
2046 4264 2126 4319 di-

538 4356 792 4411 vitiarum
822 4355 1237 4427 congregatione
1257 4354 1541 4426 cogitatis?
1592 4351 1824 4425 chistis
1844 4351 2016 4411 Croesi
2044 4355 2124 4410 di-

536 4448 718 4513 vitias,
741 4447 1032 4504 Alexandri
1056 4447 1273 4507 famam,
1308 4446 1548 4517 Pompeii
1571 4447 1871 4503 honorem?
1901 4448 1967 4502 Et
1993 4449 2121 4520 quid

2299 3243 2412 3300 Dis.
2454 3242 2551 3303 Est
2582 3244 2822 3314 quidem,
2860 3245 2953 3301 sed
2982 3259 3145 3316 quam
3176 3245 3423 3317 speciosa
3448 3245 3503 3302 in
3542 3245 3813 3310 habendo.

2229 3342 2339 3391 tam
2363 3334 2634 3391 laboriosa
2674 3335 2731 3391 in
2787 3336 3136 3406 acquirendo.
3176 3365 3250 3378 -ο
3292 3332 3431 3394 Mm.
3478 3335 3613 3415 Quis
3659 3335 3821 3393 miles

2227 3429 2346 3486 sine
2395 3429 2693 3485 certamine
2721 3427 3107 3486 comnabitnr?
3161 3430 3296 3497 Quis
3318 3427 3553 3501 agricola
3586 3428 3707 3484 sine
3742 3428 3818 3484 ia-

2226 3521 2359 3577 bore
2381 3521 2620 3578 abundat
2641 3520 2909 3592 panibus?
2946 3519 3136 3577 Nonne
3154 3531 3310 3577 vetus
3331 3519 3702 3593 proverbium,
3734 3538 3820 3579 ra-

2226 3611 2379 3668 dices
2404 3612 2711 3669 littorarum
2733 3627 2853 3669 esse
2878 3627 3115 3677 amaras,
3149 3612 3357 3671 fructus
3376 3622 3557 3669 autem
3587 3613 3774 3669 dulces
3794 3615 3824 3670 ?

2225 3702 2393 3773 Igitur
2441 3712 2498 3759 ot
2552 3713 2739 3759 noster
2793 3713 2981 3759 orator
3026 3703 3081 3758 in
3120 3703 3294 3775 Epist.
3346 3706 3416 3760 ad
3464 3704 3629 3761 Hebr.
3673 3704 3819 3761 idem

2224 3797 2438 3871 probat.
2510 3797 2704 3855 Omnis
2741 3798 2961 3869 quidem
3008 3800 3293 3872 disciplina
3344 3800 3399 3857 in
3424 3800 3676 3873 praesenti
3703 3815 3814 3856 non

2223 3890 2443 3947 videtur
2464 3906 2586 3947 esse
2624 3892 2801 3963 gaudii
2830 3895 2925 3948 sed
2954 3895 3247 3959 maeroris;
3291 3902 3480 3965 postea
3506 3892 3703 3968 [vero].
3719 3908 3817 3965 pa-

2224 3983 2561 4039 catissimum
2583 3983 2820 4040 fructum
2846 3986 3165 4043 exercitatis
3197 3988 3252 4043 in
3277 4002 3343 4043 ca
3389 3984 3545 4044 all‘ert
3567 3986 3815 4060 iustitia.

2297 4076 2410 4133 Dis.
2452 4076 2589 4144 Duc,
2659 4093 2779 4149 age,
2827 4094 2937 4150 quo
2985 4078 3190 4146 libeat',
3241 4080 3521 4151 sequimur
3566 4080 3819 4147 libenter,

2224 4168 2351 4240 quia
2384 4185 2507 4242 spes
2553 4172 2763 4242 prmmii
2816 4170 2957 4226 solet
3010 4170 3252 4229 laborem
3298 4172 3555 4228 relevare.
3630 4171 3825 4230 Omnis

2223 4262 2423 4333 quippe
2472 4263 2564 4334 qui
2615 4271 2760 4329 arat,
2811 4264 2865 4319 in
2897 4277 2993 4334 spe
3040 4274 3160 4319 arat
3202 4264 3536 4337 percipiendi
3588 4263 3816 4322 fructus.

2224 4354 2421 4411 Fertur
2467 4354 2674 4425 itaque,
2724 4355 2853 4412 dum
2880 4356 3148 4429 Diogenes
3178 4372 3405 4430 magnus
3434 4355 3523 4412 ille
3574 4357 3820 4428 philoso-

2222 4446 2363 4517 phus
2412 4462 2605 4504 omnes
2650 4447 2791 4505 suos”
2822 4465 2852 4504 a
2894 4464 2967 4505 se
3004 4450 3212 4522 expulit
3255 4449 3550 4522 discipulos
3593 4451 3820 4508 dicens:

540 4538 655 4595 lucc
689 4540 945 4609 perituris
978 4538 1318 4608 proderunt?
1364 4539 1491 4593 dum
1519 4539 1745 4608 quisque
1783 4538 1996 4595 illorum
2023 4540 2125 4595 im-
2151 4537 2320 4628 Dite,
2369 4540 2593 4611 quaerite
2646 4541 2801 4596 vobis
2852 4543 3205 4615 magistrum,
3255 4559 3357 4615 ego
3407 4559 3538 4600 vero
3592 4542 3824 4620 [inveni]

540 4639 751 4686 matura
781 4637 956 4686 morte
990 4646 1115 4687 cum
1137 4645 1331 4701 magno
1354 4632 1634 4700 quaesitam
1660 4630 1845 4686 labore
1870 4634 1975 4687 cito
1995 4647 2120 4703 per-

538 4722 674 4777 didit
710 4722 958 4793 gloriam,
1007 4722 1305 4793 minuitque
1349 4723 1745 4793 quodammodo
1772 4724 2004 4793 propria:
2038 4725 2123 4779 in-

538 4813 844 4884 tegritatem
880 4812 1119 4869 scientia:
1146 4810 1292 4885 μὴ..
1308 4813 1579 4884 justitiae],
1603 4814 1693 4883 qui
1720 4829 1784 4869 ex
1801 4815 1992 4872 alienis
2018 4816 2121 4872 sibi

537 4904 894 4959 sermunculis
914 4904 1127 4960 Iaudem
1153 4906 1366 4975 qurerit.
1411 4904 1546 4971 Quid
1574 4908 1639 4961 de
1662 4906 1867 4961 divitiis
1898 4923 2124 4976 congre-

537 4994 728 5065 gandis
756 4996 1002 5055 Slll-‘lt‘lls.
1048 5011 1170 5067 qua!
1200 4996 1282 5051 ve!
1313 4996 1587 5062 ult-serunt,
1645 4997 1728 5053 vel
1767 5000 2125 5055 deseruntur?

537 5101 661 5155 qua:
684 5086 1008 5143 eil‘undendo
1036 5106 1198 5160 quam
1228 5091 1495 5146 servando
1531 5090 1723 5146 melius
1768 5093 1940 5149 ditant
1970 5092 2123 5167 [Ms.,

537 5176 785 5249 nitent]?
840 5176 1120 5248 Siquidem
1167 5180 1393 5235 avaritia
1457 5181 1691 5241 odiosas,
1738 5181 1917 5239 claros
1961 5183 2126 5254 largi-

537 5278 623 5325 tas
644 5269 793 5325 facit.
840 5270 1081 5336 Quarum
1110 5274 1439 5329 abundantia
1464 5274 1679 5329 nonnisi
1708 5291 1771 5330 ex
1788 5276 2016 5334 aliorum
2044 5279 2127 5336 in-

537 5358 772 5429 digentia
804 5359 957 5433 [Ms.,
1008 5363 1360 5437 indulgentia]
1389 5366 1719 5438 congeritur.
1774 5368 1913 5437 Quid
1955 5370 2127 5428 hono-

540 5466 627 5505 res
647 5451 882 5506 fomenta
901 5455 1167 5523 superhi:e
1192 5458 1471 5524 quaeritis?
1513 5455 1701 5513 Nonne
1729 5475 1869 5515 unus
1899 5469 1983 5517 est
2005 5476 2125 5518 om-

538 5543 690 5597 nium
713 5542 906 5599 Pater?
949 5544 1017 5599 Et
1043 5562 1141 5601 cur
1168 5547 1417 5620 iujuriam
1443 5547 1620 5605 facitis
1642 5550 1916 5607 Conditori
1946 5563 2129 5612 vestro

537 5631 721 5702 pejora
748 5634 993 5697 amando,
1024 5644 1080 5691 et
1103 5637 1326 5693 meliora
1340 5639 1671 5696 amittendo?
1717 5641 1808 5699 Ille
1836 5658 2005 5714 genus
2029 5645 2130 5702 hu-

540 5735 762 5780 manum
795 5726 1025 5782 terrenis
1052 5729 1306 5785 onmibus
1328 5738 1588 5802 praestare
1618 5731 1806 5799 voluit,
1833 5749 1930 5791 vos
1959 5736 2131 5809 digni-

615 5844 645 5879 ι
683 5835 811 5894 Haec
836 5838 1085 5896 restituta
1112 5849 1325 5899 suntex
1355 5842 1473 5901 cod.
1500 5858 1601 5900 ms.
1630 5844 1983 5919 Frisingensi.

2229 4633 2384 4699 mihi,
2411 4635 2459 4690 ei
2507 4633 2655 4690 solus
2678 4633 2834 4691 Plato
2860 4636 3109 4703 adluesit,
3143 4644 3198 4692 et
3219 4637 3453 4709 quadam
3484 4638 3571 4693 die
3596 4637 3827 4694 lutulen-

2233 4724 2307 4779 tis
2330 4724 2557 4794 pedibus
2580 4741 2742 4795 super
2769 4735 3107 4782 exstructum
3150 4729 3395 4797 magistri
3434 4728 3687 4784 lectulum
3722 4743 3820 4786 cllo

2230 4816 2403 4872 currit
2436 4816 2676 4873 assidere
2698 4818 2929 4883 doctori,
2957 4834 3117 4890 quem
3139 4818 3404 4891 Diogenes
3438 4817 3630 4875 baculo
3657 4817 3829 4878 ferire

2231 4910 2616 4976 minitabatur;
2662 4912 2748 4966 cui
2799 4928 2934 4982 puer
2990 4912 3247 4967 inclinato
3292 4913 3470 4982 capite
3513 4914 3821 4984 respondit:

2234 5003 2422 5058 Nullus
2463 5014 2546 5059 est
2569 5015 2678 5059 tam
2705 5006 2873 5061 durus
2901 5006 3147 5071 baculus,
3189 5006 3282 5075 qui
3327 5020 3414 5060 me
3458 5021 3487 5059 a
3520 5012 3614 5061 tuo
3636 5020 3824 5077 segre-

2233 5110 2363 5165 gare
2390 5095 2562 5166 possit
2593 5097 2779 5152 latere.
2854 5096 2925 5153 At
2957 5098 3001 5152 si
3043 5096 3195 5169 [Ms.,
3226 5096 3285 5152 Si
3313 5096 3466 5170 ergo}
3522 5096 3612 5154 ille
3637 5113 3827 5155 amore

2232 5186 2509 5242 saecularis
2546 5188 2824 5258 sapientia:
2849 5188 3104 5260 ﬂagrans,
3142 5188 3380 5245 caelestis
3402 5204 3555 5255 vero,
3591 5205 3714 5259 quae
3752 5190 3825 5247 ad

2232 5279 2400 5334 vitam
2426 5280 2931 5352 ducitperpetuam,
2989 5283 3230 5354 ignarus,
3268 5282 3348 5338 sic
3395 5282 3651 5338 ardenter
3707 5298 3826 5340 ma-

2228 5372 2460 5444 gistrum
2484 5374 2637 5444 sequi
2657 5375 3001 5445 persistebat,
3026 5386 3229 5446 quanto
3249 5378 3421 5447 magis
3445 5392 3546 5433 nos
3568 5386 3681 5445 tua,
3710 5393 3830 5433 ma—

2229 5464 2423 5535 gister,
2473 5466 2863 5534 ingredientem
2889 5468 2972 5522 vel
3019 5468 3382 5537 egredientem
3427 5469 3653 5540 vestigia
3669 5468 3825 5539 sequi

2231 5554 2512 5622 debemus,
2536 5557 2627 5627 qui
2655 5573 2761 5614 non
2792 5558 2964 5614 solum
2991 5560 3259 5615 litterario
3293 5557 3447 5631 [Ms.,
3476 5556 3825 5632 litteratoria]

2233 5647 2655 5705 nosliberalium
2676 5652 2977 5707 studiorum
3010 5651 3204 5707 itinere
3253 5650 3453 5707 ducere
3505 5651 3668 5718 nosti,
3728 5652 3829 5708 sed

2231 5741 2398 5799 etiam
2411 5739 2665 5798 meliores
2679 5741 2881 5814 scphim
2909 5743 3043 5811 vias,
3062 5758 3184 5823 quae
3203 5743 3269 5800 ad
3293 5743 3459 5799 vitam
3491 5742 3641 5800 ducit
3666 5750 3828 5801 teter-
