  <div class='ocr_page' id='page_1' title='image "/cluster/home/n/w/nwhite01/storage/ocr_20150623/101/umn.31951002477394h/440.png"; bbox 0 0 4106 6512; ppageno 0'>
   <div class='ocr_carea' id='block_1_1' title="bbox 243 381 352 440">
    <p class='ocr_par' dir='ltr' id='par_1_1' title="bbox 243 381 352 440">
     <span class='ocr_line' id='line_1_1' title="bbox 243 381 352 440; baseline 0 0"><span class='ocrx_word' id='word_1_1' title='bbox 243 381 352 440; x_wconf 71' lang='lat'><strong>853</strong></span> 
     </span>
    </p>
   </div>
   <div class='ocr_carea' id='block_1_2' title="bbox 1331 377 2426 443">
    <p class='ocr_par' dir='ltr' id='par_1_2' title="bbox 1331 377 2426 443">
     <span class='ocr_line' id='line_1_2' title="bbox 1331 377 2426 443; baseline 0.001 -6"><span class='ocrx_word' id='word_1_2' title='bbox 1331 377 1800 438; x_wconf 74' lang='lat' dir='ltr'><strong>DlDASCALlCA.</strong></span> <span class='ocrx_word' id='word_1_3' title='bbox 1842 407 1916 437; x_wconf 89' lang='lat'><strong>-.</strong></span> <span class='ocrx_word' id='word_1_4' title='bbox 1947 378 2426 443; x_wconf 74' lang='lat' dir='ltr'><strong>GRAMMATICA.</strong></span> 
     </span>
    </p>
   </div>
   <div class='ocr_carea' id='block_1_3' title="bbox 3420 385 3524 443">
    <p class='ocr_par' dir='ltr' id='par_1_3' title="bbox 3420 385 3524 443">
     <span class='ocr_line' id='line_1_3' title="bbox 3420 385 3524 443; baseline 0.038 -5"><span class='ocrx_word' id='word_1_5' title='bbox 3420 385 3524 443; x_wconf 59' lang='lat'><strong>535$</strong></span> 
     </span>
    </p>
   </div>
   <div class='ocr_carea' id='block_1_4' title="bbox 242 489 3526 572">
    <p class='ocr_par' dir='ltr' id='par_1_4' title="bbox 242 489 3526 572">
     <span class='ocr_line' id='line_1_4' title="bbox 242 489 3526 572; baseline 0.002 -20"><span class='ocrx_word' id='word_1_6' title='bbox 242 510 373 552; x_wconf 87' lang='lat' dir='ltr'><strong>nam</strong></span> <span class='ocrx_word' id='word_1_7' title='bbox 432 489 714 566; x_wconf 89' lang='lat' dir='ltr'><strong>[pandere]</strong></span> <span class='ocrx_word' id='word_1_8' title='bbox 743 491 982 563; x_wconf 74' lang='lat' dir='ltr'><strong>poteris?</strong></span> <span class='ocrx_word' id='word_1_9' title='bbox 1012 521 1084 535; x_wconf 88' lang='lat'><strong>—-</strong></span> <span class='ocrx_word' id='word_1_10' title='bbox 1118 490 1264 549; x_wconf 71' lang='lat' dir='ltr'><strong>Man.</strong></span> <span class='ocrx_word' id='word_1_11' title='bbox 1295 492 1485 547; x_wconf 84' lang='lat' dir='ltr'><strong>Divina</strong></span> <span class='ocrx_word' id='word_1_12' title='bbox 1513 506 1611 546; x_wconf 90' lang='lat' dir='ltr'><strong>nos</strong></span> <span class='ocrx_word' id='word_1_13' title='bbox 1631 504 1824 560; x_wconf 75' lang='lat' dir='ltr'><strong>prmce-</strong></span> <span class='ocrx_word' id='word_1_14' title='bbox 1857 491 1907 548; x_wconf 74' lang='grc' dir='ltr'><strong>Δ</strong></span> <span class='ocrx_word' id='word_1_15' title='bbox 1936 495 2150 563; x_wconf 89' lang='lat' dir='ltr'><strong>metica,</strong></span> <span class='ocrx_word' id='word_1_16' title='bbox 2204 498 2555 568; x_wconf 86' lang='lat' dir='ltr'><strong>geometrica,</strong></span> <span class='ocrx_word' id='word_1_17' title='bbox 2610 499 2815 556; x_wconf 90' lang='lat' dir='ltr'><strong>musica</strong></span> <span class='ocrx_word' id='word_1_18' title='bbox 2844 509 2896 556; x_wconf 88' lang='lat' dir='ltr'><strong>et</strong></span> <span class='ocrx_word' id='word_1_19' title='bbox 2934 500 3243 572; x_wconf 87' lang='lat' dir='ltr'><strong>astrologia.</strong></span> <span class='ocrx_word' id='word_1_20' title='bbox 3300 501 3404 557; x_wconf 76' lang='lat' dir='ltr'><strong>l’er</strong></span> <span class='ocrx_word' id='word_1_21' title='bbox 3424 504 3526 559; x_wconf 87' lang='lat' dir='ltr'><strong>hos</strong></span> 
     </span>
    </p>
   </div>
   <div class='ocr_carea' id='block_1_5' title="bbox 241 581 1832 655">
    <p class='ocr_par' dir='ltr' id='par_1_5' title="bbox 241 581 1832 655">
     <span class='ocr_line' id='line_1_5' title="bbox 241 581 1832 655; baseline -0.004 -15"><span class='ocrx_word' id='word_1_22' title='bbox 241 585 334 640; x_wconf 89' lang='lat' dir='ltr'><strong>dat</strong></span> <span class='ocrx_word' id='word_1_23' title='bbox 355 584 550 655; x_wconf 87' lang='lat' dir='ltr'><strong>gratia,</strong></span> <span class='ocrx_word' id='word_1_24' title='bbox 580 590 635 638; x_wconf 90' lang='lat' dir='ltr'><strong>et</strong></span> <span class='ocrx_word' id='word_1_25' title='bbox 664 581 717 637; x_wconf 91' lang='lat' dir='ltr'><strong>in</strong></span> <span class='ocrx_word' id='word_1_26' title='bbox 743 583 1026 638; x_wconf 89' lang='lat' dir='ltr'><strong>thesauros</strong></span> <span class='ocrx_word' id='word_1_27' title='bbox 1057 581 1317 654; x_wconf 78' lang='lat' dir='ltr'><strong>Spiritalis</strong></span> <span class='ocrx_word' id='word_1_28' title='bbox 1347 581 1577 638; x_wconf 91' lang='lat' dir='ltr'><strong>deducat</strong></span> <span class='ocrx_word' id='word_1_29' title='bbox 1620 581 1832 652; x_wconf 83' lang='lat' dir='ltr'><strong>sapien-</strong></span> 
     </span>
    </p>
   </div>
   <div class='ocr_carea' id='block_1_6' title="bbox 242 669 1834 743">
    <p class='ocr_par' dir='ltr' id='par_1_6' title="bbox 242 669 1834 743">
     <span class='ocr_line' id='line_1_6' title="bbox 242 669 1834 743; baseline -0.003 -14"><span class='ocrx_word' id='word_1_30' title='bbox 242 674 355 738; x_wconf 74' lang='lat' dir='ltr'><strong>tiae,</strong></span> <span class='ocrx_word' id='word_1_31' title='bbox 403 671 456 727; x_wconf 90' lang='lat' dir='ltr'><strong>in</strong></span> <span class='ocrx_word' id='word_1_32' title='bbox 502 686 608 742; x_wconf 89' lang='lat' dir='ltr'><strong>qua</strong></span> <span class='ocrx_word' id='word_1_33' title='bbox 636 671 834 727; x_wconf 75' lang='lat' dir='ltr'><strong>divina:</strong></span> <span class='ocrx_word' id='word_1_34' title='bbox 855 672 1120 728; x_wconf 74' lang='lat' dir='ltr'><strong>ubertatis</strong></span> <span class='ocrx_word' id='word_1_35' title='bbox 1152 672 1302 728; x_wconf 89' lang='lat' dir='ltr'><strong>fonte</strong></span> <span class='ocrx_word' id='word_1_36' title='bbox 1350 672 1607 727; x_wconf 82' lang='lat' dir='ltr'><strong>inebriari</strong></span> <span class='ocrx_word' id='word_1_37' title='bbox 1639 669 1834 743; x_wconf 72' lang='lat' dir='ltr'><strong>[possi-</strong></span> 
     </span>
    </p>
   </div>
   <div class='ocr_carea' id='block_1_7' title="bbox 244 761 1834 836">
    <p class='ocr_par' dir='ltr' id='par_1_7' title="bbox 244 761 1834 836">
     <span class='ocr_line' id='line_1_7' title="bbox 244 761 1834 836; baseline -0.002 -16"><span class='ocrx_word' id='word_1_38' title='bbox 244 761 356 836; x_wconf 75' lang='lat' dir='ltr'><strong>tis],</strong></span> <span class='ocrx_word' id='word_1_39' title='bbox 388 770 446 818; x_wconf 88' lang='lat' dir='ltr'><strong>ut</strong></span> <span class='ocrx_word' id='word_1_40' title='bbox 470 761 608 818; x_wconf 89' lang='lat' dir='ltr'><strong>sitin</strong></span> <span class='ocrx_word' id='word_1_41' title='bbox 635 761 789 817; x_wconf 86' lang='lat' dir='ltr'><strong>vobis</strong></span> <span class='ocrx_word' id='word_1_42' title='bbox 814 761 933 817; x_wconf 85' lang='lat' dir='ltr'><strong>fons</strong></span> <span class='ocrx_word' id='word_1_43' title='bbox 964 778 1118 833; x_wconf 72' lang='lat' dir='ltr'><strong>aqua:</strong></span> <span class='ocrx_word' id='word_1_44' title='bbox 1139 762 1382 818; x_wconf 81' lang='lat' dir='ltr'><strong>salientis</strong></span> <span class='ocrx_word' id='word_1_45' title='bbox 1405 761 1458 816; x_wconf 88' lang='lat' dir='ltr'><strong>in</strong></span> <span class='ocrx_word' id='word_1_46' title='bbox 1481 762 1647 818; x_wconf 80' lang='lat' dir='ltr'><strong>vitam</strong></span> <span class='ocrx_word' id='word_1_47' title='bbox 1674 769 1834 817; x_wconf 73' lang='lat' dir='ltr'><strong>mter-</strong></span> 
     </span>
    </p>
   </div>
   <div class='ocr_carea' id='block_1_8' title="bbox 239 851 1836 927">
    <p class='ocr_par' dir='ltr' id='par_1_8' title="bbox 239 851 1836 927">
     <span class='ocr_line' id='line_1_8' title="bbox 239 851 1836 927; baseline -0.003 -13"><span class='ocrx_word' id='word_1_48' title='bbox 239 872 391 914; x_wconf 85' lang='lat' dir='ltr'><strong>nam.</strong></span> <span class='ocrx_word' id='word_1_49' title='bbox 448 851 558 910; x_wconf 88' lang='lat' dir='ltr'><strong>Sed</strong></span> <span class='ocrx_word' id='word_1_50' title='bbox 583 854 708 925; x_wconf 84' lang='lat' dir='ltr'><strong>quia</strong></span> <span class='ocrx_word' id='word_1_51' title='bbox 739 854 999 926; x_wconf 78' lang='lat' dir='ltr'><strong>Apostolo</strong></span> <span class='ocrx_word' id='word_1_52' title='bbox 1019 855 1368 927; x_wconf 68' lang='lat' dir='ltr'><strong>praecipiente</strong></span> <span class='ocrx_word' id='word_1_53' title='bbox 1420 853 1676 924; x_wconf 79' lang='lat' dir='ltr'><strong>legimus:</strong></span> <span class='ocrx_word' id='word_1_54' title='bbox 1707 851 1836 909; x_wconf 81' lang='lat' dir='ltr'><strong>0m-</strong></span> 
     </span>
    </p>
   </div>
   <div class='ocr_carea' id='block_1_9' title="bbox 242 944 1834 1016">
    <p class='ocr_par' dir='ltr' id='par_1_9' title="bbox 242 944 1834 1016">
     <span class='ocr_line' id='line_1_9' title="bbox 242 944 1834 1016; baseline -0.001 -13"><span class='ocrx_word' id='word_1_55' title='bbox 242 948 334 1003; x_wconf 88' lang='lat' dir='ltr'><strong>nia</strong></span> <span class='ocrx_word' id='word_1_56' title='bbox 364 957 549 1002; x_wconf 87' lang='lat' dir='ltr'><strong>vestra</strong></span> <span class='ocrx_word' id='word_1_57' title='bbox 586 947 815 1002; x_wconf 86' lang='lat' dir='ltr'><strong>honesta</strong></span> <span class='ocrx_word' id='word_1_58' title='bbox 839 960 964 1001; x_wconf 90' lang='lat' dir='ltr'><strong>cum</strong></span> <span class='ocrx_word' id='word_1_59' title='bbox 1007 944 1199 1002; x_wconf 88' lang='lat' dir='ltr'><strong>ordine</strong></span> <span class='ocrx_word' id='word_1_60' title='bbox 1223 946 1376 1011; x_wconf 86' lang='lat' dir='ltr'><strong>ﬁant,</strong></span> <span class='ocrx_word' id='word_1_61' title='bbox 1424 960 1520 1003; x_wconf 85' lang='lat' dir='ltr'><strong>vos</strong></span> <span class='ocrx_word' id='word_1_62' title='bbox 1541 960 1638 1016; x_wconf 88' lang='lat' dir='ltr'><strong>per</strong></span> <span class='ocrx_word' id='word_1_63' title='bbox 1669 959 1834 1015; x_wconf 79' lang='lat' dir='ltr'><strong>quos-</strong></span> 
     </span>
    </p>
   </div>
   <div class='ocr_carea' id='block_1_10' title="bbox 241 1038 1837 1110">
    <p class='ocr_par' dir='ltr' id='par_1_10' title="bbox 241 1038 1837 1110">
     <span class='ocr_line' id='line_1_10' title="bbox 241 1038 1837 1110; baseline -0.001 -16"><span class='ocrx_word' id='word_1_64' title='bbox 241 1039 370 1096; x_wconf 89' lang='lat' dir='ltr'><strong>dam</strong></span> <span class='ocrx_word' id='word_1_65' title='bbox 405 1038 730 1096; x_wconf 86' lang='lat' dir='ltr'><strong>eruditionis</strong></span> <span class='ocrx_word' id='word_1_66' title='bbox 780 1039 985 1110; x_wconf 87' lang='lat' dir='ltr'><strong>gradus</strong></span> <span class='ocrx_word' id='word_1_67' title='bbox 1035 1039 1105 1095; x_wconf 87' lang='lat' dir='ltr'><strong>ab</strong></span> <span class='ocrx_word' id='word_1_68' title='bbox 1157 1038 1504 1096; x_wconf 89' lang='lat' dir='ltr'><strong>inferioribus</strong></span> <span class='ocrx_word' id='word_1_69' title='bbox 1561 1038 1631 1094; x_wconf 84' lang='lat' dir='ltr'><strong>ad</strong></span> <span class='ocrx_word' id='word_1_70' title='bbox 1677 1052 1837 1109; x_wconf 87' lang='lat' dir='ltr'><strong>supe-</strong></span> 
     </span>
    </p>
   </div>
   <div class='ocr_carea' id='block_1_11' title="bbox 242 1129 1832 1202">
    <p class='ocr_par' dir='ltr' id='par_1_11' title="bbox 242 1129 1832 1202">
     <span class='ocr_line' id='line_1_11' title="bbox 242 1129 1832 1202; baseline -0.002 -15"><span class='ocrx_word' id='word_1_71' title='bbox 242 1132 393 1188; x_wconf 86' lang='lat' dir='ltr'><strong>riora</strong></span> <span class='ocrx_word' id='word_1_72' title='bbox 439 1146 560 1188; x_wconf 92' lang='lat' dir='ltr'><strong>esse</strong></span> <span class='ocrx_word' id='word_1_73' title='bbox 606 1129 888 1187; x_wconf 85' lang='lat' dir='ltr'><strong>ducendos</strong></span> <span class='ocrx_word' id='word_1_74' title='bbox 933 1145 1080 1197; x_wconf 90' lang='lat' dir='ltr'><strong>reor,</strong></span> <span class='ocrx_word' id='word_1_75' title='bbox 1125 1129 1300 1188; x_wconf 89' lang='lat' dir='ltr'><strong>donec</strong></span> <span class='ocrx_word' id='word_1_76' title='bbox 1351 1145 1542 1202; x_wconf 74' lang='lat' dir='ltr'><strong>penum</strong></span> <span class='ocrx_word' id='word_1_77' title='bbox 1573 1130 1832 1185; x_wconf 87' lang='lat' dir='ltr'><strong>virtutum</strong></span> 
     </span>
    </p>
   </div>
   <div class='ocr_carea' id='block_1_12' title="bbox 239 1221 1836 1296">
    <p class='ocr_par' dir='ltr' id='par_1_12' title="bbox 239 1221 1836 1296">
     <span class='ocr_line' id='line_1_12' title="bbox 239 1221 1836 1296; baseline -0.003 -16"><span class='ocrx_word' id='word_1_78' title='bbox 239 1223 509 1296; x_wconf 82' lang='lat' dir='ltr'><strong>paulatim</strong></span> <span class='ocrx_word' id='word_1_79' title='bbox 534 1230 870 1287; x_wconf 86' lang='lat' dir='ltr'><strong>accrescant,</strong></span> <span class='ocrx_word' id='word_1_80' title='bbox 910 1222 1110 1296; x_wconf 84' lang='lat' dir='ltr'><strong>quibus</strong></span> <span class='ocrx_word' id='word_1_81' title='bbox 1139 1222 1208 1278; x_wconf 87' lang='lat' dir='ltr'><strong>ad</strong></span> <span class='ocrx_word' id='word_1_82' title='bbox 1234 1222 1430 1278; x_wconf 82' lang='lat' dir='ltr'><strong>altiora</strong></span> <span class='ocrx_word' id='word_1_83' title='bbox 1469 1222 1588 1294; x_wconf 90' lang='lat' dir='ltr'><strong>puri</strong></span> <span class='ocrx_word' id='word_1_84' title='bbox 1616 1221 1836 1276; x_wconf 75' lang='lat' dir='ltr'><strong>mtheris</strong></span> 
     </span>
    </p>
   </div>
   <div class='ocr_carea' id='block_1_13' title="bbox 241 1310 1836 1385">
    <p class='ocr_par' dir='ltr' id='par_1_13' title="bbox 241 1310 1836 1385">
     <span class='ocr_line' id='line_1_13' title="bbox 241 1310 1836 1385; baseline -0.004 -14"><span class='ocrx_word' id='word_1_85' title='bbox 241 1313 580 1385; x_wconf 71' lang='lat' dir='ltr'><strong>spectamine</strong></span> <span class='ocrx_word' id='word_1_86' title='bbox 636 1312 886 1369; x_wconf 84' lang='lat' dir='ltr'><strong>volantes</strong></span> <span class='ocrx_word' id='word_1_87' title='bbox 950 1312 1134 1369; x_wconf 81' lang='lat' dir='ltr'><strong>dicere</strong></span> <span class='ocrx_word' id='word_1_88' title='bbox 1179 1312 1462 1368; x_wconf 79' lang='lat' dir='ltr'><strong>valeatis:</strong></span> <span class='ocrx_word' id='word_1_89' title='bbox 1530 1310 1836 1366; x_wconf 76' lang='lat' dir='ltr'><strong>Introduxit</strong></span> 
     </span>
    </p>
   </div>
   <div class='ocr_carea' id='block_1_14' title="bbox 242 1401 1836 1471">
    <p class='ocr_par' dir='ltr' id='par_1_14' title="bbox 242 1401 1836 1471">
     <span class='ocr_line' id='line_1_14' title="bbox 242 1401 1836 1471; baseline -0.004 -9"><span class='ocrx_word' id='word_1_90' title='bbox 242 1420 340 1462; x_wconf 69' lang='lat' dir='ltr'><strong>nos</strong></span> <span class='ocrx_word' id='word_1_91' title='bbox 369 1420 463 1460; x_wconf 81' lang='lat' dir='ltr'><strong>rea:</strong></span> <span class='ocrx_word' id='word_1_92' title='bbox 489 1405 544 1459; x_wconf 82' lang='lat' dir='ltr'><strong>in</strong></span> <span class='ocrx_word' id='word_1_93' title='bbox 565 1403 782 1459; x_wconf 80' lang='lat' dir='ltr'><strong>cellaria</strong></span> <span class='ocrx_word' id='word_1_94' title='bbox 813 1419 934 1471; x_wconf 78' lang='lat' dir='ltr'><strong>sua,</strong></span> <span class='ocrx_word' id='word_1_95' title='bbox 962 1403 1344 1460; x_wconf 67' lang='lat' dir='ltr'><strong>eunltabimus</strong></span> <span class='ocrx_word' id='word_1_96' title='bbox 1375 1411 1426 1458; x_wconf 81' lang='lat' dir='ltr'><strong>et</strong></span> <span class='ocrx_word' id='word_1_97' title='bbox 1453 1401 1752 1459; x_wconf 66' lang='lat' dir='ltr'><strong>iwtabimur</strong></span> <span class='ocrx_word' id='word_1_98' title='bbox 1779 1402 1836 1456; x_wconf 82' lang='lat' dir='ltr'><strong>in</strong></span> 
     </span>
    </p>
   </div>
   <div class='ocr_carea' id='block_1_15' title="bbox 242 1495 1478 1568">
    <p class='ocr_par' dir='ltr' id='par_1_15' title="bbox 242 1495 1478 1568">
     <span class='ocr_line' id='line_1_15' title="bbox 242 1495 1478 1568; baseline -0.005 -14"><span class='ocrx_word' id='word_1_99' title='bbox 242 1498 320 1554; x_wconf 73' lang='lat' dir='ltr'><strong>eis</strong></span> <span class='ocrx_word' id='word_1_100' title='bbox 345 1495 525 1568; x_wconf 82' lang='lat' dir='ltr'><strong>(Cant.</strong></span> <span class='ocrx_word' id='word_1_101' title='bbox 550 1513 590 1562; x_wconf 88' lang='lat' dir='ltr'><strong>I,</strong></span> <span class='ocrx_word' id='word_1_102' title='bbox 617 1495 697 1568; x_wconf 71' lang='grc' dir='ltr'><strong>δ).</strong></span> <span class='ocrx_word' id='word_1_103' title='bbox 1466 1499 1478 1512; x_wconf 64' lang='grc' dir='ltr'><em>ι</em></span> 
     </span>
    </p>
   </div>
   <div class='ocr_carea' id='block_1_16' title="bbox 313 1587 1835 1661">
    <p class='ocr_par' dir='ltr' id='par_1_16' title="bbox 313 1587 1835 1661">
     <span class='ocr_line' id='line_1_16' title="bbox 313 1587 1835 1661; baseline -0.001 -18"><span class='ocrx_word' id='word_1_104' title='bbox 313 1588 429 1646; x_wconf 87' lang='lat' dir='ltr'><strong>Dis.</strong></span> <span class='ocrx_word' id='word_1_105' title='bbox 455 1588 532 1643; x_wconf 87' lang='lat' dir='ltr'><strong>Da</strong></span> <span class='ocrx_word' id='word_1_106' title='bbox 554 1590 857 1655; x_wconf 80' lang='lat' dir='ltr'><strong>dexteram,</strong></span> <span class='ocrx_word' id='word_1_107' title='bbox 879 1589 1163 1661; x_wconf 76' lang='lat' dir='ltr'><strong>magister,</strong></span> <span class='ocrx_word' id='word_1_108' title='bbox 1187 1596 1241 1645; x_wconf 89' lang='lat' dir='ltr'><strong>et</strong></span> <span class='ocrx_word' id='word_1_109' title='bbox 1261 1603 1362 1646; x_wconf 91' lang='lat' dir='ltr'><strong>nos</strong></span> <span class='ocrx_word' id='word_1_110' title='bbox 1381 1591 1450 1644; x_wconf 86' lang='lat' dir='ltr'><strong>ab</strong></span> <span class='ocrx_word' id='word_1_111' title='bbox 1473 1589 1638 1643; x_wconf 89' lang='lat' dir='ltr'><strong>humo</strong></span> <span class='ocrx_word' id='word_1_112' title='bbox 1664 1587 1835 1658; x_wconf 86' lang='lat' dir='ltr'><strong>impe-</strong></span> 
     </span>
    </p>
   </div>
   <div class='ocr_carea' id='block_1_17' title="bbox 242 1680 1836 1753">
    <p class='ocr_par' dir='ltr' id='par_1_17' title="bbox 242 1680 1836 1753">
     <span class='ocr_line' id='line_1_17' title="bbox 242 1680 1836 1753; baseline -0.003 -14"><span class='ocrx_word' id='word_1_113' title='bbox 242 1682 386 1740; x_wconf 70' lang='lat' dir='ltr'><strong>ritize</strong></span> <span class='ocrx_word' id='word_1_114' title='bbox 431 1682 604 1747; x_wconf 89' lang='lat' dir='ltr'><strong>eieva,</strong></span> <span class='ocrx_word' id='word_1_115' title='bbox 655 1689 712 1738; x_wconf 90' lang='lat' dir='ltr'><strong>et</strong></span> <span class='ocrx_word' id='word_1_116' title='bbox 757 1682 811 1737; x_wconf 87' lang='lat' dir='ltr'><strong>in</strong></span> <span class='ocrx_word' id='word_1_117' title='bbox 836 1683 1037 1753; x_wconf 83' lang='lat' dir='ltr'><strong>gradus</strong></span> <span class='ocrx_word' id='word_1_118' title='bbox 1063 1680 1274 1753; x_wconf 65' lang='lat' dir='ltr'><strong>sophiae</strong></span> <span class='ocrx_word' id='word_1_119' title='bbox 1298 1697 1396 1738; x_wconf 87' lang='lat' dir='ltr'><strong>nos</strong></span> <span class='ocrx_word' id='word_1_120' title='bbox 1424 1689 1600 1738; x_wconf 86' lang='lat' dir='ltr'><strong>tecum</strong></span> <span class='ocrx_word' id='word_1_121' title='bbox 1631 1680 1836 1736; x_wconf 65' lang='lat' dir='ltr'><strong>constio</strong></span> 
     </span>
    </p>
   </div>
   <div class='ocr_carea' id='block_1_18' title="bbox 242 1771 1834 1846">
    <p class='ocr_par' dir='ltr' id='par_1_18' title="bbox 242 1771 1834 1846">
     <span class='ocr_line' id='line_1_18' title="bbox 242 1771 1834 1846; baseline -0.002 -16"><span class='ocrx_word' id='word_1_122' title='bbox 242 1784 355 1840; x_wconf 83' lang='lat' dir='ltr'><strong>tne,</strong></span> <span class='ocrx_word' id='word_1_123' title='bbox 386 1775 440 1829; x_wconf 89' lang='lat' dir='ltr'><strong>in</strong></span> <span class='ocrx_word' id='word_1_124' title='bbox 474 1776 675 1845; x_wconf 73' lang='lat' dir='ltr'><strong>quibus</strong></span> <span class='ocrx_word' id='word_1_125' title='bbox 705 1779 758 1831; x_wconf 91' lang='lat' dir='ltr'><strong>te</strong></span> <span class='ocrx_word' id='word_1_126' title='bbox 779 1789 848 1830; x_wconf 76' lang='lat' dir='ltr'><strong>ex</strong></span> <span class='ocrx_word' id='word_1_127' title='bbox 872 1788 1087 1830; x_wconf 91' lang='lat' dir='ltr'><strong>morum</strong></span> <span class='ocrx_word' id='word_1_128' title='bbox 1115 1772 1376 1846; x_wconf 77' lang='lat' dir='ltr'><strong>dignitate</strong></span> <span class='ocrx_word' id='word_1_129' title='bbox 1395 1815 1409 1841; x_wconf 90' lang='lat'><strong>,</strong></span> <span class='ocrx_word' id='word_1_130' title='bbox 1446 1789 1512 1828; x_wconf 76' lang='lat' dir='ltr'><strong>es</strong></span> <span class='ocrx_word' id='word_1_131' title='bbox 1541 1771 1834 1828; x_wconf 75' lang='lat' dir='ltr'><strong>verborum</strong></span> 
     </span>
    </p>
   </div>
   <div class='ocr_carea' id='block_1_19' title="bbox 1933 588 3524 667">
    <p class='ocr_par' dir='ltr' id='par_1_19' title="bbox 1933 588 3524 667">
     <span class='ocr_line' id='line_1_19' title="bbox 1933 588 3524 667; baseline 0.004 -24"><span class='ocrx_word' id='word_1_132' title='bbox 1933 588 2078 644; x_wconf 90' lang='lat' dir='ltr'><strong>enim</strong></span> <span class='ocrx_word' id='word_1_133' title='bbox 2131 590 2436 661; x_wconf 83' lang='lat' dir='ltr'><strong>philosophi</strong></span> <span class='ocrx_word' id='word_1_134' title='bbox 2467 607 2562 647; x_wconf 88' lang='lat' dir='ltr'><strong>sua</strong></span> <span class='ocrx_word' id='word_1_135' title='bbox 2592 592 2965 649; x_wconf 90' lang='lat' dir='ltr'><strong>contriverunt</strong></span> <span class='ocrx_word' id='word_1_136' title='bbox 3010 592 3122 649; x_wconf 88' lang='lat' dir='ltr'><strong>otia</strong></span> <span class='ocrx_word' id='word_1_137' title='bbox 3172 601 3332 663; x_wconf 87' lang='lat' dir='ltr'><strong>atque</strong></span> <span class='ocrx_word' id='word_1_138' title='bbox 3359 610 3524 667; x_wconf 88' lang='lat' dir='ltr'><strong>nego-</strong></span> 
     </span>
    </p>
   </div>
   <div class='ocr_carea' id='block_1_20' title="bbox 1887 680 3529 762">
    <p class='ocr_par' dir='ltr' id='par_1_20' title="bbox 1887 680 3529 762">
     <span class='ocr_line' id='line_1_20' title="bbox 1887 680 3529 762; baseline 0.007 -30"><span class='ocrx_word' id='word_1_139' title='bbox 1887 754 1898 762; x_wconf 81' lang='lat'><strong><em>_</em></strong></span> <span class='ocrx_word' id='word_1_140' title='bbox 1936 681 2030 734; x_wconf 87' lang='lat' dir='ltr'><strong>tia.</strong></span> <span class='ocrx_word' id='word_1_141' title='bbox 2086 680 2156 736; x_wconf 87' lang='lat' dir='ltr'><strong>lis</strong></span> <span class='ocrx_word' id='word_1_142' title='bbox 2187 698 2422 754; x_wconf 86' lang='lat' dir='ltr'><strong>namque</strong></span> <span class='ocrx_word' id='word_1_143' title='bbox 2450 683 2762 741; x_wconf 89' lang='lat' dir='ltr'><strong>consulibus</strong></span> <span class='ocrx_word' id='word_1_144' title='bbox 2807 684 3067 741; x_wconf 89' lang='lat' dir='ltr'><strong>clariores</strong></span> <span class='ocrx_word' id='word_1_145' title='bbox 3093 682 3290 751; x_wconf 71' lang='lat' dir='ltr'><strong>effecti,</strong></span> <span class='ocrx_word' id='word_1_146' title='bbox 3335 685 3400 741; x_wconf 92' lang='lat' dir='ltr'><strong>iis</strong></span> <span class='ocrx_word' id='word_1_147' title='bbox 3439 701 3529 743; x_wconf 82' lang='lat' dir='ltr'><strong>re-</strong></span> 
     </span>
    </p>
   </div>
   <div class='ocr_carea' id='block_1_21' title="bbox 1936 771 3521 844">
    <p class='ocr_par' dir='ltr' id='par_1_21' title="bbox 1936 771 3521 844">
     <span class='ocr_line' id='line_1_21' title="bbox 1936 771 3521 844; baseline 0.004 -19"><span class='ocrx_word' id='word_1_148' title='bbox 1936 771 2091 844; x_wconf 88' lang='lat' dir='ltr'><strong>gibus</strong></span> <span class='ocrx_word' id='word_1_149' title='bbox 2139 773 2466 832; x_wconf 89' lang='lat' dir='ltr'><strong>celebriores</strong></span> <span class='ocrx_word' id='word_1_150' title='bbox 2499 817 2515 843; x_wconf 91' lang='lat'><strong>,</strong></span> <span class='ocrx_word' id='word_1_151' title='bbox 2570 777 2638 833; x_wconf 89' lang='lat' dir='ltr'><strong>iis</strong></span> <span class='ocrx_word' id='word_1_152' title='bbox 2693 776 2940 833; x_wconf 82' lang='lat' dir='ltr'><strong>videlicet</strong></span> <span class='ocrx_word' id='word_1_153' title='bbox 2992 784 3196 832; x_wconf 63' lang='lat' dir='ltr'><strong>aeterna</strong></span> <span class='ocrx_word' id='word_1_154' title='bbox 3256 777 3521 833; x_wconf 81' lang='lat' dir='ltr'><strong>memoria</strong></span> 
     </span>
    </p>
   </div>
   <div class='ocr_carea' id='block_1_22' title="bbox 1937 862 3528 938">
    <p class='ocr_par' dir='ltr' id='par_1_22' title="bbox 1937 862 3528 938">
     <span class='ocr_line' id='line_1_22' title="bbox 1937 862 3528 938; baseline 0.004 -21"><span class='ocrx_word' id='word_1_155' title='bbox 1937 862 2277 920; x_wconf 69' lang='lat' dir='ltr'><strong>laudabiles:</strong></span> <span class='ocrx_word' id='word_1_156' title='bbox 2328 865 2395 922; x_wconf 89' lang='lat' dir='ltr'><strong>iis</strong></span> <span class='ocrx_word' id='word_1_157' title='bbox 2444 882 2660 938; x_wconf 91' lang='lat' dir='ltr'><strong>quoque</strong></span> <span class='ocrx_word' id='word_1_158' title='bbox 2706 864 2879 924; x_wconf 68' lang='lat' dir='ltr'><strong>sa&#39;ncti</strong></span> <span class='ocrx_word' id='word_1_159' title='bbox 2924 875 2978 922; x_wconf 92' lang='lat' dir='ltr'><strong>et</strong></span> <span class='ocrx_word' id='word_1_160' title='bbox 3021 867 3271 924; x_wconf 85' lang='lat' dir='ltr'><strong>catholici</strong></span> <span class='ocrx_word' id='word_1_161' title='bbox 3327 879 3528 924; x_wconf 72' lang='lat' dir='ltr'><strong>nostra:</strong></span> 
     </span>
    </p>
   </div>
   <div class='ocr_carea' id='block_1_23' title="bbox 1937 952 3528 1018">
    <p class='ocr_par' dir='ltr' id='par_1_23' title="bbox 1937 952 3528 1018">
     <span class='ocr_line' id='line_1_23' title="bbox 1937 952 3528 1018; baseline 0.006 -10"><span class='ocrx_word' id='word_1_162' title='bbox 1937 952 2062 1009; x_wconf 87' lang='lat' dir='ltr'><strong>ﬁdei</strong></span> <span class='ocrx_word' id='word_1_163' title='bbox 2091 955 2340 1013; x_wconf 73' lang='lat' dir='ltr'><strong>doctores</strong></span> <span class='ocrx_word' id='word_1_164' title='bbox 2368 965 2424 1014; x_wconf 92' lang='lat' dir='ltr'><strong>et</strong></span> <span class='ocrx_word' id='word_1_165' title='bbox 2445 958 2760 1015; x_wconf 82' lang='lat' dir='ltr'><strong>defensores</strong></span> <span class='ocrx_word' id='word_1_166' title='bbox 2787 958 3039 1015; x_wconf 85' lang='lat' dir='ltr'><strong>omnibus</strong></span> <span class='ocrx_word' id='word_1_167' title='bbox 3061 957 3442 1015; x_wconf 73' lang='lat' dir='ltr'><strong>hmresiarcbis</strong></span> <span class='ocrx_word' id='word_1_168' title='bbox 3469 959 3528 1018; x_wconf 91' lang='lat' dir='ltr'><strong>in</strong></span> 
     </span>
    </p>
   </div>
   <div class='ocr_carea' id='block_1_24' title="bbox 1936 1048 3526 1120">
    <p class='ocr_par' dir='ltr' id='par_1_24' title="bbox 1936 1048 3526 1120">
     <span class='ocr_line' id='line_1_24' title="bbox 1936 1048 3526 1120; baseline 0.001 -18"><span class='ocrx_word' id='word_1_169' title='bbox 1936 1048 2375 1106; x_wconf 85' lang='lat' dir='ltr'><strong>contentionibus</strong></span> <span class='ocrx_word' id='word_1_170' title='bbox 2386 1049 2615 1120; x_wconf 85' lang='lat' dir='ltr'><strong>publicis</strong></span> <span class='ocrx_word' id='word_1_171' title='bbox 2628 1064 2840 1120; x_wconf 88' lang='lat' dir='ltr'><strong>semper</strong></span> <span class='ocrx_word' id='word_1_172' title='bbox 2855 1050 3165 1120; x_wconf 85' lang='lat' dir='ltr'><strong>superiores</strong></span> <span class='ocrx_word' id='word_1_173' title='bbox 3177 1049 3526 1106; x_wconf 78' lang='lat' dir='ltr'><strong>exstiterunt.</strong></span> 
     </span>
    </p>
   </div>
   <div class='ocr_carea' id='block_1_25' title="bbox 2008 1135 3534 1211">
    <p class='ocr_par' dir='ltr' id='par_1_25' title="bbox 2008 1135 3534 1211">
     <span class='ocr_line' id='line_1_25' title="bbox 2008 1135 3534 1211; baseline 0.003 -19"><span class='ocrx_word' id='word_1_174' title='bbox 2008 1135 2113 1192; x_wconf 89' lang='lat' dir='ltr'><strong>Per</strong></span> <span class='ocrx_word' id='word_1_175' title='bbox 2139 1137 2236 1192; x_wconf 89' lang='lat' dir='ltr'><strong>has</strong></span> <span class='ocrx_word' id='word_1_176' title='bbox 2266 1153 2414 1204; x_wconf 89' lang='lat' dir='ltr'><strong>vero,</strong></span> <span class='ocrx_word' id='word_1_177' title='bbox 2440 1139 2533 1195; x_wconf 77' lang='lat' dir='ltr'><strong>ﬁlii</strong></span> <span class='ocrx_word' id='word_1_178' title='bbox 2559 1140 2888 1205; x_wconf 89' lang='lat' dir='ltr'><strong>charissimi,</strong></span> <span class='ocrx_word' id='word_1_179' title='bbox 2942 1141 3164 1196; x_wconf 86' lang='lat' dir='ltr'><strong>semitas</strong></span> <span class='ocrx_word' id='word_1_180' title='bbox 3193 1150 3372 1196; x_wconf 86' lang='lat' dir='ltr'><strong>vestra</strong></span> <span class='ocrx_word' id='word_1_181' title='bbox 3401 1155 3534 1211; x_wconf 87' lang='lat' dir='ltr'><strong>quo-</strong></span> 
     </span>
    </p>
   </div>
   <div class='ocr_carea' id='block_1_26' title="bbox 1938 1228 3535 1303">
    <p class='ocr_par' dir='ltr' id='par_1_26' title="bbox 1938 1228 3535 1303">
     <span class='ocr_line' id='line_1_26' title="bbox 1938 1228 3535 1303; baseline 0.004 -21"><span class='ocrx_word' id='word_1_182' title='bbox 1938 1228 2069 1284; x_wconf 89' lang='lat' dir='ltr'><strong>tidie</strong></span> <span class='ocrx_word' id='word_1_183' title='bbox 2085 1231 2666 1297; x_wconf 84' lang='lat' dir='ltr'><strong>curratadolescentia,</strong></span> <span class='ocrx_word' id='word_1_184' title='bbox 2691 1232 2863 1288; x_wconf 89' lang='lat' dir='ltr'><strong>donec</strong></span> <span class='ocrx_word' id='word_1_185' title='bbox 2876 1231 3170 1303; x_wconf 77' lang='lat' dir='ltr'><strong>perfectior</strong></span> <span class='ocrx_word' id='word_1_186' title='bbox 3191 1242 3325 1288; x_wconf 75' lang='lat' dir='ltr'><strong>mtas</strong></span> <span class='ocrx_word' id='word_1_187' title='bbox 3335 1240 3393 1288; x_wconf 88' lang='lat' dir='ltr'><strong>et</strong></span> <span class='ocrx_word' id='word_1_188' title='bbox 3414 1232 3535 1288; x_wconf 88' lang='lat' dir='ltr'><strong>ani-</strong></span> 
     </span>
    </p>
   </div>
   <div class='ocr_carea' id='block_1_27' title="bbox 1939 1322 3532 1396">
    <p class='ocr_par' dir='ltr' id='par_1_27' title="bbox 1939 1322 3532 1396">
     <span class='ocr_line' id='line_1_27' title="bbox 1939 1322 3532 1396; baseline 0.001 -19"><span class='ocrx_word' id='word_1_189' title='bbox 1939 1338 2060 1378; x_wconf 89' lang='lat' dir='ltr'><strong>mus</strong></span> <span class='ocrx_word' id='word_1_190' title='bbox 2087 1337 2250 1378; x_wconf 88' lang='lat' dir='ltr'><strong>sensu</strong></span> <span class='ocrx_word' id='word_1_191' title='bbox 2282 1323 2556 1380; x_wconf 83' lang='lat' dir='ltr'><strong>robustior</strong></span> <span class='ocrx_word' id='word_1_192' title='bbox 2586 1325 2652 1379; x_wconf 90' lang='lat' dir='ltr'><strong>ad</strong></span> <span class='ocrx_word' id='word_1_193' title='bbox 2685 1325 2919 1379; x_wconf 89' lang='lat' dir='ltr'><strong>culmina</strong></span> <span class='ocrx_word' id='word_1_194' title='bbox 2947 1333 3260 1381; x_wconf 86' lang='lat' dir='ltr'><strong>sanctarum</strong></span> <span class='ocrx_word' id='word_1_195' title='bbox 3284 1322 3532 1396; x_wconf 84' lang='lat' dir='ltr'><strong>Scriptu-</strong></span> 
     </span>
    </p>
   </div>
   <div class='ocr_carea' id='block_1_28' title="bbox 1941 1415 3530 1484">
    <p class='ocr_par' dir='ltr' id='par_1_28' title="bbox 1941 1415 3530 1484">
     <span class='ocr_line' id='line_1_28' title="bbox 1941 1415 3530 1484; baseline 0.003 -16"><span class='ocrx_word' id='word_1_196' title='bbox 1941 1429 2121 1468; x_wconf 84' lang='lat' dir='ltr'><strong>raruni</strong></span> <span class='ocrx_word' id='word_1_197' title='bbox 2136 1416 2435 1484; x_wconf 85' lang='lat' dir='ltr'><strong>perveniat.</strong></span> <span class='ocrx_word' id='word_1_198' title='bbox 2459 1415 2736 1483; x_wconf 81' lang='lat' dir='ltr'><strong>Quatenus</strong></span> <span class='ocrx_word' id='word_1_199' title='bbox 2754 1415 2880 1471; x_wconf 83' lang='lat' dir='ltr'><strong>hinc</strong></span> <span class='ocrx_word' id='word_1_200' title='bbox 2895 1417 3018 1472; x_wconf 90' lang='lat' dir='ltr'><strong>inde</strong></span> <span class='ocrx_word' id='word_1_201' title='bbox 3031 1417 3226 1472; x_wconf 88' lang='lat' dir='ltr'><strong>armati</strong></span> <span class='ocrx_word' id='word_1_202' title='bbox 3253 1433 3393 1473; x_wconf 72' lang='lat' dir='ltr'><strong>vera:</strong></span> <span class='ocrx_word' id='word_1_203' title='bbox 3407 1417 3530 1472; x_wconf 86' lang='lat' dir='ltr'><strong>ﬁdei</strong></span> 
     </span>
    </p>
   </div>
   <div class='ocr_carea' id='block_1_29' title="bbox 1940 1506 3533 1564">
    <p class='ocr_par' dir='ltr' id='par_1_29' title="bbox 1940 1506 3533 1564">
     <span class='ocr_line' id='line_1_29' title="bbox 1940 1506 3533 1564; baseline 0.001 -2"><span class='ocrx_word' id='word_1_204' title='bbox 1940 1506 2333 1562; x_wconf 73' lang='lat' dir='ltr'><strong>defensoreset</strong></span> <span class='ocrx_word' id='word_1_205' title='bbox 2357 1507 2602 1562; x_wconf 73' lang='lat' dir='ltr'><strong>veritatis</strong></span> <span class='ocrx_word' id='word_1_206' title='bbox 2630 1515 2931 1564; x_wconf 83' lang='lat' dir='ltr'><strong>assertores</strong></span> <span class='ocrx_word' id='word_1_207' title='bbox 2957 1507 3284 1564; x_wconf 85' lang='lat' dir='ltr'><strong>omnimodis</strong></span> <span class='ocrx_word' id='word_1_208' title='bbox 3308 1506 3533 1564; x_wconf 83' lang='lat' dir='ltr'><strong>invinci-</strong></span> 
     </span>
    </p>
   </div>
   <div class='ocr_carea' id='block_1_30' title="bbox 1937 1599 2496 1657">
    <p class='ocr_par' dir='ltr' id='par_1_30' title="bbox 1937 1599 2496 1657">
     <span class='ocr_line' id='line_1_30' title="bbox 1937 1599 2496 1657; baseline 0 -2"><span class='ocrx_word' id='word_1_209' title='bbox 1937 1599 2075 1656; x_wconf 86' lang='lat' dir='ltr'><strong>biles</strong></span> <span class='ocrx_word' id='word_1_210' title='bbox 2101 1599 2417 1657; x_wconf 85' lang='lat' dir='ltr'><strong>efﬁciamini</strong></span> <span class='ocrx_word' id='word_1_211' title='bbox 2447 1612 2496 1655; x_wconf 79' lang='grc' dir='ltr'><strong>ι.</strong></span> 
     </span>
    </p>
   </div>
   <div class='ocr_carea' id='block_1_31' title="bbox 1940 1733 3528 1813">
    <p class='ocr_par' dir='ltr' id='par_1_31' title="bbox 1940 1733 3528 1813">
     <span class='ocr_line' id='line_1_31' title="bbox 1940 1733 3528 1813; baseline 0.001 -15"><span class='ocrx_word' id='word_1_212' title='bbox 1940 1733 2184 1810; x_wconf 76' lang='lat' dir='ltr'><strong>SAXO,</strong></span> <span class='ocrx_word' id='word_1_213' title='bbox 2215 1734 2562 1812; x_wconf 79' lang='lat' dir='ltr'><strong>FRANCO,</strong></span> <span class='ocrx_word' id='word_1_214' title='bbox 2604 1735 3040 1813; x_wconf 81' lang='lat' dir='ltr'><strong>DISCIPULI;</strong></span> <span class='ocrx_word' id='word_1_215' title='bbox 3092 1736 3528 1800; x_wconf 81' lang='lat' dir='ltr'><strong>MAGISTER.</strong></span> 
     </span>
    </p>
   </div>
   <div class='ocr_carea' id='block_1_32' title="bbox 239 1853 1837 1943">
    <p class='ocr_par' dir='ltr' id='par_1_32' title="bbox 239 1869 1836 1943">
     <span class='ocr_line' id='line_1_32' title="bbox 239 1869 1836 1943; baseline -0.001 -17"><span class='ocrx_word' id='word_1_216' title='bbox 239 1872 476 1928; x_wconf 85' lang='lat' dir='ltr'><strong>veritate</strong></span> <span class='ocrx_word' id='word_1_217' title='bbox 519 1869 719 1941; x_wconf 67' lang='lat' dir='ltr'><strong>saepius</strong></span> <span class='ocrx_word' id='word_1_218' title='bbox 763 1870 1069 1926; x_wconf 84' lang='lat' dir='ltr'><strong>consistere</strong></span> <span class='ocrx_word' id='word_1_219' title='bbox 1113 1871 1435 1943; x_wconf 78' lang='lat' dir='ltr'><strong>agnovimus</strong></span> <span class='ocrx_word' id='word_1_220' title='bbox 1458 1908 1475 1935; x_wconf 95' lang='lat'><strong>,</strong></span> <span class='ocrx_word' id='word_1_221' title='bbox 1516 1884 1624 1939; x_wconf 93' lang='lat' dir='ltr'><strong>quo</strong></span> <span class='ocrx_word' id='word_1_222' title='bbox 1650 1877 1704 1924; x_wconf 88' lang='lat' dir='ltr'><strong>te</strong></span> <span class='ocrx_word' id='word_1_223' title='bbox 1746 1883 1836 1924; x_wconf 87' lang='lat' dir='ltr'><strong>re-</strong></span> 
     </span>
    </p>
   </div>
   <div class='ocr_carea' id='block_1_33' title="bbox 1937 1853 3532 1943">
    <p class='ocr_par' dir='ltr' id='par_1_33' title="bbox 2011 1853 3532 1929">
     <span class='ocr_line' id='line_1_33' title="bbox 2011 1853 3532 1929; baseline 0.003 -19"><span class='ocrx_word' id='word_1_224' title='bbox 2011 1853 2250 1911; x_wconf 77' lang='lat' dir='ltr'><strong>Fuerunt</strong></span> <span class='ocrx_word' id='word_1_225' title='bbox 2275 1856 2332 1912; x_wconf 90' lang='lat' dir='ltr'><strong>in</strong></span> <span class='ocrx_word' id='word_1_226' title='bbox 2358 1856 2546 1915; x_wconf 85' lang='lat' dir='ltr'><strong>schola</strong></span> <span class='ocrx_word' id='word_1_227' title='bbox 2565 1855 2747 1912; x_wconf 84' lang='lat' dir='ltr'><strong>Albini</strong></span> <span class='ocrx_word' id='word_1_228' title='bbox 2775 1856 3022 1929; x_wconf 76' lang='lat' dir='ltr'><strong>magistri</strong></span> <span class='ocrx_word' id='word_1_229' title='bbox 3053 1855 3161 1912; x_wconf 92' lang='lat' dir='ltr'><strong>duo</strong></span> <span class='ocrx_word' id='word_1_230' title='bbox 3186 1858 3364 1927; x_wconf 87' lang='lat' dir='ltr'><strong>pueri,</strong></span> <span class='ocrx_word' id='word_1_231' title='bbox 3388 1873 3532 1914; x_wconf 85' lang='lat' dir='ltr'><strong>unus</strong></span> 
     </span>
    </p>
   </div>
   <div class='ocr_carea' id='block_1_34' title="bbox 243 1959 1833 2035">
    <p class='ocr_par' dir='ltr' id='par_1_34' title="bbox 243 1959 1833 2035">
     <span class='ocr_line' id='line_1_34' title="bbox 243 1959 1833 2035; baseline -0.004 -14"><span class='ocrx_word' id='word_1_232' title='bbox 243 1979 364 2021; x_wconf 89' lang='lat' dir='ltr'><strong>rum</strong></span> <span class='ocrx_word' id='word_1_233' title='bbox 403 1965 544 2019; x_wconf 90' lang='lat' dir='ltr'><strong>ratio</strong></span> <span class='ocrx_word' id='word_1_234' title='bbox 581 1963 950 2035; x_wconf 87' lang='lat' dir='ltr'><strong>pulcherrima</strong></span> <span class='ocrx_word' id='word_1_235' title='bbox 985 1965 1056 2022; x_wconf 88' lang='lat' dir='ltr'><strong>ab</strong></span> <span class='ocrx_word' id='word_1_236' title='bbox 1085 1964 1310 2020; x_wconf 88' lang='lat' dir='ltr'><strong>ineunte</strong></span> <span class='ocrx_word' id='word_1_237' title='bbox 1335 2001 1352 2028; x_wconf 92' lang='lat'><strong>,</strong></span> <span class='ocrx_word' id='word_1_238' title='bbox 1393 1969 1455 2015; x_wconf 90' lang='lat' dir='ltr'><strong>ut</strong></span> <span class='ocrx_word' id='word_1_239' title='bbox 1493 1959 1833 2024; x_wconf 88' lang='lat' dir='ltr'><strong>audivimus,</strong></span> 
     </span>
    </p>
   </div>
   <div class='ocr_carea' id='block_1_35' title="bbox 242 2054 1835 2128">
    <p class='ocr_par' dir='ltr' id='par_1_35' title="bbox 242 2054 1835 2128">
     <span class='ocr_line' id='line_1_35' title="bbox 242 2054 1835 2128; baseline -0.005 -15"><span class='ocrx_word' id='word_1_240' title='bbox 242 2063 406 2114; x_wconf 67' lang='lat' dir='ltr'><strong>aetate</strong></span> <span class='ocrx_word' id='word_1_241' title='bbox 441 2055 738 2128; x_wconf 77' lang='lat' dir='ltr'><strong>perduxit;</strong></span> <span class='ocrx_word' id='word_1_242' title='bbox 794 2062 851 2110; x_wconf 90' lang='lat' dir='ltr'><strong>et</strong></span> <span class='ocrx_word' id='word_1_243' title='bbox 913 2055 959 2111; x_wconf 88' lang='lat' dir='ltr'><strong>si</strong></span> <span class='ocrx_word' id='word_1_244' title='bbox 997 2055 1229 2128; x_wconf 85' lang='lat' dir='ltr'><strong>poeticis</strong></span> <span class='ocrx_word' id='word_1_245' title='bbox 1266 2054 1393 2110; x_wconf 91' lang='lat' dir='ltr'><strong>licet</strong></span> <span class='ocrx_word' id='word_1_246' title='bbox 1421 2067 1584 2109; x_wconf 86' lang='lat' dir='ltr'><strong>aures</strong></span> <span class='ocrx_word' id='word_1_247' title='bbox 1618 2065 1835 2107; x_wconf 81' lang='lat' dir='ltr'><strong>accom-</strong></span> 
     </span>
    </p>
   </div>
   <div class='ocr_carea' id='block_1_36' title="bbox 245 2146 1836 2222">
    <p class='ocr_par' dir='ltr' id='par_1_36' title="bbox 245 2146 1836 2222">
     <span class='ocr_line' id='line_1_36' title="bbox 245 2146 1836 2222; baseline -0.003 -17"><span class='ocrx_word' id='word_1_248' title='bbox 245 2148 472 2205; x_wconf 87' lang='lat' dir='ltr'><strong>modare</strong></span> <span class='ocrx_word' id='word_1_249' title='bbox 523 2146 724 2205; x_wconf 85' lang='lat' dir='ltr'><strong>fabulis</strong></span> <span class='ocrx_word' id='word_1_250' title='bbox 747 2189 762 2214; x_wconf 96' lang='lat'><strong>,</strong></span> <span class='ocrx_word' id='word_1_251' title='bbox 823 2149 985 2207; x_wconf 90' lang='lat' dir='ltr'><strong>nobis</strong></span> <span class='ocrx_word' id='word_1_252' title='bbox 1028 2166 1138 2206; x_wconf 90' lang='lat' dir='ltr'><strong>non</strong></span> <span class='ocrx_word' id='word_1_253' title='bbox 1188 2151 1548 2222; x_wconf 88' lang='lat' dir='ltr'><strong>incongruum</strong></span> <span class='ocrx_word' id='word_1_254' title='bbox 1601 2148 1836 2214; x_wconf 91' lang='lat' dir='ltr'><strong>videtur,</strong></span> 
     </span>
    </p>
   </div>
   <div class='ocr_carea' id='block_1_37' title="bbox 248 2239 1838 2310">
    <p class='ocr_par' dir='ltr' id='par_1_37' title="bbox 248 2239 1838 2310">
     <span class='ocr_line' id='line_1_37' title="bbox 248 2239 1838 2310; baseline 0.002 -18"><span class='ocrx_word' id='word_1_255' title='bbox 248 2239 393 2310; x_wconf 85' lang='lat' dir='ltr'><strong>quod</strong></span> <span class='ocrx_word' id='word_1_256' title='bbox 445 2247 724 2306; x_wconf 84' lang='lat' dir='ltr'><strong>asserunt,</strong></span> <span class='ocrx_word' id='word_1_257' title='bbox 760 2239 948 2310; x_wconf 82' lang='lat' dir='ltr'><strong>epulas</strong></span> <span class='ocrx_word' id='word_1_258' title='bbox 998 2239 1226 2298; x_wconf 90' lang='lat' dir='ltr'><strong>deorum</strong></span> <span class='ocrx_word' id='word_1_259' title='bbox 1277 2255 1401 2298; x_wconf 87' lang='lat' dir='ltr'><strong>esse</strong></span> <span class='ocrx_word' id='word_1_260' title='bbox 1453 2239 1726 2296; x_wconf 87' lang='lat' dir='ltr'><strong>rationes.</strong></span> <span class='ocrx_word' id='word_1_261' title='bbox 1765 2271 1838 2285; x_wconf 73' lang='lat'><strong>~—</strong></span> 
     </span>
    </p>
   </div>
   <div class='ocr_carea' id='block_1_38' title="bbox 251 2327 1840 2404">
    <p class='ocr_par' dir='ltr' id='par_1_38' title="bbox 251 2327 1840 2404">
     <span class='ocr_line' id='line_1_38' title="bbox 251 2327 1840 2404; baseline 0.003 -20"><span class='ocrx_word' id='word_1_262' title='bbox 251 2327 391 2386; x_wconf 74' lang='grc' dir='ltr'><strong>ΜΑο.</strong></span> <span class='ocrx_word' id='word_1_263' title='bbox 430 2327 657 2398; x_wconf 79' lang='lat' dir='ltr'><strong>Verius,</strong></span> <span class='ocrx_word' id='word_1_264' title='bbox 689 2345 723 2386; x_wconf 91' lang='grc' dir='ltr'>ο</span> <span class='ocrx_word' id='word_1_265' title='bbox 760 2330 890 2386; x_wconf 80' lang='lat' dir='ltr'><strong>ﬁlii!</strong></span> <span class='ocrx_word' id='word_1_266' title='bbox 934 2332 1120 2389; x_wconf 85' lang='lat' dir='ltr'><strong>dicere</strong></span> <span class='ocrx_word' id='word_1_267' title='bbox 1146 2332 1410 2404; x_wconf 84' lang='lat' dir='ltr'><strong>potestis,</strong></span> <span class='ocrx_word' id='word_1_268' title='bbox 1441 2332 1681 2390; x_wconf 83' lang='lat' dir='ltr'><strong>rationes</strong></span> <span class='ocrx_word' id='word_1_269' title='bbox 1718 2346 1840 2388; x_wconf 83' lang='lat' dir='ltr'><strong>esse</strong></span> 
     </span>
    </p>
   </div>
   <div class='ocr_carea' id='block_1_39' title="bbox 250 2422 1840 2498">
    <p class='ocr_par' dir='ltr' id='par_1_39' title="bbox 250 2422 1840 2498">
     <span class='ocr_line' id='line_1_39' title="bbox 250 2422 1840 2498; baseline 0.003 -22"><span class='ocrx_word' id='word_1_270' title='bbox 250 2422 571 2494; x_wconf 76' lang='lat' dir='ltr'><strong>angelorum</strong></span> <span class='ocrx_word' id='word_1_271' title='bbox 594 2423 801 2492; x_wconf 87' lang='lat' dir='ltr'><strong>cibum,</strong></span> <span class='ocrx_word' id='word_1_272' title='bbox 833 2424 1139 2482; x_wconf 86' lang='lat' dir='ltr'><strong>animarum</strong></span> <span class='ocrx_word' id='word_1_273' title='bbox 1165 2424 1438 2492; x_wconf 84' lang='lat' dir='ltr'><strong>decorem,</strong></span> <span class='ocrx_word' id='word_1_274' title='bbox 1463 2439 1626 2496; x_wconf 86' lang='lat' dir='ltr'><strong>quam</strong></span> <span class='ocrx_word' id='word_1_275' title='bbox 1652 2422 1840 2498; x_wconf 86' lang='lat' dir='ltr'><strong>epulas</strong></span> 
     </span>
    </p>
   </div>
   <div class='ocr_carea' id='block_1_40' title="bbox 245 2514 498 2570">
    <p class='ocr_par' dir='ltr' id='par_1_40' title="bbox 245 2514 498 2570">
     <span class='ocr_line' id='line_1_40' title="bbox 245 2514 498 2570; baseline 0 0"><span class='ocrx_word' id='word_1_276' title='bbox 245 2514 498 2570; x_wconf 88' lang='lat' dir='ltr'><strong>deorum.</strong></span> 
     </span>
    </p>
   </div>
   <div class='ocr_carea' id='block_1_41' title="bbox 319 2605 1839 2684">
    <p class='ocr_par' dir='ltr' id='par_1_41' title="bbox 319 2605 1839 2684">
     <span class='ocr_line' id='line_1_41' title="bbox 319 2605 1839 2684; baseline 0.005 -24"><span class='ocrx_word' id='word_1_277' title='bbox 319 2605 436 2661; x_wconf 80' lang='lat' dir='ltr'><strong>Dis.</strong></span> <span class='ocrx_word' id='word_1_278' title='bbox 479 2605 713 2680; x_wconf 84' lang='lat' dir='ltr'><strong>Quoquo</strong></span> <span class='ocrx_word' id='word_1_279' title='bbox 734 2608 896 2665; x_wconf 90' lang='lat' dir='ltr'><strong>modo</strong></span> <span class='ocrx_word' id='word_1_280' title='bbox 924 2608 1040 2666; x_wconf 76' lang='lat' dir='ltr'><strong>haec</strong></span> <span class='ocrx_word' id='word_1_281' title='bbox 1065 2609 1173 2666; x_wconf 90' lang='lat' dir='ltr'><strong>dici</strong></span> <span class='ocrx_word' id='word_1_282' title='bbox 1201 2610 1454 2678; x_wconf 86' lang='lat' dir='ltr'><strong>debeant,</strong></span> <span class='ocrx_word' id='word_1_283' title='bbox 1487 2611 1694 2684; x_wconf 90' lang='lat' dir='ltr'><strong>primos</strong></span> <span class='ocrx_word' id='word_1_284' title='bbox 1717 2625 1839 2682; x_wconf 87' lang='lat' dir='ltr'><strong>pre-</strong></span> 
     </span>
    </p>
   </div>
   <div class='ocr_carea' id='block_1_42' title="bbox 244 2700 1839 2774">
    <p class='ocr_par' dir='ltr' id='par_1_42' title="bbox 244 2700 1839 2774">
     <span class='ocr_line' id='line_1_42' title="bbox 244 2700 1839 2774; baseline 0.001 -18"><span class='ocrx_word' id='word_1_285' title='bbox 244 2712 443 2756; x_wconf 87' lang='lat' dir='ltr'><strong>camur</strong></span> <span class='ocrx_word' id='word_1_286' title='bbox 472 2700 631 2755; x_wconf 88' lang='lat' dir='ltr'><strong>nobis</strong></span> <span class='ocrx_word' id='word_1_287' title='bbox 676 2701 956 2771; x_wconf 84' lang='lat' dir='ltr'><strong>sapientiae</strong></span> <span class='ocrx_word' id='word_1_288' title='bbox 985 2702 1199 2757; x_wconf 83' lang='lat' dir='ltr'><strong>ostendi</strong></span> <span class='ocrx_word' id='word_1_289' title='bbox 1229 2702 1446 2774; x_wconf 89' lang='lat' dir='ltr'><strong>gradus,</strong></span> <span class='ocrx_word' id='word_1_290' title='bbox 1498 2711 1558 2758; x_wconf 90' lang='lat' dir='ltr'><strong>ut</strong></span> <span class='ocrx_word' id='word_1_291' title='bbox 1605 2702 1717 2758; x_wconf 84' lang='lat' dir='ltr'><strong>Deo</strong></span> <span class='ocrx_word' id='word_1_292' title='bbox 1745 2702 1839 2758; x_wconf 91' lang='lat' dir='ltr'><strong>do-</strong></span> 
     </span>
    </p>
   </div>
   <div class='ocr_carea' id='block_1_43' title="bbox 244 2790 1837 2864">
    <p class='ocr_par' dir='ltr' id='par_1_43' title="bbox 244 2790 1837 2864">
     <span class='ocr_line' id='line_1_43' title="bbox 244 2790 1837 2864; baseline -0.001 -17"><span class='ocrx_word' id='word_1_293' title='bbox 244 2798 413 2847; x_wconf 86' lang='lat' dir='ltr'><strong>nante</strong></span> <span class='ocrx_word' id='word_1_294' title='bbox 452 2797 510 2844; x_wconf 90' lang='lat' dir='ltr'><strong>et</strong></span> <span class='ocrx_word' id='word_1_295' title='bbox 537 2797 591 2844; x_wconf 88' lang='lat' dir='ltr'><strong>te</strong></span> <span class='ocrx_word' id='word_1_296' title='bbox 636 2790 900 2847; x_wconf 82' lang='lat' dir='ltr'><strong>edocente</strong></span> <span class='ocrx_word' id='word_1_297' title='bbox 932 2791 1002 2848; x_wconf 90' lang='lat' dir='ltr'><strong>ab</strong></span> <span class='ocrx_word' id='word_1_298' title='bbox 1040 2790 1392 2849; x_wconf 86' lang='lat' dir='ltr'><strong>inferioribus</strong></span> <span class='ocrx_word' id='word_1_299' title='bbox 1437 2791 1505 2847; x_wconf 90' lang='lat' dir='ltr'><strong>ad</strong></span> <span class='ocrx_word' id='word_1_300' title='bbox 1554 2792 1837 2864; x_wconf 88' lang='lat' dir='ltr'><strong>superiora</strong></span> 
     </span>
    </p>
   </div>
   <div class='ocr_carea' id='block_1_44' title="bbox 242 2882 1834 2956">
    <p class='ocr_par' dir='ltr' id='par_1_44' title="bbox 242 2882 1834 2956">
     <span class='ocr_line' id='line_1_44' title="bbox 242 2882 1834 2956; baseline 0.001 -20"><span class='ocrx_word' id='word_1_301' title='bbox 242 2882 532 2953; x_wconf 87' lang='lat' dir='ltr'><strong>pervenire</strong></span> <span class='ocrx_word' id='word_1_302' title='bbox 574 2883 875 2940; x_wconf 86' lang='lat' dir='ltr'><strong>valeamus.</strong></span> <span class='ocrx_word' id='word_1_303' title='bbox 924 2915 994 2926; x_wconf 94' lang='lat'><strong>-—</strong></span> <span class='ocrx_word' id='word_1_304' title='bbox 1045 2885 1186 2942; x_wconf 63' lang='lat' dir='ltr'><strong>the.</strong></span> <span class='ocrx_word' id='word_1_305' title='bbox 1235 2884 1508 2956; x_wconf 81' lang='lat' dir='ltr'><strong>Legimus,</strong></span> <span class='ocrx_word' id='word_1_306' title='bbox 1542 2883 1834 2940; x_wconf 87' lang='lat' dir='ltr'><strong>Salomone</strong></span> 
     </span>
    </p>
   </div>
   <div class='ocr_carea' id='block_1_45' title="bbox 248 2972 1838 3050">
    <p class='ocr_par' dir='ltr' id='par_1_45' title="bbox 248 2972 1838 3050">
     <span class='ocr_line' id='line_1_45' title="bbox 248 2972 1838 3050; baseline 0.001 -21"><span class='ocrx_word' id='word_1_307' title='bbox 248 2972 496 3039; x_wconf 84' lang='lat' dir='ltr'><strong>dicente,</strong></span> <span class='ocrx_word' id='word_1_308' title='bbox 531 2991 632 3046; x_wconf 88' lang='lat' dir='ltr'><strong>per</strong></span> <span class='ocrx_word' id='word_1_309' title='bbox 658 2989 822 3047; x_wconf 86' lang='lat' dir='ltr'><strong>quem</strong></span> <span class='ocrx_word' id='word_1_310' title='bbox 850 2976 967 3047; x_wconf 87' lang='lat' dir='ltr'><strong>ipsa</strong></span> <span class='ocrx_word' id='word_1_311' title='bbox 996 2992 1055 3032; x_wconf 90' lang='lat' dir='ltr'><strong>se</strong></span> <span class='ocrx_word' id='word_1_312' title='bbox 1104 2977 1302 3034; x_wconf 90' lang='lat' dir='ltr'><strong>cecinit</strong></span> <span class='ocrx_word' id='word_1_313' title='bbox 1329 2976 1655 3050; x_wconf 84' lang='lat' dir='ltr'><strong>[Sapientia]</strong></span> <span class='ocrx_word' id='word_1_314' title='bbox 1685 2994 1698 3035; x_wconf 88' lang='lat'><strong>:</strong></span> <span class='ocrx_word' id='word_1_315' title='bbox 1739 2975 1838 3031; x_wconf 86' lang='lat' dir='ltr'><strong>Sa-</strong></span> 
     </span>
    </p>
   </div>
   <div class='ocr_carea' id='block_1_46' title="bbox 249 3065 1839 3136">
    <p class='ocr_par' dir='ltr' id='par_1_46' title="bbox 249 3065 1839 3136">
     <span class='ocr_line' id='line_1_46' title="bbox 249 3065 1839 3136; baseline 0.003 -17"><span class='ocrx_word' id='word_1_316' title='bbox 249 3065 446 3134; x_wconf 73' lang='lat' dir='ltr'><strong>pientia</strong></span> <span class='ocrx_word' id='word_1_317' title='bbox 492 3066 777 3136; x_wconf 66' lang='lat' dir='ltr'><strong>mdiﬁcavit</strong></span> <span class='ocrx_word' id='word_1_318' title='bbox 847 3066 949 3124; x_wconf 75' lang='lat' dir='ltr'><strong>sibi</strong></span> <span class='ocrx_word' id='word_1_319' title='bbox 998 3068 1247 3136; x_wconf 64' lang='lat' dir='ltr'><strong>ricinum,</strong></span> <span class='ocrx_word' id='word_1_320' title='bbox 1308 3069 1505 3124; x_wconf 72' lang='lat' dir='ltr'><strong>excidit</strong></span> <span class='ocrx_word' id='word_1_321' title='bbox 1567 3066 1839 3125; x_wconf 73' lang='lat' dir='ltr'><strong>columnas</strong></span> 
     </span>
    </p>
   </div>
   <div class='ocr_carea' id='block_1_47' title="bbox 251 3154 1838 3230">
    <p class='ocr_par' dir='ltr' id='par_1_47' title="bbox 251 3154 1838 3230">
     <span class='ocr_line' id='line_1_47' title="bbox 251 3154 1838 3230; baseline 0.003 -19"><span class='ocrx_word' id='word_1_322' title='bbox 251 3165 446 3228; x_wconf 79' lang='lat' dir='ltr'><strong>septem</strong></span> <span class='ocrx_word' id='word_1_323' title='bbox 488 3154 673 3230; x_wconf 75' lang='lat' dir='ltr'><strong>(Prov.</strong></span> <span class='ocrx_word' id='word_1_324' title='bbox 702 3175 779 3227; x_wconf 79' lang='lat' dir='ltr'><strong>ix,</strong></span> <span class='ocrx_word' id='word_1_325' title='bbox 806 3157 882 3229; x_wconf 79' lang='lat' dir='ltr'><strong>l).</strong></span> <span class='ocrx_word' id='word_1_326' title='bbox 907 3159 1039 3228; x_wconf 62' lang='lat' dir='ltr'><strong>Quae</strong></span> <span class='ocrx_word' id='word_1_327' title='bbox 1065 3159 1334 3216; x_wconf 78' lang='lat' dir='ltr'><strong>scutentia</strong></span> <span class='ocrx_word' id='word_1_328' title='bbox 1356 3159 1482 3215; x_wconf 88' lang='lat' dir='ltr'><strong>licet</strong></span> <span class='ocrx_word' id='word_1_329' title='bbox 1507 3160 1576 3215; x_wconf 82' lang='lat' dir='ltr'><strong>ad</strong></span> <span class='ocrx_word' id='word_1_330' title='bbox 1599 3159 1838 3215; x_wconf 85' lang='lat' dir='ltr'><strong>divinam</strong></span> 
     </span>
    </p>
   </div>
   <div class='ocr_carea' id='block_1_48' title="bbox 247 3249 1839 3322">
    <p class='ocr_par' dir='ltr' id='par_1_48' title="bbox 247 3249 1839 3322">
     <span class='ocr_line' id='line_1_48' title="bbox 247 3249 1839 3322; baseline 0.001 -17"><span class='ocrx_word' id='word_1_331' title='bbox 247 3249 520 3321; x_wconf 86' lang='lat' dir='ltr'><strong>pertineat</strong></span> <span class='ocrx_word' id='word_1_332' title='bbox 566 3251 931 3322; x_wconf 87' lang='lat' dir='ltr'><strong>sapientiam,</strong></span> <span class='ocrx_word' id='word_1_333' title='bbox 964 3266 1085 3322; x_wconf 67' lang='lat' dir='ltr'><strong>qua:</strong></span> <span class='ocrx_word' id='word_1_334' title='bbox 1123 3249 1226 3306; x_wconf 87' lang='lat' dir='ltr'><strong>sibi</strong></span> <span class='ocrx_word' id='word_1_335' title='bbox 1277 3249 1332 3305; x_wconf 88' lang='lat' dir='ltr'><strong>in</strong></span> <span class='ocrx_word' id='word_1_336' title='bbox 1380 3258 1540 3306; x_wconf 84' lang='lat' dir='ltr'><strong>utero</strong></span> <span class='ocrx_word' id='word_1_337' title='bbox 1585 3250 1839 3320; x_wconf 80' lang='lat' dir='ltr'><strong>virginali</strong></span> 
     </span>
    </p>
   </div>
   <div class='ocr_carea' id='block_1_49' title="bbox 249 3340 1838 3415">
    <p class='ocr_par' dir='ltr' id='par_1_49' title="bbox 249 3340 1838 3415">
     <span class='ocr_line' id='line_1_49' title="bbox 249 3340 1838 3415; baseline -0.001 -16"><span class='ocrx_word' id='word_1_338' title='bbox 249 3340 494 3410; x_wconf 89' lang='lat' dir='ltr'><strong>domum,</strong></span> <span class='ocrx_word' id='word_1_339' title='bbox 520 3343 574 3399; x_wconf 89' lang='lat' dir='ltr'><strong>id</strong></span> <span class='ocrx_word' id='word_1_340' title='bbox 603 3351 689 3399; x_wconf 89' lang='lat' dir='ltr'><strong>est</strong></span> <span class='ocrx_word' id='word_1_341' title='bbox 732 3358 951 3415; x_wconf 87' lang='lat' dir='ltr'><strong>corpus,</strong></span> <span class='ocrx_word' id='word_1_342' title='bbox 999 3341 1308 3407; x_wconf 65' lang='lat' dir='ltr'><strong>aediﬁcavit,</strong></span> <span class='ocrx_word' id='word_1_343' title='bbox 1339 3341 1481 3398; x_wconf 82' lang='lat' dir='ltr'><strong>lianc</strong></span> <span class='ocrx_word' id='word_1_344' title='bbox 1521 3349 1577 3396; x_wconf 92' lang='lat' dir='ltr'><strong>et</strong></span> <span class='ocrx_word' id='word_1_345' title='bbox 1627 3350 1838 3413; x_wconf 84' lang='lat' dir='ltr'><strong>septem</strong></span> 
     </span>
    </p>
   </div>
   <div class='ocr_carea' id='block_1_50' title="bbox 247 3430 1836 3505">
    <p class='ocr_par' dir='ltr' id='par_1_50' title="bbox 247 3430 1836 3505">
     <span class='ocr_line' id='line_1_50' title="bbox 247 3430 1836 3505; baseline 0 -17"><span class='ocrx_word' id='word_1_346' title='bbox 247 3431 411 3490; x_wconf 84' lang='lat' dir='ltr'><strong>donis</strong></span> <span class='ocrx_word' id='word_1_347' title='bbox 459 3435 633 3490; x_wconf 83' lang='lat' dir='ltr'><strong>sancti</strong></span> <span class='ocrx_word' id='word_1_348' title='bbox 664 3433 904 3505; x_wconf 82' lang='lat' dir='ltr'><strong>Spiritus</strong></span> <span class='ocrx_word' id='word_1_349' title='bbox 945 3431 1291 3489; x_wconf 87' lang='lat' dir='ltr'><strong>conﬁrmavit</strong></span> <span class='ocrx_word' id='word_1_350' title='bbox 1335 3449 1348 3485; x_wconf 92' lang='lat'><strong>:</strong></span> <span class='ocrx_word' id='word_1_351' title='bbox 1392 3431 1478 3487; x_wconf 89' lang='lat' dir='ltr'><strong>vel</strong></span> <span class='ocrx_word' id='word_1_352' title='bbox 1505 3430 1836 3496; x_wconf 85' lang='lat' dir='ltr'><strong>Ecelesiam,</strong></span> 
     </span>
    </p>
   </div>
   <div class='ocr_carea' id='block_1_51' title="bbox 248 3521 1842 3594">
    <p class='ocr_par' dir='ltr' id='par_1_51' title="bbox 248 3521 1842 3594">
     <span class='ocr_line' id='line_1_51' title="bbox 248 3521 1842 3594; baseline 0.001 -17"><span class='ocrx_word' id='word_1_353' title='bbox 248 3537 374 3594; x_wconf 67' lang='lat' dir='ltr'><strong>qua:</strong></span> <span class='ocrx_word' id='word_1_354' title='bbox 403 3531 492 3578; x_wconf 87' lang='lat' dir='ltr'><strong>est</strong></span> <span class='ocrx_word' id='word_1_355' title='bbox 535 3521 729 3578; x_wconf 90' lang='lat' dir='ltr'><strong>domus</strong></span> <span class='ocrx_word' id='word_1_356' title='bbox 755 3523 889 3590; x_wconf 87' lang='lat' dir='ltr'><strong>Dei,</strong></span> <span class='ocrx_word' id='word_1_357' title='bbox 928 3523 1134 3580; x_wconf 89' lang='lat' dir='ltr'><strong>eisdem</strong></span> <span class='ocrx_word' id='word_1_358' title='bbox 1172 3522 1332 3578; x_wconf 88' lang='lat' dir='ltr'><strong>donis</strong></span> <span class='ocrx_word' id='word_1_359' title='bbox 1369 3521 1725 3589; x_wconf 84' lang='lat' dir='ltr'><strong>illuminavit;</strong></span> <span class='ocrx_word' id='word_1_360' title='bbox 1757 3531 1842 3578; x_wconf 88' lang='lat' dir='ltr'><strong>ta-</strong></span> 
     </span>
    </p>
   </div>
   <div class='ocr_carea' id='block_1_52' title="bbox 252 3614 1842 3689">
    <p class='ocr_par' dir='ltr' id='par_1_52' title="bbox 252 3614 1842 3689">
     <span class='ocr_line' id='line_1_52' title="bbox 252 3614 1842 3689; baseline 0.001 -19"><span class='ocrx_word' id='word_1_361' title='bbox 252 3630 376 3670; x_wconf 88' lang='lat' dir='ltr'><strong>men</strong></span> <span class='ocrx_word' id='word_1_362' title='bbox 399 3615 665 3686; x_wconf 87' lang='lat' dir='ltr'><strong>sapientia</strong></span> <span class='ocrx_word' id='word_1_363' title='bbox 685 3614 855 3689; x_wconf 69' lang='grc'><strong>268</strong></span> <span class='ocrx_word' id='word_1_364' title='bbox 874 3616 1178 3671; x_wconf 86' lang='lat' dir='ltr'><strong>liberalium</strong></span> <span class='ocrx_word' id='word_1_365' title='bbox 1198 3615 1505 3671; x_wconf 88' lang='lat' dir='ltr'><strong>litterarum</strong></span> <span class='ocrx_word' id='word_1_366' title='bbox 1528 3622 1735 3686; x_wconf 86' lang='lat' dir='ltr'><strong>septem</strong></span> <span class='ocrx_word' id='word_1_367' title='bbox 1754 3630 1842 3672; x_wconf 86' lang='lat' dir='ltr'><strong>co-</strong></span> 
     </span>
    </p>
   </div>
   <div class='ocr_carea' id='block_1_53' title="bbox 251 3704 1838 3777">
    <p class='ocr_par' dir='ltr' id='par_1_53' title="bbox 251 3704 1838 3777">
     <span class='ocr_line' id='line_1_53' title="bbox 251 3704 1838 3777; baseline 0.002 -17"><span class='ocrx_word' id='word_1_368' title='bbox 251 3704 455 3762; x_wconf 89' lang='lat' dir='ltr'><strong>lumnis</strong></span> <span class='ocrx_word' id='word_1_369' title='bbox 470 3705 861 3772; x_wconf 87' lang='lat' dir='ltr'><strong>conﬁrmatur;</strong></span> <span class='ocrx_word' id='word_1_370' title='bbox 911 3722 1013 3763; x_wconf 90' lang='lat' dir='ltr'><strong>nec</strong></span> <span class='ocrx_word' id='word_1_371' title='bbox 1038 3706 1199 3762; x_wconf 86' lang='lat' dir='ltr'><strong>aliter</strong></span> <span class='ocrx_word' id='word_1_372' title='bbox 1232 3705 1301 3761; x_wconf 89' lang='lat' dir='ltr'><strong>ad</strong></span> <span class='ocrx_word' id='word_1_373' title='bbox 1325 3704 1627 3777; x_wconf 80' lang='lat' dir='ltr'><strong>perfectam</strong></span> <span class='ocrx_word' id='word_1_374' title='bbox 1647 3721 1838 3777; x_wconf 84' lang='lat' dir='ltr'><strong>quem-</strong></span> 
     </span>
    </p>
   </div>
   <div class='ocr_carea' id='block_1_54' title="bbox 245 3797 1838 3872">
    <p class='ocr_par' dir='ltr' id='par_1_54' title="bbox 245 3797 1838 3872">
     <span class='ocr_line' id='line_1_54' title="bbox 245 3797 1838 3872; baseline 0.004 -19"><span class='ocrx_word' id='word_1_375' title='bbox 245 3797 378 3854; x_wconf 89' lang='lat' dir='ltr'><strong>libet</strong></span> <span class='ocrx_word' id='word_1_376' title='bbox 403 3799 626 3856; x_wconf 86' lang='lat' dir='ltr'><strong>deducit</strong></span> <span class='ocrx_word' id='word_1_377' title='bbox 656 3800 965 3866; x_wconf 84' lang='lat' dir='ltr'><strong>scientiam,</strong></span> <span class='ocrx_word' id='word_1_378' title='bbox 989 3801 1093 3858; x_wconf 85' lang='lat' dir='ltr'><strong>nisi</strong></span> <span class='ocrx_word' id='word_1_379' title='bbox 1113 3800 1200 3859; x_wconf 87' lang='lat' dir='ltr'><strong>his</strong></span> <span class='ocrx_word' id='word_1_380' title='bbox 1223 3810 1433 3872; x_wconf 86' lang='lat' dir='ltr'><strong>septem</strong></span> <span class='ocrx_word' id='word_1_381' title='bbox 1456 3799 1728 3858; x_wconf 85' lang='lat' dir='ltr'><strong>columnis</strong></span> <span class='ocrx_word' id='word_1_382' title='bbox 1752 3802 1838 3859; x_wconf 89' lang='lat' dir='ltr'><strong>vel</strong></span> 
     </span>
    </p>
   </div>
   <div class='ocr_carea' id='block_1_55' title="bbox 244 3888 1018 3960">
    <p class='ocr_par' dir='ltr' id='par_1_55' title="bbox 244 3888 1018 3960">
     <span class='ocr_line' id='line_1_55' title="bbox 244 3888 1018 3960; baseline 0.005 -18"><span class='ocrx_word' id='word_1_383' title='bbox 244 3888 414 3943; x_wconf 81' lang='lat' dir='ltr'><strong>etiam</strong></span> <span class='ocrx_word' id='word_1_384' title='bbox 434 3888 696 3960; x_wconf 87' lang='lat' dir='ltr'><strong>gradibus</strong></span> <span class='ocrx_word' id='word_1_385' title='bbox 724 3889 1018 3946; x_wconf 78' lang='lat' dir='ltr'><strong>cxaltetur.</strong></span> 
     </span>
    </p>
   </div>
   <div class='ocr_carea' id='block_1_56' title="bbox 315 3975 1839 4055">
    <p class='ocr_par' dir='ltr' id='par_1_56' title="bbox 315 3975 1839 4055">
     <span class='ocr_line' id='line_1_56' title="bbox 315 3975 1839 4055; baseline 0.007 -24"><span class='ocrx_word' id='word_1_386' title='bbox 315 3975 434 4034; x_wconf 79' lang='lat' dir='ltr'><strong>Dis.</strong></span> <span class='ocrx_word' id='word_1_387' title='bbox 476 3977 717 4036; x_wconf 86' lang='lat' dir='ltr'><strong>Tandem</strong></span> <span class='ocrx_word' id='word_1_388' title='bbox 743 3979 1036 4053; x_wconf 78' lang='lat' dir='ltr'><strong>aliquando</strong></span> <span class='ocrx_word' id='word_1_389' title='bbox 1057 3982 1233 4053; x_wconf 89' lang='lat' dir='ltr'><strong>pande</strong></span> <span class='ocrx_word' id='word_1_390' title='bbox 1252 3982 1400 4053; x_wconf 92' lang='lat' dir='ltr'><strong>quod</strong></span> <span class='ocrx_word' id='word_1_391' title='bbox 1424 3984 1750 4055; x_wconf 88' lang='lat' dir='ltr'><strong>promisisti,</strong></span> <span class='ocrx_word' id='word_1_392' title='bbox 1781 3994 1839 4042; x_wconf 89' lang='lat' dir='ltr'><strong>et</strong></span> 
     </span>
    </p>
   </div>
   <div class='ocr_carea' id='block_1_57' title="bbox 243 4069 1840 4142">
    <p class='ocr_par' dir='ltr' id='par_1_57' title="bbox 243 4069 1840 4142">
     <span class='ocr_line' id='line_1_57' title="bbox 243 4069 1840 4142; baseline 0.007 -19"><span class='ocrx_word' id='word_1_393' title='bbox 243 4077 471 4142; x_wconf 88' lang='lat' dir='ltr'><strong>propter</strong></span> <span class='ocrx_word' id='word_1_394' title='bbox 507 4069 856 4142; x_wconf 85' lang='lat' dir='ltr'><strong>fragilitatem</strong></span> <span class='ocrx_word' id='word_1_395' title='bbox 885 4081 1089 4129; x_wconf 73' lang='lat' dir='ltr'><strong>nostra:</strong></span> <span class='ocrx_word' id='word_1_396' title='bbox 1123 4074 1304 4130; x_wconf 69' lang='lat' dir='ltr'><strong>aetatis</strong></span> <span class='ocrx_word' id='word_1_397' title='bbox 1355 4089 1457 4131; x_wconf 90' lang='lat' dir='ltr'><strong>nos</strong></span> <span class='ocrx_word' id='word_1_398' title='bbox 1500 4075 1840 4134; x_wconf 81' lang='lat' dir='ltr'><strong>mollioribus</strong></span> 
     </span>
    </p>
   </div>
   <div class='ocr_carea' id='block_1_58' title="bbox 246 4162 1842 4236">
    <p class='ocr_par' dir='ltr' id='par_1_58' title="bbox 246 4162 1842 4236">
     <span class='ocr_line' id='line_1_58' title="bbox 246 4162 1842 4236; baseline 0.004 -18"><span class='ocrx_word' id='word_1_399' title='bbox 246 4162 430 4233; x_wconf 89' lang='lat' dir='ltr'><strong>incipe</strong></span> <span class='ocrx_word' id='word_1_400' title='bbox 454 4163 678 4232; x_wconf 88' lang='lat' dir='ltr'><strong>lactare,</strong></span> <span class='ocrx_word' id='word_1_401' title='bbox 707 4173 767 4220; x_wconf 93' lang='lat' dir='ltr'><strong>ut</strong></span> <span class='ocrx_word' id='word_1_402' title='bbox 790 4165 860 4221; x_wconf 91' lang='lat' dir='ltr'><strong>ad</strong></span> <span class='ocrx_word' id='word_1_403' title='bbox 881 4166 1158 4233; x_wconf 90' lang='lat' dir='ltr'><strong>solidiora,</strong></span> <span class='ocrx_word' id='word_1_404' title='bbox 1185 4177 1468 4224; x_wconf 84' lang='lat' dir='ltr'><strong>crescente</strong></span> <span class='ocrx_word' id='word_1_405' title='bbox 1494 4177 1678 4236; x_wconf 80' lang='lat' dir='ltr'><strong>:etate,</strong></span> <span class='ocrx_word' id='word_1_406' title='bbox 1707 4169 1842 4226; x_wconf 90' lang='lat' dir='ltr'><strong>faci-</strong></span> 
     </span>
    </p>
   </div>
   <div class='ocr_carea' id='block_1_59' title="bbox 238 4255 1840 4331">
    <p class='ocr_par' dir='ltr' id='par_1_59' title="bbox 238 4255 1840 4331">
     <span class='ocr_line' id='line_1_59' title="bbox 238 4255 1840 4331; baseline 0.006 -20"><span class='ocrx_word' id='word_1_407' title='bbox 238 4255 352 4312; x_wconf 87' lang='lat' dir='ltr'><strong>lius</strong></span> <span class='ocrx_word' id='word_1_408' title='bbox 370 4257 773 4326; x_wconf 86' lang='lat' dir='ltr'><strong>perveniamus.</strong></span> <span class='ocrx_word' id='word_1_409' title='bbox 803 4288 878 4302; x_wconf 90' lang='lat'><strong>—-</strong></span> <span class='ocrx_word' id='word_1_410' title='bbox 897 4258 1039 4316; x_wconf 67' lang='lat' dir='ltr'><strong>Mss.</strong></span> <span class='ocrx_word' id='word_1_411' title='bbox 1069 4259 1261 4316; x_wconf 90' lang='lat' dir='ltr'><strong>Divina</strong></span> <span class='ocrx_word' id='word_1_412' title='bbox 1281 4264 1645 4331; x_wconf 84' lang='lat' dir='ltr'><strong>praeveniente</strong></span> <span class='ocrx_word' id='word_1_413' title='bbox 1673 4264 1840 4321; x_wconf 87' lang='lat' dir='ltr'><strong>etiam</strong></span> 
     </span>
    </p>
   </div>
   <div class='ocr_carea' id='block_1_60' title="bbox 239 4346 1840 4426">
    <p class='ocr_par' dir='ltr' id='par_1_60' title="bbox 239 4346 1840 4426">
     <span class='ocr_line' id='line_1_60' title="bbox 239 4346 1840 4426; baseline 0.003 -21"><span class='ocrx_word' id='word_1_414' title='bbox 239 4354 302 4405; x_wconf 80' lang='lat' dir='ltr'><strong>et</strong></span> <span class='ocrx_word' id='word_1_415' title='bbox 320 4346 642 4419; x_wconf 86' lang='lat' dir='ltr'><strong>perﬁcieute</strong></span> <span class='ocrx_word' id='word_1_416' title='bbox 670 4349 846 4422; x_wconf 86' lang='lat' dir='ltr'><strong>gratia</strong></span> <span class='ocrx_word' id='word_1_417' title='bbox 893 4349 1091 4407; x_wconf 84' lang='lat' dir='ltr'><strong>faciant</strong></span> <span class='ocrx_word' id='word_1_418' title='bbox 1125 4353 1268 4422; x_wconf 85' lang='lat' dir='ltr'><strong>quod</strong></span> <span class='ocrx_word' id='word_1_419' title='bbox 1297 4353 1550 4425; x_wconf 86' lang='lat' dir='ltr'><strong>rogastis,</strong></span> <span class='ocrx_word' id='word_1_420' title='bbox 1579 4352 1840 4426; x_wconf 86' lang='lat' dir='ltr'><strong>vobisque</strong></span> 
     </span>
    </p>
   </div>
   <div class='ocr_carea' id='block_1_61' title="bbox 241 4438 1842 4518">
    <p class='ocr_par' dir='ltr' id='par_1_61' title="bbox 241 4438 1842 4518">
     <span class='ocr_line' id='line_1_61' title="bbox 241 4438 1842 4518; baseline 0.005 -24"><span class='ocrx_word' id='word_1_421' title='bbox 241 4439 315 4495; x_wconf 84' lang='lat' dir='ltr'><strong>ad</strong></span> <span class='ocrx_word' id='word_1_422' title='bbox 339 4438 636 4498; x_wconf 87' lang='lat' dir='ltr'><strong>videndum</strong></span> <span class='ocrx_word' id='word_1_423' title='bbox 655 4443 936 4499; x_wconf 89' lang='lat' dir='ltr'><strong>ostendam</strong></span> <span class='ocrx_word' id='word_1_424' title='bbox 964 4441 1116 4516; x_wconf 54' lang='grc' dir='ltr'><strong>μὴ,</strong></span> <span class='ocrx_word' id='word_1_425' title='bbox 1146 4443 1460 4518; x_wconf 83' lang='lat' dir='ltr'><strong>ostendero]</strong></span> <span class='ocrx_word' id='word_1_426' title='bbox 1484 4454 1691 4515; x_wconf 88' lang='lat' dir='ltr'><strong>septem</strong></span> <span class='ocrx_word' id='word_1_427' title='bbox 1720 4447 1842 4517; x_wconf 90' lang='lat' dir='ltr'><strong>phi-</strong></span> 
     </span>
    </p>
   </div>
   <div class='ocr_carea' id='block_1_62' title="bbox 239 4529 1839 4605">
    <p class='ocr_par' dir='ltr' id='par_1_62' title="bbox 239 4529 1839 4605">
     <span class='ocr_line' id='line_1_62' title="bbox 239 4529 1839 4605; baseline 0.007 -21"><span class='ocrx_word' id='word_1_428' title='bbox 239 4529 506 4602; x_wconf 67' lang='lat' dir='ltr'><strong>lowpbim</strong></span> <span class='ocrx_word' id='word_1_429' title='bbox 527 4532 752 4602; x_wconf 81' lang='lat' dir='ltr'><strong>gradus,</strong></span> <span class='ocrx_word' id='word_1_430' title='bbox 780 4548 877 4605; x_wconf 89' lang='lat' dir='ltr'><strong>per</strong></span> <span class='ocrx_word' id='word_1_431' title='bbox 902 4535 1231 4605; x_wconf 88' lang='lat' dir='ltr'><strong>eosdemque</strong></span> <span class='ocrx_word' id='word_1_432' title='bbox 1256 4536 1365 4591; x_wconf 86' lang='lat' dir='ltr'><strong>Deo</strong></span> <span class='ocrx_word' id='word_1_433' title='bbox 1386 4536 1623 4592; x_wconf 88' lang='lat' dir='ltr'><strong>donante</strong></span> <span class='ocrx_word' id='word_1_434' title='bbox 1643 4547 1700 4593; x_wconf 90' lang='lat' dir='ltr'><strong>et</strong></span> <span class='ocrx_word' id='word_1_435' title='bbox 1727 4540 1839 4596; x_wconf 85' lang='lat' dir='ltr'><strong>vita</strong></span> 
     </span>
    </p>
   </div>
   <div class='ocr_carea' id='block_1_63' title="bbox 242 4621 1840 4698">
    <p class='ocr_par' dir='ltr' id='par_1_63' title="bbox 242 4621 1840 4698">
     <span class='ocr_line' id='line_1_63' title="bbox 242 4621 1840 4698; baseline 0.006 -22"><span class='ocrx_word' id='word_1_436' title='bbox 242 4621 448 4677; x_wconf 85' lang='lat' dir='ltr'><strong>comite</strong></span> <span class='ocrx_word' id='word_1_437' title='bbox 464 4636 563 4691; x_wconf 88' lang='lat' dir='ltr'><strong>pro</strong></span> <span class='ocrx_word' id='word_1_438' title='bbox 575 4631 887 4678; x_wconf 89' lang='lat' dir='ltr'><strong>nostrarum</strong></span> <span class='ocrx_word' id='word_1_439' title='bbox 907 4625 1156 4693; x_wconf 90' lang='lat' dir='ltr'><strong>portione</strong></span> <span class='ocrx_word' id='word_1_440' title='bbox 1177 4625 1372 4680; x_wconf 86' lang='lat' dir='ltr'><strong>virium</strong></span> <span class='ocrx_word' id='word_1_441' title='bbox 1387 4641 1554 4696; x_wconf 89' lang='lat' dir='ltr'><strong>penes</strong></span> <span class='ocrx_word' id='word_1_442' title='bbox 1578 4629 1840 4698; x_wconf 87' lang='lat' dir='ltr'><strong>temporis</strong></span> 
     </span>
    </p>
   </div>
   <div class='ocr_carea' id='block_1_64' title="bbox 238 4713 1858 4789">
    <p class='ocr_par' dir='ltr' id='par_1_64' title="bbox 238 4713 1858 4789">
     <span class='ocr_line' id='line_1_64' title="bbox 238 4713 1858 4789; baseline 0.005 -21"><span class='ocrx_word' id='word_1_443' title='bbox 238 4722 299 4768; x_wconf 89' lang='lat' dir='ltr'><strong>et</strong></span> <span class='ocrx_word' id='word_1_444' title='bbox 323 4713 503 4770; x_wconf 65' lang='lat' dir='ltr'><strong>aetatis</strong></span> <span class='ocrx_word' id='word_1_445' title='bbox 530 4716 998 4785; x_wconf 87' lang='lat' dir='ltr'><strong>opportunitatem</strong></span> <span class='ocrx_word' id='word_1_446' title='bbox 1030 4716 1099 4770; x_wconf 92' lang='lat' dir='ltr'><strong>ad</strong></span> <span class='ocrx_word' id='word_1_447' title='bbox 1127 4715 1445 4772; x_wconf 86' lang='lat' dir='ltr'><strong>sublimiora</strong></span> <span class='ocrx_word' id='word_1_448' title='bbox 1488 4718 1858 4789; x_wconf 71' lang='lat' dir='ltr'><strong>speculativm</strong></span> 
     </span>
    </p>
   </div>
   <div class='ocr_carea' id='block_1_65' title="bbox 243 4805 812 4864">
    <p class='ocr_par' dir='ltr' id='par_1_65' title="bbox 243 4805 812 4864">
     <span class='ocr_line' id='line_1_65' title="bbox 243 4805 812 4864; baseline 0 -3"><span class='ocrx_word' id='word_1_449' title='bbox 243 4805 490 4861; x_wconf 70' lang='lat' dir='ltr'><strong>scientia:</strong></span> <span class='ocrx_word' id='word_1_450' title='bbox 515 4805 812 4864; x_wconf 74' lang='lat' dir='ltr'><strong>deduxero.</strong></span> 
     </span>
    </p>
   </div>
   <div class='ocr_carea' id='block_1_66' title="bbox 315 4895 1838 4974">
    <p class='ocr_par' dir='ltr' id='par_1_66' title="bbox 315 4895 1838 4974">
     <span class='ocr_line' id='line_1_66' title="bbox 315 4895 1838 4974; baseline 0.007 -23"><span class='ocrx_word' id='word_1_451' title='bbox 315 4895 432 4953; x_wconf 88' lang='lat' dir='ltr'><strong>Dis.</strong></span> <span class='ocrx_word' id='word_1_452' title='bbox 473 4899 587 4955; x_wconf 87' lang='lat' dir='ltr'><strong>Duc</strong></span> <span class='ocrx_word' id='word_1_453' title='bbox 635 4901 836 4968; x_wconf 89' lang='lat' dir='ltr'><strong>etiam,</strong></span> <span class='ocrx_word' id='word_1_454' title='bbox 866 4901 972 4957; x_wconf 93' lang='lat' dir='ltr'><strong>duc</strong></span> <span class='ocrx_word' id='word_1_455' title='bbox 999 4909 1056 4956; x_wconf 89' lang='lat' dir='ltr'><strong>et</strong></span> <span class='ocrx_word' id='word_1_456' title='bbox 1085 4902 1303 4958; x_wconf 88' lang='lat' dir='ltr'><strong>tandem</strong></span> <span class='ocrx_word' id='word_1_457' title='bbox 1335 4903 1628 4974; x_wconf 88' lang='lat' dir='ltr'><strong>aliquando</strong></span> <span class='ocrx_word' id='word_1_458' title='bbox 1661 4905 1729 4961; x_wconf 91' lang='lat' dir='ltr'><strong>de</strong></span> <span class='ocrx_word' id='word_1_459' title='bbox 1754 4907 1838 4961; x_wconf 90' lang='lat' dir='ltr'><strong>ui-</strong></span> 
     </span>
    </p>
   </div>
   <div class='ocr_carea' id='block_1_67' title="bbox 241 4989 1838 5068">
    <p class='ocr_par' dir='ltr' id='par_1_67' title="bbox 241 4989 1838 5068">
     <span class='ocr_line' id='line_1_67' title="bbox 241 4989 1838 5068; baseline 0.004 -20"><span class='ocrx_word' id='word_1_460' title='bbox 241 4989 374 5048; x_wconf 86' lang='lat' dir='ltr'><strong>dulo</strong></span> <span class='ocrx_word' id='word_1_461' title='bbox 401 4990 633 5062; x_wconf 76' lang='lat' dir='ltr'><strong>ignaviae</strong></span> <span class='ocrx_word' id='word_1_462' title='bbox 679 4995 733 5050; x_wconf 91' lang='lat' dir='ltr'><strong>in</strong></span> <span class='ocrx_word' id='word_1_463' title='bbox 765 5011 947 5050; x_wconf 89' lang='lat' dir='ltr'><strong>ramos</strong></span> <span class='ocrx_word' id='word_1_464' title='bbox 995 4995 1091 5050; x_wconf 88' lang='lat' dir='ltr'><strong>tibi</strong></span> <span class='ocrx_word' id='word_1_465' title='bbox 1138 5011 1170 5051; x_wconf 89' lang='lat' dir='ltr'><strong>a</strong></span> <span class='ocrx_word' id='word_1_466' title='bbox 1204 4997 1316 5052; x_wconf 90' lang='lat' dir='ltr'><strong>Deo</strong></span> <span class='ocrx_word' id='word_1_467' title='bbox 1362 4996 1503 5052; x_wconf 75' lang='lat' dir='ltr'><strong>datm</strong></span> <span class='ocrx_word' id='word_1_468' title='bbox 1557 4997 1838 5068; x_wconf 67' lang='lat' dir='ltr'><strong>sapientiae</strong></span> 
     </span>
    </p>
   </div>
   <div class='ocr_carea' id='block_1_68' title="bbox 240 5084 1833 5156">
    <p class='ocr_par' dir='ltr' id='par_1_68' title="bbox 240 5084 1833 5156">
     <span class='ocr_line' id='line_1_68' title="bbox 240 5084 1833 5156; baseline 0.006 -20"><span class='ocrx_word' id='word_1_469' title='bbox 240 5094 540 5150; x_wconf 79' lang='lat' dir='ltr'><strong>compone;</strong></span> <span class='ocrx_word' id='word_1_470' title='bbox 573 5085 715 5140; x_wconf 87' lang='lat' dir='ltr'><strong>unde</strong></span> <span class='ocrx_word' id='word_1_471' title='bbox 742 5084 960 5156; x_wconf 88' lang='lat' dir='ltr'><strong>aliquod</strong></span> <span class='ocrx_word' id='word_1_472' title='bbox 993 5086 1240 5142; x_wconf 88' lang='lat' dir='ltr'><strong>veritatis</strong></span> <span class='ocrx_word' id='word_1_473' title='bbox 1269 5086 1450 5142; x_wconf 88' lang='lat' dir='ltr'><strong>lumen</strong></span> <span class='ocrx_word' id='word_1_474' title='bbox 1481 5103 1708 5145; x_wconf 87' lang='lat' dir='ltr'><strong>cernere</strong></span> <span class='ocrx_word' id='word_1_475' title='bbox 1735 5105 1833 5146; x_wconf 89' lang='lat' dir='ltr'><strong>va-</strong></span> 
     </span>
    </p>
   </div>
   <div class='ocr_carea' id='block_1_69' title="bbox 240 5172 1838 5250">
    <p class='ocr_par' dir='ltr' id='par_1_69' title="bbox 240 5172 1838 5250">
     <span class='ocr_line' id='line_1_69' title="bbox 240 5172 1838 5250; baseline 0.007 -22"><span class='ocrx_word' id='word_1_476' title='bbox 240 5172 454 5229; x_wconf 69' lang='lat' dir='ltr'><strong>Leamus</strong></span> <span class='ocrx_word' id='word_1_477' title='bbox 488 5193 500 5230; x_wconf 91' lang='lat'><strong>:</strong></span> <span class='ocrx_word' id='word_1_478' title='bbox 532 5186 589 5231; x_wconf 91' lang='lat' dir='ltr'><strong>et</strong></span> <span class='ocrx_word' id='word_1_479' title='bbox 618 5193 756 5247; x_wconf 92' lang='lat' dir='ltr'><strong>quos</strong></span> <span class='ocrx_word' id='word_1_480' title='bbox 795 5181 956 5234; x_wconf 89' lang='lat' dir='ltr'><strong>toties</strong></span> <span class='ocrx_word' id='word_1_481' title='bbox 985 5181 1307 5250; x_wconf 86' lang='lat' dir='ltr'><strong>promisisti,</strong></span> <span class='ocrx_word' id='word_1_482' title='bbox 1336 5191 1592 5250; x_wconf 89' lang='lat' dir='ltr'><strong>septenos</strong></span> <span class='ocrx_word' id='word_1_483' title='bbox 1619 5184 1838 5239; x_wconf 85' lang='lat' dir='ltr'><strong>tlieora-</strong></span> 
     </span>
    </p>
   </div>
   <div class='ocr_carea' id='block_1_70' title="bbox 241 5265 1835 5345">
    <p class='ocr_par' dir='ltr' id='par_1_70' title="bbox 241 5265 1835 5345">
     <span class='ocr_line' id='line_1_70' title="bbox 241 5265 1835 5345; baseline 0.008 -23"><span class='ocrx_word' id='word_1_484' title='bbox 241 5268 396 5323; x_wconf 66' lang='lat' dir='ltr'><strong>sticze</strong></span> <span class='ocrx_word' id='word_1_485' title='bbox 419 5265 550 5341; x_wconf 71' lang='grc' dir='ltr'><strong>[Με.</strong></span> <span class='ocrx_word' id='word_1_486' title='bbox 583 5269 860 5344; x_wconf 88' lang='lat' dir='ltr'><strong>forastice]</strong></span> <span class='ocrx_word' id='word_1_487' title='bbox 887 5273 1186 5344; x_wconf 68' lang='lat' dir='ltr'><strong>disciplinae</strong></span> <span class='ocrx_word' id='word_1_488' title='bbox 1203 5273 1402 5345; x_wconf 85' lang='lat' dir='ltr'><strong>gradus</strong></span> <span class='ocrx_word' id='word_1_489' title='bbox 1416 5275 1570 5330; x_wconf 88' lang='lat' dir='ltr'><strong>nobis</strong></span> <span class='ocrx_word' id='word_1_490' title='bbox 1589 5277 1835 5335; x_wconf 89' lang='lat' dir='ltr'><strong>ostende.</strong></span> 
     </span>
    </p>
   </div>
   <div class='ocr_carea' id='block_1_71' title="bbox 239 5357 1842 5436">
    <p class='ocr_par' dir='ltr' id='par_1_71' title="bbox 239 5357 1842 5436">
     <span class='ocr_line' id='line_1_71' title="bbox 239 5357 1842 5436; baseline 0.007 -23"><span class='ocrx_word' id='word_1_491' title='bbox 239 5384 316 5400; x_wconf 86' lang='lat'><strong>—-</strong></span> <span class='ocrx_word' id='word_1_492' title='bbox 350 5357 493 5414; x_wconf 55' lang='lat' dir='ltr'><strong>Nec.</strong></span> <span class='ocrx_word' id='word_1_493' title='bbox 535 5359 674 5416; x_wconf 88' lang='lat' dir='ltr'><strong>Sunt</strong></span> <span class='ocrx_word' id='word_1_494' title='bbox 722 5363 887 5433; x_wconf 84' lang='lat' dir='ltr'><strong>igitur</strong></span> <span class='ocrx_word' id='word_1_495' title='bbox 923 5365 1144 5434; x_wconf 87' lang='lat' dir='ltr'><strong>gradus,</strong></span> <span class='ocrx_word' id='word_1_496' title='bbox 1199 5381 1336 5436; x_wconf 82' lang='lat' dir='ltr'><strong>quos</strong></span> <span class='ocrx_word' id='word_1_497' title='bbox 1368 5365 1627 5434; x_wconf 73' lang='lat' dir='ltr'><strong>quaeritis,</strong></span> <span class='ocrx_word' id='word_1_498' title='bbox 1650 5377 1705 5424; x_wconf 89' lang='lat' dir='ltr'><strong>et</strong></span> <span class='ocrx_word' id='word_1_499' title='bbox 1734 5371 1842 5424; x_wconf 89' lang='lat' dir='ltr'><strong>uti-</strong></span> 
     </span>
    </p>
   </div>
   <div class='ocr_carea' id='block_1_72' title="bbox 242 5453 1835 5528">
    <p class='ocr_par' dir='ltr' id='par_1_72' title="bbox 242 5453 1835 5528">
     <span class='ocr_line' id='line_1_72' title="bbox 242 5453 1835 5528; baseline 0.009 -26"><span class='ocrx_word' id='word_1_500' title='bbox 242 5463 372 5503; x_wconf 89' lang='lat' dir='ltr'><strong>nam</strong></span> <span class='ocrx_word' id='word_1_501' title='bbox 422 5458 533 5505; x_wconf 85' lang='lat' dir='ltr'><strong>tain</strong></span> <span class='ocrx_word' id='word_1_502' title='bbox 588 5453 843 5509; x_wconf 89' lang='lat' dir='ltr'><strong>ardentes</strong></span> <span class='ocrx_word' id='word_1_503' title='bbox 891 5454 1010 5509; x_wconf 85' lang='lat' dir='ltr'><strong>sitis</strong></span> <span class='ocrx_word' id='word_1_504' title='bbox 1035 5469 1250 5526; x_wconf 86' lang='lat' dir='ltr'><strong>semper</strong></span> <span class='ocrx_word' id='word_1_505' title='bbox 1308 5456 1376 5510; x_wconf 89' lang='lat' dir='ltr'><strong>ad</strong></span> <span class='ocrx_word' id='word_1_506' title='bbox 1414 5455 1835 5528; x_wconf 81' lang='lat' dir='ltr'><strong>[ascendendum</strong></span> 
     </span>
    </p>
   </div>
   <div class='ocr_carea' id='block_1_73' title="bbox 243 5539 1839 5618">
    <p class='ocr_par' dir='ltr' id='par_1_73' title="bbox 243 5539 1839 5618">
     <span class='ocr_line' id='line_1_73' title="bbox 243 5539 1839 5618; baseline 0.01 -24"><span class='ocrx_word' id='word_1_507' title='bbox 243 5539 443 5612; x_wconf 88' lang='lat' dir='ltr'><strong>(Edit.,</strong></span> <span class='ocrx_word' id='word_1_508' title='bbox 469 5541 810 5615; x_wconf 83' lang='lat' dir='ltr'><strong>discendum)</strong></span> <span class='ocrx_word' id='word_1_509' title='bbox 839 5545 856 5618; x_wconf 88' lang='lat'><strong>]</strong></span> <span class='ocrx_word' id='word_1_510' title='bbox 887 5586 902 5611; x_wconf 94' lang='lat'><strong>,</strong></span> <span class='ocrx_word' id='word_1_511' title='bbox 952 5563 1115 5616; x_wconf 85' lang='lat' dir='ltr'><strong>quain</strong></span> <span class='ocrx_word' id='word_1_512' title='bbox 1157 5547 1359 5605; x_wconf 87' lang='lat' dir='ltr'><strong>curiosi</strong></span> <span class='ocrx_word' id='word_1_513' title='bbox 1390 5551 1550 5606; x_wconf 86' lang='lat' dir='ltr'><strong>modo</strong></span> <span class='ocrx_word' id='word_1_514' title='bbox 1586 5552 1717 5607; x_wconf 88' lang='lat' dir='ltr'><strong>estis</strong></span> <span class='ocrx_word' id='word_1_515' title='bbox 1771 5555 1839 5610; x_wconf 91' lang='lat' dir='ltr'><strong>ad</strong></span> 
     </span>
    </p>
   </div>
   <div class='ocr_carea' id='block_1_74' title="bbox 245 5633 1840 5720">
    <p class='ocr_par' dir='ltr' id='par_1_74' title="bbox 245 5633 1840 5720">
     <span class='ocr_line' id='line_1_74' title="bbox 245 5633 1840 5720; baseline 0.012 -34"><span class='ocrx_word' id='word_1_516' title='bbox 245 5633 565 5692; x_wconf 80' lang='lat' dir='ltr'><strong>videndum:</strong></span> <span class='ocrx_word' id='word_1_517' title='bbox 593 5643 973 5710; x_wconf 85' lang='lat' dir='ltr'><strong>grammatica,</strong></span> <span class='ocrx_word' id='word_1_518' title='bbox 993 5643 1263 5699; x_wconf 85' lang='lat' dir='ltr'><strong>rhetorica</strong></span> <span class='ocrx_word' id='word_1_519' title='bbox 1293 5643 1645 5720; x_wconf 89' lang='lat' dir='ltr'><strong>[dialectica],</strong></span> <span class='ocrx_word' id='word_1_520' title='bbox 1671 5648 1840 5705; x_wconf 88' lang='lat' dir='ltr'><strong>arith-</strong></span> 
     </span>
    </p>
   </div>
   <div class='ocr_carea' id='block_1_75' title="bbox 320 5747 2661 5838">
    <p class='ocr_par' dir='ltr' id='par_1_75' title="bbox 320 5747 2661 5838">
     <span class='ocr_line' id='line_1_75' title="bbox 320 5747 2661 5838; baseline 0.01 -36"><span class='ocrx_word' id='word_1_521' title='bbox 320 5747 584 5838; x_wconf 46' lang='lat' dir='ltr'><strong>t&#39;_.&#39;lp.c‘nd.</strong></span> <span class='ocrx_word' id='word_1_522' title='bbox 619 5753 880 5838; x_wconf 43' lang='lat' dir='ltr'><strong>insuiteg.</strong></span> <span class='ocrx_word' id='word_1_523' title='bbox 906 5752 1197 5838; x_wconf 53' lang='lat' dir='ltr'><strong>i’aﬁsiensi</strong></span> <span class='ocrx_word' id='word_1_524' title='bbox 1226 5758 1474 5828; x_wconf 79' lang='lat' dir='ltr'><strong>sequenti</strong></span> <span class='ocrx_word' id='word_1_525' title='bbox 1495 5758 1716 5834; x_wconf 82' lang='lat' dir='ltr'><strong>Dialogo</strong></span> <span class='ocrx_word' id='word_1_526' title='bbox 1737 5759 1826 5821; x_wconf 86' lang='lat' dir='ltr'><strong>hic</strong></span> <span class='ocrx_word' id='word_1_527' title='bbox 1860 5765 2155 5838; x_wconf 73' lang='lat' dir='ltr'><strong>pnnﬁgitur</strong></span> <span class='ocrx_word' id='word_1_528' title='bbox 2201 5766 2420 5826; x_wconf 88' lang='lat' dir='ltr'><strong>titulus:</strong></span> <span class='ocrx_word' id='word_1_529' title='bbox 2453 5767 2661 5825; x_wconf 81' lang='lat' dir='ltr'><strong>Alcuini</strong></span> 
     </span>
    </p>
   </div>
   <div class='ocr_carea' id='block_1_76' title="bbox 247 5815 1107 5897">
    <p class='ocr_par' dir='ltr' id='par_1_76' title="bbox 247 5815 1107 5897">
     <span class='ocr_line' id='line_1_76' title="bbox 247 5815 1107 5897; baseline 0.012 -27"><span class='ocrx_word' id='word_1_530' title='bbox 247 5815 634 5889; x_wconf 63' lang='lat' dir='ltr'><strong>Huc/uiridium,</strong></span> <span class='ocrx_word' id='word_1_531' title='bbox 667 5815 889 5894; x_wconf 63' lang='lat' dir='ltr'><strong>felicitér</strong></span> <span class='ocrx_word' id='word_1_532' title='bbox 911 5825 1107 5897; x_wconf 78' lang='lat' dir='ltr'><strong>incipit.</strong></span> 
     </span>
    </p>
   </div>
   <div class='ocr_carea' id='block_1_77' title="bbox 1936 1947 3530 2021">
    <p class='ocr_par' dir='ltr' id='par_1_77' title="bbox 1936 1947 3530 2021">
     <span class='ocr_line' id='line_1_77' title="bbox 1936 1947 3530 2021; baseline 0 -16"><span class='ocrx_word' id='word_1_533' title='bbox 1936 1947 2171 2016; x_wconf 72' lang='lat' dir='ltr'><strong>Franw,</strong></span> <span class='ocrx_word' id='word_1_534' title='bbox 2204 1949 2341 2006; x_wconf 88' lang='lat' dir='ltr'><strong>alter</strong></span> <span class='ocrx_word' id='word_1_535' title='bbox 2373 1949 2539 2016; x_wconf 80' lang='lat' dir='ltr'><strong>Saxo,</strong></span> <span class='ocrx_word' id='word_1_536' title='bbox 2558 1949 2650 2020; x_wconf 90' lang='lat' dir='ltr'><strong>qui</strong></span> <span class='ocrx_word' id='word_1_537' title='bbox 2679 1949 2992 2021; x_wconf 90' lang='lat' dir='ltr'><strong>nuperrime</strong></span> <span class='ocrx_word' id='word_1_538' title='bbox 3022 1949 3229 2020; x_wconf 90' lang='lat' dir='ltr'><strong>spineta</strong></span> <span class='ocrx_word' id='word_1_539' title='bbox 3257 1964 3530 2020; x_wconf 83' lang='lat' dir='ltr'><strong>gramma-</strong></span> 
     </span>
    </p>
   </div>
   <div class='ocr_carea' id='block_1_78' title="bbox 1937 2038 3534 2113">
    <p class='ocr_par' dir='ltr' id='par_1_78' title="bbox 1937 2038 3534 2113">
     <span class='ocr_line' id='line_1_78' title="bbox 1937 2038 3534 2113; baseline -0.001 -16"><span class='ocrx_word' id='word_1_540' title='bbox 1937 2041 2058 2097; x_wconf 76' lang='lat' dir='ltr'><strong>tica:</strong></span> <span class='ocrx_word' id='word_1_541' title='bbox 2086 2041 2371 2097; x_wconf 86' lang='lat' dir='ltr'><strong>densitatis</strong></span> <span class='ocrx_word' id='word_1_542' title='bbox 2400 2042 2731 2113; x_wconf 89' lang='lat' dir='ltr'><strong>irruperunt.</strong></span> <span class='ocrx_word' id='word_1_543' title='bbox 2794 2039 3137 2110; x_wconf 86' lang='lat' dir='ltr'><strong>Quapropter</strong></span> <span class='ocrx_word' id='word_1_544' title='bbox 3169 2038 3368 2111; x_wconf 89' lang='lat' dir='ltr'><strong>placuit</strong></span> <span class='ocrx_word' id='word_1_545' title='bbox 3423 2039 3534 2096; x_wconf 88' lang='lat' dir='ltr'><strong>illis</strong></span> 
     </span>
    </p>
   </div>
   <div class='ocr_carea' id='block_1_79' title="bbox 1935 2129 3535 2205">
    <p class='ocr_par' dir='ltr' id='par_1_79' title="bbox 1935 2129 3535 2205">
     <span class='ocr_line' id='line_1_79' title="bbox 1935 2129 3535 2205; baseline 0.001 -19"><span class='ocrx_word' id='word_1_546' title='bbox 1935 2145 2142 2203; x_wconf 88' lang='lat' dir='ltr'><strong>paucas</strong></span> <span class='ocrx_word' id='word_1_547' title='bbox 2159 2129 2407 2188; x_wconf 90' lang='lat' dir='ltr'><strong>litteralis</strong></span> <span class='ocrx_word' id='word_1_548' title='bbox 2436 2129 2592 2205; x_wconf 80' lang='lat' dir='ltr'><strong>[Ms.,</strong></span> <span class='ocrx_word' id='word_1_549' title='bbox 2621 2131 2813 2202; x_wconf 86' lang='lat' dir='ltr'><strong>paucis</strong></span> <span class='ocrx_word' id='word_1_550' title='bbox 2840 2129 3115 2203; x_wconf 84' lang='lat' dir='ltr'><strong>litterulis]</strong></span> <span class='ocrx_word' id='word_1_551' title='bbox 3156 2131 3394 2188; x_wconf 75' lang='lat' dir='ltr'><strong>scientia:</strong></span> <span class='ocrx_word' id='word_1_552' title='bbox 3442 2145 3535 2187; x_wconf 87' lang='lat' dir='ltr'><strong>re-</strong></span> 
     </span>
    </p>
   </div>
   <div class='ocr_carea' id='block_1_80' title="bbox 1937 2223 3535 2296">
    <p class='ocr_par' dir='ltr' id='par_1_80' title="bbox 1937 2223 3535 2296">
     <span class='ocr_line' id='line_1_80' title="bbox 1937 2223 3535 2296; baseline -0.002 -16"><span class='ocrx_word' id='word_1_553' title='bbox 1937 2223 2093 2296; x_wconf 85' lang='lat' dir='ltr'><strong>gulas</strong></span> <span class='ocrx_word' id='word_1_554' title='bbox 2123 2223 2401 2280; x_wconf 75' lang='lat' dir='ltr'><strong>memoriae</strong></span> <span class='ocrx_word' id='word_1_555' title='bbox 2424 2239 2590 2282; x_wconf 83' lang='lat' dir='ltr'><strong>causa</strong></span> <span class='ocrx_word' id='word_1_556' title='bbox 2612 2239 2710 2295; x_wconf 88' lang='lat' dir='ltr'><strong>per</strong></span> <span class='ocrx_word' id='word_1_557' title='bbox 2734 2223 3190 2296; x_wconf 86' lang='lat' dir='ltr'><strong>interrogationes</strong></span> <span class='ocrx_word' id='word_1_558' title='bbox 3215 2230 3272 2279; x_wconf 88' lang='lat' dir='ltr'><strong>et</strong></span> <span class='ocrx_word' id='word_1_559' title='bbox 3310 2237 3535 2294; x_wconf 84' lang='lat' dir='ltr'><strong>respon-</strong></span> 
     </span>
    </p>
   </div>
   <div class='ocr_carea' id='block_1_81' title="bbox 1939 2317 2459 2389">
    <p class='ocr_par' dir='ltr' id='par_1_81' title="bbox 1939 2317 2459 2389">
     <span class='ocr_line' id='line_1_81' title="bbox 1939 2317 2459 2389; baseline 0 -17"><span class='ocrx_word' id='word_1_560' title='bbox 1939 2317 2121 2377; x_wconf 85' lang='lat' dir='ltr'><strong>siones</strong></span> <span class='ocrx_word' id='word_1_561' title='bbox 2146 2330 2459 2389; x_wconf 79' lang='lat' dir='ltr'><strong>excerpere.</strong></span> 
     </span>
    </p>
   </div>
   <div class='ocr_carea' id='block_1_82' title="bbox 2007 2407 3532 2481">
    <p class='ocr_par' dir='ltr' id='par_1_82' title="bbox 2007 2407 3532 2481">
     <span class='ocr_line' id='line_1_82' title="bbox 2007 2407 3532 2481; baseline -0.001 -17"><span class='ocrx_word' id='word_1_562' title='bbox 2007 2409 2079 2464; x_wconf 81' lang='lat' dir='ltr'><strong>At</strong></span> <span class='ocrx_word' id='word_1_563' title='bbox 2097 2410 2250 2481; x_wconf 88' lang='lat' dir='ltr'><strong>prior</strong></span> <span class='ocrx_word' id='word_1_564' title='bbox 2272 2409 2489 2466; x_wconf 86' lang='lat' dir='ltr'><strong>illorum</strong></span> <span class='ocrx_word' id='word_1_565' title='bbox 2519 2408 2736 2466; x_wconf 86' lang='lat' dir='ltr'><strong>Franco</strong></span> <span class='ocrx_word' id='word_1_566' title='bbox 2762 2409 2898 2466; x_wconf 81' lang='lat' dir='ltr'><strong>dixit</strong></span> <span class='ocrx_word' id='word_1_567' title='bbox 2929 2408 3164 2465; x_wconf 78' lang='lat' dir='ltr'><strong>Saxoni:</strong></span> <span class='ocrx_word' id='word_1_568' title='bbox 3215 2407 3335 2473; x_wconf 85' lang='lat' dir='ltr'><strong>Eia,</strong></span> <span class='ocrx_word' id='word_1_569' title='bbox 3361 2407 3532 2473; x_wconf 76' lang='lat' dir='ltr'><strong>Saxo,</strong></span> 
     </span>
    </p>
   </div>
   <div class='ocr_carea' id='block_1_83' title="bbox 1939 2499 3532 2576">
    <p class='ocr_par' dir='ltr' id='par_1_83' title="bbox 1939 2499 3532 2576">
     <span class='ocr_line' id='line_1_83' title="bbox 1939 2499 3532 2576; baseline -0.003 -17"><span class='ocrx_word' id='word_1_570' title='bbox 1939 2516 2028 2559; x_wconf 87' lang='lat' dir='ltr'><strong>me</strong></span> <span class='ocrx_word' id='word_1_571' title='bbox 2052 2503 2424 2575; x_wconf 84' lang='lat' dir='ltr'><strong>interrogante</strong></span> <span class='ocrx_word' id='word_1_572' title='bbox 2442 2502 2731 2575; x_wconf 89' lang='lat' dir='ltr'><strong>responde,</strong></span> <span class='ocrx_word' id='word_1_573' title='bbox 2770 2502 2898 2576; x_wconf 90' lang='lat' dir='ltr'><strong>quia</strong></span> <span class='ocrx_word' id='word_1_574' title='bbox 2925 2511 2983 2558; x_wconf 92' lang='lat' dir='ltr'><strong>tu</strong></span> <span class='ocrx_word' id='word_1_575' title='bbox 3007 2502 3232 2575; x_wconf 88' lang='lat' dir='ltr'><strong>majoris</strong></span> <span class='ocrx_word' id='word_1_576' title='bbox 3251 2516 3314 2557; x_wconf 90' lang='lat' dir='ltr'><strong>es</strong></span> <span class='ocrx_word' id='word_1_577' title='bbox 3335 2499 3532 2557; x_wconf 72' lang='lat' dir='ltr'><strong>anatis.</strong></span> 
     </span>
    </p>
   </div>
   <div class='ocr_carea' id='block_1_84' title="bbox 1939 2592 3538 2666">
    <p class='ocr_par' dir='ltr' id='par_1_84' title="bbox 1939 2592 3538 2666">
     <span class='ocr_line' id='line_1_84' title="bbox 1939 2592 3538 2666; baseline -0.002 -16"><span class='ocrx_word' id='word_1_578' title='bbox 1939 2593 2051 2666; x_wconf 83' lang='lat' dir='ltr'><strong>Ego</strong></span> <span class='ocrx_word' id='word_1_579' title='bbox 2071 2609 2163 2649; x_wconf 71' lang='grc' dir='ltr'><strong>ιη</strong></span> <span class='ocrx_word' id='word_1_580' title='bbox 2186 2611 2451 2651; x_wconf 89' lang='lat' dir='ltr'><strong>annorum</strong></span> <span class='ocrx_word' id='word_1_581' title='bbox 2475 2611 2490 2663; x_wconf 91' lang='lat'><strong>;</strong></span> <span class='ocrx_word' id='word_1_582' title='bbox 2523 2603 2580 2650; x_wconf 93' lang='lat' dir='ltr'><strong>tu</strong></span> <span class='ocrx_word' id='word_1_583' title='bbox 2604 2603 2667 2651; x_wconf 89' lang='lat' dir='ltr'><strong>ut</strong></span> <span class='ocrx_word' id='word_1_584' title='bbox 2687 2610 2815 2652; x_wconf 88' lang='lat' dir='ltr'><strong>reor</strong></span> <span class='ocrx_word' id='word_1_585' title='bbox 2841 2611 2932 2652; x_wconf 79' lang='lat' dir='ltr'><strong>xv.</strong></span> <span class='ocrx_word' id='word_1_586' title='bbox 2988 2594 3072 2650; x_wconf 81' lang='lat' dir='ltr'><strong>Ad</strong></span> <span class='ocrx_word' id='word_1_587' title='bbox 3112 2595 3228 2651; x_wconf 71' lang='lat' dir='ltr'><strong>lucc</strong></span> <span class='ocrx_word' id='word_1_588' title='bbox 3252 2592 3398 2648; x_wconf 77' lang='lat' dir='ltr'><strong>Saxo</strong></span> <span class='ocrx_word' id='word_1_589' title='bbox 3451 2607 3538 2648; x_wconf 90' lang='lat' dir='ltr'><strong>re-</strong></span> 
     </span>
    </p>
   </div>
   <div class='ocr_carea' id='block_1_85' title="bbox 1938 2683 3540 2759">
    <p class='ocr_par' dir='ltr' id='par_1_85' title="bbox 1938 2683 3540 2759">
     <span class='ocr_line' id='line_1_85' title="bbox 1938 2683 3540 2759; baseline 0.001 -19"><span class='ocrx_word' id='word_1_590' title='bbox 1938 2684 2188 2755; x_wconf 88' lang='lat' dir='ltr'><strong>spondit:</strong></span> <span class='ocrx_word' id='word_1_591' title='bbox 2243 2684 2498 2753; x_wconf 82' lang='lat' dir='ltr'><strong>Faciam;</strong></span> <span class='ocrx_word' id='word_1_592' title='bbox 2528 2687 2603 2742; x_wconf 90' lang='lat' dir='ltr'><strong>ita</strong></span> <span class='ocrx_word' id='word_1_593' title='bbox 2627 2695 2825 2752; x_wconf 88' lang='lat' dir='ltr'><strong>tamen,</strong></span> <span class='ocrx_word' id='word_1_594' title='bbox 2853 2695 2914 2743; x_wconf 92' lang='lat' dir='ltr'><strong>ut</strong></span> <span class='ocrx_word' id='word_1_595' title='bbox 2939 2686 2987 2743; x_wconf 86' lang='lat' dir='ltr'><strong>si</strong></span> <span class='ocrx_word' id='word_1_596' title='bbox 3009 2686 3141 2759; x_wconf 87' lang='lat' dir='ltr'><strong>quid</strong></span> <span class='ocrx_word' id='word_1_597' title='bbox 3164 2685 3326 2741; x_wconf 89' lang='lat' dir='ltr'><strong>altius</strong></span> <span class='ocrx_word' id='word_1_598' title='bbox 3353 2686 3422 2741; x_wconf 91' lang='lat' dir='ltr'><strong>sit</strong></span> <span class='ocrx_word' id='word_1_599' title='bbox 3452 2683 3540 2741; x_wconf 87' lang='lat' dir='ltr'><strong>in-</strong></span> 
     </span>
    </p>
   </div>
   <div class='ocr_carea' id='block_1_86' title="bbox 1939 2775 3537 2851">
    <p class='ocr_par' dir='ltr' id='par_1_86' title="bbox 1939 2775 3537 2851">
     <span class='ocr_line' id='line_1_86' title="bbox 1939 2775 3537 2851; baseline -0.001 -17"><span class='ocrx_word' id='word_1_600' title='bbox 1939 2777 2344 2848; x_wconf 84' lang='lat' dir='ltr'><strong>terrogandum,</strong></span> <span class='ocrx_word' id='word_1_601' title='bbox 2359 2778 2443 2836; x_wconf 89' lang='lat' dir='ltr'><strong>vel</strong></span> <span class='ocrx_word' id='word_1_602' title='bbox 2461 2794 2527 2836; x_wconf 80' lang='lat' dir='ltr'><strong>ex</strong></span> <span class='ocrx_word' id='word_1_603' title='bbox 2546 2778 2919 2850; x_wconf 89' lang='lat' dir='ltr'><strong>philosophica</strong></span> <span class='ocrx_word' id='word_1_604' title='bbox 2943 2778 3229 2851; x_wconf 89' lang='lat' dir='ltr'><strong>disciplina</strong></span> <span class='ocrx_word' id='word_1_605' title='bbox 3255 2775 3537 2848; x_wconf 87' lang='lat' dir='ltr'><strong>proferen-</strong></span> 
     </span>
    </p>
   </div>
   <div class='ocr_carea' id='block_1_87' title="bbox 1939 2865 3006 2943">
    <p class='ocr_par' dir='ltr' id='par_1_87' title="bbox 1939 2865 3006 2943">
     <span class='ocr_line' id='line_1_87' title="bbox 1939 2865 3006 2943; baseline 0.002 -19"><span class='ocrx_word' id='word_1_606' title='bbox 1939 2865 2093 2935; x_wconf 90' lang='lat' dir='ltr'><strong>dum,</strong></span> <span class='ocrx_word' id='word_1_607' title='bbox 2123 2867 2285 2926; x_wconf 86' lang='lat' dir='ltr'><strong>liceat</strong></span> <span class='ocrx_word' id='word_1_608' title='bbox 2306 2869 2626 2942; x_wconf 90' lang='lat' dir='ltr'><strong>magistrum</strong></span> <span class='ocrx_word' id='word_1_609' title='bbox 2649 2871 3006 2943; x_wconf 86' lang='lat' dir='ltr'><strong>interrogare.</strong></span> 
     </span>
    </p>
   </div>
   <div class='ocr_carea' id='block_1_88' title="bbox 2010 2959 3530 3036">
    <p class='ocr_par' dir='ltr' id='par_1_88' title="bbox 2010 2959 3530 3036">
     <span class='ocr_line' id='line_1_88' title="bbox 2010 2959 3530 3036; baseline 0.002 -21"><span class='ocrx_word' id='word_1_610' title='bbox 2010 2959 2094 3017; x_wconf 80' lang='lat' dir='ltr'><strong>Ad</strong></span> <span class='ocrx_word' id='word_1_611' title='bbox 2119 2960 2236 3018; x_wconf 67' lang='lat' dir='ltr'><strong>haec</strong></span> <span class='ocrx_word' id='word_1_612' title='bbox 2264 2963 2558 3034; x_wconf 84' lang='lat' dir='ltr'><strong>magister:</strong></span> <span class='ocrx_word' id='word_1_613' title='bbox 2597 2961 2802 3030; x_wconf 83' lang='lat' dir='ltr'><strong>Placet,</strong></span> <span class='ocrx_word' id='word_1_614' title='bbox 2835 2963 2956 3031; x_wconf 86' lang='lat' dir='ltr'><strong>ﬁlii,</strong></span> <span class='ocrx_word' id='word_1_615' title='bbox 2987 2964 3286 3036; x_wconf 88' lang='lat' dir='ltr'><strong>propositio</strong></span> <span class='ocrx_word' id='word_1_616' title='bbox 3316 2972 3530 3021; x_wconf 88' lang='lat' dir='ltr'><strong>vestra:</strong></span> 
     </span>
    </p>
   </div>
   <div class='ocr_carea' id='block_1_89' title="bbox 1942 3049 3536 3126">
    <p class='ocr_par' dir='ltr' id='par_1_89' title="bbox 1942 3049 3536 3126">
     <span class='ocr_line' id='line_1_89' title="bbox 1942 3049 3536 3126; baseline 0.003 -19"><span class='ocrx_word' id='word_1_617' title='bbox 1942 3058 1997 3107; x_wconf 89' lang='lat' dir='ltr'><strong>et</strong></span> <span class='ocrx_word' id='word_1_618' title='bbox 2022 3049 2194 3107; x_wconf 87' lang='lat' dir='ltr'><strong>libens</strong></span> <span class='ocrx_word' id='word_1_619' title='bbox 2215 3067 2397 3109; x_wconf 89' lang='lat' dir='ltr'><strong>annuo</strong></span> <span class='ocrx_word' id='word_1_620' title='bbox 2418 3061 2612 3110; x_wconf 72' lang='lat' dir='ltr'><strong>vestrm</strong></span> <span class='ocrx_word' id='word_1_621' title='bbox 2635 3054 2944 3126; x_wconf 84' lang='lat' dir='ltr'><strong>sagacitati.</strong></span> <span class='ocrx_word' id='word_1_622' title='bbox 3017 3053 3087 3110; x_wconf 87' lang='lat' dir='ltr'><strong>Et</strong></span> <span class='ocrx_word' id='word_1_623' title='bbox 3109 3054 3345 3126; x_wconf 88' lang='lat' dir='ltr'><strong>primum</strong></span> <span class='ocrx_word' id='word_1_624' title='bbox 3371 3053 3536 3112; x_wconf 82' lang='lat' dir='ltr'><strong>dicite</strong></span> 
     </span>
    </p>
   </div>
   <div class='ocr_carea' id='block_1_90' title="bbox 1942 3142 3535 3220">
    <p class='ocr_par' dir='ltr' id='par_1_90' title="bbox 1942 3142 3535 3220">
     <span class='ocr_line' id='line_1_90' title="bbox 1942 3142 3535 3220; baseline 0.003 -20"><span class='ocrx_word' id='word_1_625' title='bbox 1942 3144 2086 3200; x_wconf 88' lang='lat' dir='ltr'><strong>unde</strong></span> <span class='ocrx_word' id='word_1_626' title='bbox 2105 3142 2389 3219; x_wconf 86' lang='lat' dir='ltr'><strong>[primum]</strong></span> <span class='ocrx_word' id='word_1_627' title='bbox 2411 3156 2650 3202; x_wconf 88' lang='lat' dir='ltr'><strong>vestram</strong></span> <span class='ocrx_word' id='word_1_628' title='bbox 2680 3148 3091 3204; x_wconf 86' lang='lat' dir='ltr'><strong>convenientius</strong></span> <span class='ocrx_word' id='word_1_629' title='bbox 3115 3147 3535 3220; x_wconf 87' lang='lat' dir='ltr'><strong>disputationem</strong></span> 
     </span>
    </p>
   </div>
   <div class='ocr_carea' id='block_1_91' title="bbox 1868 3229 2868 3312">
    <p class='ocr_par' dir='ltr' id='par_1_91' title="bbox 1868 3229 2868 3312">
     <span class='ocr_line' id='line_1_91' title="bbox 1868 3229 2868 3312; baseline -0.002 -14"><span class='ocrx_word' id='word_1_630' title='bbox 1868 3229 1918 3298; x_wconf 85' lang='lat' dir='ltr'><strong><em>C</em></strong></span> <span class='ocrx_word' id='word_1_631' title='bbox 1946 3254 2067 3296; x_wconf 89' lang='lat' dir='ltr'><strong>esse</strong></span> <span class='ocrx_word' id='word_1_632' title='bbox 2091 3239 2434 3296; x_wconf 87' lang='lat' dir='ltr'><strong>arbitramini</strong></span> <span class='ocrx_word' id='word_1_633' title='bbox 2463 3239 2868 3312; x_wconf 87' lang='lat' dir='ltr'><strong>incipiendam?</strong></span> 
     </span>
    </p>
   </div>
   <div class='ocr_carea' id='block_1_92' title="bbox 2014 3331 3535 3404">
    <p class='ocr_par' dir='ltr' id='par_1_92' title="bbox 2014 3331 3535 3404">
     <span class='ocr_line' id='line_1_92' title="bbox 2014 3331 3535 3404; baseline 0.001 -17"><span class='ocrx_word' id='word_1_634' title='bbox 2014 3331 2127 3388; x_wconf 84' lang='lat' dir='ltr'><strong>Dis.</strong></span> <span class='ocrx_word' id='word_1_635' title='bbox 2170 3331 2343 3398; x_wconf 85' lang='lat' dir='ltr'><strong>Unde,</strong></span> <span class='ocrx_word' id='word_1_636' title='bbox 2387 3333 2604 3388; x_wconf 89' lang='lat' dir='ltr'><strong>domine</strong></span> <span class='ocrx_word' id='word_1_637' title='bbox 2642 3334 2922 3404; x_wconf 81' lang='lat' dir='ltr'><strong>magister.</strong></span> <span class='ocrx_word' id='word_1_638' title='bbox 2972 3333 3076 3390; x_wconf 88' lang='lat' dir='ltr'><strong>nisi</strong></span> <span class='ocrx_word' id='word_1_639' title='bbox 3129 3349 3160 3388; x_wconf 90' lang='lat' dir='ltr'><strong>a</strong></span> <span class='ocrx_word' id='word_1_640' title='bbox 3211 3332 3427 3390; x_wconf 83' lang='lat' dir='ltr'><strong>littera?</strong></span> <span class='ocrx_word' id='word_1_641' title='bbox 3463 3362 3535 3375; x_wconf 90' lang='lat'><strong>-</strong></span> 
     </span>
    </p>
   </div>
   <div class='ocr_carea' id='block_1_93' title="bbox 1945 3423 3538 3498">
    <p class='ocr_par' dir='ltr' id='par_1_93' title="bbox 1945 3423 3538 3498">
     <span class='ocr_line' id='line_1_93' title="bbox 1945 3423 3538 3498; baseline 0.001 -18"><span class='ocrx_word' id='word_1_642' title='bbox 1945 3423 2084 3482; x_wconf 73' lang='lat' dir='ltr'><strong>MAG.</strong></span> <span class='ocrx_word' id='word_1_643' title='bbox 2118 3424 2264 3483; x_wconf 89' lang='lat' dir='ltr'><strong>Bene</strong></span> <span class='ocrx_word' id='word_1_644' title='bbox 2288 3425 2650 3493; x_wconf 80' lang='lat' dir='ltr'><strong>arbitramini,</strong></span> <span class='ocrx_word' id='word_1_645' title='bbox 2705 3426 2754 3483; x_wconf 87' lang='lat' dir='ltr'><strong>si</strong></span> <span class='ocrx_word' id='word_1_646' title='bbox 2783 3442 2892 3484; x_wconf 90' lang='lat' dir='ltr'><strong>non</strong></span> <span class='ocrx_word' id='word_1_647' title='bbox 2929 3425 3286 3498; x_wconf 66' lang='lat' dir='ltr'><strong>philosophiae</strong></span> <span class='ocrx_word' id='word_1_648' title='bbox 3332 3441 3538 3481; x_wconf 84' lang='lat' dir='ltr'><strong>uicino-</strong></span> 
     </span>
    </p>
   </div>
   <div class='ocr_carea' id='block_1_94' title="bbox 1943 3513 3537 3592">
    <p class='ocr_par' dir='ltr' id='par_1_94' title="bbox 1943 3513 3537 3592">
     <span class='ocr_line' id='line_1_94' title="bbox 1943 3513 3537 3592; baseline -0.001 -19"><span class='ocrx_word' id='word_1_649' title='bbox 1943 3517 2082 3574; x_wconf 87' lang='lat' dir='ltr'><strong>riam</strong></span> <span class='ocrx_word' id='word_1_650' title='bbox 2106 3516 2268 3588; x_wconf 78' lang='lat' dir='ltr'><strong>paulo</strong></span> <span class='ocrx_word' id='word_1_651' title='bbox 2294 3517 2446 3588; x_wconf 88' lang='lat' dir='ltr'><strong>prius</strong></span> <span class='ocrx_word' id='word_1_652' title='bbox 2464 3515 2732 3574; x_wconf 86' lang='lat' dir='ltr'><strong>fecissetis</strong></span> <span class='ocrx_word' id='word_1_653' title='bbox 2772 3516 2922 3592; x_wconf 61' lang='grc' dir='ltr'><strong>μη,</strong></span> <span class='ocrx_word' id='word_1_654' title='bbox 2960 3516 3320 3590; x_wconf 85' lang='lat' dir='ltr'><strong>fecissemus].</strong></span> <span class='ocrx_word' id='word_1_655' title='bbox 3381 3513 3537 3573; x_wconf 84' lang='lat' dir='ltr'><strong>Unde</strong></span> 
     </span>
    </p>
   </div>
   <div class='ocr_carea' id='block_1_95' title="bbox 1941 3608 3537 3679">
    <p class='ocr_par' dir='ltr' id='par_1_95' title="bbox 1941 3608 3537 3679">
     <span class='ocr_line' id='line_1_95' title="bbox 1941 3608 3537 3679; baseline 0 -15"><span class='ocrx_word' id='word_1_656' title='bbox 1941 3623 1972 3664; x_wconf 89' lang='lat' dir='ltr'><strong>a</strong></span> <span class='ocrx_word' id='word_1_657' title='bbox 2012 3622 2162 3675; x_wconf 89' lang='lat' dir='ltr'><strong>voce,</strong></span> <span class='ocrx_word' id='word_1_658' title='bbox 2216 3608 2374 3679; x_wconf 84' lang='lat' dir='ltr'><strong>cujus</strong></span> <span class='ocrx_word' id='word_1_659' title='bbox 2398 3625 2562 3666; x_wconf 89' lang='lat' dir='ltr'><strong>causa</strong></span> <span class='ocrx_word' id='word_1_660' title='bbox 2593 3610 2787 3668; x_wconf 70' lang='lat' dir='ltr'><strong>litterae</strong></span> <span class='ocrx_word' id='word_1_661' title='bbox 2827 3621 2954 3666; x_wconf 86' lang='lat' dir='ltr'><strong>sunt</strong></span> <span class='ocrx_word' id='word_1_662' title='bbox 2981 3611 3237 3677; x_wconf 61' lang='lat' dir='ltr'><strong>inventas,</strong></span> <span class='ocrx_word' id='word_1_663' title='bbox 3274 3610 3537 3666; x_wconf 89' lang='lat' dir='ltr'><strong>inchoan-</strong></span> 
     </span>
    </p>
   </div>
   <div class='ocr_carea' id='block_1_96' title="bbox 1941 3698 3537 3775">
    <p class='ocr_par' dir='ltr' id='par_1_96' title="bbox 1941 3698 3537 3775">
     <span class='ocr_line' id='line_1_96' title="bbox 1941 3698 3537 3775; baseline 0 -19"><span class='ocrx_word' id='word_1_664' title='bbox 1941 3698 2066 3756; x_wconf 89' lang='lat' dir='ltr'><strong>dam</strong></span> <span class='ocrx_word' id='word_1_665' title='bbox 2086 3698 2514 3771; x_wconf 88' lang='lat' dir='ltr'><strong>disputationem</strong></span> <span class='ocrx_word' id='word_1_666' title='bbox 2537 3709 2750 3758; x_wconf 87' lang='lat' dir='ltr'><strong>constat</strong></span> <span class='ocrx_word' id='word_1_667' title='bbox 2785 3699 2939 3775; x_wconf 76' lang='lat' dir='ltr'><strong>[Ma.,</strong></span> <span class='ocrx_word' id='word_1_668' title='bbox 2965 3700 3217 3774; x_wconf 87' lang='lat' dir='ltr'><strong>censeo]:</strong></span> <span class='ocrx_word' id='word_1_669' title='bbox 3249 3700 3334 3755; x_wconf 86' lang='lat' dir='ltr'><strong>vel</strong></span> <span class='ocrx_word' id='word_1_670' title='bbox 3365 3701 3537 3771; x_wconf 84' lang='lat' dir='ltr'><strong>magis</strong></span> 
     </span>
    </p>
   </div>
   <div class='ocr_carea' id='block_1_97' title="bbox 1940 3791 3538 3866">
    <p class='ocr_par' dir='ltr' id='par_1_97' title="bbox 1940 3791 3538 3866">
     <span class='ocr_line' id='line_1_97' title="bbox 1940 3791 3538 3866; baseline 0 -19"><span class='ocrx_word' id='word_1_671' title='bbox 1940 3792 2118 3866; x_wconf 89' lang='lat' dir='ltr'><strong>primo</strong></span> <span class='ocrx_word' id='word_1_672' title='bbox 2169 3793 2410 3850; x_wconf 89' lang='lat' dir='ltr'><strong>omnium</strong></span> <span class='ocrx_word' id='word_1_673' title='bbox 2457 3793 2903 3866; x_wconf 81' lang='lat' dir='ltr'><strong>interrogandum</strong></span> <span class='ocrx_word' id='word_1_674' title='bbox 2955 3802 3072 3860; x_wconf 86' lang='lat' dir='ltr'><strong>est,</strong></span> <span class='ocrx_word' id='word_1_675' title='bbox 3115 3791 3310 3864; x_wconf 85' lang='lat' dir='ltr'><strong>quibus</strong></span> <span class='ocrx_word' id='word_1_676' title='bbox 3361 3791 3538 3847; x_wconf 85' lang='lat' dir='ltr'><strong>modis</strong></span> 
     </span>
    </p>
   </div>
   <div class='ocr_carea' id='block_1_98' title="bbox 1938 3888 2537 3959">
    <p class='ocr_par' dir='ltr' id='par_1_98' title="bbox 1938 3888 2537 3959">
     <span class='ocr_line' id='line_1_98' title="bbox 1938 3888 2537 3959; baseline 0 -16"><span class='ocrx_word' id='word_1_677' title='bbox 1938 3894 2156 3943; x_wconf 84' lang='lat' dir='ltr'><strong>constet</strong></span> <span class='ocrx_word' id='word_1_678' title='bbox 2187 3888 2485 3959; x_wconf 84' lang='lat' dir='ltr'><strong>disputatio</strong></span> <span class='ocrx_word' id='word_1_679' title='bbox 2511 3888 2537 3943; x_wconf 70' lang='grc' dir='ltr'><em>ἳ</em></span> 
     </span>
    </p>
   </div>
   <div class='ocr_carea' id='block_1_99' title="bbox 2011 3977 3534 4053">
    <p class='ocr_par' dir='ltr' id='par_1_99' title="bbox 2011 3977 3534 4053">
     <span class='ocr_line' id='line_1_99' title="bbox 2011 3977 3534 4053; baseline 0.001 -20"><span class='ocrx_word' id='word_1_680' title='bbox 2011 3977 2122 4034; x_wconf 84' lang='lat' dir='ltr'><strong>Dis.</strong></span> <span class='ocrx_word' id='word_1_681' title='bbox 2165 3978 2231 4034; x_wconf 89' lang='lat' dir='ltr'><strong>Et</strong></span> <span class='ocrx_word' id='word_1_682' title='bbox 2262 3995 2293 4034; x_wconf 89' lang='lat' dir='ltr'><strong>a</strong></span> <span class='ocrx_word' id='word_1_683' title='bbox 2337 3987 2412 4046; x_wconf 89' lang='lat' dir='ltr'><strong>te,</strong></span> <span class='ocrx_word' id='word_1_684' title='bbox 2464 3982 2748 4052; x_wconf 87' lang='lat' dir='ltr'><strong>magister,</strong></span> <span class='ocrx_word' id='word_1_685' title='bbox 2796 3981 3110 4053; x_wconf 86' lang='lat' dir='ltr'><strong>suppliciter</strong></span> <span class='ocrx_word' id='word_1_686' title='bbox 3138 3994 3391 4051; x_wconf 89' lang='lat' dir='ltr'><strong>rogamus</strong></span> <span class='ocrx_word' id='word_1_687' title='bbox 3433 3994 3534 4035; x_wconf 77' lang='lat' dir='ltr'><strong>ex-</strong></span> 
     </span>
    </p>
   </div>
   <div class='ocr_carea' id='block_1_100' title="bbox 1939 4067 3534 4143">
    <p class='ocr_par' dir='ltr' id='par_1_100' title="bbox 1939 4067 3534 4143">
     <span class='ocr_line' id='line_1_100' title="bbox 1939 4067 3534 4143; baseline 0.003 -21"><span class='ocrx_word' id='word_1_688' title='bbox 1939 4068 2087 4141; x_wconf 91' lang='lat' dir='ltr'><strong>poni.</strong></span> <span class='ocrx_word' id='word_1_689' title='bbox 2160 4067 2295 4125; x_wconf 77' lang='lat' dir='ltr'><strong>Nam</strong></span> <span class='ocrx_word' id='word_1_690' title='bbox 2347 4085 2449 4126; x_wconf 91' lang='lat' dir='ltr'><strong>nos</strong></span> <span class='ocrx_word' id='word_1_691' title='bbox 2495 4072 2711 4128; x_wconf 88' lang='lat' dir='ltr'><strong>nescire</strong></span> <span class='ocrx_word' id='word_1_692' title='bbox 2749 4073 3073 4130; x_wconf 87' lang='lat' dir='ltr'><strong>conﬁtemur</strong></span> <span class='ocrx_word' id='word_1_693' title='bbox 3112 4072 3312 4143; x_wconf 89' lang='lat' dir='ltr'><strong>quibus</strong></span> <span class='ocrx_word' id='word_1_694' title='bbox 3359 4071 3534 4127; x_wconf 85' lang='lat' dir='ltr'><strong>modis</strong></span> 
     </span>
    </p>
   </div>
   <div class='ocr_carea' id='block_1_101' title="bbox 1940 4162 3536 4235">
    <p class='ocr_par' dir='ltr' id='par_1_101' title="bbox 1940 4162 3536 4235">
     <span class='ocr_line' id='line_1_101' title="bbox 1940 4162 3536 4235; baseline -0.001 -16"><span class='ocrx_word' id='word_1_695' title='bbox 1940 4170 2155 4219; x_wconf 76' lang='lat' dir='ltr'><strong>constet</strong></span> <span class='ocrx_word' id='word_1_696' title='bbox 2175 4162 2489 4233; x_wconf 86' lang='lat' dir='ltr'><strong>disputatio.</strong></span> <span class='ocrx_word' id='word_1_697' title='bbox 2529 4193 2597 4205; x_wconf 92' lang='lat'><strong><em>—</em></strong></span> <span class='ocrx_word' id='word_1_698' title='bbox 2633 4162 2773 4221; x_wconf 61' lang='lat' dir='ltr'><strong>Mss.</strong></span> <span class='ocrx_word' id='word_1_699' title='bbox 2835 4163 2962 4220; x_wconf 88' lang='lat' dir='ltr'><strong>Tria</strong></span> <span class='ocrx_word' id='word_1_700' title='bbox 3017 4173 3144 4220; x_wconf 86' lang='lat' dir='ltr'><strong>sunt</strong></span> <span class='ocrx_word' id='word_1_701' title='bbox 3170 4164 3366 4235; x_wconf 88' lang='lat' dir='ltr'><strong>quibus</strong></span> <span class='ocrx_word' id='word_1_702' title='bbox 3415 4178 3536 4218; x_wconf 82' lang='lat' dir='ltr'><strong>om~</strong></span> 
     </span>
    </p>
   </div>
   <div class='ocr_carea' id='block_1_102' title="bbox 1942 4253 3532 4329">
    <p class='ocr_par' dir='ltr' id='par_1_102' title="bbox 1942 4253 3532 4329">
     <span class='ocr_line' id='line_1_102' title="bbox 1942 4253 3532 4329; baseline 0.001 -20"><span class='ocrx_word' id='word_1_703' title='bbox 1942 4254 2028 4310; x_wconf 90' lang='lat' dir='ltr'><strong>nis</strong></span> <span class='ocrx_word' id='word_1_704' title='bbox 2074 4253 2362 4311; x_wconf 83' lang='lat' dir='ltr'><strong>collocutio</strong></span> <span class='ocrx_word' id='word_1_705' title='bbox 2413 4255 2816 4328; x_wconf 84' lang='lat' dir='ltr'><strong>disputatioque</strong></span> <span class='ocrx_word' id='word_1_706' title='bbox 2852 4257 3151 4329; x_wconf 79' lang='lat' dir='ltr'><strong>perficitur,</strong></span> <span class='ocrx_word' id='word_1_707' title='bbox 3207 4273 3316 4324; x_wconf 92' lang='lat' dir='ltr'><strong>res,</strong></span> <span class='ocrx_word' id='word_1_708' title='bbox 3370 4256 3532 4312; x_wconf 89' lang='lat' dir='ltr'><strong>intel-</strong></span> 
     </span>
    </p>
   </div>
   <div class='ocr_carea' id='block_1_103' title="bbox 1940 4349 3536 4424">
    <p class='ocr_par' dir='ltr' id='par_1_103' title="bbox 1940 4349 3536 4424">
     <span class='ocr_line' id='line_1_103' title="bbox 1940 4349 3536 4424; baseline 0.004 -19"><span class='ocrx_word' id='word_1_709' title='bbox 1940 4349 2131 4418; x_wconf 89' lang='lat' dir='ltr'><strong>lectus,</strong></span> <span class='ocrx_word' id='word_1_710' title='bbox 2161 4364 2341 4407; x_wconf 86' lang='lat' dir='ltr'><strong>voces.</strong></span> <span class='ocrx_word' id='word_1_711' title='bbox 2414 4349 2522 4407; x_wconf 78' lang='lat' dir='ltr'><strong>Res</strong></span> <span class='ocrx_word' id='word_1_712' title='bbox 2566 4360 2715 4417; x_wconf 90' lang='lat' dir='ltr'><strong>sunt,</strong></span> <span class='ocrx_word' id='word_1_713' title='bbox 2743 4368 2865 4424; x_wconf 60' lang='lat' dir='ltr'><strong>quas</strong></span> <span class='ocrx_word' id='word_1_714' title='bbox 2905 4353 3071 4408; x_wconf 82' lang='lat' dir='ltr'><strong>animi</strong></span> <span class='ocrx_word' id='word_1_715' title='bbox 3126 4353 3334 4408; x_wconf 87' lang='lat' dir='ltr'><strong>ratione</strong></span> <span class='ocrx_word' id='word_1_716' title='bbox 3361 4353 3536 4424; x_wconf 89' lang='lat' dir='ltr'><strong>perci-</strong></span> 
     </span>
    </p>
   </div>
   <div class='ocr_carea' id='block_1_104' title="bbox 1897 4441 3530 4514">
    <p class='ocr_par' dir='ltr' id='par_1_104' title="bbox 1897 4441 3530 4514">
     <span class='ocr_line' id='line_1_104' title="bbox 1897 4441 3530 4514; baseline 0.006 -23"><span class='ocrx_word' id='word_1_717' title='bbox 1897 4486 1901 4491; x_wconf 89' lang='lat'><strong>.</strong></span> <span class='ocrx_word' id='word_1_718' title='bbox 1938 4442 2137 4512; x_wconf 85' lang='lat' dir='ltr'><strong>pimus.</strong></span> <span class='ocrx_word' id='word_1_719' title='bbox 2215 4441 2544 4509; x_wconf 85' lang='lat' dir='ltr'><strong>intellectus,</strong></span> <span class='ocrx_word' id='word_1_720' title='bbox 2591 4445 2787 4514; x_wconf 90' lang='lat' dir='ltr'><strong>quibus</strong></span> <span class='ocrx_word' id='word_1_721' title='bbox 2833 4458 2922 4500; x_wconf 90' lang='lat' dir='ltr'><strong>res</strong></span> <span class='ocrx_word' id='word_1_722' title='bbox 2969 4443 3115 4514; x_wconf 89' lang='lat' dir='ltr'><strong>ipsas</strong></span> <span class='ocrx_word' id='word_1_723' title='bbox 3173 4443 3530 4501; x_wconf 86' lang='lat' dir='ltr'><strong>addiscimus.</strong></span> 
     </span>
    </p>
   </div>
   <div class='ocr_carea' id='block_1_105' title="bbox 1945 4533 3531 4606">
    <p class='ocr_par' dir='ltr' id='par_1_105' title="bbox 1945 4533 3531 4606">
     <span class='ocr_line' id='line_1_105' title="bbox 1945 4533 3531 4606; baseline 0.001 -18"><span class='ocrx_word' id='word_1_724' title='bbox 1945 4533 2137 4599; x_wconf 73' lang='lat' dir='ltr'><strong>Voces,</strong></span> <span class='ocrx_word' id='word_1_725' title='bbox 2163 4535 2358 4604; x_wconf 88' lang='lat' dir='ltr'><strong>quibus</strong></span> <span class='ocrx_word' id='word_1_726' title='bbox 2371 4549 2458 4589; x_wconf 90' lang='lat' dir='ltr'><strong>res</strong></span> <span class='ocrx_word' id='word_1_727' title='bbox 2480 4534 2778 4590; x_wconf 86' lang='lat' dir='ltr'><strong>intellectas</strong></span> <span class='ocrx_word' id='word_1_728' title='bbox 2794 4533 3147 4606; x_wconf 79' lang='lat' dir='ltr'><strong>proferimus:</strong></span> <span class='ocrx_word' id='word_1_729' title='bbox 3175 4533 3329 4602; x_wconf 82' lang='lat' dir='ltr'><strong>cujus</strong></span> <span class='ocrx_word' id='word_1_730' title='bbox 3344 4549 3531 4600; x_wconf 83' lang='lat' dir='ltr'><strong>causa,</strong></span> 
     </span>
    </p>
   </div>
   <div class='ocr_carea' id='block_1_106' title="bbox 1942 4623 3527 4699">
    <p class='ocr_par' dir='ltr' id='par_1_106' title="bbox 1942 4623 3527 4699">
     <span class='ocr_line' id='line_1_106' title="bbox 1942 4623 3527 4699; baseline 0.002 -21"><span class='ocrx_word' id='word_1_731' title='bbox 1942 4623 2258 4680; x_wconf 80' lang='lat' dir='ltr'><strong>utdiximus</strong></span> <span class='ocrx_word' id='word_1_732' title='bbox 2284 4623 2676 4699; x_wconf 73' lang='lat' dir='ltr'><strong>[Mt-,utprius</strong></span> <span class='ocrx_word' id='word_1_733' title='bbox 2698 4625 2856 4698; x_wconf 72' lang='lat' dir='ltr'><strong>dixi],</strong></span> <span class='ocrx_word' id='word_1_734' title='bbox 2886 4626 3080 4680; x_wconf 71' lang='lat' dir='ltr'><strong>littera:</strong></span> <span class='ocrx_word' id='word_1_735' title='bbox 3116 4627 3347 4682; x_wconf 76' lang='lat' dir='ltr'><strong>iuventa:</strong></span> <span class='ocrx_word' id='word_1_736' title='bbox 3382 4635 3527 4682; x_wconf 90' lang='lat' dir='ltr'><strong>sunt.</strong></span> 
     </span>
    </p>
   </div>
   <div class='ocr_carea' id='block_1_107' title="bbox 2013 4714 3534 4786">
    <p class='ocr_par' dir='ltr' id='par_1_107' title="bbox 2013 4714 3534 4786">
     <span class='ocr_line' id='line_1_107' title="bbox 2013 4714 3534 4786; baseline 0.003 -18"><span class='ocrx_word' id='word_1_737' title='bbox 2013 4714 2129 4768; x_wconf 84' lang='lat' dir='ltr'><strong>Dis.</strong></span> <span class='ocrx_word' id='word_1_738' title='bbox 2174 4715 2281 4772; x_wconf 85' lang='lat' dir='ltr'><strong>Sed</strong></span> <span class='ocrx_word' id='word_1_739' title='bbox 2320 4716 2444 4786; x_wconf 82' lang='lat' dir='ltr'><strong>quia</strong></span> <span class='ocrx_word' id='word_1_740' title='bbox 2477 4715 2859 4786; x_wconf 79' lang='lat' dir='ltr'><strong>disputationis</strong></span> <span class='ocrx_word' id='word_1_741' title='bbox 2899 4717 3085 4772; x_wconf 85' lang='lat' dir='ltr'><strong>modos</strong></span> <span class='ocrx_word' id='word_1_742' title='bbox 3127 4715 3332 4781; x_wconf 73' lang='lat' dir='ltr'><strong>dixisti,</strong></span> <span class='ocrx_word' id='word_1_743' title='bbox 3385 4716 3534 4772; x_wconf 90' lang='lat' dir='ltr'><strong>vocis</strong></span> 
     </span>
    </p>
   </div>
   <div class='ocr_carea' id='block_1_108' title="bbox 1940 4805 3533 4879">
    <p class='ocr_par' dir='ltr' id='par_1_108' title="bbox 1940 4805 3533 4879">
     <span class='ocr_line' id='line_1_108' title="bbox 1940 4805 3533 4879; baseline 0.004 -19"><span class='ocrx_word' id='word_1_744' title='bbox 1940 4805 2274 4862; x_wconf 77' lang='lat' dir='ltr'><strong>differentias</strong></span> <span class='ocrx_word' id='word_1_745' title='bbox 2301 4817 2635 4878; x_wconf 84' lang='lat' dir='ltr'><strong>utexponas,</strong></span> <span class='ocrx_word' id='word_1_746' title='bbox 2668 4823 2977 4879; x_wconf 84' lang='lat' dir='ltr'><strong>precamur.</strong></span> <span class='ocrx_word' id='word_1_747' title='bbox 3009 4840 3080 4851; x_wconf 91' lang='lat'><strong>-</strong></span> <span class='ocrx_word' id='word_1_748' title='bbox 3108 4809 3246 4866; x_wconf 69' lang='lat' dir='ltr'><strong>MAG.</strong></span> <span class='ocrx_word' id='word_1_749' title='bbox 3287 4810 3533 4877; x_wconf 87' lang='lat' dir='ltr'><strong>Quatuor</strong></span> 
     </span>
    </p>
   </div>
   <div class='ocr_carea' id='block_1_109' title="bbox 1939 4900 3536 4969">
    <p class='ocr_par' dir='ltr' id='par_1_109' title="bbox 1939 4900 3536 4969">
     <span class='ocr_line' id='line_1_109' title="bbox 1939 4900 3536 4969; baseline 0.003 -16"><span class='ocrx_word' id='word_1_750' title='bbox 1939 4909 2066 4954; x_wconf 84' lang='lat' dir='ltr'><strong>sunt</strong></span> <span class='ocrx_word' id='word_1_751' title='bbox 2086 4900 2404 4956; x_wconf 73' lang='lat' dir='ltr'><strong>differentiie</strong></span> <span class='ocrx_word' id='word_1_752' title='bbox 2443 4902 2626 4957; x_wconf 86' lang='lat' dir='ltr'><strong>vocis:</strong></span> <span class='ocrx_word' id='word_1_753' title='bbox 2679 4901 2987 4969; x_wconf 77' lang='lat' dir='ltr'><strong>articulate,</strong></span> <span class='ocrx_word' id='word_1_754' title='bbox 3035 4902 3417 4969; x_wconf 85' lang='lat' dir='ltr'><strong>iuarticulata;</strong></span> <span class='ocrx_word' id='word_1_755' title='bbox 3445 4904 3536 4957; x_wconf 87' lang='lat' dir='ltr'><strong>lit-</strong></span> 
     </span>
    </p>
   </div>
   <div class='ocr_carea' id='block_1_110' title="bbox 1945 4993 3532 5068">
    <p class='ocr_par' dir='ltr' id='par_1_110' title="bbox 1945 4993 3532 5068">
     <span class='ocr_line' id='line_1_110' title="bbox 1945 4993 3532 5068; baseline 0.001 -20"><span class='ocrx_word' id='word_1_756' title='bbox 1945 5001 2140 5058; x_wconf 79' lang='lat' dir='ltr'><strong>terata,</strong></span> <span class='ocrx_word' id='word_1_757' title='bbox 2167 4994 2464 5050; x_wconf 88' lang='lat' dir='ltr'><strong>illitterata.</strong></span> <span class='ocrx_word' id='word_1_758' title='bbox 2491 4993 2794 5049; x_wconf 84' lang='lat' dir='ltr'><strong>Articulata</strong></span> <span class='ocrx_word' id='word_1_759' title='bbox 2817 5004 2921 5059; x_wconf 87' lang='lat' dir='ltr'><strong>est,</strong></span> <span class='ocrx_word' id='word_1_760' title='bbox 2952 5011 3072 5068; x_wconf 69' lang='lat' dir='ltr'><strong>quae</strong></span> <span class='ocrx_word' id='word_1_761' title='bbox 3097 4996 3341 5066; x_wconf 85' lang='lat' dir='ltr'><strong>copulata</strong></span> <span class='ocrx_word' id='word_1_762' title='bbox 3370 5004 3532 5065; x_wconf 84' lang='lat' dir='ltr'><strong>atque</strong></span> 
     </span>
    </p>
   </div>
   <div class='ocr_carea' id='block_1_111' title="bbox 1945 5086 3532 5159">
    <p class='ocr_par' dir='ltr' id='par_1_111' title="bbox 1945 5086 3532 5159">
     <span class='ocr_line' id='line_1_111' title="bbox 1945 5086 3532 5159; baseline 0.003 -20"><span class='ocrx_word' id='word_1_763' title='bbox 1945 5093 2222 5139; x_wconf 82' lang='lat' dir='ltr'><strong>coarctata</strong></span> <span class='ocrx_word' id='word_1_764' title='bbox 2251 5101 2375 5140; x_wconf 90' lang='lat' dir='ltr'><strong>cum</strong></span> <span class='ocrx_word' id='word_1_765' title='bbox 2419 5100 2579 5141; x_wconf 82' lang='lat' dir='ltr'><strong>sensu</strong></span> <span class='ocrx_word' id='word_1_766' title='bbox 2606 5086 2905 5156; x_wconf 86' lang='lat' dir='ltr'><strong>profertur,</strong></span> <span class='ocrx_word' id='word_1_767' title='bbox 2932 5096 3019 5141; x_wconf 89' lang='lat' dir='ltr'><strong>ut:</strong></span> <span class='ocrx_word' id='word_1_768' title='bbox 3070 5086 3232 5142; x_wconf 83' lang='lat' dir='ltr'><strong>Arma</strong></span> <span class='ocrx_word' id='word_1_769' title='bbox 3261 5090 3532 5159; x_wconf 78' lang='lat' dir='ltr'><strong>virumque</strong></span> 
     </span>
    </p>
   </div>
   <div class='ocr_carea' id='block_1_112' title="bbox 1945 5177 3528 5249">
    <p class='ocr_par' dir='ltr' id='par_1_112' title="bbox 1945 5177 3528 5249">
     <span class='ocr_line' id='line_1_112' title="bbox 1945 5177 3528 5249; baseline 0.003 -19"><span class='ocrx_word' id='word_1_770' title='bbox 1945 5194 2096 5233; x_wconf 80' lang='lat' dir='ltr'><strong>cano.</strong></span> <span class='ocrx_word' id='word_1_771' title='bbox 2130 5217 2143 5230; x_wconf 95' lang='lat'><strong>.</strong></span> <span class='ocrx_word' id='word_1_772' title='bbox 2173 5217 2186 5231; x_wconf 92' lang='lat'><strong>.</strong></span> <span class='ocrx_word' id='word_1_773' title='bbox 2206 5177 2572 5244; x_wconf 87' lang='lat' dir='ltr'><strong>luarticulata,</strong></span> <span class='ocrx_word' id='word_1_774' title='bbox 2593 5194 2712 5248; x_wconf 69' lang='lat' dir='ltr'><strong>qua:</strong></span> <span class='ocrx_word' id='word_1_775' title='bbox 2735 5195 2765 5232; x_wconf 90' lang='lat' dir='ltr'><strong>a</strong></span> <span class='ocrx_word' id='word_1_776' title='bbox 2789 5178 2935 5234; x_wconf 93' lang='lat' dir='ltr'><strong>nullo</strong></span> <span class='ocrx_word' id='word_1_777' title='bbox 2959 5194 3120 5235; x_wconf 89' lang='lat' dir='ltr'><strong>sensu</strong></span> <span class='ocrx_word' id='word_1_778' title='bbox 3145 5179 3528 5249; x_wconf 86' lang='lat' dir='ltr'><strong>proﬁciscitur,</strong></span> 
     </span>
    </p>
   </div>
   <div class='ocr_carea' id='block_1_113' title="bbox 1945 5267 3526 5340">
    <p class='ocr_par' dir='ltr' id='par_1_113' title="bbox 1945 5267 3526 5340">
     <span class='ocr_line' id='line_1_113' title="bbox 1945 5267 3526 5340; baseline 0.003 -20"><span class='ocrx_word' id='word_1_779' title='bbox 1945 5268 2271 5338; x_wconf 79' lang='lat' dir='ltr'><strong>increpitus,</strong></span> <span class='ocrx_word' id='word_1_780' title='bbox 2298 5268 2546 5340; x_wconf 74' lang='lat' dir='ltr'><strong>iungitur.</strong></span> <span class='ocrx_word' id='word_1_781' title='bbox 2624 5267 2906 5334; x_wconf 89' lang='lat' dir='ltr'><strong>Litterata,</strong></span> <span class='ocrx_word' id='word_1_782' title='bbox 2948 5283 3068 5338; x_wconf 77' lang='lat' dir='ltr'><strong>qua:</strong></span> <span class='ocrx_word' id='word_1_783' title='bbox 3110 5268 3274 5325; x_wconf 87' lang='lat' dir='ltr'><strong>scribi</strong></span> <span class='ocrx_word' id='word_1_784' title='bbox 3304 5277 3526 5340; x_wconf 84' lang='lat' dir='ltr'><strong>potest;</strong></span> 
     </span>
    </p>
   </div>
   <div class='ocr_carea' id='block_1_114' title="bbox 1945 5360 2959 5433">
    <p class='ocr_par' dir='ltr' id='par_1_114' title="bbox 1945 5360 2959 5433">
     <span class='ocr_line' id='line_1_114' title="bbox 1945 5360 2959 5433; baseline -0.001 -17"><span class='ocrx_word' id='word_1_785' title='bbox 1945 5360 2245 5426; x_wconf 88' lang='lat' dir='ltr'><strong>illitterata,</strong></span> <span class='ocrx_word' id='word_1_786' title='bbox 2281 5376 2402 5432; x_wconf 69' lang='lat' dir='ltr'><strong>quae</strong></span> <span class='ocrx_word' id='word_1_787' title='bbox 2427 5361 2591 5418; x_wconf 90' lang='lat' dir='ltr'><strong>scribi</strong></span> <span class='ocrx_word' id='word_1_788' title='bbox 2618 5377 2724 5417; x_wconf 90' lang='lat' dir='ltr'><strong>non</strong></span> <span class='ocrx_word' id='word_1_789' title='bbox 2759 5369 2959 5433; x_wconf 88' lang='lat' dir='ltr'><strong>potest.</strong></span> 
     </span>
    </p>
   </div>
   <div class='ocr_carea' id='block_1_115' title="bbox 2016 5449 3531 5512">
    <p class='ocr_par' dir='ltr' id='par_1_115' title="bbox 2016 5449 3531 5512">
     <span class='ocr_line' id='line_1_115' title="bbox 2016 5449 3531 5512; baseline 0.005 -8"><span class='ocrx_word' id='word_1_790' title='bbox 2016 5449 2128 5506; x_wconf 85' lang='lat' dir='ltr'><strong>Dis.</strong></span> <span class='ocrx_word' id='word_1_791' title='bbox 2173 5451 2325 5507; x_wconf 84' lang='lat' dir='ltr'><strong>Unde</strong></span> <span class='ocrx_word' id='word_1_792' title='bbox 2365 5451 2509 5507; x_wconf 91' lang='lat' dir='ltr'><strong>dicta</strong></span> <span class='ocrx_word' id='word_1_793' title='bbox 2537 5451 2935 5507; x_wconf 68' lang='lat' dir='ltr'><strong>\&#39;0X?-—MAG.</strong></span> <span class='ocrx_word' id='word_1_794' title='bbox 2980 5451 3023 5507; x_wconf 76' lang='grc' dir='ltr'><strong>Δ</strong></span> <span class='ocrx_word' id='word_1_795' title='bbox 3070 5453 3331 5508; x_wconf 89' lang='lat' dir='ltr'><strong>vocando.</strong></span> <span class='ocrx_word' id='word_1_796' title='bbox 3389 5453 3531 5512; x_wconf 84' lang='lat' dir='ltr'><strong>Ecce</strong></span> 
     </span>
    </p>
   </div>
   <div class='ocr_carea' id='block_1_116' title="bbox 1946 5543 3531 5619">
    <p class='ocr_par' dir='ltr' id='par_1_116' title="bbox 1946 5543 3531 5619">
     <span class='ocr_line' id='line_1_116' title="bbox 1946 5543 3531 5619; baseline 0.004 -19"><span class='ocrx_word' id='word_1_797' title='bbox 1946 5543 2157 5600; x_wconf 85' lang='lat' dir='ltr'><strong>habetis</strong></span> <span class='ocrx_word' id='word_1_798' title='bbox 2173 5560 2293 5613; x_wconf 76' lang='lat' dir='ltr'><strong>qum</strong></span> <span class='ocrx_word' id='word_1_799' title='bbox 2315 5543 2704 5614; x_wconf 86' lang='lat' dir='ltr'><strong>interrogastis.</strong></span> <span class='ocrx_word' id='word_1_800' title='bbox 2724 5543 2921 5600; x_wconf 81' lang='lat' dir='ltr'><strong>Nunca</strong></span> <span class='ocrx_word' id='word_1_801' title='bbox 2943 5545 3122 5601; x_wconf 89' lang='lat' dir='ltr'><strong>littera</strong></span> <span class='ocrx_word' id='word_1_802' title='bbox 3140 5547 3384 5619; x_wconf 88' lang='lat' dir='ltr'><strong>incipite,</strong></span> <span class='ocrx_word' id='word_1_803' title='bbox 3411 5547 3531 5607; x_wconf 84' lang='lat' dir='ltr'><strong>ﬁlii.</strong></span> 
     </span>
    </p>
   </div>
   <div class='ocr_carea' id='block_1_117' title="bbox 2019 5651 3534 5723">
    <p class='ocr_par' dir='ltr' id='par_1_117' title="bbox 2019 5651 3534 5723">
     <span class='ocr_line' id='line_1_117' title="bbox 2019 5651 3534 5723; baseline 0.004 -17"><span class='ocrx_word' id='word_1_804' title='bbox 2019 5651 2252 5710; x_wconf 63' lang='lat' dir='ltr'><strong>Fusco.</strong></span> <span class='ocrx_word' id='word_1_805' title='bbox 2296 5651 2392 5708; x_wconf 91' lang='lat' dir='ltr'><strong>Dic</strong></span> <span class='ocrx_word' id='word_1_806' title='bbox 2412 5653 2555 5709; x_wconf 81' lang='lat' dir='ltr'><strong>Saxo</strong></span> <span class='ocrx_word' id='word_1_807' title='bbox 2576 5653 2746 5723; x_wconf 89' lang='lat' dir='ltr'><strong>prior,</strong></span> <span class='ocrx_word' id='word_1_808' title='bbox 2777 5655 2917 5710; x_wconf 89' lang='lat' dir='ltr'><strong>unde</strong></span> <span class='ocrx_word' id='word_1_809' title='bbox 2947 5654 3126 5710; x_wconf 86' lang='lat' dir='ltr'><strong>littera</strong></span> <span class='ocrx_word' id='word_1_810' title='bbox 3146 5655 3426 5713; x_wconf 78' lang='lat' dir='ltr'><strong>sit-dicta?</strong></span> <span class='ocrx_word' id='word_1_811' title='bbox 3457 5687 3534 5701; x_wconf 91' lang='lat'>—</span> 
     </span>
    </p>
   </div>
   <div class='ocr_carea' id='block_1_118' title="bbox 2726 5767 3532 5849">
    <p class='ocr_par' dir='ltr' id='par_1_118' title="bbox 2726 5767 3532 5849">
     <span class='ocr_line' id='line_1_118' title="bbox 2726 5767 3532 5849; baseline 0.011 -25"><span class='ocrx_word' id='word_1_812' title='bbox 2726 5767 3075 5849; x_wconf 75' lang='lat' dir='ltr'><strong>Opuscnfum,</strong></span> <span class='ocrx_word' id='word_1_813' title='bbox 3110 5773 3252 5846; x_wconf 83' lang='lat' dir='ltr'><strong>quod</strong></span> <span class='ocrx_word' id='word_1_814' title='bbox 3315 5786 3532 5834; x_wconf 73' lang='lat' dir='ltr'><strong>vocatur</strong></span> 
     </span>
    </p>
   </div>
  </div>
