4106 6496
515 401 621 460 855

1337 377 1399 434 Β.
1437 374 1500 430 ι’.
1539 363 1769 427 ALBlNl
1809 358 1943 419 seu
1982 334 2264 413 ALCULNl
2301 339 2596 404 OPEBUM
2634 333 2817 392 PARS
2853 330 2966 388 vn.

3706 311 3814 370 856

516 431 621 460 ωδ
1337 431 1371 434 —
1392 431 1395 432 ν

515 514 685 574 Sno.
727 508 799 565 Ut
823 519 969 569 reor.
994 500 1177 556 littera
1199 499 1281 550 est
1309 488 1463 563 quasi
1489 484 1736 557 legitera.
1775 477 1900 550 quia
1927 473 2110 542 leseu-
2139 473 2188 532 Δ
2213 477 2339 520 cum
2378 460 2434 514 in
2479 451 2750 526 ιπίηοίιδίο
2769 445 2992 519 “nam
3029 440 3151 497 ams
3185 435 3465 574 “iam”
3485 431 3814 574 iungunt;

2218 553 2286 574 IT.
2322 573 2329 574 ,
2369 553 2528 574 3-..-.-
2597 555 2738 574 ...ιιι-
2804 541 2948 574 ἔβη-ο
2997 535 3189 574 unfit!!!
3284 547 3433 574 nam-
3469 535 3668 574 ηηικηι.
3747 521 3764 536 '

519 607 667 666 tibus
705 604 810 658 iter
834 596 1061 668 praebet.

777 656 880 748 v.2.
909 689 989 744 Da
1034 679 1407 742 deﬁnitionem
1449 685 1685 746 quoque.
1713 696 1784 709 —
1804 663 1973 720 Suo.
1996 656 2118 712 Lit-

523 763 645 846 ter—a
659 763 755 842 Esi
772 798 901 855 pars
923 777 1146 835 minima
1172 771 1325 829 vocis
1337 763 1669 852 articulate.

596 842 714 939 llis.
749 842 926 935 liabet
948 881 1026 938 et,
1063 843 1346 939 magister,
1385 860 1614 918 alteram
1641 849 2014 912 deﬁnitionem
2038 842 2124 897 lit-

527 974 684 1034 tera?
707 1003 780 1015 ι-
801 969 942 1025 MAG.
966 963 1159 1025 liabet,
1211 955 1308 1013 sed
1332 955 1386 1010 in
1408 948 1660 1008 eumdem
1687 942 1974 1000 cadentem
2005 948 2128 992 seu-

531 1084 674 1128 sum.
719 1064 925 1122 Littera
953 1066 1038 1115 est
1068 1052 1366 1114 individua,
1403 1047 1532 1117 quia
1576 1039 1883 1099 sententias
1909 1034 1966 1088 in
2001 1044 2133 1102 par-

531 1123 642 1226 tes,
660 1163 846 1230 partes
864 1151 919 1208 in
947 1148 1203 1222 syllabas,
1224 1139 1462 1215 syllabas
1487 1137 1542 1192 in
1569 1134 1785 1191 litteras
1814 1123 2128 1184 dividimus.

534 1251 763 1309 Littera:
791 1257 920 1301 vero
951 1235 1313 1297 indivisibiles
1340 1237 1490 1287 sunt.

606 1343 728 1402 Dts.
783 1339 940 1398 Unde
992 1336 1190 1392 littera:
1225 1331 1494 1388 elementa
1538 1318 1830 1380 dicuntur?
1876 1345 1945 1356 -—
1991 1309 2132 1368 Mue.

539 1437 680 1509 Quia
707 1435 853 1492 sicut
889 1431 1159 1488 elementa
1189 1421 1442 1482 coeuntia
1487 1428 1686 1487 corpus
1723 1406 2034 1483 perﬁciunt,
2061 1403 2141 1458 sic

543 1506 630 1590 ba:
652 1526 1038 1601 conglutinatus
1065 1517 1358 1576 litteralem
1389 1525 1582 1568 vocem
1608 1506 1959 1576 componunt.

619 1587 721 1678 Fu.
751 1587 855 1685 ὗε,
883 1614 1115 1686 collega,
1161 1608 1481 1666 divisionem
1526 1601 1852 1657 litterarum.
1879 1621 1950 1633 —-—
1975 1587 2142 1645 Saxo.

551 1717 691 1774 Sunt
711 1719 808 1769 aut
830 1708 1045 1766 vocales
1090 1713 1186 1760 aut
1209 1704 1592 1759 consonantes.
1621 1692 1758 1748 item
1787 1687 2150 1743 consonantes

552 1806 868 1866 dividuntur
888 1800 942 1856 in
973 1792 1327 1855 semivocales
1349 1797 1406 1847 et
1429 1795 1626 1844 mutas.

610 1897 723 1956 Ἐκ.
757 1894 1044 1952 Rationem
1066 1902 1209 1962 pone
1242 1882 1468 1955 singulis
1503 1873 1954 1962 divisionibus—f-
1976 1868 2147 1923 Sno.

555 1988 788 2047 Vocales
832 1999 933 2058 per
970 1997 1035 2040 se
1061 1957 1412 2054 proferuntur
1444 1979 1496 2029 et
1527 1983 1625 2043 per
1672 1982 1733 2023 se
1779 1961 2044 2038 syllabam
2076 1957 2158 2014 fa-

558 2083 732 2140 ciunt.
786 2077 1164 2136 Consonantes
1217 2083 1320 2125 nec
1363 2080 1463 2136 per
1495 2078 1554 2118 se
1583 2058 1721 2116 edici
1761 2062 2012 2129 possunt,
2057 2064 2160 2107 nec

561 2189 662 2246 per
685 2187 745 2229 se
778 2169 1046 2243 syllabam
1069 2164 1270 2221 facere.

627 2261 751 2319 Dis.
793 2237 1101 2322 llabentne,
1148 2249 1434 2322 magister,
1480 2243 1709 2299 alteram
1747 2237 2015 2292 rationem
2064 2245 2164 2288 cur

565 2351 915 2414 dividantur?
953 2378 1027 2389 —
1076 2345 1219 2400 Mss.
1267 2340 1502 2398 llabent.
1568 2330 1796 2388 Vocales
1846 2335 1972 2384 sunt
2025 2324 2166 2379 sicut

574 2632 777 2687 anima.
828 2625 922 2683 Sic
960 2629 1087 2681 sunt
1137 2619 1502 2676 consonantes
1541 2609 1660 2664 sine
1687 2601 1984 2661 vocalibus.
2033 2596 2172 2651 Nam

575 2686 743 2778 scribi
786 2722 1016 2789 possunt
1039 2726 1140 2783 per
1166 2722 1253 2773 se;
1294 2702 1433 2760 edici
1454 2714 1584 2756 vero
1609 2696 1697 2752 vel
1723 2696 2049 2767 potestatem
2075 2686 2176 2742 ba-

575 2811 712 2868 bere
741 2811 859 2866 sine
892 2803 1173 2864 vocalibus
1211 2799 1509 2868 nequeunt.

654 2901 755 2956 Fu.
780 2897 934 2956 Unde
962 2895 1120 2951 dictae
1156 2896 1286 2948 sunt
1312 2883 1530 2943 vocales
1577 2889 1634 2936 et
1681 2872 2083 2934 consonantes?
2108 2899 2181 2914 —-

583 2993 752 3053 Suo.
777 2987 1008 3045 Vocales
1054 2985 1216 3040 dicae
1256 2988 1408 3042 sunt,
1437 2974 1566 3045 quia
1608 2986 1709 3043 per
1745 2983 1804 3024 se
1843 2979 2035 3023 vocem
2078 2962 2184 3018 im-

584 3085 768 3160 pleant
821 3081 966 3137 nulla
1021 3076 1336 3134 adhaerente
1390 3072 1746 3124 consonante.
1806 3059 2184 3116 Consonantes

2218 553 2291 611 Ut
2320 573 2331 608 :
2356 519 2550 623 janua,
2597 519 2761 606 vates,
2791 541 2966 612 jecur,
2997 535 3214 599 veritas,
3243 531 3436 594 Jonas,
3469 535 3668 584 uotum.
3727 519 3824 578 Ve!

2219 648 2264 704 si
2295 618 2398 702 sibi
2452 642 2583 714 ipsis
2630 641 3054 708 anteponuntur,
3089 637 3148 686 ut
3178 643 3194 682 :
3225 625 3393 691 Juno,
3447 623 3613 694 uirgo.
3651 618 3820 675 Fiunt

2224 751 2445 810 quoque
2465 709 2551 789 hae.
2572 732 2702 802 ipsa:
2731 726 2940 790 medim,
2971 719 3189 795 quando
3214 735 3247 791 g
3271 715 3476 772 Graeca
3506 709 3710 770 vocalis
3732 723 3821 763 so-

2222 799 2369 886 num
2385 799 2637 894 habenti
2651 829 2711 875 ut
2737 820 2758 873 ί
2781 817 2822 891 1,
2851 815 3072 888 quando
3105 818 3231 885 post
3255 825 3294 864 ιι
3318 808 3439 866 loco
3465 799 3824 861 consonantis

2225 920 2402 995 posita
2442 915 2464 991 [
2489 893 2886 985 Ed..ﬂposit:e]
2917 911 3178 977 sequente
3198 901 3254 969 ά,
3277 900 3366 956 vel
3389 916 3463 966 ιιι,
3481 895 3570 952 vel
3589 911 3637 960 r,
3661 893 3748 949 vel
3774 901 3822 958 t,

2228 984 2809 1069 'velx:‘sideo,ivim,
2854 1001 3038 1065 virtus,
3070 997 3278 1061 uitium,
3321 993 3428 1049 vix.
3483 987 3530 1045 Π
3571 984 3827 1044 eumdem

2230 1106 2400 1163 habet
2442 1113 2657 1165 sonum,
2687 1096 2740 1152 id
2765 1104 2852 1152 est
2892 1111 2946 1165 υ,
2985 1106 3110 1148 cum
3150 1091 3296 1146 inter
3329 1102 3364 1158 q
3387 1092 3445 1143 et
3477 1082 3640 1139 aliam
3669 1091 3835 1136 voca-

2234 1198 2368 1263 lem,
2397 1193 2484 1250 vel
2510 1197 2634 1265 post
2654 1207 2686 1262 g
2713 1198 2770 1244 et
2805 1186 2967 1241 aliam
3017 1179 3262 1239 vocalem
3307 1179 3361 1235 in
3394 1175 3586 1234 eadem
3625 1171 3840 1247 syllaba

2238 1280 2659 1363 [constituitur],
2691 1289 2754 1336 ut
2785 1296 2799 1332 ε
2823 1277 3074 1350 quisque,
3105 1273 3316 1345 pingue,
3345 1270 3549 1340 lingua.
3579 1266 3678 1322 Est
3703 1279 3846 1336 quo-

2239 1357 2349 1451 que
2376 1376 2470 1433 ubi
2498 1377 2517 1429 ἱ
2547 1389 2645 1446 pro
2673 1371 2884 1427 duabus
2909 1366 3132 1439 ponitur
3150 1361 3600 1426 consonantibus,
3625 1357 3720 1415 ubi
3751 1357 3843 1413 in.

2243 1450 2328 1528 ter
2351 1468 2489 1525 duas
2509 1464 2724 1522 vocales
2745 1461 2986 1534 ponitur,
3007 1466 3072 1516 ut
3097 1477 3111 1512 :
3141 1457 3328 1528 Troja,
3356 1452 3528 1526 Huja.
3555 1450 3600 1511 υ
3627 1465 3854 1523 (ιιιοιιιιε

2245 1559 2368 1616 loco
2393 1556 2622 1628 duplicis
2648 1553 2936 1624 digamma;
2959 1549 3015 1606 in
3037 1545 3364 1618 quibusdam
3395 1542 3532 1600 locis
3554 1539 3855 1613 accipitur,

2248 1658 2310 1706 ut
2338 1647 2502 1719 cupii,
2547 1645 2729 1702 brevis
2754 1643 2806 1710 ἐς
2833 1640 3042 1712 ϐαρίυὶ,
3075 1637 3236 1711 longa
3279 1636 3318 1692 ἕ.
3359 1634 3426 1691 Ει
3470 1634 3783 1706 ubicunque
3828 1649 3860 1688 υ

2251 1744 2371 1802 loco
2397 1738 2752 1798 consonantis
2778 1735 3025 1808 ponitur,
3067 1745 3284 1801 semper
3309 1743 3410 1800 pro
3449 1727 3727 1799 digamma
3756 1726 3860 1784 ba-

2183 1827 2226 1886 Β
2252 1835 2430 1894 benda
2453 1842 2560 1890 est.

2327 1927 2430 1983 Fu.
2484 1924 2767 1981 Habentne
2809 1919 3006 1991 aliqua
3047 1931 3120 1974 ex
3167 1910 3597 1972 consonantibus
3647 1907 3864 1980 aliquas

2259 2016 2567 2087 singulares
2585 2011 2922 2084 potestates?
2947 2039 3020 2052 -—
3050 2006 3221 2065 Saxo.
3241 2005 3473 2061 Habent.
3502 2000 3688 2058 Primo
3710 1998 3856 2069 quod

2260 2118 2599 2177 unaquaeque
2620 2117 2776 2159 suam
2805 2100 2972 2158 habet
3000 2102 3347 2171 potestatem,
3386 2093 3531 2149 sicut
3569 2097 3628 2146 et
3663 2102 3858 2145 nomen

2262 2207 2320 2254 et
2356 2176 2586 2268 ﬁguram
2608 2209 2623 2259 ;
2647 2197 2775 2249 sunt
2798 2189 2998 2261 aliqua:
3022 2204 3089 2244 ex
3121 2186 3228 2242 illis
3258 2182 3496 2254 liquidae,
3525 2195 3647 2251 quae
3677 2176 3866 2236 ctvim

2265 2267 2685 2346 consenantium
2729 2283 3004 2340 amittunt.
3053 2279 3331 2335 Accentus
3359 2286 3579 2346 quoque
3621 2284 3771 2342 saepe
3812 2267 3874 2324 in

2266 2393 2431 2453 prosa
2455 2382 2690 2434 mutant.

2339 2471 2441 2528 Fu.
2470 2471 2602 2538 Quae
2634 2477 2763 2526 sunt
2789 2463 3167 2523 iussit—Suo.
3198 2461 3265 2527 L,
3292 2459 3360 2527 ll,
3392 2457 3467 2524 ll,
3502 2455 3568 2511 N.
3610 2452 3723 2512 Sed
3753 2461 3812 2509 et
3833 2449 3880 2509 S

2271 2578 2490 2636 quoque
2516 2558 2811 2632 singularis
2837 2564 2922 2613 est
2962 2553 3267 2626 potestatis.
3310 2549 3358 2605 Η
3393 2561 3612 2619 quoque
3659 2544 3882 2616 aspira-

2273 2634 2440 2710 tionis
2463 2659 2612 2707 nota.
2655 2648 2706 2704 Χ
2732 2661 2866 2704 vero
2892 2653 2950 2702 et
2977 2644 3018 2700 Ζ
3047 2642 3293 2714 duplices
3325 2645 3470 2694 sunt.
3513 2634 3621 2692 Sed
3655 2634 3758 2690 has
3784 2647 3880 2687 ra-

2277 2746 2454 2803 tiones
2477 2742 2718 2799 metrica:
2742 2734 3060 2802 subtilitatis
3081 2749 3204 2790 esse
3238 2746 3387 2796 reor,
3418 2729 3473 2785 in
3499 2727 3696 2798 quibus
3737 2737 3873 2779 nec-

2281 2840 2409 2896 dum
2429 2835 2625 2893 eruditi
2659 2848 2866 2890 sumus.
2913 2831 3040 2887 Ideo
3069 2827 3180 2884 noli
3209 2840 3298 2882 me
3323 2824 3392 2880 de
3429 2821 3536 2878 illis
3565 2819 3684 2892 plus
3709 2816 3882 2874 inter-

2281 2945 2502 3004 rogare,
2529 2927 2626 2986 sed
2647 2926 2968 2982 festinemus
2996 2921 3065 2978 ad
3089 2918 3347 2993 syllabas.

2853 3054 2946 3112 DE
2982 3049 3321 3110 SYLLABA.

588 3145 795 3235 vocatae
842 3181 987 3238 sunt,
1017 3169 1145 3240 quia
1175 3180 1272 3238 per
1298 3178 1356 3218 se
1383 3175 1492 3216 non
1520 3162 1740 3216 sonant,
1770 3150 1866 3208 sed
1905 3145 2184 3205 vocalibus

2369 3177 2467 3232 Fu.
2494 3173 2714 3246 Syllaba
2735 3168 2984 3242 quid'?--
3008 3166 3175 3222 Saxo.
3215 3162 3330 3220 Vox
3355 3157 3608 3216 litteralis
3632 3156 3735 3213 sub
3774 3165 3890 3210 uno

592 3273 914 3329 consonant.

666 3361 766 3417 Fu.
800 3358 931 3426 Qua:
965 3361 1048 3411 est
1083 3347 1390 3407 differentia
1417 3346 1562 3400 inter
1594 3335 1948 3396 semivocales
1987 3339 2046 3388 et
2068 3345 2188 3386 mu-

597 3453 715 3508 tas?
742 3480 815 3494 -ρ
842 3447 1007 3504 Saxo.
1040 3443 1313 3511 Quantum
1354 3437 1502 3493 enim
1543 3450 1574 3489 a
1606 3429 1885 3488 vocalibus
1929 3433 2190 3495 superan-

599 3556 690 3604 tur
719 3539 1101 3604 semivocales,
1155 3543 1366 3590 tantum
1396 3525 1748 3586 semivocales
1793 3525 2055 3590 superant
2075 3529 2193 3570 mu-

600 3647 709 3696 tas.
735 3634 871 3690 Nam
897 3648 928 3686 a
948 3627 1229 3686 vocalibus
1266 3623 1532 3693 incipiunt
1556 3627 1612 3675 et
1638 3618 1693 3673 in
1729 3632 1788 3671 se
1808 3614 2063 3669 desinunt
2095 3627 2107 3664 :
2141 3614 2197 3664 et

602 3727 798 3798 majori
820 3722 1090 3796 euphonia
1111 3725 1331 3782 sonant,
1372 3723 1430 3770 et
1457 3712 1651 3782 sapius
1678 3708 1943 3764 dictiones
1967 3703 2199 3759 semivo-

607 3796 815 3877 calibus
839 3828 1002 3886 quam
1031 3810 1223 3874 mutis,
1251 3812 1476 3878 propter
1503 3800 1855 3872 euphoniam,
1882 3796 1934 3851 id
1961 3804 2067 3859 est,
2104 3808 2197 3848 so—

608 3911 920 3974 noritatem,
948 3904 1230 3961 ﬁniuntur.
1282 3898 1443 3954 Muta:
1469 3909 1598 3950 vero
1627 3909 1659 3947 a
1684 3906 1742 3947 se
1768 3888 2036 3960 incipiunt
2063 3895 2118 3942 et
2145 3886 2201 3940 in

609 4002 827 4062 vocales
853 3998 1108 4056 desinunt
1133 4003 1190 4050 et
1227 3990 1523 4048 deformius
1552 3991 1768 4041 sonant.

683 4094 784 4150 Fu.
817 4091 889 4148 Ut
911 4103 1054 4154 reor,
1094 4087 1152 4141 in
1169 4084 1381 4139 Donato
1404 4080 1654 4150 legimus,
1697 4075 1799 4130 tria
1830 4071 2095 4127 accidisse
2122 4068 2209 4124 lit-

616 4186 753 4244 teris
777 4203 790 4238 :
819 4195 1037 4246 nomen,
1064 4177 1314 4249 ﬁguram.
1346 4177 1691 4241 potestatem.
1724 4166 1805 4221 Dc
1827 4161 2136 4220 nominibus
2156 4169 2211 4214 et

619 4277 809 4348 ﬁguris
837 4288 944 4330 non
979 4279 1064 4327 est
1096 4282 1234 4340 opus
1276 4265 1478 4326 dicere,
1511 4262 1606 4316 sed
1648 4260 1713 4315 de
1756 4261 2024 4330 potestate
2047 4250 2209 4306 velim

624 4340 800 4433 dicas,
813 4373 870 4422 et
897 4366 1076 4436 primo
1103 4357 1393 4414 vocalium.
1414 4385 1484 4395 —-
1501 4352 1665 4408 Saxo.
1687 4347 1918 4403 Vocales
1932 4353 2058 4400 sunt
2070 4340 2214 4412 apud

631 4459 853 4515 Latinos
898 4434 1158 4525 quinque.
1200 4448 1337 4504 Nam
1363 4445 1652 4517 ylitteram
1696 4447 1912 4496 sextam
1950 4434 2213 4496 vocalem,

2286 3277 2517 3328 accentu
2540 3276 2597 3321 et
2615 3280 2724 3319 uno
2747 3262 2945 3334 spiritu
2971 3257 3182 3330 prolata

2359 3358 2526 3432 ατο
2546 3357 2644 3412 Fs.
2671 3329 2816 3420 0th
2835 3329 3033 3407 litteris
3059 3347 3199 3403 ﬁunt
3223 3341 3484 3416 syllaba?
3507 3363 3574 3380 -ο
3600 3335 3776 3394 Sno.
3805 3329 3894 3391 Ab

2291 3429 2412 3510 una
2425 3429 2696 3519 incipiens
2715 3442 3098 3517 usqueadsex
3128 3457 3140 3492 :
3174 3453 3229 3504 α,
3252 3433 3337 3500 ab,
3361 3433 3477 3491 abs.
3506 3429 3677 3490 lare,
3717 3435 3890 3492 stans,

2294 3545 2474 3614 stirps.

2365 3607 2465 3688 lin.
2499 3629 2678 3685 Habet
2707 3624 2912 3698 syllaba
2941 3633 3164 3679 sensum
3182 3632 3290 3689 per
3322 3615 3419 3672 se?
3447 3612 3614 3670 Sno.
3643 3607 3763 3666 Non
3796 3608 3898 3664 ba.

2297 3726 2412 3788 bet,
2438 3720 2546 3777 nisi
2579 3721 2739 3791 plena
2767 3715 2936 3772 dictio
2961 3728 3060 3785 per
3087 3725 3253 3768 unam
3282 3705 3545 3780 syllabam
3572 3707 3804 3766 constet,
3821 3706 3903 3753 ut

2301 3830 2413 3879 ars,
2442 3813 2530 3873 do,
2563 3811 2672 3875 dic,
2703 3817 2758 3863 ct
2780 3806 2906 3862 alia.

2372 3906 2473 3960 Fu.
2496 3902 2729 3975 Syllaba:
2755 3895 3153 3970 quotaccidunt
3177 3891 3310 3966 [Αι.,
3332 3880 3889 3959 aceednnt]?—Suo.

2305 4000 2549 4068 Quatuor
2580 4014 2592 4050 :
2619 4004 2798 4059 tenor,
2823 3991 3073 4062 spiritus,
3111 3997 3344 4056 tempus,
3377 3993 3659 4038 numerus.
3694 3975 3900 4030 Accen-

2309 4100 2425 4154 tus;
2476 4094 2690 4151 acutus,
2739 4084 2940 4156 gravis,
2973 4075 3385 4137 circumﬂexus;
3419 4073 3473 4127 in
3511 4068 3751 4126 dictione
3784 4080 3912 4123 cer-

2299 4191 2422 4246 tus,
2475 4178 2678 4248 absque
2725 4174 2963 4231 dictione
3008 4172 3281 4234 incertus;
3335 4182 3440 4220 non
3494 4169 3677 4232 potest
3725 4169 3908 4216 tamen

2313 4278 2432 4333 sine
2478 4289 2545 4330 eo
2596 4287 2740 4329 esse.
2773 4269 3040 4341 Spiritus;
3095 4279 3255 4336 asper
3297 4261 3382 4316 vel
3429 4259 3586 4316 lenis.
3641 4255 3905 4327 Tempust

2315 4372 2399 4429 vel
2426 4388 2464 4426 ιι
2500 4367 2653 4443 μὴ..
2682 4381 2851 4422 unum
2874 4364 2962 4419 vel
2994 4359 3146 4433 duo].
3178 4356 3444 4412 Numerus
3474 4352 3802 4406 litterarum.

2377 4435 2799 4526 'Fn.‘Quomodo
2822 4454 2986 4510 habet
3008 4449 3211 4525 syllaba
3234 4462 3400 4504 unum
3425 4454 3637 4514 tempus
3666 4440 3752 4498 vel
3773 4435 3919 4496 duo?

629 4563 795 4606 causa
822 4545 1134 4601 Grarcorum
1175 4539 1478 4601 nominum,
1509 4544 1853 4604 assumpsere
1882 4527 2082 4592 Latini,
2113 4525 2219 4580 sic—
2249 4528 2295 4589 ι)
2321 4584 2392 4596 ___
2419 4525 2584 4608 sub.
2613 4549 2804 4606 Brevis
2824 4543 3033 4616 syllaba
3059 4556 3226 4597 unum
3250 4537 3438 4599 habet,
3465 4535 3623 4603 longa
3646 4532 3774 4588 duo.

631 4647 693 4693 ut
719 4645 774 4692 et
799 4653 828 4689 z
853 4636 1262 4690 consonantem.
1304 4627 1494 4697 itaque
1530 4622 1744 4678 vocales
1788 4629 1844 4675 et
1885 4633 1982 4689 per
2032 4630 2091 4670 se
2117 4654 2133 4679 ,
2164 4621 2223 4667 ut

637 4728 839 4784 dictum
883 4730 1000 4788 est,
1045 4719 1252 4774 faciunt
1293 4716 1558 4788 syllabas;
1617 4712 1804 4782 plenas
1839 4720 2056 4780 quoque
2097 4702 2226 4760 solre

635 4819 826 4892 positae
852 4815 1072 4886 explent
1095 4818 1304 4883 partes;
1339 4807 1403 4873 Α,
1431 4815 1492 4862 ιιι
1519 4823 1534 4862 :

765 4931 805 4978 Α
823 4928 938 4976 mihi
962 4937 1059 4975 non
1085 4932 1286 4974 teneras
1307 4919 1491 4984 glacies
1506 4923 1644 4967 secet
1670 4925 1840 4978 aspera
1867 4910 2056 4974 plantas
2077 4908 2135 4956 ‘2

644 5015 856 5084 E,ut:

897 5127 1087 5178 Sitiens
1107 5120 1250 5172 simul
1274 5119 1436 5170 ebibit
1459 5128 1673 5166 amnem.

648 5233 848 5304 0,ut:

782 5345 824 5395 0
849 5345 890 5394 si
917 5342 1165 5394 Gallorum
1194 5340 1344 5389 victor
1368 5344 1643 5388 remeasset
1666 5337 1718 5385 in
1741 5333 1917 5384 urbem
1948 5332 1960 5380 ε

659 5450 684 5506 1
715 5462 926 5521 quoque
948 5445 1173 5499 verbum
1202 5449 1324 5497 est:

789 5559 828 5621 Ι,
848 5558 1022 5614 decus,
1047 5554 1298 5602 inostrnm
1319 5548 1606 5599 melioribus
1628 5550 1776 5597 utere
1799 5541 1914 5592 fatis
1934 5540 1962 5580 ι»
1986 5544 1996 5588 !

666 5660 771 5718 Sed
813 5660 913 5715 let
940 5658 984 5714 U
1033 5663 1314 5712 transeunt
1360 5653 1417 5708 in
1457 5650 1874 5706 consonantium
1906 5651 2248 5715 potestatem,

739 5787 764 5814 ιι
795 5772 968 5842 Virg,
992 5788 1023 5825 κ
1057 5769 1198 5842 ῐίςῐη
1225 5765 1462 5842 ιρι-ΑΜ
1493 5766 1585 5820 tibi
1613 5781 1676 5818 ne
1702 5774 1927 5821 teneras,
1956 5767 2060 5815 etc.

742 5845 772 5887 ι»
802 5838 972 5915 Virg.,
997 5859 1050 5898 -ει
1075 5839 1227 5900 ,ιεηη
1260 5838 1383 5893 ate.

2395 4643 2496 4698 Fu.
2538 4638 2820 4709 Quomodo
2869 4637 3006 4691 ﬁunt
3046 4635 3242 4691 breves
3292 4629 3376 4684 vel
3410 4625 3618 4696 longae?
3648 4652 3718 4664 —
3747 4620 3924 4676 Saxo.

2327 4737 2528 4792 Breves
2573 4732 2710 4787 ﬁunt
2756 4739 2951 4786 natura
2977 4735 3031 4782 ct
3069 4729 3340 4796 potestate
3365 4730 3388 4758 ο
3422 4717 3618 4791 [longre
3645 4721 3840 4769 natura
3866 4717 3929 4767 et

2329 4824 2642 4901 positione].
2692 4822 2882 4878 Brevis
2929 4829 3012 4875 est
3064 4826 3283 4879 natura,
3318 4811 3447 4868 dum
3485 4807 3682 4881 raptim
3723 4802 3929 4861 vocalis

2332 4918 2684 4980 enuntiatur,
2735 4921 2797 4967 ut
2825 4931 2837 4965 :
2866 4919 3035 4982 pater.
3087 4907 3291 4976 Longa,
3337 4901 3466 4956 dum
3513 4904 3760 4954 moratur
3796 4909 3927 4957 vox,

2334 5021 2396 5067 ut
2423 5029 2436 5065 :
2460 5018 2648 5062 mater.
2687 5003 2780 5059 Vel
2827 5003 2952 5059 dum
2985 5001 3106 5055 duae
3147 4994 3365 5051 vocales
3407 4992 3461 5046 in
3491 5004 3653 5044 unam
3701 4999 3932 5045 concur-

2339 5107 2464 5158 runt
2496 5096 2776 5169 syllabam,
2824 5092 2970 5163 quod
3020 5088 3392 5159 diphthongon
3433 5086 3633 5136 vomut
3665 5093 3678 5130 :
3708 5084 3766 5132 et
3808 5080 3934 5129 sunt

2339 5192 2480 5248 tales
2503 5187 2921 5258 compositiones
2941 5183 3181 5253 quinque
3209 5198 3222 5234 :
3255 5194 3320 5241 ω,
3347 5193 3411 5240 α’,
3436 5191 3530 5237 au,
3551 5188 3640 5236 eu,
3665 5170 3736 5224 ei.

2411 5283 2511 5338 Fu.
2563 5257 2714 5337 Unie
2773 5278 2972 5332 dicitur
3025 5264 3711 5344 diphthongos?-——Sno.
3769 5257 3936 5327 Quasi

2345 5373 2520 5430 dualis
2551 5386 2674 5426 vox.
2721 5366 2854 5422 Nam
2884 5365 3100 5436 quoties
3128 5365 3355 5417 duarum
3395 5355 3662 5412 vocalium
3693 5366 3854 5406 voces
3881 5348 3938 5404 in

2348 5479 2512 5519 unam
2537 5461 2798 5531 syllabam
2826 5466 2881 5512 et
2910 5458 2966 5510 in
2993 5470 3156 5510 unam
3185 5465 3373 5508 vocem
3403 5453 3619 5509 coeunt,
3651 5441 3943 5514 diphthon-

2351 5572 2447 5628 gos
2479 5555 2695 5610 dicitur.

2424 5646 2522 5701 Fu.
2564 5646 2705 5711 Quot
2730 5641 2905 5697 modis
2935 5637 3069 5694 ﬁunt
3094 5636 3313 5709 syllaba:
3341 5633 3608 5704 positione
3635 5627 3851 5697 longae?
3872 5655 3945 5666 --

2431 5773 2451 5803 ε
2480 5760 2610 5817 Cod.
2645 5776 2766 5824 ms.,
2794 5757 2980 5813 Brevcs
3001 5756 3135 5826 ﬁunt
3160 5764 3350 5810 natura
3381 5750 3658 5806 vocalium.
