4106 6492
339 347 439 404 857

1446 337 1918 395 DIDASCAIJCA.
1961 368 2032 377 —-—
2070 335 2209 395 CBA
2221 336 2550 393 MMATICA.

3514 331 3621 391 εει

334 462 503 520 Suo.
552 460 682 519 Sex.
724 459 861 518 Cum
901 466 1150 528 correpta
1194 456 1399 513 vocalis
1445 457 1498 510 in
1553 456 1687 510 duas
1729 454 1926 510 desinit
1955 459 1999 519 Α
2030 450 2169 508 Mss.
2196 453 2255 508 In
2283 467 2434 507 xxvi.
2466 451 2525 517 ιη
2548 467 2758 515 vocem,
2792 451 2846 505 in
2875 449 3109 515 litteras,
3134 449 3189 504 in
3215 447 3467 520 syllabas,
3496 465 3623 518 par-

333 560 717 618 consonantes,
764 558 859 606 ut:
894 560 990 606 ast.
1038 549 1147 604 Aut
1191 548 1245 604 in
1282 563 1445 602 unam
1486 547 1772 616 duplicem,
1823 553 1923 600 ut:

334 647 468 703 dux.
497 646 606 702 Aut
631 647 687 701 in
716 661 882 702 unam
908 644 1107 701 desinit
1142 652 1534 699 consonantem
1576 650 1633 697 et
1658 640 1931 712 excipitur

332 740 405 797 ab
440 739 642 806 altera,
666 746 729 794 ut
754 756 769 792 :
793 754 941 794 arca.
971 737 1077 793 Aut
1118 737 1391 808 excipitur
1419 736 1487 791 ab
1506 753 1543 791 π
1571 734 1789 805 duplici,
1818 742 1879 790 ut
1910 754 1923 789 :

333 831 471 887 ω..
503 831 612 887 Aut
629 831 660 901 j
692 830 813 887 loco
856 829 1207 886 consonantis
1233 830 1431 900 posita,
1475 837 1535 883 ut
1559 818 1579 882 τ’
1607 827 1789 899 Troja.
1819 828 1931 883 Aut

331 922 535 979 desinit
586 922 643 978 in
690 930 1080 979 consonantem
1128 920 1228 994 [et]
1265 920 1534 990 excipitur
1571 920 1641 975 ab
1679 920 1716 985 i,
1748 918 1835 975 vel
1866 935 1924 985 ιι,

332 1015 454 1074 loco
477 1017 830 1073 consonantis
850 1015 1049 1086 posita.
1075 1023 1137 1070 ut
1163 1033 1177 1069 :
1210 1015 1437 1079 advena,
1466 1014 1702 1085 adjutor.

404 1105 507 1163 Fn.
548 1107 606 1163 Si
642 1105 778 1181 [Pro
806 1104 899 1179 an]
941 1120 1165 1162 necesse
1192 1112 1278 1161 est
1302 1120 1741 1175 unamquamque
1763 1104 1925 1176 sylla-

333 1199 459 1257 bam
504 1198 720 1271 longam
769 1214 892 1254 esse
932 1197 1016 1254 vel
1058 1197 1316 1253 brevem?
1340 1227 1410 1236 —
1439 1195 1605 1251 Suo.
1643 1194 1782 1251 Sunt
1823 1192 1929 1267 syl-

331 1288 470 1347 laba:
491 1289 638 1364 [quae
660 1287 938 1361 dicuntur]
962 1304 1303 1345 communes.
1334 1288 1466 1356 Qum
1494 1288 1561 1343 ad
1585 1296 1769 1343 votum
1797 1302 1927 1358 poe-

331 1390 515 1438 tarum
554 1388 783 1452 possunt
812 1378 894 1437 vel
923 1380 1115 1436 breves
1146 1380 1228 1435 vel
1261 1381 1433 1452 longa:
1460 1394 1601 1436 esse.
1653 1380 1759 1437 Sed
1788 1383 1924 1448 hate,

330 1477 461 1548 quia
487 1477 555 1535 ad
582 1476 839 1532 metricos
861 1476 1158 1548 pertinent,
1184 1474 1578 1545 relinquamus.

402 1567 505 1624 Fa.
548 1564 717 1638 Magis
756 1568 1153 1640 interrogemus
1179 1567 1522 1638 magistrum,
1554 1582 1622 1622 ne
1652 1566 1824 1637 ignari
1855 1567 1928 1622 si-

331 1674 456 1718 tuus
480 1659 641 1732 huius
666 1674 883 1731 quoque
907 1660 1156 1716 rationis.

406 1752 521 1809 Dis.
550 1751 651 1809 Dic
692 1751 874 1817 nobis,
904 1753 1181 1823 magister,
1209 1768 1317 1822 qua
1358 1751 1572 1808 ratione
1606 1753 1690 1807 vel
1730 1753 1925 1823 quibus

2032 550 2133 608 tes,
2164 544 2452 608 dictiones,
2497 544 2796 609 orationes,
2825 541 3191 605 deﬁnitiones,
3219 540 3404 612 pedes,
3428 556 3625 599 accen.

2031 641 2138 699 tus,
2171 635 2466 704 posituras,
2509 643 2687 698 notas,
2730 634 3132 704 orthographia:
3162 631 3315 705 illa,
3341 636 3627 705 orthogra-

2029 723 2377 798 phiam.....],
2407 723 2690 795 analogiae,
2728 724 3089 795 etymologiae,
3113 724 3343 795 glossas,
3371 724 3625 782 differen-

2029 818 2157 883 tias,
2182 817 2342 889 271
2382 816 2806 883 barbarismum,
2850 814 3242 882 soloecismum,
3278 817 3409 872 vitia
3463 817 3622 890 [Ms.,

2031 909 2263 982 vitium],
2312 911 2746 982 metaplasmum,
2783 909 3085 974 schemata,
3135 916 3339 981 tropos,
3381 925 3620 978 prosam,

2028 1010 2227 1079 metra,
2257 1000 2490 1069 tabulas,
2512 1002 2790 1059 historias.

2100 1096 2210 1153 Dis.
2240 1096 2317 1153 De
2346 1098 2466 1153 istis
2504 1097 2751 1169 singulis,
2789 1103 3084 1167 antequam
3124 1094 3193 1151 ad
3234 1094 3472 1167 partium
3498 1103 3621 1150 teu—

2028 1196 2220 1252 damus
2245 1193 2694 1264 disputationem,
2736 1191 2972 1263 aliquam
2995 1190 3361 1262 cognitionem
3383 1188 3625 1244 edissere

2028 1286 2208 1351 nobis,
2247 1286 2529 1355 magister,
2569 1298 2667 1355 per
2705 1282 2915 1353 singula
2952 1298 3202 1341 currens.
3230 1310 3301 1322 --
3324 1279 3463 1336 ΜΑς..
3501 1278 3622 1335 lam

2026 1377 2094 1431 de
2120 1392 2269 1439 voce,
2306 1374 2482 1431 littera
2507 1384 2564 1430 et
2588 1373 2792 1444 syllaba
2823 1372 2878 1428 in
2917 1372 3288 1443 superioribus
3339 1372 3623 1426 habuistis.

2027 1464 2202 1521 Dictio
2220 1473 2305 1520 est
2328 1480 2455 1536 pars
2482 1464 2708 1520 minima
2734 1465 2885 1519 vocis
2909 1472 3259 1528 constructa,
3288 1463 3617 1533 plenumque-

2027 1569 2246 1611 sensum
2296 1555 2569 1612 habentis.
2617 1554 2802 1611 Oratio
2836 1563 2926 1610 est
2969 1556 3243 1610 ordinatio
3286 1555 3625 1621 dictionum,

2027 1665 2319 1721 congruam
2361 1649 2687 1705 sententiam
2746 1648 3151 1719 perfectamque
3200 1648 3622 1704 demonstrans:

2027 1751 2083 1795 et
2103 1749 2187 1795 est
2206 1740 2383 1795 oratio
2412 1740 2558 1794 dicta
2588 1740 2740 1809 quasi
2765 1741 2878 1795 oris
2904 1740 3064 1794 ratio.
3100 1738 3349 1807 Deﬁnitio
3392 1748 3477 1794 est
3498 1740 3619 1796 bre-

330 1843 510 1900 ωοάίε
533 1812 1103 1914 οοηῃιιυηεςνροδεῖηη
1129 1812 1251 1899 οέδὲ
1550 1874 1623 1886 ...-
1650 1812 1790 1900 MM;
1962 1812 2003 1869 Β
2029 1832 2112 1887 vis
2131 1830 2330 1897 oratio,
2358 1830 2799 1901 unamquamque
2832 1846 2944 1885 rem
2975 1830 3195 1901 propria
3227 1830 3626 1900 signiﬁcatione

329 1948 457 1990 vem
508 1933 686 1989 modis
738 1933 872 1988 llum
931 1934 1153 2005 syllaba:
1206 1948 1546 1991 communes.
1603 1935 1931 1992 Communes

331 2032 479 2089 sunt,
513 2040 639 2081 cum
663 2033 918 2097 correpta
946 2024 1150 2080 vocalis
1177 2026 1231 2081 in
1263 2027 1443 2081 medio
1473 2030 1642 2084 verbo
1663 2029 1932 2097 excipitur

332 2133 366 2174 a
388 2117 600 2173 duabus
641 2118 1085 2182 consonantibus,
1122 2133 1353 2188 quarum
1389 2119 1537 2188 prior
1566 2128 1713 2173 muta
1745 2120 1934 2188 qtncli-

332 2207 427 2264 bet
466 2213 569 2273 est,
618 2208 704 2264 vel
742 2210 772 2280 f
791 2208 1134 2264 semivocalis
1163 2227 1175 2263 :
1209 2211 1478 2281 posterior
1520 2211 1761 2280 liquida.
1814 2222 1872 2267 ut
1913 2231 1925 2265 :

339 2301 607 2370 Tenebat,
634 2304 908 2375 pharetra,
940 2306 1136 2375 reﬂuit.
1166 2304 1298 2372 Aut,
1326 2321 1449 2361 cum
1474 2318 1727 2377 correpta
1766 2321 1931 2362 voca-

334 2391 404 2449 lis
451 2392 505 2449 in
541 2404 932 2451 consonantem
965 2396 1181 2461 desinit,
1228 2396 1497 2467 excipitur
1520 2396 1589 2451 ab
1630 2396 1689 2462 lt,
1716 2405 1775 2451 ut
1807 2414 1819 2450 :
1853 2397 1934 2451 vir

332 2485 567 2541 humilis.
603 2487 713 2542 Aut
754 2502 881 2544 cum
925 2488 1106 2559 aliqua
1151 2489 1355 2560 syllaba
1387 2489 1440 2544 in
1464 2489 1685 2547 brevem
1733 2490 1933 2546 desinit

330 2578 597 2644 vocalem,
630 2589 685 2635 et
710 2582 983 2652 excipitur
1012 2599 1042 2637 a
1068 2583 1276 2639 duabus
1317 2584 1764 2649 consonantibus,
1798 2601 1933 2655 qua-

332 2686 457 2725 rum
479 2672 632 2743 prior
659 2680 820 2738 ests,
852 2682 948 2727 ut:
979 2674 1101 2727 alba
1136 2674 1469 2744 smaragdus.
1515 2674 1621 2728 Aut
1646 2690 1770 2730 cum
1809 2684 1935 2744 post

333 2757 551 2833 [pedem
571 2760 701 2831 (Ms.
749 2762 920 2833 pedes
950 2764 1108 2835 duos)
1151 2764 1471 2838 quemlibet]
1498 2780 1604 2821 una
1631 2764 1814 2823 brevis
1841 2781 1931 2822 re-

331 2857 601 2914 manserit
625 2856 832 2929 syllaba
859 2859 927 2913 de
955 2858 1141 2925 verbo,
1164 2867 1223 2913 ut
1248 2876 1260 2912 :

458 2979 635 3033 Omnia
663 2981 818 3032 vincit
841 2992 999 3043 amor,
1027 2986 1079 3030 et
1100 2995 1189 3031 nos
1210 2980 1443 3032 cedamus
1465 2982 1617 3031 amori
1637 2983 1665 3012 ⁸

2029 1918 2381 1984 concludens,
2409 1927 2470 1974 ut
2494 1938 2506 1973 :
2535 1920 2690 1974 homo
2718 1931 2793 1975 eat
2833 1918 3035 1974 animo!
3063 1919 3307 1980 mortale,
3338 1918 3624 1988 rationale,

2030 2015 2172 2070 risus
2214 2029 2404 2085 capax.
2439 2011 2593 2068 Scire
2638 2013 2804 2084 igitur
2847 2013 3058 2068 debetis
3104 2014 3249 2083 quod
3286 2010 3530 2068 deﬁnitio
3559 2011 3627 2069 ad

2029 2120 2222 2161 omnes
2252 2102 2568 2174 disciplinas
2587 2110 2645 2159 et
2666 2119 2754 2158 res
2778 2103 3037 2175 pertinet.
3064 2100 3166 2157 Pes
3189 2110 3273 2157 est
3296 2101 3626 2174 syllabarum

2030 2195 2352 2265 compositio
2371 2202 2430 2250 et
2460 2202 2765 2264 temporum
2790 2202 2940 2249 certa
2977 2193 3244 2250 dimensio
3272 2192 3427 2266 [Ms.,
3463 2194 3624 2251 dinu-

2031 2284 2305 2359 meratio].
2332 2285 2506 2340 Pedes
2532 2285 2685 2351 dicti,
2716 2300 2782 2340 eo
2809 2285 2953 2354 quod
2989 2284 3123 2355 ipsis
3151 2284 3305 2357 [Ms.,
3333 2301 3434 2356 per
3454 2284 3626 2358 ipsos]

2032 2387 2205 2433 metra
2242 2377 2539 2432 ambulent.
2594 2377 2852 2431 Accentus
2899 2385 2983 2431 est
3036 2384 3187 2431 certa
3222 2376 3308 2430 lex
3338 2384 3393 2430 et
3438 2375 3628 2447 regula

2031 2469 2100 2524 ad
2136 2469 2418 2525 levandam
2446 2476 2502 2522 ct
2529 2466 2996 2537 comprimendam
3041 2466 3327 2538 syllabam.
3361 2467 3629 2525 Positum

2032 2569 2159 2617 sunt
2187 2561 2372 2632 puncti
2402 2560 2469 2615 ad
2503 2560 2912 2631 distinguendos
2956 2575 3171 2615 sensus.
3209 2559 3366 2615 Nota:
3410 2569 3534 2616 sunt
3566 2561 3631 2618 ll-

1966 2674 1973 2683 ·
2032 2670 2182 2728 gurze
2223 2654 2491 2725 quaedam,
2524 2653 2609 2709 vel
2640 2655 2707 2709 ad
2734 2653 3035 2708 brevianda
3074 2654 3259 2717 verba,
3305 2653 3390 2707 vel
3436 2670 3632 2713 sensus

2032 2743 2417 2814 exprimendus
2446 2757 2460 2795 :
2494 2743 2578 2796 vel
2607 2742 2677 2797 ob
2708 2741 2953 2798 diversas
2979 2755 3177 2797 causas
3209 2755 3241 2797 c
3261 2742 3538 2807 institutae,
3570 2749 3633 2798 ut

2032 2836 2089 2890 in
2120 2832 2401 2905 Scriptura
2446 2848 2602 2888 sacra
2632 2832 2821 2889 obelus
2853 2847 2913 2888 +
2947 2874 2962 2896 ,
3001 2832 3087 2888 vel
3119 2833 3415 2889 asteriscus
3441 2835 3480 2887 ‘.
3528 2830 3633 2889 Oro

2032 2928 2348 3000 thograpliia
2394 2934 2480 2982 est
2504 2935 2653 2981 recta
2683 2926 2973 2997 scriptura,
3020 2934 3082 2981 ut
3108 2937 3237 2997 puta
3268 2927 3337 2980 ad
3365 2926 3631 2998 ραι)οεί-

2034 3020 2112 3075 tio
2138 3018 2174 3073 lt
2204 3018 2466 3088 accipiat;
2507 3017 2586 3090 [at
2615 3016 2926 3087 coniunctio
2948 3015 3014 3090 t].
3057 3016 3322 3089 Analogia
3358 3025 3441 3073 est
3480 3017 3633 3073 simi-

335 3084 443 3141 Aut
485 3101 609 3142 cum
660 3101 789 3156 pars
840 3086 1019 3158 aliqua
1068 3086 1123 3141 in
1177 3086 1549 3159 diphthongon
1594 3086 1829 3153 desinit,
1878 3094 1933 3144 et

2034 3111 2165 3167 lium
2194 3084 2551 3180 comparatio,
2598 3116 2661 3164 ut
2708 3084 2919 3163 incerta
2944 3084 3113 3164 certis
3138 3084 3454 3179 probentur.
3498 3107 3633 3180 Ety-

335 3180 607 3251 excipitur
639 3195 671 3236 a
702 3179 875 3235 vocali
929 3180 1207 3250 sequentis
1249 3180 1424 3247 verbi,
1471 3190 1531 3236 ut
1562 3199 1574 3233 :
1608 3180 1808 3237 Insula:
1839 3178 1932 3236 Io-

2034 3202 2262 3273 mologia
2308 3175 2395 3256 est
2420 3199 2579 3272 origo
2616 3207 2671 3255 et
2712 3198 2853 3255 ratio
2890 3175 3302 3263 vocabulorum,
3345 3208 3405 3253 ut
3432 3217 3444 3254 :
3476 3216 3505 3254 a
3540 3175 3629 3254 re-

335 3273 496 3328 stio...
526 3270 640 3329 Aut
657 3287 780 3327 cum
810 3272 1128 3342 productam
1159 3272 1402 3328 vocalem
1444 3273 1499 3327 in
1542 3273 1732 3328 eodem
1760 3273 1930 3329 verbo

331 3377 460 3419 mox
483 3361 712 3419 alterius
733 3362 954 3433 syllaba:
986 3364 1235 3432 sequitur
1264 3363 1490 3429 vocalis,
1518 3373 1577 3418 ut
1606 3382 1618 3417 :
1650 3363 1796 3434 fidei.
1819 3363 1934 3421 Aut

333 3468 461 3510 cum
502 3467 800 3523 pronomen
832 3452 1011 3508 littera
1041 3471 1069 3506 c
1092 3455 1439 3510 terminatum
1471 3462 1573 3518 est,
1607 3464 1664 3511 et
1696 3471 1727 3510 a
1754 3456 1929 3512 vocali

329 3544 619 3614 sequentis
670 3543 821 3599 verbi
872 3545 1161 3614 excipitur,
1215 3553 1317 3599 ut:
1352 3547 1450 3601 hoc
1494 3555 1588 3601 est.
1648 3546 1755 3603 Aut
1807 3563 1932 3604 cum

328 3644 648 3707 correptam
690 3636 932 3692 vocalem
960 3637 1014 3691 in
1044 3654 1149 3692 una
1182 3646 1338 3708 parte
1371 3657 1398 3693 π
1422 3638 1617 3710 duplex
1664 3640 1930 3711 sequitur,

333 3736 441 3784 ut:
472 3744 627 3799 gaza.
671 3726 807 3785 ltem
851 3729 1143 3783 novissima
1188 3729 1392 3800 syllaba
1436 3730 1487 3784 in
1518 3738 1693 3785 metro
1720 3746 1937 3802 semper

336 3818 653 3875 indill'erens
682 3826 763 3872 est
785 3859 800 3883 ,
833 3825 888 3873 et
914 3819 1177 3874 voluntati
1206 3829 1380 3889 poetae
1406 3820 1649 3890 subjecta
1691 3827 1793 3877 est.
1838 3820 1938 3877 Est

338 3926 574 3981 quoque,
621 3910 839 3982 quando
884 3911 939 3965 in
982 3911 1154 3966 tribus
1197 3911 1620 3966 consonantibus
1661 3911 1751 3975 tit,
1785 3928 1936 3968 com-

330 4002 523 4058 .munis
544 3992 775 4074 syllaba,
819 4001 949 4058 dum
975 4002 1030 4057 in
1058 4004 1281 4059 brevem
1322 4003 1563 4060 vocalem
1604 4004 1805 4060 desinit
1827 4006 1937 4078 syl-

339 4090 463 4149 laba
501 4100 558 4149 et
582 4092 853 4166 excipitur
881 4093 951 4149 ab
977 4110 1002 4149 s
1027 4101 1289 4165 sequente
1333 4105 1483 4151 muta
1528 4104 1583 4151 et
1610 4096 1833 4168 liquida,
1875 4108 1938 4155 ut

341 4184 532 4242 Horat.
570 4203 584 4239 :

475 4276 767 4342 Linquimus
787 4279 943 4328 insani
966 4278 1187 4329 ridentes
1209 4280 1403 4341 premia
1423 4281 1599 4330 scribae
1624 4278 1672 4331 δ.

340 4378 564 4437 Plenius
600 4383 740 4450 hzec,
764 4382 873 4437 vita
902 4382 1121 4450 comite,
1154 4384 1209 4439 in
1247 4385 1476 4439 metrica
1504 4384 1716 4440 ratione
1760 4383 1934 4450 vobis,

341 4472 462 4538 ﬁlii,
502 4484 901 4530 monstravere.

2032 3291 2210 3362 gendo
2252 3306 2371 3355 rex,
2416 3297 2472 3345 et
2511 3290 2581 3345 ab
2624 3288 2792 3345 humo
2833 3288 2997 3344 homo
3040 3289 3260 3344 dicitur.
3308 3289 3497 3345 Glossa
3543 3295 3632 3345 est

2031 3381 2193 3436 unius
2231 3381 2384 3436 verbi
2408 3380 2492 3435 vel
2519 3378 2757 3435 nominis
2792 3379 3192 3449 interpretatio,
3223 3389 3282 3434 ut
3316 3400 3327 3434 :
3362 3391 3536 3445 catus,
3572 3378 3629 3437 id

2033 3477 2139 3534 est,
2168 3469 2380 3525 doctus.
2413 3468 2727 3538 Ill/ferentia
2752 3477 2840 3524 est
2870 3468 3150 3524 distinctio
3177 3469 3408 3524 duarum
3438 3483 3626 3526 rerum

2033 3576 2158 3618 cum
2209 3560 2675 3630 biterprctatiozic,
2717 3566 2779 3614 ut
2810 3578 2823 3613 :
2852 3575 2945 3614 rex
2993 3560 3217 3625 dicitur,
3266 3560 3393 3630 quia
3439 3562 3629 3617 mode-

2033 3660 2149 3708 stus
2192 3659 2303 3716 est;
2354 3659 2640 3723 tyrannus,
2669 3651 2797 3721 quia
2836 3648 3073 3705 crudelis
3100 3657 3203 3705 est.
3250 3647 3628 3709 Barbarismas

2032 3754 2118 3801 est
2143 3761 2251 3804 una
2278 3760 2406 3815 pars
2450 3743 2642 3799 vitiose
2694 3742 2860 3807 dicta,
2910 3750 2971 3798 ut
3002 3741 3224 3812 vulgare
3269 3742 3622 3813 proverbium

2033 3847 2163 3896 est:
2206 3839 2361 3895 malze
2402 3837 2614 3892 arboris
2661 3836 2804 3892 nodo
2856 3835 3034 3891 malus
3079 3850 3283 3890 cuneus
3306 3836 3629 3905 qumrendus

2037 3939 2139 3985 est.
2173 3928 2509 3984 Solmcismus
2557 3935 2640 3983 est
2668 3927 2846 3987 oratio
2874 3927 3072 3981 vitiose
3120 3927 3438 3997 composita.
3489 3925 3629 3982 Vitia

2036 4028 2186 4086 sunt,
2218 4036 2339 4092 qua:
2384 4019 2437 4073 in
2478 4017 2711 4089 eloquiis
2755 4033 2948 4073 cavere
2992 4017 3252 4074 debemus
3284 4025 3338 4073 et
3368 4026 3495 4073 sunt
3524 4033 3621 4075 vn.

2037 4112 2419 4183 Metaplasmus
2466 4118 2551 4166 est
2595 4109 2824 4166 metrica
2865 4108 3119 4174 licentia,
3168 4109 3250 4163 vel
3304 4110 3631 4167 necessitate

2037 4205 2318 4261 immutata
2364 4201 2550 4273 regula
2599 4200 2911 4258 locutionis.
2948 4199 3230 4257 Schemate
3285 4208 3411 4256 sunt
3461 4215 3627 4257 orna-

2038 4305 2221 4352 menta
2251 4294 2452 4365 eloquii
2482 4303 2535 4348 et
2571 4292 2809 4354 habitus,
2842 4291 3041 4361 quibus
3081 4291 3366 4347 sententia;
3388 4291 3630 4347 vestiun-

2040 4396 2148 4443 tur.
2195 4385 2397 4456 Tropus
2427 4393 2513 4440 est
2540 4380 3000 4442 dictiotranslata
3025 4397 3055 4435 a
3088 4381 3308 4451 propria
3356 4380 3633 4451 signiﬁca-

2041 4481 2190 4535 tione
2217 4477 2283 4532 ad
2330 4492 2437 4533 non
2473 4477 2751 4548 propriam
2798 4474 3230 4538 similitudinem,
3279 4481 3507 4530 ornatus
3534 4489 3631 4529 ne-

417 4564 531 4621 Dts.
561 4565 700 4632 Quid
739 4565 839 4627 vis,
877 4567 1154 4637 magister,
1197 4582 1265 4621 an
1295 4568 1361 4621 de
1387 4566 1615 4637 pedibus
1641 4576 1697 4622 et
1740 4584 1937 4625 accen-
1968 4542 2019 4605 υ
2041 4569 2384 4628 cessitatisve
2429 4542 2614 4631 causa.
2664 4564 2837 4622 Prosa
2885 4572 2969 4621 est
3007 4574 3155 4619 recta
3199 4564 3396 4620 locutio
3425 4565 3631 4635 absque

343 4655 493 4714 tibus
515 4657 761 4714 ordinem
798 4657 994 4713 Donati
1036 4659 1280 4728 magistri
1322 4668 1612 4730 sequentes
1637 4660 1937 4733 interroge-

345 4746 506 4804 mus?
527 4778 597 4788 —
621 4746 760 4802 MAG.
790 4746 1035 4816 Amplius
1068 4747 1225 4820 [Ms.,
1253 4749 1466 4819 Aptius]
1498 4749 1613 4804 haec
1642 4765 1860 4822 quoque
1884 4751 1938 4805 in

345 4838 436 4895 illa
461 4847 761 4894 metrorum
788 4839 1089 4894 subtilitate
1120 4838 1447 4908 intelligetis.
1496 4838 1630 4907 Quia
1661 4841 1825 4911 pedes
1854 4840 1939 4896 vel

345 4937 639 4993 accentus,
689 4928 793 4984 nisi
831 4945 897 4983 ex
943 4928 1195 4985 brevibus
1245 4929 1527 5001 longisque
1571 4929 1792 5001 syllabis
1840 4946 1951 5005 nc-v

347 5029 555 5090 queunt
607 5020 854 5089 intelligi.
913 5020 1065 5076 Unde
1112 5020 1179 5075 ad
1222 5030 1406 5092 partes
1454 5040 1550 5077 vos
1593 5022 1936 5095 [convertite

346 5112 558 5185 (Edit.,
586 5109 893 5181 convenite)
921 5111 963 5184 ].

418 5205 534 5260 Dis.
565 5204 745 5270 Prius,
776 5203 824 5260 si
850 5204 1081 5275 placeat,
1108 5206 1385 5277 magister,
1414 5206 1556 5261 unde
1582 5209 1933 5277 grammatica

347 5296 583 5351 ait-iicta
610 5293 694 5350 vel
714 5296 857 5366 quod
902 5297 974 5350 sit
1001 5295 1120 5365 eius
1143 5296 1403 5363 ofﬁcium,
1446 5299 1623 5367 pande
1666 5300 1837 5353 nobis.
1868 5331 1939 5341 —-—-

350 5384 491 5441 MAG.
521 5384 890 5441 Grammatica
915 5395 999 5442 est
1019 5386 1266 5443 litterulis
1294 5388 1545 5454 scicntia,
1567 5398 1619 5443 et
1645 5400 1729 5445 est
1752 5397 1937 5447 custos

350 5486 500 5535 recte
521 5478 773 5549 loquendi
800 5488 858 5533 et
884 5480 1155 5535 scribendi
1177 5498 1191 5544 ;
1229 5496 1349 5550 qua:
1373 5491 1587 5537 constat
1613 5493 1828 5552 natura,
1854 5502 1939 5540 ra-

352 5570 523 5635 tione,
553 5570 900 5635 auctoritate,
922 5572 1331 5627 consuetudine.

427 5661 543 5720 Dts.
590 5662 648 5718 ln
700 5670 835 5733 quot
880 5664 1088 5732 species
1135 5665 1393 5721 dividitur
1440 5668 1827 5735 grammatica?
1873 5698 1940 5708 ——

481 5799 654 5873 Virg,
689 5814 722 5854 ι
746 5798 883 5868 εει,
913 5799 1000 5856 69.

2043 4671 2222 4718 metro
2250 4671 2489 4715 etv-crsu
2521 4658 2840 4731 composita.
2888 4654 3062 4713 λιθίνα
3084 4664 3273 4711 vocata
3318 4663 3463 4721 sunt,
3498 4656 3626 4726 quia

2041 4753 2210 4809 certis
2260 4752 2456 4821 pedum
2510 4751 2781 4806 mensuris
2836 4748 3215 4804 terminantur.
3273 4744 3495 4803 Fabulw
3542 4764 3631 4803 res

2040 4851 2170 4897 sum
2203 4844 2341 4896 tieta:
2369 4840 2589 4903 ludendi
2625 4856 2789 4897 causa
2831 4839 2915 4894 vel
2954 4837 3240 4907 cujuslibet
3278 4836 3630 4908 signiticatio~

2042 4934 2147 4989 nis.
2199 4932 2439 4987 Historia
2485 4940 2570 4988 est
2614 4930 2859 4986 narratio
2908 4930 2984 4986 rei
3014 4937 3197 5000 gestae.
3246 4926 3385 4984 Ecce
3418 4929 3631 4985 habetis

2042 5025 2383 5081 definitiones
2411 5024 2605 5080 breves
2646 5021 2983 5096 singularum
3023 5021 3350 5093 specierum.
3384 5019 3536 5076 Nunc
3561 5022 3629 5075 ad

2043 5127 2228 5186 partes
2255 5115 2554 5172 convert-ite
2575 5129 2691 5170 vos.

2114 5224 2227 5278 Dis.
2272 5224 2553 5280 Faciemus
2582 5233 2641 5280 ut
2663 5224 2842 5295 iubes.
2862 5222 3112 5278 Attamen
3144 5222 3477 5295 singularum
3504 5236 3632 5292 par-
3682 5256 3693 5271 .

2044 5315 2177 5369 tium
2227 5315 2593 5385 prolirictates
2639 5316 2790 5384 prius
2824 5314 3063 5371 breviter
3100 5322 3159 5367 ut
3196 5314 3403 5383 patulas
3448 5313 3629 5374 nobis.

2046 5405 2371 5475 ﬂagitamus.
2399 5405 2633 5466 --MAG.
2682 5404 2877 5464 Vestra
2923 5405 3210 5465 curiositas
3256 5406 3470 5459 modum
3522 5420 3631 5459 non

2044 5495 2228 5550 habet.
2274 5493 2509 5567 ideoque
2564 5497 2781 5551 modum
2839 5497 3104 5552 manualis
3156 5496 3319 5558 libelli
3366 5494 3632 5552 excedere

2042 5583 2227 5641 vultis.
2278 5582 2561 5654 Proprium
2592 5586 2816 5656 nominis
2845 5595 2931 5641 est
2957 5586 3314 5642 substantiam
3346 5585 3429 5641 vel
3458 5584 3635 5654 quali-

2044 5682 2207 5729 tatem
2232 5673 2315 5728 vel
2365 5677 2718 5745 quantitatem
2766 5677 3074 5751 signiﬁcare
3103 5686 3205 5736 :et
3236 5680 3506 5747 proarium
3545 5687 3631 5735 est

2118 5804 2147 5845 δ
2173 5804 2385 5876 Horat.,
2419 5826 2455 5874 ι,
2486 5825 2646 5867 serm.
2668 5811 2720 5878 5,
2746 5813 2776 5866 5
2798 5812 2832 5869 i.
