4106 6508
459 373 567 430 859

1274 364 1336 420 Β.
1379 365 1439 419 F.
1481 360 1706 419 ALBIM
1746 359 1893 416 SEL'
1920 356 2199 414 .\I.CU.\'l
2239 353 2523 410 ()I‘EBLTM
2561 350 2742 406 PARS
2780 348 2885 405 νιι.

3635 341 3741 403 860

456 480 781 559 pronominis
813 496 912 550 pro
941 480 1157 534 nomine
1186 478 1312 547 poni
1341 475 1557 547 proprio
1582 483 1638 530 et
1666 483 1845 528 certas
1874 470 2043 543 signi-
2078 477 2121 532 Α
2222 468 2320 521 Fu.
2355 464 2804 537 Appellativorum
2856 463 3065 534 species
3111 472 3244 534 quot
3288 464 3451 519 sunt?
3473 492 3545 505 -—
3570 461 3738 522 Suo.

456 574 624 633 ﬁcare
652 587 933 645 personas.
996 567 1146 624 Verbi
1180 581 1314 625 vero
1353 567 1626 638 proprium
1658 572 1741 619 est
1778 564 2049 618 actionem

454 668 540 723 vel
579 668 886 739 passionem
926 663 1041 719 sive
1076 671 1367 732 utrumque
1396 676 1516 713 cum
1546 658 1724 713 modis
1758 666 1813 711 ct
1844 664 2050 727 tempe-

455 760 609 815 ribus
634 756 960 828 signiﬁcare.
1011 752 1294 823 Proprium
1343 749 1577 805 adverbii
1615 761 1697 805 est
1728 763 1854 804 cum
1881 748 2050 803 verbo

452 852 602 923 poni.
635 860 692 905 ct
718 853 837 907 sine
864 866 933 907 eo
970 848 1269 921 perfectam
1313 846 1769 918 signiﬁcationem
1810 860 1917 900 non
1954 845 2053 899 Ita-

454 944 607 1011 bere,
640 955 698 1000 ut
727 963 740 998 :
777 946 903 999 bene
931 945 1072 1015 lego.
1106 940 1391 1010 ,Participii
1430 938 1699 1010 proprium
1727 945 1813 993 est
1839 945 2054 1007 tempus

456 1038 661 1095 habere
689 1045 747 1094 et
773 1053 962 1102 casus;
996 1036 1118 1092 ideo
1148 1051 1178 1090 a
1205 1031 1531 1105 quibusdam
1559 1041 1787 1087 vernum
1832 1028 2053 1086 casuale

456 1132 676 1189 dicitur.
729 1128 1015 1201 Proprium
1062 1126 1449 1198 conjunctionis
1499 1132 1586 1180 est
1629 1139 1753 1180 cum
1798 1122 2053 1177 omnibus

458 1221 707 1295 partibus
757 1221 917 1275 modo
956 1216 1266 1289 praeposita,
1308 1214 1470 1270 modo
1499 1211 1795 1285 postposita
1815 1210 1968 1281 iungi
1996 1218 2055 1266 et

459 1313 789 1385 conjungere
819 1322 1022 1381 partes.
1058 1307 1343 1380 Proprium
1371 1305 1760 1379 prcrpositionis
1787 1312 1873 1360 est
1894 1311 2052 1358 ante-

459 1406 588 1479 poni
611 1404 921 1461 casualibus
951 1416 1167 1473 semper
1188 1398 1503 1471 separatim.

1060 1534 1151 1593 DE
1185 1532 1465 1593 ΝΟΜΙΝΕ.

534 1677 631 1733 Fu.
689 1676 786 1733 Eia
830 1691 948 1748 age.
1001 1674 1167 1738 Saxo,
1213 1671 1585 1744 ingrediamur
1634 1664 2056 1737 disputationem

465 1769 700 1826 nominis
736 1785 833 1839 per
856 1767 1104 1823 ordinem
1131 1805 1147 1831 ,
1188 1773 1242 1821 et
1268 1763 1504 1845 primum
1534 1760 1645 1824 die,
1688 1757 1818 1829 quid
1859 1757 1931 1811 sit
1961 1768 2056 1809 no-

2149 556 2327 611 iiulta:
2353 564 2478 611 sunt
2502 574 2515 609 :
2542 555 2646 611 alia
2686 553 3015 625 corporalia,
3041 564 3102 608 ut
3132 555 3341 619 :ltonto,
3374 563 3539 617 terra,
3571 570 3737 609 mare.

2147 647 2265 703 Alia
2304 646 2681 719 incorporalia,
2710 654 2770 701 ut
2797 660 2812 700 :
2847 646 3035 717 pietas,
3067 644 3321 717 dignitas,
3344 645 3580 717 justitia.
3614 645 3737 702 Alia

2148 740 2489 813 principalia,
2520 748 2581 795 ut
2599 756 2772 805 mons,
2797 738 2997 794 schola.
3019 738 3138 794 Alia
3164 737 3484 804 derivativo,
3508 747 3565 793 ut
3588 755 3741 793 mon-

2148 844 2342 895 tanus,
2392 831 2756 887 scholasticus.
2810 830 2931 885 Alia
2973 829 3377 902 comparativa,
3422 838 3483 886 ut
3531 829 3740 900 fortior,

2151 924 2491 996 fortissimus.
2528 921 2644 977 Alia
2667 922 3089 987 denominativa,
3117 930 3179 977 ut
3201 932 3437 989 sanctus,
3462 923 3742 996 sanctitas;

2151 994 2683 1087 sapiens,sapientia.
2731 1014 2853 1071 Alia
2877 1015 3216 1081 diminutiva,
3256 1024 3317 1071 ut
3343 1031 3454 1082 rex,
3509 994 3741 1086 regulus.

2150 1105 2269 1161 Alia
2290 1105 2636 1176 homonyma,
2661 1114 2720 1160 ut
2747 1122 2926 1178 nepos,
2969 1105 3131 1161 acies.
3175 1104 3294 1161 Alia
3328 1120 3651 1178 synonyma,
3683 1114 3742 1162 ιιι

2152 1199 2383 1272 gladius,
2404 1201 2566 1265 ensis,
2589 1214 2791 1254 mucro.
2822 1199 2940 1254 Alia
2967 1196 3253 1267 adjectiva,
3289 1214 3411 1270 quas
3438 1207 3664 1271 possunt
3687 1198 3748 1255 in

2154 1291 2313 1346 laude
2337 1290 2421 1346 vel
2463 1291 2860 1362 vituperatione
2901 1292 3050 1361 poni,
3081 1298 3143 1347 ut
3160 1290 3343 1361 justus
3376 1291 3553 1356 homo,
3593 1289 3745 1361 inju-

2153 1393 2266 1439 stas
2295 1384 2471 1439 homo.
2495 1382 2613 1438 Alia
2637 1383 2693 1438 in
2723 1384 2903 1439 medio
2924 1383 3120 1455 posita,
3150 1391 3209 1438 ut
3231 1400 3471 1455 magnus.
3503 1382 3746 1439 Dicimus

2155 1492 2376 1547 magnus
2407 1475 2714 1547 imperator,
2742 1483 2799 1530 et
2822 1492 3043 1547 magnus
3070 1474 3231 1531 latro.
3264 1473 3391 1531 Haec
3415 1482 3475 1528 et
3496 1474 3752 1529 acciden-

2157 1566 2233 1623 tia
2256 1582 2402 1639 saape
2424 1564 2582 1633 ﬁunt,
2611 1574 2672 1621 ut
2697 1568 2845 1638 niger
2871 1583 3077 1635 comis,
3124 1565 3294 1623 altam
3338 1582 3503 1621 mare.
3534 1565 3652 1620 Alia
3677 1566 3750 1621 ad

2159 1658 2387 1733 [aliquid
2407 1659 2550 1714 dicta
2581 1656 2774 1729 (Edit.,
2802 1656 2871 1711 ad
2892 1656 3062 1728 aliud)
3089 1655 3110 1731 ]
3139 1664 3200 1712 ut
3240 1656 3387 1726 ﬁlius
3423 1672 3622 1710 servus.
3653 1654 3749 1710 Di-

2158 1752 2330 1806 cendo
2356 1749 2548 1823 [enim]
2574 1748 2743 1805 ﬁlium
2773 1757 2831 1804 et
2855 1762 3095 1815 servum,
3134 1757 3347 1819 patrem
3376 1748 3753 1820 signiﬁcamus

467 1863 629 1919 men?
655 1891 725 1903 —
746 1860 912 1916 Saxo.
946 1857 1153 1914 Nomen
1182 1864 1271 1914 est
1293 1840 1421 1927 pars
1441 1852 1729 1918 orationis,
1757 1847 2053 1905 secundum
2088 1846 2134 1906 Β
2158 1850 2214 1898 ct
2259 1842 2556 1898 dominum.
2598 1840 2717 1895 Alia
2758 1842 2914 1911 quasi
2959 1841 3027 1896 ad
3066 1840 3300 1912 aliquid,
3332 1848 3393 1894 ut
3427 1840 3563 1899 dies.
3606 1855 3750 1908 nos;

466 1951 873 2026 grammaticos,
923 1965 1044 2022 qua!
1093 1948 1382 2017 unicuique
1416 1944 1632 2015 corpori
1679 1942 1761 1998 vel
1797 1943 1877 1998 rei
1907 1957 2056 2005 coin-

461 2060 683 2101 munem
714 2042 798 2098 vel
839 2042 1112 2113 propriam
1153 2041 1472 2111 qualitatem
1515 2035 1831 2102 distribuit;
1878 2044 1935 2090 et
1972 2042 2059 2091 est

462 2149 664 2193 nomen
702 2134 905 2190 dicttun
954 2131 1110 2203 quasi
1157 2140 1433 2194 notamen,
1485 2143 1553 2183 eo
1579 2126 1723 2197 quod
1752 2126 1857 2180 ltoc
1900 2130 2057 2179 nota-

462 2241 589 2283 mus
627 2224 870 2297 singulas
921 2220 1252 2278 substantias
1285 2218 1367 2276 vel
1418 2233 1528 2284 res,
1563 2229 1900 2279 communes,
1949 2221 2010 2267 ut
2041 2229 2053 2265 :

466 2321 681 2388 Homo,
737 2320 1061 2393 disciplina;
1110 2319 1194 2374 vel
1250 2318 1515 2391 proprias,
1579 2324 1642 2371 ut
1695 2332 1708 2369 :
1774 2312 2057 2384 Virgilius,

465 2416 821 2470 arithmetica.
853 2413 1259 2484 [interrogemus
1305 2422 1518 2477 tamen,
1547 2425 1582 2465 ο
1610 2407 1851 2472 France,
1884 2406 2060 2478 magi-

465 2516 640 2563 strum
670 2504 1097 2579 pbilosopbieam
1125 2502 1494 2559 deﬁnitionem
1522 2500 1778 2556 nominis.

542 2596 681 2654 Mss.
709 2594 914 2650 Nomen
956 2605 1043 2650 est
1080 2610 1186 2649 vox
1230 2591 1592 2665 signiﬁcativa
1620 2589 1919 2647 secundum
1946 2587 2064 2658 pla-

468 2689 660 2755 citum,
718 2688 835 2745 sine
883 2696 1150 2759 tempore,
1198 2683 1481 2740 deﬁnitum
1511 2681 1717 2754 aliquid
1751 2679 2063 2751 signiﬁcans

469 2788 525 2844 in
549 2785 903 2850 nominativo,
945 2798 1070 2839 cum
1108 2790 1185 2837 est
1234 2788 1329 2837 aut
1357 2796 1461 2836 non
1494 2788 1595 2844 est,
1625 2785 1687 2833 ut
1717 2790 1733 2830 :
1764 2776 1919 2830 homo
1966 2782 2061 2837 est,

469 2880 627 2934 homo
670 2895 776 2933 non
806 2886 899 2932 est.
929 2875 986 2931 ιιι
1032 2872 1224 2948 [aliis]
1272 2872 1491 2930 casibus
1537 2869 1662 2933 licet
1684 2868 1853 2925 addas
1878 2875 1951 2921 est
1979 2864 2065 2920 vel

471 2986 578 3026 non
604 2978 704 3036 est,
734 2968 869 3024 nihil
899 2978 1081 3023 tamen
1110 2974 1321 3022 certum
1364 2961 1655 3034 signiﬁcat,
1684 2960 1727 3016 si
1757 2974 1866 3015 non
1895 2972 2063 3029 appo-

471 3080 571 3120 uas
599 3064 728 3135 quid
755 3063 825 3118 sit
851 3062 934 3115 vel
966 3060 1095 3131 quid
1126 3074 1233 3114 non
1258 3059 1346 3113 sit.
1380 3058 1486 3114 Ut:
1512 3056 1741 3111 lion-inis
1767 3063 1862 3119 est,
1890 3051 2064 3106 [tomi—

472 3157 556 3211 nis
587 3172 691 3210 non
720 3165 817 3207 est.
867 3151 1167 3207 Secundum
1208 3148 1485 3221 placitum,
1524 3148 1577 3203 id
1602 3154 1685 3202 est
1717 3143 2065 3214 compositio.

474 3265 600 3305 nem
651 3247 983 3320 singularum
1027 3243 1266 3316 gentium
1297 3250 1424 3296 sunt
1466 3240 1685 3295 nonnina
1726 3236 1889 3307 272
1919 3250 2064 3291 com-

474 3342 674 3415 posita,
734 3348 793 3393 ut
835 3340 978 3409 quod
1030 3336 1222 3390 Latine
1270 3332 1408 3389 dicis
1465 3346 1685 3393 aurum,
1739 3330 1840 3384 hoc
1880 3325 2066 3383 Gram

475 3435 679 3510 χρυσὸς
710 3430 927 3486 dicitur.
966 3427 1084 3485 Una
1116 3434 1201 3482 est
1229 3421 1534 3481 substantia
1554 3462 1567 3489 ,
1596 3420 1691 3477 sed
1729 3421 1941 3475 diversa
1965 3433 2067 3474 no-

478 3525 643 3581 mina.

550 3620 649 3676 Pa.
678 3622 825 3690 Quot
856 3617 1111 3675 accidunt
1148 3615 1391 3672 nomini?
1416 3644 1487 3654 —
1510 3611 1675 3669 Saxo.
1709 3610 1840 3676 Sex,
1881 3624 2072 3666 secun-

476 3715 606 3772 dum
636 3712 943 3769 Donatum:
974 3708 1228 3781 qualitas,
1264 3705 1609 3777 comparatio,
1652 3719 1838 3775 genus,
1891 3717 2073 3756 nume-

482 3825 595 3873 rus,
623 3807 819 3878 ﬁgura,
844 3821 1017 3859 casus.
1047 3800 1359 3859 Secundum
1398 3798 1759 3861 Priscianum,
1792 3795 2065 3867 quinque;

474 3900 602 3973 quia
631 3898 720 3954 ille
748 3896 1068 3967 qualitatem
1094 3899 1150 3949 et
1167 3889 1629 3963 comparationem
1661 3886 1843 3953 simul,
1874 3886 2070 3957 species

477 3988 798 4053 nominavit,
827 3987 955 4058 quia
977 3994 1105 4041 sunt
1130 3982 1314 4039 omnia
1338 3981 1554 4037 nomina
1585 3978 1815 4052 propria?
1844 3976 2069 4049 speciei,

476 4082 563 4137 vel
599 4078 925 4153 appellativa?
949 4091 968 4130 ξ
998 4072 1307 4154 principalis
1338 4072 1425 4128 vel
1461 4072 1779 4127 derivativw.
1811 4067 2067 4139 Propriae,

479 4184 579 4230 ut:
607 4172 807 4228 Julius.
836 4168 1208 4241 Appellativte,
1254 4174 1316 4221 ut
1348 4184 1362 4220 :
1392 4162 1565 4219 Mons.
1604 4160 1948 4231 Principalis,
1970 4167 2030 4214 ut
2055 4177 2069 4214 :

478 4266 680 4325 Julius.
736 4262 910 4319 Mons.
957 4260 1280 4317 Derivativat
1305 4266 1363 4314 ut
1393 4272 1409 4313 :
1440 4256 1711 4321 Julianus,
1762 4253 2071 4309 Montanus.

479 4359 539 4414 ln
568 4356 801 4429 quibus,
836 4356 889 4411 id
914 4362 1000 4409 est
1026 4352 1183 4426 [Ms.,
1214 4348 1383 4424 idem]
1433 4346 1746 4404 derivativis
1791 4360 2076 4415 compara-

485 4448 660 4504 tiones
689 4447 963 4501 nominum
997 4443 1271 4514 imposuit.

554 4538 655 4596 Fn.
696 4536 1049 4609 Propriorutu
1097 4522 1373 4590 nominum
1416 4531 1625 4603 species
1652 4539 1782 4602 quot
1818 4528 2072 4583 sunt?—

486 4629 655 4687 Suo.
679 4629 955 4697 Quatuor:
978 4643 1302 4699 pra'nonten,
1330 4641 1542 4690 nomen,
1586 4638 1889 4695 cognomen,
1914 4637 2077 4693 agno-

484 4740 624 4780 men.
651 4721 990 4778 Prwnomina
1010 4729 1155 4785 sunt,
1200 4734 1319 4790 quae
1347 4717 1626 4788 dignitatis
1647 4715 1729 4771 vel
1759 4712 2079 4769 dilferentia:

485 4830 651 4873 causa
674 4814 906 4887 propriis
937 4813 1244 4867 nominibus
1293 4817 1703 4882 praeponuntur,
1729 4813 1788 4860 ut
1821 4821 1832 4858 :
1858 4804 2077 4859 Anicius

488 4906 708 4963 Boetius
736 4921 750 4959 :
781 4906 996 4960 Anicius
1027 4920 1057 4958 a
1086 4902 1367 4959 nobilitate
1386 4913 1441 4956 et
1460 4899 1712 4955 libertate
1743 4896 1959 4967 generis
1991 4894 2074 4949 di-

490 5001 650 5056 citur.
694 4997 1051 5061 Dill'ercntitc,
1097 5004 1157 5050 ut
1197 4993 1392 5049 Lucius
1434 4990 1719 5048 Cornelius
1759 4996 1814 5043 et
1855 4985 2079 5041 Publius

489 5090 796 5148 Cornelius.
823 5088 1195 5156 Notauturquc
1230 5081 1561 5156 praenomina
1582 5078 1666 5135 vel
1691 5075 1916 5149 singulis
1936 5075 2080 5131 litte—

490 5184 572 5237 ris
599 5182 685 5236 vel
712 5181 854 5234 binis
883 5180 967 5233 vel
1008 5178 1197 5233 ternis.
1248 5174 1522 5246 Singulis,
1550 5182 1609 5226 ut
1641 5188 1655 5226 :
1690 5169 1791 5235 M.,
1842 5167 2077 5223 Marcus.

444 5282 458 5296 ‘
491 5272 664 5336 Binis,
715 5280 773 5327 ut
804 5290 817 5324 :
852 5269 977 5334 Cn.,
1024 5268 1223 5324 Coeus.
1268 5265 1481 5331 Ternis,
1515 5272 1577 5318 ut
1607 5282 1619 5317 :
1675 5261 1825 5325 Sex"
1862 5261 2081 5315 Sextus.

496 5365 707 5421 Nomen
752 5372 837 5420 est
871 5362 1032 5417 unius
1085 5359 1346 5429 cujusque
1388 5357 1689 5428 proprium,
1732 5349 2080 5409 utzPaulus.

495 5454 794 5527 Cognomen
825 5462 912 5509 est
938 5451 1277 5523 cognationis
1303 5448 1385 5504 vel
1411 5446 1629 5501 familiae
1664 5458 1954 5500 commune
1983 5456 2081 5497 no-

497 5558 643 5615 men,
673 5556 733 5604 ut
762 5547 961 5619 Scipio.
995 5544 1131 5600 Nam
1155 5545 1223 5599 ab
1245 5539 1363 5611 ejus
1384 5539 1601 5597 nomine
1626 5536 1806 5592 omnis
1828 5534 2082 5606 cognatio

498 5640 588 5697 illa
617 5641 696 5698 sic
721 5640 1020 5696 dicebatur.
1049 5637 1340 5707 Agnomen,
1390 5632 1533 5704 quod
1581 5633 1647 5686 ab
1682 5630 1861 5699 aliquo
1887 5636 2084 5683 eventu

498 5735 579 5791 sic
626 5733 844 5797 dicitur,
882 5740 944 5787 ut
976 5748 989 5787 :
1025 5730 1325 5800 Africanus,
1371 5725 1500 5798 quia
1545 5722 1780 5781 Alritam
1836 5722 2086 5778 vincebat

502 5826 621 5900 [F.,
645 5823 890 5899 vicerat].

2157 1938 2395 1999 destera,
2423 1934 2662 1989 sinistra.
2690 1931 2824 1988 Nam
2867 1935 3119 2004 quamvis
3161 1950 3327 1989 unum
3359 1933 3553 1988 borum
3586 1933 3752 1988 inter-

2157 2033 2268 2089 eat,
2295 2033 2473 2093 potest
2514 2032 2697 2079 tamen
2735 2023 2962 2079 alterum
3005 2039 3246 2080 manere.
3288 2023 3403 2078 Non
3431 2024 3512 2080 sic
3539 2022 3607 2078 de
3636 2023 3746 2077 ﬁlio

2158 2125 2215 2171 et
2240 2117 2306 2171 de
2329 2131 2505 2171 servo.
2547 2114 2667 2170 Alia
2697 2124 2824 2172 sunt
2851 2123 3069 2188 gentem
3098 2115 3475 2188 signiﬁcativa,
3515 2125 3579 2172 ut
3598 2114 3749 2173 Gm-

2158 2223 2274 2273 cus,
2309 2206 2577 2278 Hispanus
2599 2223 2619 2263 :
2643 2206 2748 2262 alia
2770 2208 3020 2278 patriam,
3050 2217 3113 2264 ut
3125 2207 3418 2276 Romanus,
3452 2208 3754 2267 Thebanus.

2159 2298 2278 2352 Alia
2324 2299 2731 2370 interrogativa,
2780 2306 2840 2355 ut
2874 2299 3069 2371 qualis,
3121 2311 3375 2372 quantus,
3413 2301 3580 2373 quot!
3627 2317 3756 2358 cum

2164 2405 2294 2446 suos
2329 2400 2550 2445 servant
2574 2397 2852 2447 accentus.
2872 2392 2993 2448 Alia
3019 2393 3271 2461 relativa,
3299 2401 3360 2449 ut
3380 2403 3582 2461 tantus,
3604 2396 3757 2462 talis,

2163 2495 2259 2540 tot.
2284 2483 2403 2540 Alia
2430 2485 2710 2543 collectiva
2740 2503 2863 2558 qua
2906 2487 2961 2544 in
3002 2488 3262 2559 singulari
3309 2504 3539 2546 numero
3585 2490 3759 2547 multa

2163 2576 2492 2649 signiﬁcant,
2538 2590 2597 2635 ut
2616 2582 2873 2653 populus,
2921 2583 3084 2655 plebs.
3119 2583 3237 2639 Alia
3267 2584 3507 2649 dividua,
3536 2590 3597 2638 ut
3620 2583 3755 2650 bini,

2165 2672 2321 2738 terni,
2349 2674 2568 2728 centeni.
2600 2672 2716 2730 Alia
2751 2673 2981 2742 laetitia,
3017 2677 3074 2733 id
3097 2686 3204 2742 est,
3232 2669 3302 2733 de
3328 2690 3463 2732 sono
3497 2675 3662 2743 facta,
3694 2684 3758 2732 ut

2165 2762 2600 2830 tintinnabulum,
2645 2774 2843 2833 turtur,
2888 2766 3125 2839 clangor.
3153 2766 3275 2821 Alia
3309 2774 3437 2823 sunt
3459 2764 3755 2838 generalia,

2165 2871 2285 2925 qua:
2316 2855 2372 2910 in
2406 2856 2653 2913 diversas
2691 2858 2900 2928 species
2940 2868 3166 2931 possunt
3190 2859 3379 2923 dividi,
3423 2865 3483 2914 ut
3531 2857 3753 2925 animal,

2166 2950 2342 3002 arbor.
2366 2948 2485 3005 Alia
2513 2950 2790 3019 specialia,
2818 2958 2878 3006 ut
2902 2953 3078 3019 homo,
3123 2952 3263 3006 vitis.
3303 2951 3425 3006 Alis
3465 2949 3753 3014 ordinalia,

2167 3048 2226 3095 ut
2251 3040 2474 3110 primus,
2502 3040 2784 3099 secundus.
2816 3042 2937 3103 Alia
2966 3042 3299 3109 numeralia,
3327 3052 3387 3098 ut
3414 3060 3599 3109 unum,
3628 3042 3758 3109 duo,

2167 3139 2290 3187 tres.
2318 3131 2440 3187 Alia
2463 3132 2725 3191 absoluta.
2770 3143 2830 3189 ut
2869 3134 3034 3202 Deus,
3063 3138 3219 3191 ratio.
3266 3135 3383 3191 Alia
3418 3136 3758 3207 temporalia,

2167 3234 2228 3281 ut
2248 3226 2460 3290 mensis,
2490 3244 2681 3282 annus.
2710 3227 2829 3284 Alia
2850 3228 3065 3296 localia,
3091 3238 3151 3285 ut
3181 3232 3523 3301 propinquus,
3548 3230 3759 3300 longin-

2165 3332 2320 3386 quus.
2351 3315 2468 3371 Alia
2511 3320 2885 3390 patronymica
2911 3317 3066 3392 μη,
3111 3318 3516 3391 patrimonlca],
3548 3327 3607 3375 ut
3640 3318 3763 3376 Sci-

2166 3408 2348 3479 piadas
2379 3423 2409 3461 a
2437 3406 2711 3480 Scipione,
2746 3408 2993 3466 Thesidcs
3024 3428 3056 3466 a
3089 3411 3319 3467 Theseo.
3365 3410 3492 3466 ilice
3518 3427 3659 3481 saepe
3688 3411 3761 3466 ab

2168 3498 2284 3555 avis
2310 3497 2446 3553 ﬁunt
2491 3507 2547 3555 et
2580 3515 2611 3555 a
2652 3499 3044 3565 conditoribus,
3093 3512 3153 3556 ut
3204 3500 3426 3567 Iliades,
3466 3500 3759 3557 zEneades.

2170 3590 2312 3648 Sunt
2338 3590 2446 3646 alia
2475 3592 2816 3664 possessiva,
2844 3610 2967 3663 qua:
2999 3595 3205 3665 aliquid
3232 3611 3299 3650 ex
3332 3595 3421 3651 bis
3454 3594 3767 3667 signiﬁcant

2169 3697 2292 3752 quae
2316 3681 2686 3751 possidentur,
2734 3690 2795 3737 ut
2824 3680 3125 3738 Evandrius
3170 3685 3331 3749 ensis,
3381 3694 3436 3739 et
3462 3685 3635 3756 regius
3668 3684 3766 3739 lto-

2170 3791 2287 3828 nor.
2350 3772 2477 3830 Haec
2543 3788 2668 3830 cum
2698 3772 2935 3845 genitivo
2992 3775 3276 3846 principali
3342 3775 3765 3847 interpretantur

2171 3863 2327 3937 (Mn,
2356 3863 2485 3920 H330
2527 3864 2763 3936 genitivo
2790 3864 3075 3935 principali
3104 3865 3465 3938 deserviunt],
3500 3874 3560 3921 ut
3585 3865 3761 3920 Erae-

2170 3954 2254 4010 dri
2300 3954 2447 4011 ensis
2483 3963 2539 4011 et
2564 3954 2706 4028 regis
2740 3954 2929 4010 honor.
2964 3955 3106 4012 Sunt
3127 3966 3183 4011 et
3214 3955 3334 4011 alite
3361 3956 3593 4026 species,
3626 3971 3764 4026 quas

2172 4048 2414 4105 Donatus
2435 4049 2607 4119 ponit,
2630 4050 2723 4106 sed
2749 4049 2857 4105 illze
2881 4051 2935 4107 in
2952 4050 3038 4107 his
3065 4051 3429 4121 reperiuntur,
3458 4060 3518 4104 ut
3535 4048 3773 4120 qualitas

2174 4147 2232 4194 et
2256 4140 2552 4209 quantitas.
2581 4140 2638 4195 In
2670 4138 2949 4209 adjectivis
2992 4151 3047 4197 et
3073 4140 3447 4196 accidentibus
3478 4140 3769 4195 inveniuno

2176 4238 2265 4286 tur
2291 4230 2479 4297 bonus,
2507 4248 2729 4302 magnus
2761 4230 2859 4305 [et]
2890 4231 3081 4287 mediae
3105 4238 3232 4287 sunt
3260 4230 3693 4302 signiﬁcationis.

2247 4322 2345 4378 Fu.
2390 4321 2838 4393 Comparationes
2889 4323 3170 4379 nominum
3221 4323 3365 4378 unde
3412 4321 3775 4376 veniunt?—

2177 4413 2344 4470 Ssxo.
2388 4413 2433 4467 A
2467 4413 2776 4470 nominibus
2804 4414 3085 4484 adjectivis
3120 4423 3176 4471 et
3205 4415 3575 4470 accidentibus
3605 4414 3777 4470 alicu-

2172 4508 2261 4579 jus
2288 4507 2626 4573 substantiae,
2667 4506 2983 4577 qualitatem
3005 4507 3090 4563 vel
3121 4507 3479 4580 quantitatem
3504 4507 3668 4561 animi
3695 4507 3773 4562 si-

2178 4599 2562 4671 gniﬁcantibus
2596 4599 2682 4655 vel
2726 4600 2993 4669 corporis,
3033 4615 3154 4670 qua:
3189 4607 3419 4671 possunt
3465 4598 3550 4653 vel
3599 4599 3778 4654 incre-

2177 4700 2358 4747 menta
2390 4690 2475 4747 vel
2503 4692 2832 4747 detrimenta
2863 4708 3098 4748 sumere.
3146 4692 3321 4749 Homo
3347 4691 3430 4745 vel
3458 4690 3614 4761 lapis,
3644 4691 3777 4745 sub-

2175 4786 2375 4841 stantia
2418 4793 2522 4841 est.
2551 4781 2727 4840 Homo
2748 4784 2987 4855 prudens
3028 4793 3083 4840 et
3107 4784 3453 4855 prudentior;
3487 4781 3625 4853 lapis
3661 4796 3778 4837 ma-

2172 4896 2315 4951 gnus
2337 4890 2392 4936 ct
2414 4878 2591 4949 major
2618 4879 2835 4935 dicitur.
2862 4878 2931 4933 Et
2952 4892 3169 4949 semper
3193 4876 3604 4946 comparativus
3627 4888 3779 4931 com-

2177 4973 2354 5028 munis
2382 4980 2469 5027 est
2488 4971 2722 5042 generis,
2753 4979 2813 5026 ut
2837 4970 2927 5025 hic
2961 4978 3017 5025 et
3042 4968 3160 5024 haec
3183 4966 3522 5037 prudentior.
3548 4965 3614 5019 Et
3641 4981 3775 5020 neu-

2180 5072 2322 5119 trum
2356 5064 2411 5118 in
2454 5062 2556 5128 ius,
2582 5070 2641 5116 ut
2681 5061 2778 5116 hoc
2818 5059 3154 5132 prudentius,
3201 5057 3350 5112 facit.
3397 5056 3676 5110 Invenitur
3716 5063 3774 5111 et

2178 5154 2581 5227 comparativus
2619 5168 2718 5224 pro
2746 5152 2978 5226 positivo
3025 5152 3172 5221 poni,
3205 5159 3265 5203 ut
3292 5147 3485 5219 Virgil.
3525 5145 3682 5219 (Ἐκ.
3720 5161 3775 5212 v,

2182 5246 2353 5319 50l):

2498 5374 2508 5386 .
2535 5370 2549 5385 .
2578 5372 2593 5386 .
2618 5337 2834 5388 Comites
2857 5336 3067 5384 senioris
3096 5334 3290 5383 Acestae
3318 5370 3335 5390 ,

2187 5436 2288 5493 pro
2308 5422 2467 5476 senis.
2500 5420 2595 5475 Est
2634 5419 2851 5488 quando
2878 5418 3057 5471 minus
3086 5414 3317 5485 positivo
3342 5410 3601 5484 singulari
3622 5408 3779 5483 μὴ..

2192 5512 2479 5583 positivum
2527 5507 2880 5582 singularem]
2924 5507 3213 5578 signiﬁcat,
3259 5516 3313 5562 et
3347 5504 3477 5561 nulli
3499 5517 3784 5575 compara-

2195 5614 2283 5661 tur
2313 5614 2373 5660 ut
2402 5605 2590 5677 Virgil.
2615 5602 2770 5675 (Ain.
2796 5621 2834 5670 ι,
2858 5603 2986 5678 522)
3020 5622 3033 5659 :

2320 5720 2523 5771 Tristior
2550 5728 2699 5783 atque
2723 5717 2892 5769 oculos
2912 5716 3137 5779 iacrymis
3158 5717 3341 5769 sull‘usa
3368 5720 3605 5767 nitentes.

2201 5812 2425 5868 Tristior
2461 5811 2548 5869 hic
2591 5828 2653 5867 ex
2692 5819 2847 5883 parte
2886 5809 3156 5883 signiﬁcat
3200 5810 3428 5865 tristem.
3472 5806 3636 5864 Fiunt
3662 5814 3720 5864 et
3756 5825 3787 5861 a
