4106 6510
292 383 397 448 861

1385 386 1765 441 DlDASlJAlJt
1779 388 1856 437 Ἀ.
1888 415 1957 423 ——-
1994 385 2134 439 (ιιιι
2146 386 2475 443 ΜΜΑΤΙΕᾹ.

3471 394 3567 452 882

291 501 680 572 comparativis
700 500 1038 565 diminutiva,
1074 509 1130 553 ut
1155 500 1501 571 ιιιίιλιιδειιιηε,
1530 500 1865 561 minusculus,

2054 499 2146 553 Fu.
2199 500 2315 554 Non
2363 517 2481 557 sum
2524 512 2629 559 tam
2659 506 2849 562 avidus
2897 522 3059 576 quam
3107 518 3163 563 tu
3203 509 3435 572 invidus,
3480 514 3571 582 qui

288 596 392 654 sed
442 611 547 651 non
593 595 837 651 absolute
880 593 1036 668 [Ms.,
1083 593 1365 666 absolute]
1393 594 1555 666 2'73
1586 602 1645 647 ut
1674 602 1885 647 extera:

291 687 703 753 diminutiones,
736 687 830 743 sed
866 687 933 743 ad
974 687 1175 760 aliquid
1219 687 1536 759 respiciunt,
1568 695 1629 742 ut
1660 686 1879 742 Terent.

290 774 565 851 (Eunuch.
592 794 679 844 tn,
705 778 761 843 5,
790 777 882 851 2|)
915 790 932 833 :

415 914 568 968 Thais
589 914 753 979 mulo,
767 927 913 978 quam
936 926 1035 977 ego
1052 927 1178 975 sum,
1204 915 1472 978 maiuscula
1505 922 1601 965 est.

362 1016 463 1074 Fu.
489 1016 658 1089 Cujus
684 1014 899 1089 generis
944 1016 1306 1087 superlativus
1349 1015 1410 1072 ﬁt
1454 1015 1608 1090 [Ms.,
1652 1015 1787 1088 sit]?
1811 1044 1883 1057 --

268 1103 461 1165 δυο.
491 1105 865 1177 Superlativus
893 1106 1108 1165 mobilis
1131 1117 1217 1164 est
1239 1123 1339 1180 per
1369 1108 1472 1163 tria
1498 1122 1715 1178 genera.
1746 1108 1883 1163 Pru-

284 1196 663 1260 dentissimus,
693 1212 744 1261 a,
770 1211 883 1253 um.

359 1287 461 1346 Fa.
491 1286 961 1360 Snperlativorum
998 1299 1129 1361 quos
1163 1299 1290 1346 sunt
1332 1290 1582 1362 species?
1614 1320 1683 1333 ο·-
1710 1289 1876 1347 Suo.

279 1380 461 1439 Octo:
505 1382 695 1448 simus,
733 1382 918 1447 rimus,
968 1382 1023 1439 in
1055 1398 1191 1455 quas
1214 1381 1473 1456 pleraque
1505 1384 1761 1440 desinunt
1789 1400 1880 1440 su-

278 1473 545 1544 perlativa
570 1491 585 1529 :
616 1472 797 1542 limus,
817 1473 1015 1541 ximus,
1047 1476 1226 1543 timus,
1251 1486 1466 1541 trcmus,
1493 1477 1652 1543 imus,
1679 1478 1875 1544 nimus,

278 1573 347 1620 ut
360 1566 755 1629 sanctissimus,
786 1565 1205 1638 pulcherrimus,
1229 1568 1558 1633 simillimus,
1584 1568 1873 1635 maximus,

277 1657 527 1724 ultimus,
574 1666 875 1724 extremus,
921 1656 1174 1732 [primus]
1220 1658 1513 1725 minimus;
1564 1674 1593 1715 ε
1634 1658 1873 1731 longam,

278 1748 409 1804 dum
436 1748 638 1820 ubique
663 1748 682 1804 i
708 1748 1009 1822 penultima
1038 1750 1364 1821 corripitur,
1395 1760 1625 1820 praeter,
1671 1752 1875 1822 primus

276 1847 339 1895 et
365 1840 524 1895 imus.

348 1927 446 1985 Fs.
473 1928 889 2001 Comparativus
916 1940 971 1987 et
997 1933 1363 2005 superlativus
1408 1937 1604 2007 quibus
1626 1936 1867 2011 jungun-

273 2024 371 2076 tur
413 2020 672 2077 casibus?
704 2050 778 2064 -—-
814 2020 981 2079 Suo.
1031 2023 1283 2081 Ablativo
1331 2028 1612 2099 utriusque
1658 2032 1868 2088 numeri

275 2104 518 2180 iungitur
567 2114 992 2182 comparativus,
1038 2122 1119 2182 ut,
1153 2115 1352 2171 Hector
1395 2117 1587 2188 fortior
1620 2118 1868 2177 Diomede

280 2198 402 2270 fuit,
432 2210 479 2255 et
505 2202 761 2258 audacior
789 2201 1057 2275 Trojanis.
1096 2206 1465 2277 Superlativus
1489 2212 1726 2281 genitivo
1753 2213 1871 2286 plu-

280 2287 415 2355 rali,
454 2300 531 2357 ut,
579 2290 778 2348 Hector
820 2295 1140 2366 fortissimus
1176 2297 1525 2370 Trojanorum
1563 2303 1683 2374 fuit.
1716 2306 1869 2360 luve—

277 2379 431 2437 nitur
450 2391 504 2437 et
539 2379 642 2457 [in]
677 2384 936 2458 singulari
958 2387 1110 2461 jungi
1145 2388 1406 2463 [genitivo
1436 2393 1562 2466 (Ed.
1586 2436 1600 2462 ,
1632 2398 1863 2471 generi)]

274 2487 402 2529 cum
431 2472 607 2547 ipsum
632 2475 905 2548 singulare
923 2494 1121 2535 nomen
1146 2482 1545 2541 multitudinem
1574 2489 1864 2560 signiﬁcat,

270 2572 352 2628 ut,
383 2561 912 2635 Hectorfortissimus
927 2580 1005 2625 est
1032 2568 1280 2642 Trojana:
1296 2574 1484 2644 gentis.
1512 2577 1625 2642 Est,
1651 2582 1866 2649 quando

270 2655 636 2726 superlativus
660 2672 759 2730 per
780 2650 839 2716 se
861 2661 1080 2731 ponitur
1116 2670 1170 2718 et
1193 2663 1324 2719 nulli
1356 2680 1741 2738 comparatur;
1770 2674 1866 2728 sed

269 2755 388 2804 tum
417 2763 518 2821 pro
541 2747 692 2805 valde
719 2751 976 2809 adverbio
1001 2756 1350 2826 accipiendus
1387 2768 1469 2814 est
1494 2777 1508 2826 ;
1544 2771 1600 2815 ut
1630 2779 1642 2814 :
1686 2763 1867 2832 [ortis-

266 2839 436 2895 simus
460 2840 562 2910 fuit
590 2837 869 2909 Hercules,
903 2843 955 2898 id
983 2853 1086 2910 est,
1118 2844 1270 2901 ualde
1308 2846 1485 2903 fortis.

343 2928 443 2987 Fn.
478 2928 697 2989 Memini
726 2940 801 2997 te,
838 2932 1004 3001 Saxo,
1037 2934 1237 2992 dixisse
1267 2940 1409 3008 quod
1436 2940 1612 3011 aliqua
1642 2944 1861 3000 nomina

273 3020 591 3093 appellativa
621 3033 805 3081 essent
824 3025 1166 3083 diminutiva.
1205 3027 1343 3085 Num
1369 3046 1400 3085 a
1427 3034 1663 3103 propriis
1689 3036 1862 3091 nomi-

275 3104 432 3170 nibus
456 3115 664 3187 possint
688 3114 804 3173 ﬁeri
833 3118 1197 3176 diminutiva?
1223 3152 1293 3162 —-—
1320 3121 1484 3181 Sno.
1518 3123 1770 3195 Possunt,
1801 3135 1863 3184 ut

270 3220 305 3263 a
328 3203 521 3281 Sergio
542 3206 808 3281 Sergiolus
832 3226 851 3276 ;
888 3213 957 3267 ab
982 3212 1220 3268 Antonio
1236 3255 1251 3278 ,
1281 3214 1639 3273 Antoniaster.

337 3296 440 3354 Fn.
479 3297 625 3367 Quot
664 3300 839 3357 modis
870 3302 1191 3358 diminutiva
1242 3303 1517 3359 flunt.’-—-
1542 3305 1707 3365 Suo.
1743 3310 1862 3368 Tri-

265 3388 371 3448 bus
392 3390 589 3447 modis.
616 3390 725 3444 Aut
751 3391 1091 3448 necessitatis
1115 3409 1298 3457 caiisa.
1332 3405 1394 3450 ut
1419 3411 1449 3451 a
1475 3413 1600 3468 rege
1628 3402 1857 3474 regulus,

264 3484 372 3543 hoc
414 3492 524 3552 est,
572 3500 774 3557 parvus
818 3504 934 3551 rex,
984 3499 1042 3545 ut
1083 3488 1303 3547 Sallust.
1361 3489 1649 3566 Postquam
1694 3495 1862 3568 reguli

265 3575 409 3633 coire
460 3574 621 3651 [Ms.,
675 3579 977 3653 conterrere]
1028 3579 1084 3635 in
1132 3597 1316 3638 unum.
1380 3580 1489 3639 Aut
1538 3586 1861 3644 urbanitatis

266 3681 456 3738 cattas,
477 3676 540 3726 ut
559 3667 835 3727 Iuvenalis
857 3669 998 3744 (Sat.
1030 3672 1122 3747 98)
1147 3689 1161 3728 :

395 3830 412 3848 .
440 3832 456 3849 .
477 3831 495 3848 .
519 3832 538 3850 .
562 3796 725 3848 Malim
749 3796 1043 3852 laterculos
1067 3813 1181 3852 esse
1199 3803 1475 3868 gigantum.

266 3905 378 3962 Aut
418 3904 741 3964 adulationis
770 3923 932 3964 causa
956 3950 972 3973 ,
1011 3920 1071 3965 ut
1103 3910 1181 3984 [in
1211 3914 1453 3985 puerulis
1499 3916 1702 3973 dicitur
1730 3917 1862 3975 Ser-

270 3995 446 4068 giolus
478 3995 674 4068 (Edit.,
706 4000 892 4071 pueris
928 3999 1254 4077 Sergiolis)].

340 4087 438 4144 Fs.
475 4088 688 4147 Formm
729 4091 897 4164 igitur
929 4093 1371 4155 diminutivorum
1397 4110 1533 4172 quot
1575 4108 1754 4162 sunt?
1789 4138 1859 4149 -ο

268 4175 437 4234 Suo.
472 4179 751 4236 Masculiui
781 4182 999 4254 generis
1024 4201 1073 4239 ιι
1100 4199 1115 4241 :
1143 4187 1313 4254 culus,
1351 4190 1473 4247 ωιτη
1500 4193 1621 4265 [Με.
1642 4237 1657 4262 ,
1688 4197 1855 4274 illus],

266 4267 406 4337 olus,
433 4269 587 4338 cllas,
609 4270 794 4339 (rillus,
823 4271 972 4341 illus,
1000 4275 1141 4342 ulus,
1165 4280 1268 4344 cio,
1295 4292 1455 4347 aster,
1483 4282 1640 4357 μεμε,
1669 4267 1855 4363 talus].

268 4359 381 4417 Ut:
410 4360 726 4434 Agniculus,
772 4365 1008 4421 tantulus
1037 4365 1183 4440 [Ms.,
1233 4372 1517 4448 tantillus],
1563 4359 1855 4448 capreolus,

268 4455 527 4528 agnellus,
571 4458 865 4529 pauxillus,
899 4461 1197 4528 codicillus,
1242 4466 1507 4534 hamulus,
1553 4470 1854 4540 homuncio,

265 4549 633 4620 parasitaster,
662 4551 897 4621 aculeus,
922 4555 1212 4626 nepotulus.

339 4641 605 4699 Feminini
648 4646 863 4716 generis
900 4664 1011 4702 vn:
1060 4647 1204 4717 cula,
1244 4653 1360 4721 ula,
1400 4656 1508 4722 ola,
1538 4657 1663 4726 clla,
1698 4661 1854 4729 .rilla,

262 4733 358 4790 illa
382 4774 400 4799 ,
441 4733 571 4789 ulla.
624 4733 694 4791 Ut
725 4752 739 4789 :
789 4736 1068 4807 Aguicula,
1103 4740 1323 4811 sylvula,
1366 4746 1597 4814 unciola,
1632 4751 1855 4823 capella,

264 4826 506 4892 maxilla,
540 4827 800 4898 anguilla,
840 4830 974 4884 ulla.

336 4916 662 4973 Neutrorum
689 4935 763 4974 vn
804 4928 929 4974 sunt
957 4921 1163 4978 fortuna).
1214 4923 1425 4992 Culum,
1471 4928 1638 4995 qum,
1689 4934 1855 5002 olum,

260 5009 441 5075 ellum,
476 5010 649 5076 illum,
673 5011 884 5077 atillam,
917 5013 1103 5070 ullum.
1138 5017 1245 5074 Ut:
1285 5017 1689 5093 Corpusculum,
1714 5029 1858 5099 capi-

262 5100 451 5165 tulum,
501 5099 829 5170 laureolam,
873 5102 1152 5171 lucellum,
1202 5107 1414 5176 uillam,
1450 5113 1724 5183 vexillum,
1776 5117 1859 5178 ul-

264 5193 398 5247 lum.

336 5282 498 5338 Fiunt
516 5284 1029 5341 etdiminutivorum
1055 5288 1372 5346 diminutiva
1399 5296 1560 5348 tertio
1584 5303 1638 5350 et
1659 5307 1858 5368 quarto

264 5376 475 5445 gradu,
533 5385 631 5431 ut:
686 5373 934 5443 Paulus,
991 5377 1299 5448 Paululus;
1352 5392 1407 5438 et
1445 5387 1746 5455 pausillus,
1801 5400 1857 5446 et

262 5465 631 5538 pauxilluli“;
660 5468 833 5536 homo,
856 5469 1161 5538 homuncio,
1188 5472 1558 5543 homunculus,
1583 5478 1851 5549 homﬂus,

260 5554 610 5615 homullulus.

335 5646 517 5717 Ecce,
559 5646 811 5717 France,
852 5650 921 5707 de
966 5652 1304 5723 appellativis
1352 5659 1636 5727 speciebus
1686 5662 1855 5719 babes

265 5740 501 5809 abunde,
529 5750 591 5798 ut
615 5757 759 5812 reor,
789 5742 914 5801 licet
941 5743 1122 5803 nullus
1150 5754 1255 5803 tua:
1280 5749 1523 5807 aviditati
1568 5754 1739 5824 possit
1767 5771 1854 5813 sa-

270 5835 537 5892 tisfacere.

1899 1866 2015 1965 Bs

1888 3237 1935 3301 C

1984 587 2131 642 nulla
2185 589 2266 643 vis
2312 592 2560 661 aperire,
2614 593 2718 648 nisi
2766 595 3188 668 interrogatione
3233 607 3470 655 coactus.
3501 631 3574 644 -

1984 680 2149 735 Saxo.
2196 679 2475 753 interroga
2521 699 2643 754 quae
2672 687 2791 741 vis:
2842 703 2944 760 ego
2987 707 3093 746 non
3122 707 3219 745 ero
3263 695 3443 764 segnis
3489 709 3571 749 rc-

1948 828 1951 831 ,
1982 766 2268 843 spondere.

2502 883 2591 941 DE
2626 886 3039 947 GENERIBUS.

2054 993 2154 1049 Fn.
2182 995 2357 1063 Nunc,
2395 1007 2454 1052 ut
2480 999 2708 1067 aestimo,
2756 1003 2893 1059 ordo
2938 1004 3299 1063 accidentium
3341 1008 3576 1069 nominis

1980 1088 2157 1160 poscit
2203 1078 2232 1145 a
2286 1093 2577 1161 generibus
2627 1094 2922 1167 inquirere.
2980 1099 3133 1154 Unde
3177 1115 3378 1172 genera
3428 1102 3575 1158 dicta

1981 1179 2110 1243 sint,
2137 1180 2314 1249 primo
2343 1181 2503 1237 velim
2532 1185 2693 1240 scire.
2721 1217 2794 1227 -—
2819 1186 2986 1244 Saxo.
3019 1187 3234 1246 Genera
3265 1192 3409 1249 dicta
3438 1202 3569 1250 sunt

1980 1286 2011 1325 a
2035 1272 2361 1341 generando.
2403 1275 2747 1348 Quapropter
2787 1280 3005 1350 proprie
3031 1295 3228 1349 genera
3259 1293 3402 1348 sunt,
3448 1300 3573 1356 quas

1980 1376 2241 1432 generare
2262 1371 2524 1432 possunt:
2556 1366 2611 1420 id
2649 1374 2752 1432 est,
2797 1369 3176 1436 masculinum,
3228 1372 3570 1430 femininum.

1979 1448 2116 1506 Nam
2160 1461 2412 1508 neutrum
2439 1464 2497 1512 et
2538 1471 2823 1513 commune
2868 1461 3043 1532 magis
3086 1462 3235 1519 vocis
3282 1465 3570 1536 qualitate,

1977 1559 2139 1614 quam
2166 1553 2360 1601 natura
2378 1546 2788 1619 dignoscantur.
2815 1551 3072 1622 Epicmna
3092 1557 3399 1625 promiscua
3422 1570 3569 1628 sunt,

1978 1646 2034 1693 et
2057 1636 2159 1691 sub
2185 1654 2289 1693 una
2314 1655 2449 1696 voce
2488 1641 2763 1711 profertur
2791 1644 2948 1719 μη,
2978 1646 3287 1725 proferunt]
3315 1654 3569 1711 masculi-

1977 1744 2105 1784 num
2134 1738 2190 1785 et
2215 1728 2555 1788 femininum.

2046 1817 2145 1873 Fu.
2189 1820 2330 1885 Quid
2377 1831 2463 1877 est
2508 1823 2654 1879 inter
2694 1840 2981 1884 commune
3027 1839 3085 1886 et
3122 1831 3572 1904 epictnnnm?—

2019 1926 2142 1965 sxo.
2186 1913 2341 1980 Quod
2375 1929 2667 1972 commune
2691 1918 2850 1974 modo
2876 1921 3193 1988 masculino,
3228 1928 3389 1982 modo
3415 1916 3570 1983 femi-

1970 2004 2100 2058 nino
2125 2004 2375 2073 articulo,
2424 2016 2586 2078 prout
2623 2012 2957 2067 constructio
2978 2014 3244 2072 orationis
3268 2013 3415 2088 eget,
3438 2016 3568 2089 jun-

1969 2092 2135 2163 gitur.
2184 2094 2485 2167 Epicmnon
2513 2113 2729 2170 semper
2762 2117 2871 2156 uno
2897 2104 3125 2161 articulo
3154 2106 3465 2176 profertur,
3511 2120 3569 2167 et

1970 2186 2254 2256 utriusque
2281 2196 2491 2245 natura:
2527 2189 2782 2246 animalia
2819 2207 2925 2249 una
2954 2210 3084 2253 voce
3110 2207 3166 2253 ct
3203 2215 3310 2254 uno
3337 2199 3568 2259 articulo

1971 2275 2260 2347 signiﬁcat.

2038 2367 2136 2424 Fu.
2192 2368 2329 2425 Num
2366 2372 2549 2429 omnia
2593 2375 2813 2433 nomina
2860 2380 2997 2435 certi
3046 2391 3173 2438 sunt
3214 2384 3568 2455 generis?—

1969 2458 2134 2552 δλξο.
2168 2459 2539 2552 μειιιιιιᾳιιιιιη.
2583 2465 2772 2539 [Multa
2797 2469 2941 2526 enim
2974 2472 3123 2529 dubii
3155 2475 3423 2552 generis.]

2037 2548 2135 2605 Fn.
2170 2551 2325 2609 Unde
2346 2563 2474 2612 sunt
2503 2556 2652 2613 dubii
2687 2560 2903 2631 generis
2932 2564 3147 2619 nomina
3171 2567 3194 2620 ?
3238 2565 3378 2625 forte
3403 2548 3568 2626 ‘dill'e-

1966 2644 2157 2700 rentizc
2186 2660 2353 2702 causa
2379 2648 2404 2701 ?
2429 2679 2501 2689 —
2528 2647 2695 2707 Sno.
2741 2650 2860 2709 Non
2886 2653 3227 2725 dill‘erentiac,
3260 2675 3359 2717 nec
3384 2661 3564 2733 aliqua

1965 2736 2308 2793 necessitatis
2330 2754 2515 2805 causa,
2540 2742 2634 2796 sed
2662 2742 2777 2798 sola
2813 2746 3140 2804 auctoritate
3166 2759 3436 2817 veterum,
3467 2762 3562 2809 ut:

1964 2826 2049 2881 hic
2078 2836 2135 2883 et
2158 2828 2272 2883 ha'c
2294 2828 2436 2899 ﬁnis,
2483 2843 2680 2900 cortex,
2712 2834 2865 2903 siles,
2898 2855 3101 2910 margo,
3128 2841 3310 2906 cardo,
3346 2843 3563 2913 fornar,

1966 2919 2166 2994 [cinis,]
2219 2921 2417 2992 frutex,
2466 2922 2636 2994 frons,
2689 2943 2887 3000 uesper,
2933 2930 3148 2999 humus,
3198 2944 3371 3000 artus,
3415 2934 3565 2994 limes
3614 2972 3622 2980 ι

1966 3010 2157 3085 [Edit.,
2210 3030 2387 3082 arcus,
2435 3014 2639 3090 limus],
2686 3016 2846 3074 latex.
2887 3019 2992 3076 Hic
3021 3030 3075 3079 et
3100 3022 3199 3079 hoc
3239 3025 3341 3081 sal.
3387 3026 3560 3084 Cato:

1966 3102 2051 3159 Ea:
2098 3102 2229 3170 sale,
2271 3105 2363 3178 qui
2411 3107 2553 3178 apud
2609 3106 3047 3182 Carthaginenscs
3093 3112 3176 3182 ﬁt.
3230 3115 3559 3176 Africanus:

1967 3193 2238 3268 Quidquid
2263 3197 2515 3271 loquitur,
2545 3200 2628 3257 sal
2654 3220 2855 3258 merum
2881 3203 3031 3277 [Ed.,
3055 3207 3255 3282 terunt]
3283 3221 3379 3266 est.

2035 3287 2200 3360 274
2227 3288 2328 3344 Fn.
2359 3290 2490 3359 Quae
2524 3300 2650 3347 sunt
2695 3293 2799 3349 lixa
2836 3297 3055 3352 nomina
3076 3297 3102 3351 ?
3128 3328 3201 3339 --
3229 3300 3397 3360 Saxo.
3430 3303 3562 3372 Qua:

1962 3377 2017 3432 in
2044 3376 2276 3433 alterum
2303 3395 2472 3451 genus
2516 3382 2752 3440 transire
2782 3400 2887 3440 non
2912 3397 3163 3456 possunt,
3201 3397 3282 3457 ut,
3326 3404 3479 3465 pater
3504 3402 3563 3454 et

1961 3478 2149 3524 mater.

2030 3560 2130 3616 Fu.
2159 3562 2290 3632 Quae
2314 3575 2443 3621 sunt
2466 3567 2682 3622 mobilia
2705 3567 2728 3621 ?
2754 3599 2826 3609 ——-
2855 3570 3021 3626 Saxo.
3050 3570 3183 3640 Quas
3210 3576 3414 3632 moveri
3438 3591 3556 3649 pos-

1960 3661 2090 3709 sunt
2116 3663 2171 3710 et
2199 3655 2253 3710 in
2281 3656 2428 3713 aliud
2456 3660 2691 3714 transire
2720 3676 2907 3730 genus.
2956 3660 3076 3717 Alia
3102 3678 3169 3718 ex
3199 3667 3434 3736 propriis
3461 3685 3559 3725 no-

1961 3745 2221 3813 minibus,
2252 3756 2349 3803 ut:
2382 3746 2639 3813 Marcius,
2675 3750 2901 3808 Marcia.
2949 3751 3068 3808 Alia
3094 3769 3160 3811 ex
3194 3757 3553 3829 appellativis,

1960 3846 2020 3892 ut
2044 3852 2059 3891 :
2087 3834 2290 3912 Bonus,
2318 3838 2474 3905 bona,
2507 3839 2719 3895 bonum.

2031 3928 2131 3984 Fu.
2165 3928 2310 3997 Quot
2337 3929 2535 3986 litteris
2561 3933 2857 3988 masculina
2890 3934 3149 3992 ﬁniuntur
3177 3940 3445 3998 nomina?
3484 3974 3553 3985 -

1960 4020 2128 4079 Suo.
2179 4019 2435 4092 Septem:
2470 4037 2522 4087 a,
2554 4038 2608 4087 ο,
2646 4022 2686 4090 ι,
2719 4040 2771 4090 n,
2805 4041 2849 4091 r,
2893 4043 2941 4093 s,
2969 4043 3050 4096 at;
3093 4038 3154 4084 ut
3181 4048 3195 4086 :
3226 4033 3420 4100 scriba,
3466 4033 3555 4092 Ci-

1960 4126 2116 4180 cero,
2172 4112 2271 4179 sol,
2316 4114 2512 4185 flumen
2572 4114 2724 4189 llis,
2773 4118 3028 4194 ﬂamen],
3086 4118 3304 4187 σίτων.
3363 4126 3551 4198 bonus,

1961 4226 2073 4265 rex.

2031 4299 2128 4354 Fn.
2157 4298 2440 4357 Feminina
2461 4302 2636 4371 quot?
2660 4333 2731 4344 --
2754 4302 2920 4362 Saxo.
2951 4304 3191 4375 Eisdem,
3221 4316 3319 4365 ut:
3356 4310 3550 4382 Roma,

1956 4394 2124 4465 virgo,
2153 4392 2437 4466 Tanaquil,
2462 4394 2638 4463 Siren,
2675 4407 2860 4462 mater,
2895 4400 3098 4467 civitas,
3123 4418 3247 4474 pax.

2028 4485 2127 4541 Fu.
2156 4485 2357 4542 Neutra
2383 4489 2556 4559 quot?
2582 4520 2650 4537 -ν-
2680 4489 2844 4546 Saxo.
2878 4491 3196 4561 Duodecim,
3243 4513 3299 4561 a,
3327 4513 3370 4559 ε,
3406 4499 3443 4562 i,
3491 4515 3550 4567 ιι,

1882 4576 1996 4677 οι,
2036 4593 2109 4642 m,
2149 4594 2204 4643 η,
2249 4594 2297 4644 r,
2325 4595 2372 4643 s,
2408 4594 2456 4641 c,
2492 4587 2533 4644 t,
2574 4578 2650 4645 d;
2701 4589 2795 4636 ut:
2854 4581 3072 4650 Poema,
3120 4600 3285 4652 mare,
3330 4589 3552 4658 gummi,

1957 4684 2145 4735 cornu,
2176 4667 2297 4730 mel,
2324 4685 2562 4740 regnum,
2594 4688 2805 4737 numen,
2850 4673 3018 4740 tuber,
3044 4675 3212 4743 sidus,
3242 4676 3345 4743 lac,
3370 4690 3548 4749 caput,

1957 4758 2179 4831 aliquid.
2215 4758 2579 4832 [Communia,
2610 4762 2688 4816 uti
2707 4763 2878 4818 trium
2908 4780 3189 4836 generum,
3218 4768 3469 4826 desinunt
3493 4770 3549 4826 in

1956 4851 1998 4916 i,
2027 4867 2103 4915 ιιι,
2139 4867 2185 4915 r,
2215 4867 2263 4917 s,
2292 4866 2368 4914 .r;
2412 4860 2509 4906 ut:
2541 4852 2624 4906 hic
2653 4864 2709 4909 et
2734 4854 2848 4909 hac
2884 4862 2939 4910 et
2964 4856 3063 4911 hoc
3101 4855 3270 4930 frugi,
3300 4876 3546 4934 nequam,

1956 4958 2073 5012 par,
2106 4942 2358 5012 prudens,
2382 4943 2611 5017 auda.r.]

2027 5030 2129 5085 Fu.
2158 5031 2438 5098 Quomodo
2478 5051 2695 5105 possum
2741 5038 2883 5094 scire
2928 5039 3083 5111 cujus
3109 5042 3324 5111 generis
3353 5045 3427 5100 sit
3448 5060 3547 5101 no-

1960 5139 2082 5177 men
2126 5124 2419 5194 quodlibet.
2461 5156 2529 5164 --
2557 5127 2720 5183 Saxo.
2766 5129 3003 5201 Singula!
3036 5147 3165 5187 vero
3209 5136 3547 5192 terminatio-

1961 5229 2057 5267 nes
2085 5215 2285 5268 habent
2312 5215 2523 5286 regulas
2550 5219 2818 5286 pu-(eﬁxas,
2870 5229 3002 5290 quot
3023 5236 3218 5291 genera
3251 5225 3462 5294 possint
3488 5227 3543 5282 in

1958 5305 2039 5359 eis
2065 5320 2204 5360 esse.
2253 5306 2359 5360 Sed
2388 5306 2602 5376 longum
2651 5318 2733 5364 est
2762 5312 2864 5365 hoc
2891 5321 2946 5366 et
2972 5311 3100 5368 huic
3129 5323 3327 5370 nostra:
3351 5318 3541 5386 puerili

1959 5394 2308 5465 disputationi
2338 5410 2627 5454 onerosum
2656 5400 2887 5458 edicere.

2029 5485 2127 5539 Fs.
2159 5485 2273 5541 Hoc
2315 5497 2423 5553 est,
2466 5490 2611 5558 quod
2648 5491 2857 5561 pridem
2906 5494 3037 5550 dixi.
3061 5526 3135 5537 --
3161 5496 3327 5555 Saxo.
3375 5500 3545 5570 Quid-

1958 5592 2085 5632 nam
2105 5579 2127 5631 ?

2028 5667 2127 5721 Fu.
2152 5668 2326 5736 Quid?
2352 5669 2456 5725 nisi
2477 5672 2621 5743 quod
2640 5673 2852 5729 invides
2876 5691 3007 5731 mete
3030 5678 3257 5748 peritia.
3279 5709 3352 5722 --
3370 5680 3538 5739 Saxo.

1956 5756 2328 5829 Nequaquam,
2368 5759 2573 5831 frater;
2621 5763 2714 5821 sed
2755 5771 2860 5822 tua:
2905 5767 3149 5824 avaritia:
3190 5770 3405 5826 modum
3434 5773 3538 5827 itu-

1956 5863 2159 5921 pouere
2185 5848 2349 5905 volui.
3514 5872 3517 5875 '
