4106 6498
511 382 618 443 883

1322 384 1382 439 Β.
1412 381 1476 439 F.
1519 379 1745 438 ALBINI
1784 376 1915 436 εει]
1960 373 2235 430 ,ιιι;ιλιδι
2276 371 2563 429 OPERUM
2606 373 2789 431 PARS
2818 368 2929 426 VII.

3684 369 3791 426 δι’νᾶ

581 500 682 558 Fs.
712 500 927 558 lotium
966 515 1099 560 mea:
1134 500 1377 557 avaritia:
1418 506 1476 556 et
1515 512 1625 553 non
1672 504 1779 551 tua:
1821 488 2100 550 tenacitati
2135 492 2175 545 Α
2207 484 2387 547 bunal,
2438 485 2657 558 vectigal
2682 493 2739 541 et
2757 485 2864 551 sal,
2906 485 3050 553 quod
3075 480 3435 539 masculinum
3460 490 3515 539 et
3550 493 3800 538 neutrum

509 594 786 665 imponere
826 592 929 647 vis.
960 590 1222 646 -Suo.
1274 591 1399 656 Eia,
1444 604 1632 661 perge,
1683 602 1794 659 quo
1828 584 1964 641 velis
2007 596 2096 637 se-

508 699 647 754 quar
672 691 746 737 te.

580 772 676 830 Fn.
725 773 951 845 Pergam
1003 773 1385 841 interrogando
1410 814 1426 839 ,
1484 782 1545 829 tu
1593 786 1823 843 sequere
1871 784 2096 840 respon-

507 866 702 922 dendo.
752 865 820 921 Et
844 866 1079 937 primum
1111 865 1200 921 die
1233 864 1294 921 in
1329 879 1441 935 quo
1481 863 1554 920 sit
1591 863 1831 919 maxima
1859 860 2098 917 nominis

506 957 840 1014 difﬁcultas?
870 988 941 998 —
968 956 1136 1014 Saxo.
1185 954 1245 1012 in
1293 955 1586 1028 generibus
1619 962 1679 1011 et
1721 953 2096 1010 declinationi-

509 1049 627 1103 bus.

575 1138 675 1194 Fa.
721 1137 1021 1195 Declinatio
1064 1138 1120 1195 in
1166 1151 1275 1207 quo
1321 1133 1681 1208 agnoscitur?
1710 1163 1786 1177 --
1822 1132 1989 1189 Saxo.
2038 1133 2097 1188 in

506 1232 889 1288 terminatione
916 1230 1142 1302 genitivi
1167 1244 1350 1285 casus.

574 1321 674 1377 Fn.
723 1322 867 1390 Quot
914 1329 1040 1376 sunt
1083 1318 1497 1376 terminationes
1542 1318 1763 1389 genitivi
1804 1318 2098 1374 euasi—-

505 1410 675 1469 Suo.
722 1414 993 1483 Quinque.
1028 1410 1208 1483 Atque
1244 1409 1367 1467 ideo
1394 1409 1637 1483 quinque
1661 1416 1789 1465 sunt
1818 1408 2099 1465 nominum

504 1505 913 1562 declinationes.

576 1595 675 1651 Fn.
708 1595 805 1652 Dic
831 1593 1089 1665 singulas.
1131 1592 1400 1651 —‘Suo.
1445 1592 1628 1649 Prima
1669 1592 1725 1647 in
1770 1608 1837 1658 te,
1884 1600 1980 1646 ut:
2012 1592 2099 1647 hic

504 1696 681 1756 poeta,
702 1686 863 1756 hujus
884 1696 1070 1757 poclm.
1104 1684 1351 1742 Secunda
1378 1685 1498 1750 ini,
1525 1692 1625 1740 ut:
1655 1682 1740 1739 hic
1764 1684 1970 1746 doctus,
2000 1684 2099 1738 hu-

2197 577 2494 632 invenitur.
2528 578 2584 632 Si
2608 579 2843 634 barbara
2867 576 3027 643 ﬁunt,
3054 575 3351 632 masculina
3377 582 3527 641 sunt,
3554 581 3613 629 ut
3635 574 3803 629 Armi-

2197 667 2308 732 bal,
2341 676 2445 723 etc.
2478 666 2536 722 in
2563 666 2614 723 el
2641 676 2851 723 neutra.
2885 664 3015 733 Hel,
3055 665 3145 736 (el.
3178 666 3237 722 in
3278 666 3318 720 il
3344 680 3510 721 unum
3538 664 3798 721 masculi-

2197 773 2364 821 num,
2415 757 2604 830 pugil;
2659 772 2827 814 unum
2878 756 3232 823 femininum,
3284 756 3565 830 Tanaquil.
3622 757 3801 813 Unum

2197 865 2512 917 commune,
2540 850 2681 923 vigil.
2716 849 2896 906 Unum
2925 858 3178 907 neutrum
3209 849 3614 913 indeclinabile,
3644 847 3797 913 nihil,

2196 943 2254 1000 in
2279 944 2332 998 οι
2355 960 2525 1000 ιιιιιιιιι
2552 945 2933 1009 masculinum,
2969 944 3067 999 sol.
3098 943 3156 1000 in
3184 942 3242 999 ul
3270 944 3424 1002 ﬁnita
3451 944 3558 1000 duo
3585 958 3800 1000 mascu-

2198 1035 2326 1097 lina,
2380 1035 2585 1101 consul,
2633 1035 2851 1108 praesul.
2895 1033 3079 1091 Unum
3128 1050 3439 1103 commune,
3477 1045 3577 1091 ut:
3622 1035 3794 1092 exsul.

2198 1126 2258 1183 in
2286 1144 2374 1183 ant
2396 1143 2564 1183 unum
2594 1142 2908 1193 commune,
2930 1135 2993 1185 ut
3010 1127 3096 1183 Itic
3119 1134 3178 1182 et
3200 1127 3316 1182 Ita'c
3338 1134 3396 1183 et
3422 1126 3520 1181 hoc
3546 1142 3792 1199 aequant.

2198 1218 2268 1274 Et
2295 1220 2413 1277 haec
2432 1219 2618 1279 omnia
2638 1218 2797 1290 juxta
2822 1219 3045 1276 tertium
3070 1216 3365 1277 ﬂectuntur
3386 1216 3635 1276 ordinem
3655 1215 3795 1292 [Al.,

2200 1311 2489 1365 tertiam...
2521 1306 2985 1383 declinationem].
3017 1308 3079 1365 in
3108 1324 3199 1365 est
3227 1309 3412 1367 omnia
3446 1314 3642 1371 neutra
3668 1313 3802 1363 sunt

2197 1408 2255 1458 et
2289 1400 2543 1457 secundm
2566 1399 2967 1467 declinationis,
3002 1409 3065 1459 ιιι
3086 1398 3360 1472 templum,
3402 1398 3603 1470 templi.
3650 1395 3709 1452 in
3733 1412 3802 1451 en

2200 1504 2396 1546 novem
2426 1497 2553 1546 sunt
2574 1489 2923 1559 masculina:
2970 1488 3102 1556 lien,
3146 1487 3280 1559 risu,
3330 1489 3549 1562 ﬂamen,
3593 1499 3801 1561 pecten,

2199 1581 2413 1648 tibicen,
2459 1581 2684 1652 ﬁdicen,
2731 1581 2935 1649 liticen,
2985 1582 3223 1648 tubicen,
3273 1581 3559 1647 cornicea;
3600 1588 3800 1638 eastern

2197 1674 2383 1730 omnia
2409 1684 2602 1731 neutra
2623 1683 2771 1743 sunt,
2801 1684 2862 1734 ιιι
2884 1691 3122 1743 carmen,
3146 1676 3345 1748 ﬂumen
3367 1691 3387 1742 ,°
3410 1684 3468 1739 et
3485 1674 3672 1735 omnia
3696 1683 3785 1732 ter

497 1777 592 1851 jus
618 1777 777 1833 docti.
820 1777 1001 1833 Tertia
1029 1778 1085 1834 in
1121 1779 1166 1833 is
1190 1780 1436 1840 brevem,
1462 1784 1561 1833 ut:
1609 1777 1695 1832 hic
1727 1788 1896 1849 pater,
1935 1778 2098 1847 hujus

2201 1767 2293 1820 tiae
2317 1764 2712 1823 duilinationis.
2757 1763 2817 1821 in
2841 1781 2907 1821 ar
2938 1764 3092 1822 ﬁnita
3125 1773 3253 1829 sunt
3281 1766 3456 1822 tertiae
3482 1764 3777 1827 declinatio

502 1835 687 1939 ξων-ξε,
735 1868 940 1936 Quam
988 1870 1042 1925 ίη
1089 1886 1151 1925 ι,
1195 1835 1542 1941 producam,
1588 1878 1689 1925 ωε
1727 1835 1817 1923 λίς
1861 1835 2098 1935 genui”,
2133 1835 2178 1896 Β
2204 1854 2293 1911 nis
2316 1862 2372 1910 et
2394 1854 2684 1922 neutralia,
2710 1862 2773 1911 ut
2798 1854 3056 1923 torcular,
3093 1856 3359 1929 pulvinar.
3390 1856 3682 1927 Exceptis:
3718 1856 3807 1911 hic

502 1963 666 2034 hujus
691 1972 924 2021 senatus.
960 1962 1158 2032 Quinta
1200 1962 1253 2018 in
1278 1964 1327 2017 ei
1352 1962 1576 2029 divisas,
1603 1970 1701 2018 ut:
1730 1961 1815 2017 hic
1840 1962 1975 2027 dies,
2000 1962 2101 2017 hu-

496 2050 596 2123 jus
632 2053 759 2109 diei.
848 2114 858 2123 _

573 2144 674 2200 Fs.
707 2145 936 2202 Nomina
966 2145 1022 2201 in
1049 2163 1085 2200 a
1125 2143 1324 2217 [ﬁnita]
1354 2142 1509 2213 cujus
1538 2144 1757 2216 generis
1804 2144 1887 2197 vel
1933 2143 2103 2201 decli-

502 2239 741 2295 nationis
767 2240 937 2295 sunt?
965 2268 1034 2279 --
1059 2236 1227 2294 Suo.
1275 2237 1471 2293 Omnia
1510 2235 1802 2310 [nomina],
1830 2238 1874 2291 si
1902 2236 2101 2292 Latina

502 2340 653 2396 sunt,
682 2330 872 2400 prima:
899 2327 1305 2402 [declinationis
1336 2326 1506 2401 sunt].
1536 2336 1594 2386 et
1621 2328 1788 2384 trium
1818 2343 2098 2399 generum,

504 2420 809 2485 masculini,
839 2419 1108 2486 feminini,
1138 2421 1461 2477 communis.

576 2513 673 2567 Fu.
704 2512 962 2569 Discerne
987 2528 1111 2583 qua:
1151 2512 1460 2584 pertineant
1499 2513 1567 2567 ad
1611 2512 1716 2567 hoc
1739 2511 1824 2567 vel
1855 2512 1985 2567 illud
2012 2528 2103 2583 ge-

504 2620 624 2658 nus.
654 2603 822 2659 Sno.
850 2602 1142 2660 Hominum
1165 2604 1385 2660 nomina
1412 2604 1467 2660 in
1498 2621 1531 2659 a
1560 2603 1859 2661 desinentia
1887 2618 2103 2658 mascu-

503 2698 596 2755 lini
627 2707 752 2755 sunt
774 2700 1009 2771 generis,
1047 2706 1151 2754 ut:
1191 2697 1364 2769 Sglla,
1414 2698 1637 2755 Seneca.
1686 2698 1930 2754 Aliarum
1974 2712 2103 2752 vero

507 2803 691 2845 rerum
716 2789 935 2858 propria
972 2787 1230 2844 feminina
1260 2795 1410 2853 sunt,
1452 2796 1549 2842 ut:
1583 2787 1775 2854 Roma,
1814 2786 1921 2841 Ilia
1950 2784 2100 2860 [Ms.,

508 2874 718 2949 Italia],
754 2878 925 2932 curia.
982 2876 1049 2933 Et
1091 2877 1275 2932 omnia
1312 2877 1639 2949 appellativa
1685 2877 1931 2933 feminini
1964 2878 2103 2935 ﬁunt

503 2964 669 3038 ιλιι...
716 2964 864 3037 sunt]
892 2966 1131 3037 generis,
1178 2973 1275 3020 ut:
1312 2966 1513 3037 regina,
1548 2968 1803 3038 justitia:
1841 2968 1946 3024 nisi
1985 2968 2103 3024 bare

504 3034 624 3126 qtize
654 3057 719 3111 a.l
756 3034 936 3112 ofﬁcia
962 3057 1203 3111 virorum
1233 3034 1529 3128 pertinent,
1549 3034 1635 3113 ἰιι
1660 3078 1673 3112 :
1718 3058 1853 3125 lixa,
1905 3059 2099 3126 scriba,

502 3145 727 3218 collega,
754 3154 811 3202 et
832 3163 955 3219 qum
974 3146 1223 3204 εισι-κοῖα
1244 3148 1577 3218 sumpsimus
1600 3150 1898 3205 mutatione
1917 3167 1944 3204 s
1969 3149 2103 3207 lina-

504 3237 571 3290 lis
599 3238 651 3291 in
680 3256 736 3304 α,
769 3248 829 3293 ιιι
852 3249 1047 3310 poetas,
1073 3239 1411 3306 citharista;
1442 3256 1543 3297 nos
1569 3250 1721 3311 poeta
1744 3249 1802 3297 et
1826 3238 2103 3299 citharistd

502 3328 735 3384 dicimus
762 3347 775 3383 :
821 3337 876 3385 et
897 3346 1020 3402 qua:
1056 3346 1088 3384 a
1116 3328 1301 3386 verbis
1326 3332 1629 3401 composita
1656 3342 1802 3397 sunt,
1846 3331 1931 3387 vel
1958 3330 2103 3387 deri-

504 3421 686 3481 vativa
734 3428 882 3485 sunt,
926 3420 1242 3476 communia
1280 3429 1427 3485 sunt,
1464 3429 1563 3476 ut:
1597 3422 1683 3477 hic
1717 3430 1773 3477 et
1815 3421 1929 3477 hac
1960 3424 2111 3493 σφι-ι

506 3510 623 3563 cola
647 3552 661 3575 ,
690 3512 956 3582 rurigena,
984 3513 1208 3576 advena,
1248 3512 1534 3580 patricida,
1566 3515 1803 3582 conviva,
1832 3523 1889 3573 et
1922 3513 2010 3573 his
2031 3517 2105 3570 si-

2205 1946 2336 2021 [Ai.,
2365 1946 2471 2019 Itis]
2501 1944 2701 2015 (ἴφια,
2727 1946 2851 2015 lar,
2881 1956 2938 2005 et
2971 1947 3112 2017 Nar,
3132 1947 3283 2007 ﬂuvii
3305 1964 3505 2007 nomen
3536 1968 3550 2004 :
3587 1956 3645 2004 et
3664 1963 3802 2006 eom-

2205 2040 2386 2096 munis
2412 2040 2646 2109 generis,
2696 2047 2759 2095 ut
2780 2039 2866 2097 Itic
2891 2045 2948 2097 et
2987 2040 3100 2096 hcc
3124 2048 3179 2095 et
3202 2041 3302 2095 Itoc
3330 2057 3449 2113 par,
3494 2049 3551 2096 et
3588 2056 3709 2111 quae
3732 2055 3796 2097 ex

2203 2146 2271 2186 eo
2314 2134 2610 2200 composita
2655 2140 2817 2187 sunt:
2862 2130 3054 2202 impar,
3100 2133 3305 2204 dispar,
3358 2150 3591 2204 compar.
3645 2134 3703 2189 ltt
3749 2152 3805 2189 er

2204 2222 2378 2287 ﬁnita,
2407 2224 2651 2295 exceptis
2676 2242 2688 2277 :
2721 2223 2834 2279 lucc
2858 2232 3052 2289 mater,
3081 2224 3194 2280 lucc
3222 2224 3454 2281 mulier:
3490 2234 3545 2281 et
3564 2226 3653 2282 bis
3675 2242 3808 2282 neu-

2205 2314 2324 2377 tris,
2360 2314 2549 2380 Juber,
2593 2330 2845 2387 papaver,
2884 2313 3112 2389 {tuber,]
3154 2316 3398 2383 cadaver,
3447 2316 3610 2382 laser,
3654 2318 3805 2384 siler,

2203 2406 2322 2470 iter,
2364 2407 2522 2471 cicer,
2556 2408 2726 2471 siser;
2763 2414 2820 2463 et
2842 2408 3221 2464 communibus
3247 2408 3352 2473 bis,
3401 2406 3625 2481 [pauper
3659 2408 3806 2479 (Ed,

2203 2497 2436 2570 paucis)]
2461 2498 2608 2565 uber,
2637 2498 2797 2564 celer,
2835 2497 2939 2554 alia
2966 2500 3148 2554 omnia
3178 2498 3460 2555 masculini
3488 2508 3614 2554 sunt
3639 2516 3810 2571 gene-

2205 2590 2320 2654 ris;
2358 2589 2461 2647 alia
2490 2589 2766 2655 secundae,
2800 2590 2906 2647 alia
2942 2591 3120 2647 tertia
3146 2590 3542 2658 declinationis,
3572 2610 3808 2664 quorum

2205 2683 2497 2741 declinatio
2528 2681 2691 2739 facile
2733 2698 2801 2739 ex
2835 2682 3070 2754 obliquis
3099 2682 3317 2759 casibus
3354 2684 3575 2757 intelligi
3603 2694 3803 2757 potest.

2203 2776 2273 2832 Et
2322 2777 2441 2832 ideo
2478 2776 2546 2833 de
2576 2776 2999 2845 declinationum
3037 2774 3357 2833 diversitate
3388 2777 3608 2833 minime
3653 2777 3807 2835 Iabou

2204 2871 2441 2926 randum
2467 2885 2684 2927 censeo.

2276 2961 2373 3016 Fs.
2401 2962 2509 3018 Fac
2530 2972 2588 3017 ut
2610 2963 2804 3032 placet.
2834 2960 2911 3019 Ex
2945 2975 3033 3017 me
3062 2960 3206 3017 enim
3242 2974 3466 3033 possum
3493 2961 3811 3020 declinatio-

2202 3061 2322 3119 nes,
2364 3060 2428 3107 ιιι
2447 3052 2651 3115 dixisti,
2689 3051 2945 3124 experiri.
2983 3082 3054 3093 ——-
3087 3050 3253 3109 Sno.
3290 3052 3350 3109 in
3386 3054 3438 3107 ir
3484 3069 3653 3110 unum
3692 3069 3808 3112 ma-

2203 3146 2494 3211 sculinum,
2526 3146 2613 3200 hic.
2652 3148 2768 3212 vir,-
2817 3151 2871 3201 et
2896 3162 2963 3201 ex
2989 3160 3056 3201 eo
3099 3147 3420 3217 composita,
3451 3155 3530 3213 ut,
3574 3149 3806 3217 semivir,

2205 3238 2471 3303 duumvir,
2501 3237 2632 3293 levir
2655 3237 2785 3311 [Al.,
2816 3236 3007 3311 larvir].
3040 3239 3107 3293 Et
3131 3253 3298 3295 unum
3316 3248 3592 3305 neutrum,
3624 3250 3685 3297 ιιι
3708 3242 3809 3297 hoc

2202 3332 2254 3386 ir
2285 3329 2576 3403 [medietas
2601 3328 2815 3403 palm]
2864 3329 3281 3387 indeclinabile:
3313 3340 3369 3385 et
3394 3341 3519 3387 sunt
3549 3335 3806 3390 secundm

2207 3422 2603 3479 declinationis.
2656 3420 2719 3481 in
2757 3439 2817 3475 or
2868 3421 3171 3480 desinentia
3221 3431 3521 3493 sequuntur
3568 3423 3807 3481 formam

2205 3515 2382 3570 tertiae
2428 3513 2829 3578 declinationis,
2872 3524 2927 3568 et
2956 3522 3085 3569 sunt
3106 3514 3398 3572 masculina
3419 3556 3433 3579 ,
3473 3518 3691 3588 propria
3722 3517 3808 3573 vel

510 3601 681 3656 milia.
2207 3603 2553 3674 appellativa,
2596 3612 2656 3659 ut
2688 3622 2701 3658 :
2754 3601 2972 3669 ﬂector,
3004 3614 3207 3670 orator,
3240 3604 3412 3675 furor,
3454 3606 3641 3661 doctor
3663 3620 3682 3658 :
3711 3622 3807 3663 ex-

578 3692 677 3747 Fn.
725 3691 967 3748 Aliarum
1026 3705 1357 3767 prosequere
1412 3694 1682 3753 vocalium
1744 3698 1983 3770 regulas.
2034 3729 2106 3740 ——
2204 3694 2380 3763 ccptis
2413 3694 2589 3751 tribus
2616 3693 2913 3757 femininis,
2949 3711 3122 3761 soror,
3164 3711 3320 3761 mr,
3354 3696 3553 3752 arbor:
3584 3707 3639 3753 et
3673 3714 3806 3755 neu-

508 3782 679 3842 Suo.
727 3783 968 3840 Faciam.
1024 3785 1081 3841 in
1115 3803 1144 3841 c
1178 3789 1360 3843 omnia
1404 3788 1581 3845 tertia:
1631 3789 2009 3847 declinationis
2050 3800 2107 3845 et

2209 3784 2308 3838 tris
2343 3782 2466 3838 his:
2522 3785 2687 3849 Ador,
2732 3799 2986 3847 marmor,
3021 3801 3219 3857 sequor,
3267 3785 3411 3849 ebor,
3449 3787 3586 3853 olor,
3612 3790 3799 3860 feruor,

509 3876 687 3929 neutri
713 3878 952 3943 generis,
1001 3884 1098 3931 ut:
1146 3878 1243 3932 hoc
1291 3879 1504 3934 monile.
1551 3877 1968 3945 lnineutrum;
2007 3882 2110 3936 hoc

2206 3892 2338 3931 cor:
2365 3886 2421 3933 et
2449 3892 2763 3942 commune,
2806 3874 2890 3931 hic
2915 3886 2970 3931 et
3004 3878 3116 3932 ha'c
3144 3890 3347 3945 auctor,
3382 3880 3632 3947 discolor,
3675 3899 3801 3937 cou-

508 3969 726 4036 gummi.
766 3965 829 4020 ‘ln
858 3984 886 4019 ο
918 3967 1065 4021 ﬁnita
1092 3968 1271 4023 omnia
1321 3969 1497 4025 tertia:
1543 3979 1672 4026 sunt
1703 3971 2102 4037 declinationis,

2206 3964 2389 4031 color;
2418 3967 2503 4021 hic
2524 3976 2579 4021 et
2600 3965 2713 4021 ltch
2739 3982 2939 4021 memor
2960 3976 3014 4022 et
3041 3965 3352 4034 immemor;
3383 3980 3439 4024 et
3459 3970 3637 4025 omnia
3662 3988 3805 4026 rom-

507 4059 603 4114 δραι
632 4060 831 4116 diversi
860 4061 1092 4131 generis.
1126 4060 1175 4117 E
1199 4062 1553 4119 antecedente
1583 4080 1613 4119 ο
1634 4064 1940 4123 masculina
1974 4082 2102 4138 pro-

2204 4056 2450 4126 paraliva
2481 4074 2542 4111 or
2585 4058 2736 4112 ﬁnita
2779 4059 3081 4116 communis
3116 4068 3243 4117 sunt
3282 4063 3517 4132 generis,
3552 4073 3610 4120 ut
3636 4065 3720 4119 hic
3752 4073 3801 4121 cl

507 4153 625 4221 pria
654 4161 799 4217 sunt,
832 4162 926 4206 ut:
974 4151 1167 4218 Labeo,
1195 4170 1386 4224 ganeo,
1424 4155 1562 4210 aleo.
1604 4155 1634 4210 I
1664 4157 2022 4213 antecedente
2050 4177 2103 4223 ο,
2206 4149 2320 4203 htrc
2358 4150 2581 4212 doctior,
2620 4149 2801 4204 melior
2828 4168 2846 4213 ,'
2882 4161 3109 4221 excepto
3136 4168 3264 4217 uno,
3295 4154 3379 4208 hic
3408 4158 3603 4210 senior.
3655 4156 3711 4212 In
3744 4176 3797 4211 ut

508 4243 726 4311 quando
772 4253 897 4297 sunt
940 4242 1203 4310 verbalia,
1252 4242 1515 4301 feminina
1562 4255 1711 4310 sunt,
1758 4256 1857 4302 ιιι;
1910 4250 2102 4315 oratio,
2206 4254 2372 4293 unum
2404 4241 2653 4295 secunda:
2692 4239 3112 4315 [declinationis]
3158 4245 3475 4306 invenitur:
3524 4249 3610 4302 hic
3653 4259 3804 4304 satur

507 4332 668 4397 actio,
697 4332 1022 4403 conjugatio,
1051 4342 1155 4389 etc.
1199 4331 1243 4389 ϐ
1276 4335 1360 4389 vel
1380 4336 1414 4389 ά
1438 4337 1746 4407 ρι’ωροδίιίε
1771 4356 1827 4405 ο,
1858 4339 1901 4394 si
1926 4350 2107 4395 mula.
2205 4336 2261 4384 et
2300 4328 2431 4385 facit
2454 4340 2635 4385 satura
2675 4331 2952 4386 feminino.
3002 4332 3294 4393 Mast-ulina
3328 4351 3475 4401 vero,
3516 4338 3601 4391 hic
3630 4350 3797 4405 dtur,

510 4429 599 4475 tur
627 4440 655 4475 ο
688 4423 787 4476 ini
834 4423 885 4477 in
929 4424 1165 4494 obliquis
1209 4425 1447 4492 casibus,
1497 4425 1753 4483 feminina
1805 4440 1953 4495 sunt,
2003 4441 2098 4486 ut:

510 4512 679 4582 virgo,
724 4512 889 4581 uligo,
924 4512 1168 4577 dulcedo,
1216 4515 1427 4587 cupido,
1478 4518 1619 4586 quod
1647 4526 1703 4572 et
1747 4520 2101 4576 masculinum

512 4614 616 4666 est,
667 4605 882 4672 quando
910 4605 1185 4674 proprium
1219 4614 1317 4660 est.
1358 4605 1756 4677 Excipiusitur:
1807 4610 1912 4675 hic,
1946 4612 2096 4671 ordo,

511 4694 695 4757 cardo,
738 4709 950 4763 mango,
985 4710 1190 4765 margo,
1220 4694 1422 4763 pra'do,
1451 4695 1609 4761 cudo,
1640 4698 1846 4767 spado;
1872 4708 1928 4754 et
1954 4714 2099 4757 com-

514 4782 722 4847 munia,
771 4790 865 4834 ut:
908 4782 1087 4849 homo,
1133 4781 1289 4836 latro.
1339 4783 1471 4839 item
1508 4803 1521 4838 :
1568 4785 1697 4851 duo,
1748 4787 1921 4854 ambo,
1964 4799 2099 4854 octo,

510 4869 687 4942 pondo
720 4872 1026 4925 comunmia
1071 4868 1264 4943 [sunt].
1315 4870 1381 4925 Et
1409 4870 1552 4927 Juno
1588 4883 1644 4928 et
1673 4890 1798 4927 caro
1842 4873 2099 4931 feminina

514 4963 709 5035 [sunt].
758 4962 874 5017 Alia
903 4962 1083 5017 omnia
1113 4962 1411 5020 masculina
1439 4972 1586 5029 sunt,
1626 4974 1727 5019 ut:
1774 4964 1967 5031 stellio,
2016 4966 2103 5023 Ci-

513 5073 655 5121 cero,
685 5055 866 5121 carbo,
909 5072 1098 5112 sermo.
1134 5057 1191 5111 ln
1228 5073 1262 5110 u
1292 5065 1481 5111 neutra
1514 5066 1722 5112 suntet
1756 5066 1963 5127 quartae
2004 5058 2099 5115 de-

516 5148 841 5213 clinationis,
869 5159 930 5203 ιιι
962 5167 973 5202 :
1003 5165 1189 5217 cornu,
1227 5165 1384 5221 genu,
1414 5149 1551 5220 gelu.
1584 5149 1653 5206 Et
1677 5159 1804 5205 sunt
1838 5158 2021 5222 aptata
2042 5152 2098 5207 in

516 5237 779 5307 singulari
812 5253 1058 5291 numero.

590 5324 689 5379 Fu.
719 5325 894 5380 Placet
924 5326 1066 5395 quod
1092 5327 1248 5393 dicis,
1285 5328 1409 5383 licet
1434 5344 1495 5382 ιιι
1537 5326 1674 5401 [ΛΙ.,
1718 5346 1791 5395 vt,
1826 5347 1915 5385 seu
1944 5330 2018 5395 vi,
2042 5332 2098 5385 id

518 5426 595 5473 est
625 5418 890 5489 violenter]
920 5420 1088 5473 dicas.
1118 5419 1223 5473 Sed
1250 5423 1665 5476 consonantium
1694 5422 1905 5492 regulas
1924 5425 2099 5493 pande

519 5520 618 5576 per
655 5512 726 5568 te,
774 5522 862 5561 me
889 5514 1099 5563 tacente
1141 5516 1198 5562 et
1238 5512 1514 5579 probante.
1544 5512 1803 5569 —Ssx0.
1852 5512 1990 5569 Fiat.
2040 5515 2098 5569 in

518 5614 550 5651 c
580 5606 770 5652 neutra
796 5598 924 5665 duo,
956 5607 1047 5653 ut:
1089 5598 1216 5666 Lac,
1243 5602 1372 5656 aler.
1403 5603 1458 5657 in
1487 5604 1522 5657 d
1558 5616 1768 5669 neutra,
1800 5614 1857 5658 ut
1885 5624 1896 5658 :
1948 5608 2094 5676 quid,

524 5692 682 5761 quod,
731 5690 878 5744 aliud
901 5708 917 5753 ;
969 5708 1087 5759 qua:
1118 5695 1333 5748 nomina
1364 5711 1485 5750 esse
1531 5697 1713 5751 multis
1742 5699 1914 5753 nimiis
1958 5699 2098 5753 ratio

520 5782 726 5850 probat.
758 5780 815 5836 in
839 5780 913 5845 al,
959 5781 1118 5851 275
1147 5786 1187 5837 si
1220 5784 1431 5849 Latina,
1462 5796 1646 5840 neutra
1681 5797 1823 5851 sunt,
1856 5798 1911 5841 ut
1940 5807 1950 5839 :
2002 5790 2095 5841 tti-

2205 4430 2401 4483 turtur,
2452 4419 2642 4474 wltur.
2692 4422 3031 4490 Communia,
3082 4433 3140 4479 ut
3183 4426 3267 4480 hic
3306 4436 3363 4483 et
3387 4428 3499 4482 haec
3548 4448 3721 4500 augur
3750 4440 3802 4486 ct

2205 4509 2313 4581 fur.
2342 4509 2459 4565 Alia
2487 4513 2667 4567 omnia
2698 4525 2890 4570 neutra
2920 4524 3064 4582 sunt,
3093 4525 3152 4574 ut
3170 4529 3370 4589 guttur,
3398 4521 3638 4593 sulphur,
3664 4542 3804 4581 mur—

2205 4614 2341 4663 mur,
2367 4598 2567 4669 jecur;
2612 4611 2665 4657 et
2694 4604 2869 4659 tertia:
2894 4605 3290 4667 declinationis.
3328 4610 3388 4671 in
3420 4630 3480 4667 as
3512 4617 3800 4673 terminata

2205 4686 2449 4744 feminini
2477 4700 2603 4746 sunt
2632 4696 2866 4763 generis,
2900 4706 2960 4753 ιιι
2987 4699 3098 4755 ἠως
3126 4700 3379 4771 dignitas,
3415 4706 3603 4775 pietas,
3632 4722 3793 4763 exce-

2203 4780 2331 4850 ptis,
2362 4781 2446 4836 hic
2477 4801 2555 4848 as,
2589 4787 2743 4851 assis,
2769 4803 2907 4853 mas,
2932 4792 3118 4855 utaris,
3144 4807 3259 4858 vas,
3288 4796 3436 4850 vadis
3459 4815 3478 4861 ;
3504 4808 3560 4854 et
3588 4800 3686 4855 hoc
3709 4818 3796 4857 vas

2203 4870 2342 4925 vasis
2364 4880 2464 4965 :_et
2485 4875 2583 4929 hoc
2607 4876 2691 4945 fas
2709 4885 2766 4931 et
2786 4878 2933 4947 nefas
2955 4889 3009 4936 et
3031 4884 3211 4939 omnis
3232 4888 3448 4954 generis
3468 4906 3638 4962 nugas
3660 4889 3793 4965 [Al.,

2206 4961 2450 5034 nugax];
2499 4973 2554 5018 et
2603 4970 2783 5023 omnia
2828 4972 3000 5027 tertitc
3041 4974 3443 5036 declinationis.
3641 4961 3783 5041 inve-

2205 5052 2430 5144 niuntur
2456 5059 2671 5126 propria
2716 5061 2904 5128 primae
2927 5062 3322 5135 declinationis,
3371 5078 3433 5125 ut
3454 5072 3538 5127 hic
3569 5073 3789 5144 Encas,

2206 5141 2412 5213 Lysias.
2465 5147 2531 5202 Et
2558 5150 2731 5204 tertia:
2760 5166 2975 5221 quoque
3018 5153 3438 5231 [declinationis]
3464 5164 3652 5232 patris:
3693 5141 3792 5221 no;

2206 5236 2374 5301 mina,
2400 5238 2485 5293 hic
2525 5238 2797 5310 Mycenas,
2845 5242 3106 5315 Capenas,
3137 5249 3384 5320 Arpinas.
3431 5252 3489 5307 1n
3518 5271 3572 5309 es
3611 5271 3777 5315 corre-

2204 5338 2351 5396 ptam
2392 5332 2702 5397 terminata,
2750 5336 2794 5388 si
2839 5337 3163 5395 naturaliter
3190 5340 3256 5395 de
3302 5359 3450 5400 mare
3495 5353 3548 5400 et
3592 5347 3787 5403 femina

2202 5420 2525 5491 signiﬁcatio
2550 5432 2729 5491 mtest
2755 5440 2895 5487 esse.
2924 5431 3234 5486 communia
3269 5432 3401 5489 ﬁant
3427 5435 3558 5507 [.ll.,
3606 5437 3783 5512 ﬁunt],

2199 5520 2260 5565 ut
2286 5512 2369 5566 hic
2393 5522 2445 5567 et
2472 5514 2584 5569 lucc
2608 5516 2780 5581 hebes,
2816 5520 2868 5573 id
2894 5529 3000 5593 est,
3033 5523 3237 5579 tardus.
3269 5523 3359 5582 Sic
3389 5538 3544 5591 teres,
3592 5548 3782 5599 comes,

2196 5605 2360 5665 diues.
2398 5624 2591 5677 sospes,
2622 5609 2827 5681 hospes,
2859 5628 3075 5682 pra'ses,
3103 5615 3269 5682 deses,
3305 5624 3473 5683 obses,
3504 5633 3782 5691 superstes,

2193 5696 2510 5766 quadrupes,
2538 5701 2763 5769 sonipes.
2800 5701 2914 5757 Alia
2940 5719 3069 5759 vero
3092 5708 3291 5766 omnia,
3324 5708 3375 5761 id
3398 5720 3499 5772 est,
3527 5728 3646 5781 qum
3676 5714 3782 5769 nul.

2196 5784 2301 5841 iam
2344 5791 2642 5845 naturalem
2691 5796 3124 5849 communionem
3171 5795 3301 5869 [ΑΛ.
3349 5810 3521 5855 natur.
3548 5818 3597 5856 ill
3636 5820 3779 5859 cum-
