  <div class='ocr_page' id='page_1' title='image "/cluster/home/n/w/nwhite01/storage/ocr_20150623/101/umn.31951002477394h/446.png"; bbox 0 0 4106 6506; ppageno 0'>
   <div class='ocr_carea' id='block_1_1' title="bbox 321 344 425 401">
    <p class='ocr_par' dir='ltr' id='par_1_1' title="bbox 321 344 425 401">
     <span class='ocr_line' id='line_1_1' title="bbox 321 344 425 401; baseline -0.038 0"><span class='ocrx_word' id='word_1_1' title='bbox 321 344 425 401; x_wconf 73' lang='grc' dir='ltr'><strong>8(ὶὸ</strong></span> 
     </span>
    </p>
   </div>
   <div class='ocr_carea' id='block_1_2' title="bbox 1409 334 2506 396">
    <p class='ocr_par' dir='ltr' id='par_1_2' title="bbox 1409 334 2506 396">
     <span class='ocr_line' id='line_1_2' title="bbox 1409 334 2506 396; baseline -0.006 0"><span class='ocrx_word' id='word_1_2' title='bbox 1409 337 1882 396; x_wconf 58' lang='lat' dir='ltr'><strong>DIDASCALICA.</strong></span> <span class='ocrx_word' id='word_1_3' title='bbox 1922 369 1987 378; x_wconf 90' lang='lat'><strong>——</strong></span> <span class='ocrx_word' id='word_1_4' title='bbox 2030 334 2506 391; x_wconf 65' lang='lat' dir='ltr'><strong>GRAMMA&#39;I&#39;ICA.</strong></span> 
     </span>
    </p>
   </div>
   <div class='ocr_carea' id='block_1_3' title="bbox 3507 332 3613 389">
    <p class='ocr_par' dir='ltr' id='par_1_3' title="bbox 3507 332 3613 389">
     <span class='ocr_line' id='line_1_3' title="bbox 3507 332 3613 389; baseline -0.019 0"><span class='ocrx_word' id='word_1_5' title='bbox 3507 332 3613 389; x_wconf 72' lang='lat'><strong>866</strong></span> 
     </span>
    </p>
   </div>
   <div class='ocr_carea' id='block_1_4' title="bbox 321 450 3615 536">
    <p class='ocr_par' dir='ltr' id='par_1_4' title="bbox 321 450 3615 536">
     <span class='ocr_line' id='line_1_4' title="bbox 321 450 3615 536; baseline -0.004 -16"><span class='ocrx_word' id='word_1_6' title='bbox 321 463 561 536; x_wconf 86' lang='lat' dir='ltr'><strong>munem]</strong></span> <span class='ocrx_word' id='word_1_7' title='bbox 590 480 712 520; x_wconf 88' lang='lat' dir='ltr'><strong>cum</strong></span> <span class='ocrx_word' id='word_1_8' title='bbox 737 462 955 519; x_wconf 72' lang='lat' dir='ltr'><strong>feminis</strong></span> <span class='ocrx_word' id='word_1_9' title='bbox 976 464 1197 528; x_wconf 51' lang='lat' dir='ltr'><strong>habent,</strong></span> <span class='ocrx_word' id='word_1_10' title='bbox 1228 463 1524 520; x_wconf 76' lang='lat' dir='ltr'><strong>masculina</strong></span> <span class='ocrx_word' id='word_1_11' title='bbox 1554 468 1702 522; x_wconf 84' lang='lat' dir='ltr'><strong>sunt,</strong></span> <span class='ocrx_word' id='word_1_12' title='bbox 1735 468 1795 513; x_wconf 91' lang='lat' dir='ltr'><strong>ut</strong></span> <span class='ocrx_word' id='word_1_13' title='bbox 1817 458 1911 512; x_wconf 85' lang='lat' dir='ltr'><strong>sti-</strong></span> <span class='ocrx_word' id='word_1_14' title='bbox 1943 461 1983 516; x_wconf 73' lang='grc' dir='ltr'><strong>Α</strong></span> <span class='ocrx_word' id='word_1_15' title='bbox 2014 464 2071 509; x_wconf 78' lang='lat' dir='ltr'><strong>ut</strong></span> <span class='ocrx_word' id='word_1_16' title='bbox 2115 454 2176 524; x_wconf 62' lang='lat' dir='ltr'><strong>lc]</strong></span> <span class='ocrx_word' id='word_1_17' title='bbox 2198 470 2259 509; x_wconf 88' lang='lat' dir='ltr'><strong>us</strong></span> <span class='ocrx_word' id='word_1_18' title='bbox 2323 454 2536 525; x_wconf 75' lang='lat' dir='ltr'><strong>leporis.</strong></span> <span class='ocrx_word' id='word_1_19' title='bbox 2585 452 2748 524; x_wconf 78' lang='lat' dir='ltr'><strong>Igitur</strong></span> <span class='ocrx_word' id='word_1_20' title='bbox 2794 459 3001 523; x_wconf 71' lang='lat' dir='ltr'><strong>quartae</strong></span> <span class='ocrx_word' id='word_1_21' title='bbox 3047 450 3423 507; x_wconf 65' lang='lat' dir='ltr'><strong>declinationis</strong></span> <span class='ocrx_word' id='word_1_22' title='bbox 3459 451 3615 510; x_wconf 84' lang='lat' dir='ltr'><strong>femi-</strong></span> 
     </span>
    </p>
   </div>
   <div class='ocr_carea' id='block_1_5' title="bbox 317 549 1912 625">
    <p class='ocr_par' dir='ltr' id='par_1_5' title="bbox 317 549 1912 625">
     <span class='ocr_line' id='line_1_5' title="bbox 317 549 1912 625; baseline -0.004 -17"><span class='ocrx_word' id='word_1_23' title='bbox 317 570 428 625; x_wconf 86' lang='lat' dir='ltr'><strong>pes.</strong></span> <span class='ocrx_word' id='word_1_24' title='bbox 456 554 627 619; x_wconf 78' lang='lat' dir='ltr'><strong>limes,</strong></span> <span class='ocrx_word' id='word_1_25' title='bbox 671 554 853 622; x_wconf 69' lang='lat' dir='ltr'><strong>futues,</strong></span> <span class='ocrx_word' id='word_1_26' title='bbox 886 569 1056 624; x_wconf 71' lang='lat' dir='ltr'><strong>cespes</strong></span> <span class='ocrx_word' id='word_1_27' title='bbox 1088 551 1412 625; x_wconf 76' lang='lat' dir='ltr'><strong>[meridies];</strong></span> <span class='ocrx_word' id='word_1_28' title='bbox 1458 550 1702 618; x_wconf 74' lang='lat' dir='ltr'><strong>exceptis</strong></span> <span class='ocrx_word' id='word_1_29' title='bbox 1738 549 1791 603; x_wconf 90' lang='lat' dir='ltr'><strong>in</strong></span> <span class='ocrx_word' id='word_1_30' title='bbox 1824 563 1912 618; x_wconf 86' lang='lat' dir='ltr'><strong>ges</strong></span> 
     </span>
    </p>
   </div>
   <div class='ocr_carea' id='block_1_6' title="bbox 319 638 1913 718">
    <p class='ocr_par' dir='ltr' id='par_1_6' title="bbox 319 638 1913 718">
     <span class='ocr_line' id='line_1_6' title="bbox 319 638 1913 718; baseline -0.006 -18"><span class='ocrx_word' id='word_1_31' title='bbox 319 644 580 718; x_wconf 77' lang='lat' dir='ltr'><strong>syllabam</strong></span> <span class='ocrx_word' id='word_1_32' title='bbox 618 644 1009 709; x_wconf 75' lang='lat' dir='ltr'><strong>desinentibus,</strong></span> <span class='ocrx_word' id='word_1_33' title='bbox 1040 660 1067 697; x_wconf 88' lang='lat' dir='ltr'><strong>e</strong></span> <span class='ocrx_word' id='word_1_34' title='bbox 1096 643 1148 697; x_wconf 89' lang='lat' dir='ltr'><strong>in</strong></span> <span class='ocrx_word' id='word_1_35' title='bbox 1177 641 1415 714; x_wconf 72' lang='lat' dir='ltr'><strong>genitivo</strong></span> <span class='ocrx_word' id='word_1_36' title='bbox 1447 638 1815 701; x_wconf 75' lang='lat' dir='ltr'><strong>servantibus,</strong></span> <span class='ocrx_word' id='word_1_37' title='bbox 1853 643 1913 690; x_wconf 89' lang='lat' dir='ltr'><strong>ut</strong></span> 
     </span>
    </p>
   </div>
   <div class='ocr_carea' id='block_1_7' title="bbox 317 726 1912 806">
    <p class='ocr_par' dir='ltr' id='par_1_7' title="bbox 317 726 1912 806">
     <span class='ocr_line' id='line_1_7' title="bbox 317 726 1912 806; baseline -0.004 -18"><span class='ocrx_word' id='word_1_38' title='bbox 317 737 430 790; x_wconf 80' lang='lat' dir='ltr'><strong>ha&#39;c</strong></span> <span class='ocrx_word' id='word_1_39' title='bbox 469 751 611 806; x_wconf 77' lang='lat' dir='ltr'><strong>seges</strong></span> <span class='ocrx_word' id='word_1_40' title='bbox 659 735 867 805; x_wconf 79' lang='lat' dir='ltr'><strong>segetis,</strong></span> <span class='ocrx_word' id='word_1_41' title='bbox 915 742 1054 805; x_wconf 85' lang='lat' dir='ltr'><strong>teges</strong></span> <span class='ocrx_word' id='word_1_42' title='bbox 1089 741 1144 787; x_wconf 90' lang='lat' dir='ltr'><strong>et</strong></span> <span class='ocrx_word' id='word_1_43' title='bbox 1181 731 1369 787; x_wconf 85' lang='lat' dir='ltr'><strong>abies:</strong></span> <span class='ocrx_word' id='word_1_44' title='bbox 1416 741 1467 785; x_wconf 85' lang='lat' dir='ltr'><strong>et</strong></span> <span class='ocrx_word' id='word_1_45' title='bbox 1511 731 1691 785; x_wconf 87' lang='lat' dir='ltr'><strong>omnia</strong></span> <span class='ocrx_word' id='word_1_46' title='bbox 1737 726 1912 783; x_wconf 65' lang='lat' dir='ltr'><strong>tertias</strong></span> 
     </span>
    </p>
   </div>
   <div class='ocr_carea' id='block_1_8' title="bbox 317 815 1906 891">
    <p class='ocr_par' dir='ltr' id='par_1_8' title="bbox 317 815 1906 891">
     <span class='ocr_line' id='line_1_8' title="bbox 317 815 1906 891; baseline -0.006 -12"><span class='ocrx_word' id='word_1_47' title='bbox 317 834 445 879; x_wconf 72' lang='lat' dir='ltr'><strong>sunt</strong></span> <span class='ocrx_word' id='word_1_48' title='bbox 471 823 870 879; x_wconf 71' lang='lat' dir='ltr'><strong>dot-linationis.</strong></span> <span class='ocrx_word' id='word_1_49' title='bbox 913 822 1033 878; x_wconf 80' lang='lat' dir='ltr'><strong>Alia</strong></span> <span class='ocrx_word' id='word_1_50' title='bbox 1058 822 1111 877; x_wconf 90' lang='lat' dir='ltr'><strong>in</strong></span> <span class='ocrx_word' id='word_1_51' title='bbox 1147 838 1201 875; x_wconf 87' lang='lat' dir='ltr'><strong>es</strong></span> <span class='ocrx_word' id='word_1_52' title='bbox 1226 819 1542 891; x_wconf 86' lang='lat' dir='ltr'><strong>productam</strong></span> <span class='ocrx_word' id='word_1_53' title='bbox 1580 815 1906 880; x_wconf 87' lang='lat' dir='ltr'><strong>desinentia,</strong></span> 
     </span>
    </p>
   </div>
   <div class='ocr_carea' id='block_1_9' title="bbox 317 905 1907 985">
    <p class='ocr_par' dir='ltr' id='par_1_9' title="bbox 317 905 1907 985">
     <span class='ocr_line' id='line_1_9' title="bbox 317 905 1907 985; baseline -0.005 -16"><span class='ocrx_word' id='word_1_54' title='bbox 317 916 361 969; x_wconf 87' lang='lat' dir='ltr'><strong>si</strong></span> <span class='ocrx_word' id='word_1_55' title='bbox 387 915 602 985; x_wconf 84' lang='lat' dir='ltr'><strong>propria</strong></span> <span class='ocrx_word' id='word_1_56' title='bbox 626 914 784 979; x_wconf 63' lang='lat' dir='ltr'><strong>ﬁunt,</strong></span> <span class='ocrx_word' id='word_1_57' title='bbox 814 911 1111 969; x_wconf 88' lang='lat' dir='ltr'><strong>masculina</strong></span> <span class='ocrx_word' id='word_1_58' title='bbox 1132 920 1312 976; x_wconf 86' lang='lat' dir='ltr'><strong>erunt,</strong></span> <span class='ocrx_word' id='word_1_59' title='bbox 1336 919 1393 965; x_wconf 93' lang='lat' dir='ltr'><strong>ut</strong></span> <span class='ocrx_word' id='word_1_60' title='bbox 1408 905 1679 974; x_wconf 73' lang='lat' dir='ltr'><strong>Hercules,</strong></span> <span class='ocrx_word' id='word_1_61' title='bbox 1705 906 1907 973; x_wconf 77' lang='lat' dir='ltr'><strong>Ulixes,</strong></span> 
     </span>
    </p>
   </div>
   <div class='ocr_carea' id='block_1_10' title="bbox 314 996 1913 1075">
    <p class='ocr_par' dir='ltr' id='par_1_10' title="bbox 314 996 1913 1075">
     <span class='ocr_line' id='line_1_10' title="bbox 314 996 1913 1075; baseline -0.004 -18"><span class='ocrx_word' id='word_1_62' title='bbox 314 1014 371 1057; x_wconf 87' lang='lat' dir='ltr'><strong>et</strong></span> <span class='ocrx_word' id='word_1_63' title='bbox 397 1019 572 1059; x_wconf 68' lang='lat' dir='ltr'><strong>terres</strong></span> <span class='ocrx_word' id='word_1_64' title='bbox 606 1002 1009 1075; x_wconf 79' lang='lat' dir='ltr'><strong>appellativum,</strong></span> <span class='ocrx_word' id='word_1_65' title='bbox 1058 1015 1183 1057; x_wconf 91' lang='lat' dir='ltr'><strong>cum</strong></span> <span class='ocrx_word' id='word_1_66' title='bbox 1227 1013 1453 1071; x_wconf 86' lang='lat' dir='ltr'><strong>porcum</strong></span> <span class='ocrx_word' id='word_1_67' title='bbox 1498 996 1809 1069; x_wconf 88' lang='lat' dir='ltr'><strong>signiﬁcat:</strong></span> <span class='ocrx_word' id='word_1_68' title='bbox 1855 1005 1913 1051; x_wconf 89' lang='lat' dir='ltr'><strong>et</strong></span> 
     </span>
    </p>
   </div>
   <div class='ocr_carea' id='block_1_11' title="bbox 314 1086 1911 1162">
    <p class='ocr_par' dir='ltr' id='par_1_11' title="bbox 314 1086 1911 1162">
     <span class='ocr_line' id='line_1_11' title="bbox 314 1086 1911 1162; baseline -0.003 -15"><span class='ocrx_word' id='word_1_69' title='bbox 314 1093 647 1161; x_wconf 88' lang='lat' dir='ltr'><strong>communia,</strong></span> <span class='ocrx_word' id='word_1_70' title='bbox 694 1102 757 1149; x_wconf 92' lang='lat' dir='ltr'><strong>ut</strong></span> <span class='ocrx_word' id='word_1_71' title='bbox 782 1094 966 1157; x_wconf 72' lang='lat' dir='ltr'><strong>Intres,</strong></span> <span class='ocrx_word' id='word_1_72' title='bbox 999 1091 1248 1162; x_wconf 77' lang='lat' dir='ltr'><strong>locuples.</strong></span> <span class='ocrx_word' id='word_1_73' title='bbox 1305 1090 1425 1144; x_wconf 82' lang='lat' dir='ltr'><strong>Alia</strong></span> <span class='ocrx_word' id='word_1_74' title='bbox 1453 1104 1584 1146; x_wconf 88' lang='lat' dir='ltr'><strong>vero</strong></span> <span class='ocrx_word' id='word_1_75' title='bbox 1607 1088 1789 1144; x_wconf 87' lang='lat' dir='ltr'><strong>omnia</strong></span> <span class='ocrx_word' id='word_1_76' title='bbox 1834 1086 1911 1142; x_wconf 84' lang='lat' dir='ltr'><strong>fe-</strong></span> 
     </span>
    </p>
   </div>
   <div class='ocr_carea' id='block_1_12' title="bbox 315 1178 1907 1256">
    <p class='ocr_par' dir='ltr' id='par_1_12' title="bbox 315 1178 1907 1256">
     <span class='ocr_line' id='line_1_12' title="bbox 315 1178 1907 1256; baseline -0.005 -16"><span class='ocrx_word' id='word_1_77' title='bbox 315 1185 523 1242; x_wconf 71' lang='lat' dir='ltr'><strong>minina</strong></span> <span class='ocrx_word' id='word_1_78' title='bbox 560 1194 721 1243; x_wconf 89' lang='lat' dir='ltr'><strong>sunt:</strong></span> <span class='ocrx_word' id='word_1_79' title='bbox 780 1184 1029 1256; x_wconf 73' lang='lat' dir='ltr'><strong>quaedam</strong></span> <span class='ocrx_word' id='word_1_80' title='bbox 1085 1182 1293 1248; x_wconf 70' lang='lat' dir='ltr'><strong>tertiae,</strong></span> <span class='ocrx_word' id='word_1_81' title='bbox 1338 1187 1396 1234; x_wconf 89' lang='lat' dir='ltr'><strong>nt</strong></span> <span class='ocrx_word' id='word_1_82' title='bbox 1444 1178 1643 1248; x_wconf 69' lang='lat' dir='ltr'><strong>ccrdes,</strong></span> <span class='ocrx_word' id='word_1_83' title='bbox 1684 1188 1907 1249; x_wconf 84' lang='lat' dir='ltr'><strong>strages,</strong></span> 
     </span>
    </p>
   </div>
   <div class='ocr_carea' id='block_1_13' title="bbox 313 1266 1909 1349">
    <p class='ocr_par' dir='ltr' id='par_1_13' title="bbox 313 1266 1909 1349">
     <span class='ocr_line' id='line_1_13' title="bbox 313 1266 1909 1349; baseline -0.006 -17"><span class='ocrx_word' id='word_1_84' title='bbox 313 1276 513 1349; x_wconf 74' lang='lat' dir='ltr'><strong>uulpes,</strong></span> <span class='ocrx_word' id='word_1_85' title='bbox 560 1293 725 1347; x_wconf 87' lang='lat' dir='ltr'><strong>apes;</strong></span> <span class='ocrx_word' id='word_1_86' title='bbox 766 1273 1012 1345; x_wconf 66' lang='lat' dir='ltr'><strong>quaedam</strong></span> <span class='ocrx_word' id='word_1_87' title='bbox 1036 1287 1169 1329; x_wconf 87' lang='lat' dir='ltr'><strong>vero</strong></span> <span class='ocrx_word' id='word_1_88' title='bbox 1213 1271 1418 1343; x_wconf 76' lang='lat' dir='ltr'><strong>quintae</strong></span> <span class='ocrx_word' id='word_1_89' title='bbox 1458 1266 1909 1343; x_wconf 78' lang='lat' dir='ltr'><strong>[declinationis],</strong></span> 
     </span>
    </p>
   </div>
   <div class='ocr_carea' id='block_1_14' title="bbox 313 1366 1915 1443">
    <p class='ocr_par' dir='ltr' id='par_1_14' title="bbox 313 1366 1915 1443">
     <span class='ocr_line' id='line_1_14' title="bbox 313 1366 1915 1443; baseline -0.005 -16"><span class='ocrx_word' id='word_1_90' title='bbox 313 1380 380 1428; x_wconf 86' lang='grc' dir='ltr'><strong>ιιι</strong></span> <span class='ocrx_word' id='word_1_91' title='bbox 407 1372 594 1443; x_wconf 80' lang='lat' dir='ltr'><strong>facies,</strong></span> <span class='ocrx_word' id='word_1_92' title='bbox 622 1369 839 1443; x_wconf 61' lang='lat' dir='ltr'><strong>eﬁigies,</strong></span> <span class='ocrx_word' id='word_1_93' title='bbox 862 1385 1003 1440; x_wconf 82' lang='lat' dir='ltr'><strong>spes,</strong></span> <span class='ocrx_word' id='word_1_94' title='bbox 1034 1383 1136 1432; x_wconf 88' lang='lat' dir='ltr'><strong>res,</strong></span> <span class='ocrx_word' id='word_1_95' title='bbox 1166 1366 1299 1436; x_wconf 76' lang='lat' dir='ltr'><strong>fides</strong></span> <span class='ocrx_word' id='word_1_96' title='bbox 1320 1378 1340 1418; x_wconf 86' lang='lat'><strong>.&#39;</strong></span> <span class='ocrx_word' id='word_1_97' title='bbox 1367 1374 1425 1421; x_wconf 83' lang='lat' dir='ltr'><strong>et</strong></span> <span class='ocrx_word' id='word_1_98' title='bbox 1447 1367 1632 1423; x_wconf 85' lang='lat' dir='ltr'><strong>omnia</strong></span> <span class='ocrx_word' id='word_1_99' title='bbox 1659 1366 1714 1421; x_wconf 87' lang='lat' dir='ltr'><strong>in</strong></span> <span class='ocrx_word' id='word_1_100' title='bbox 1741 1381 1797 1421; x_wconf 87' lang='lat' dir='ltr'><strong>es</strong></span> <span class='ocrx_word' id='word_1_101' title='bbox 1818 1379 1915 1435; x_wconf 81' lang='lat' dir='ltr'><strong>pu-</strong></span> 
     </span>
    </p>
   </div>
   <div class='ocr_carea' id='block_1_15' title="bbox 303 1455 1909 1534">
    <p class='ocr_par' dir='ltr' id='par_1_15' title="bbox 303 1455 1909 1534">
     <span class='ocr_line' id='line_1_15' title="bbox 303 1455 1909 1534; baseline -0.002 -20"><span class='ocrx_word' id='word_1_102' title='bbox 303 1472 437 1515; x_wconf 69' lang='lat' dir='ltr'><strong>rum</strong></span> <span class='ocrx_word' id='word_1_103' title='bbox 479 1459 632 1514; x_wconf 87' lang='lat' dir='ltr'><strong>ﬁnita</strong></span> <span class='ocrx_word' id='word_1_104' title='bbox 657 1458 861 1530; x_wconf 64' lang='lat' dir='ltr'><strong>quinta‘.</strong></span> <span class='ocrx_word' id='word_1_105' title='bbox 902 1465 1031 1513; x_wconf 87' lang='lat' dir='ltr'><strong>sunt</strong></span> <span class='ocrx_word' id='word_1_106' title='bbox 1066 1455 1466 1534; x_wconf 75' lang='lat' dir='ltr'><strong>declinationis,</strong></span> <span class='ocrx_word' id='word_1_107' title='bbox 1511 1463 1712 1526; x_wconf 66' lang='lat' dir='ltr'><strong>praeter</strong></span> <span class='ocrx_word' id='word_1_108' title='bbox 1738 1456 1909 1527; x_wconf 85' lang='lat' dir='ltr'><strong>quies,</strong></span> 
     </span>
    </p>
   </div>
   <div class='ocr_carea' id='block_1_16' title="bbox 311 1546 1914 1622">
    <p class='ocr_par' dir='ltr' id='par_1_16' title="bbox 311 1546 1914 1622">
     <span class='ocr_line' id='line_1_16' title="bbox 311 1546 1914 1622; baseline -0.001 -18"><span class='ocrx_word' id='word_1_109' title='bbox 311 1550 481 1615; x_wconf 80' lang='lat' dir='ltr'><strong>abies,</strong></span> <span class='ocrx_word' id='word_1_110' title='bbox 507 1551 721 1622; x_wconf 86' lang='lat' dir='ltr'><strong>paries:</strong></span> <span class='ocrx_word' id='word_1_111' title='bbox 758 1558 814 1604; x_wconf 82' lang='lat' dir='ltr'><strong>et</strong></span> <span class='ocrx_word' id='word_1_112' title='bbox 847 1548 1032 1604; x_wconf 87' lang='lat' dir='ltr'><strong>omnia</strong></span> <span class='ocrx_word' id='word_1_113' title='bbox 1066 1554 1402 1604; x_wconf 83' lang='lat' dir='ltr'><strong>consonante</strong></span> <span class='ocrx_word' id='word_1_114' title='bbox 1439 1546 1783 1616; x_wconf 57' lang='lat' dir='ltr'><strong>praecedente</strong></span> <span class='ocrx_word' id='word_1_115' title='bbox 1806 1555 1914 1603; x_wconf 86' lang='lat' dir='ltr'><strong>ter-</strong></span> 
     </span>
    </p>
   </div>
   <div class='ocr_carea' id='block_1_17' title="bbox 314 1636 1912 1710">
    <p class='ocr_par' dir='ltr' id='par_1_17' title="bbox 314 1636 1912 1710">
     <span class='ocr_line' id='line_1_17' title="bbox 314 1636 1912 1710; baseline -0.001 -15"><span class='ocrx_word' id='word_1_116' title='bbox 314 1642 403 1697; x_wconf 73' lang='lat' dir='ltr'><strong>tia:</strong></span> <span class='ocrx_word' id='word_1_117' title='bbox 430 1648 556 1696; x_wconf 88' lang='lat' dir='ltr'><strong>sunt</strong></span> <span class='ocrx_word' id='word_1_118' title='bbox 581 1639 985 1706; x_wconf 80' lang='lat' dir='ltr'><strong>declinationis,</strong></span> <span class='ocrx_word' id='word_1_119' title='bbox 1017 1647 1233 1710; x_wconf 68' lang='lat' dir='ltr'><strong>praeter,</strong></span> <span class='ocrx_word' id='word_1_120' title='bbox 1277 1654 1416 1709; x_wconf 86' lang='lat' dir='ltr'><strong>spes,</strong></span> <span class='ocrx_word' id='word_1_121' title='bbox 1442 1637 1597 1709; x_wconf 70' lang='lat' dir='ltr'><strong>ﬁdes,</strong></span> <span class='ocrx_word' id='word_1_122' title='bbox 1631 1654 1731 1692; x_wconf 88' lang='lat' dir='ltr'><strong>res.</strong></span> <span class='ocrx_word' id='word_1_123' title='bbox 1777 1636 1839 1694; x_wconf 91' lang='lat' dir='ltr'><strong>In</strong></span> <span class='ocrx_word' id='word_1_124' title='bbox 1866 1638 1912 1693; x_wconf 90' lang='lat' dir='ltr'><strong>is</strong></span> 
     </span>
    </p>
   </div>
   <div class='ocr_carea' id='block_1_18' title="bbox 311 1728 1912 1805">
    <p class='ocr_par' dir='ltr' id='par_1_18' title="bbox 311 1728 1912 1805">
     <span class='ocr_line' id='line_1_18' title="bbox 311 1728 1912 1805; baseline -0.002 -16"><span class='ocrx_word' id='word_1_125' title='bbox 311 1731 655 1805; x_wconf 85' lang='lat' dir='ltr'><strong>[terminata]</strong></span> <span class='ocrx_word' id='word_1_126' title='bbox 682 1730 868 1788; x_wconf 89' lang='lat' dir='ltr'><strong>omnia</strong></span> <span class='ocrx_word' id='word_1_127' title='bbox 904 1729 1078 1786; x_wconf 68' lang='lat' dir='ltr'><strong>tertias</strong></span> <span class='ocrx_word' id='word_1_128' title='bbox 1120 1728 1506 1786; x_wconf 80' lang='lat' dir='ltr'><strong>declinationis</strong></span> <span class='ocrx_word' id='word_1_129' title='bbox 1533 1736 1699 1787; x_wconf 86' lang='lat' dir='ltr'><strong>sunt:</strong></span> <span class='ocrx_word' id='word_1_130' title='bbox 1736 1729 1831 1785; x_wconf 85' lang='lat' dir='ltr'><strong>sed</strong></span> <span class='ocrx_word' id='word_1_131' title='bbox 1858 1728 1912 1786; x_wconf 92' lang='lat' dir='ltr'><strong>in</strong></span> 
     </span>
    </p>
   </div>
   <div class='ocr_carea' id='block_1_19' title="bbox 2019 544 3619 618">
    <p class='ocr_par' dir='ltr' id='par_1_19' title="bbox 2019 544 3619 618">
     <span class='ocr_line' id='line_1_19' title="bbox 2019 544 3619 618; baseline 0.001 -18"><span class='ocrx_word' id='word_1_132' title='bbox 2019 544 2147 600; x_wconf 87' lang='lat' dir='ltr'><strong>nina</strong></span> <span class='ocrx_word' id='word_1_133' title='bbox 2178 546 2292 602; x_wconf 71' lang='lat' dir='ltr'><strong>lucc</strong></span> <span class='ocrx_word' id='word_1_134' title='bbox 2319 554 2529 599; x_wconf 82' lang='lat' dir='ltr'><strong>tantum</strong></span> <span class='ocrx_word' id='word_1_135' title='bbox 2570 553 2737 600; x_wconf 87' lang='lat' dir='ltr'><strong>sunt:</strong></span> <span class='ocrx_word' id='word_1_136' title='bbox 2784 560 2941 610; x_wconf 63' lang='lat' dir='ltr'><strong>anu,</strong></span> <span class='ocrx_word' id='word_1_137' title='bbox 2986 561 3194 608; x_wconf 74' lang='lat' dir='ltr'><strong>&quot;sanus,</strong></span> <span class='ocrx_word' id='word_1_138' title='bbox 3227 545 3481 618; x_wconf 79' lang='lat' dir='ltr'><strong>porticus,</strong></span> <span class='ocrx_word' id='word_1_139' title='bbox 3520 546 3619 601; x_wconf 85' lang='lat' dir='ltr'><strong>tri-</strong></span> 
     </span>
    </p>
   </div>
   <div class='ocr_carea' id='block_1_20' title="bbox 2017 631 3619 706">
    <p class='ocr_par' dir='ltr' id='par_1_20' title="bbox 2017 631 3619 706">
     <span class='ocr_line' id='line_1_20' title="bbox 2017 631 3619 706; baseline 0.004 -19"><span class='ocrx_word' id='word_1_140' title='bbox 2017 631 2136 700; x_wconf 81' lang='lat' dir='ltr'><strong>bus,</strong></span> <span class='ocrx_word' id='word_1_141' title='bbox 2164 632 2377 699; x_wconf 80' lang='lat' dir='ltr'><strong>domus,</strong></span> <span class='ocrx_word' id='word_1_142' title='bbox 2412 650 2602 700; x_wconf 84' lang='lat' dir='ltr'><strong>nurus,</strong></span> <span class='ocrx_word' id='word_1_143' title='bbox 2629 652 2832 700; x_wconf 87' lang='lat' dir='ltr'><strong>socrus,</strong></span> <span class='ocrx_word' id='word_1_144' title='bbox 2855 651 3099 706; x_wconf 85' lang='lat' dir='ltr'><strong>quercus.</strong></span> <span class='ocrx_word' id='word_1_145' title='bbox 3127 636 3259 704; x_wconf 65' lang='lat' dir='ltr'><strong>Quae</strong></span> <span class='ocrx_word' id='word_1_146' title='bbox 3288 651 3415 691; x_wconf 85' lang='lat' dir='ltr'><strong>vero</strong></span> <span class='ocrx_word' id='word_1_147' title='bbox 3443 653 3475 692; x_wconf 87' lang='lat' dir='ltr'><strong>a</strong></span> <span class='ocrx_word' id='word_1_148' title='bbox 3500 652 3619 694; x_wconf 79' lang='lat' dir='ltr'><strong>ver-</strong></span> 
     </span>
    </p>
   </div>
   <div class='ocr_carea' id='block_1_21' title="bbox 2017 724 3610 804">
    <p class='ocr_par' dir='ltr' id='par_1_21' title="bbox 2017 724 3610 804">
     <span class='ocr_line' id='line_1_21' title="bbox 2017 724 3610 804; baseline 0.004 -24"><span class='ocrx_word' id='word_1_149' title='bbox 2017 724 2104 780; x_wconf 87' lang='lat' dir='ltr'><strong>bis</strong></span> <span class='ocrx_word' id='word_1_150' title='bbox 2131 724 2216 780; x_wconf 92' lang='lat' dir='ltr'><strong>vel</strong></span> <span class='ocrx_word' id='word_1_151' title='bbox 2245 727 2555 782; x_wconf 85' lang='lat' dir='ltr'><strong>nominibus</strong></span> <span class='ocrx_word' id='word_1_152' title='bbox 2580 727 2992 799; x_wconf 86' lang='lat' dir='ltr'><strong>participalibus</strong></span> <span class='ocrx_word' id='word_1_153' title='bbox 3015 726 3170 801; x_wconf 75' lang='lat' dir='ltr'><strong>[Ms.,</strong></span> <span class='ocrx_word' id='word_1_154' title='bbox 3197 728 3610 804; x_wconf 77' lang='lat' dir='ltr'><strong>principalibus]</strong></span> 
     </span>
    </p>
   </div>
   <div class='ocr_carea' id='block_1_22' title="bbox 2016 815 3613 889">
    <p class='ocr_par' dir='ltr' id='par_1_22' title="bbox 2016 815 3613 889">
     <span class='ocr_line' id='line_1_22' title="bbox 2016 815 3613 889; baseline 0.006 -22"><span class='ocrx_word' id='word_1_155' title='bbox 2016 815 2261 882; x_wconf 87' lang='lat' dir='ltr'><strong>veniunt,</strong></span> <span class='ocrx_word' id='word_1_156' title='bbox 2289 817 2585 873; x_wconf 88' lang='lat' dir='ltr'><strong>masculina</strong></span> <span class='ocrx_word' id='word_1_157' title='bbox 2616 826 2763 883; x_wconf 89' lang='lat' dir='ltr'><strong>sunt,</strong></span> <span class='ocrx_word' id='word_1_158' title='bbox 2790 826 2846 875; x_wconf 86' lang='lat' dir='ltr'><strong>et</strong></span> <span class='ocrx_word' id='word_1_159' title='bbox 2873 826 3082 889; x_wconf 70' lang='lat' dir='ltr'><strong>quarta:</strong></span> <span class='ocrx_word' id='word_1_160' title='bbox 3108 818 3519 876; x_wconf 84' lang='lat' dir='ltr'><strong>declinationis:</strong></span> <span class='ocrx_word' id='word_1_161' title='bbox 3552 829 3613 876; x_wconf 92' lang='lat' dir='ltr'><strong>ut</strong></span> 
     </span>
    </p>
   </div>
   <div class='ocr_carea' id='block_1_23' title="bbox 2015 906 3610 981">
    <p class='ocr_par' dir='ltr' id='par_1_23' title="bbox 2015 906 3610 981">
     <span class='ocr_line' id='line_1_23' title="bbox 2015 906 3610 981; baseline 0.006 -21"><span class='ocrx_word' id='word_1_162' title='bbox 2015 906 2101 960; x_wconf 84' lang='lat' dir='ltr'><strong>hic</strong></span> <span class='ocrx_word' id='word_1_163' title='bbox 2127 917 2319 974; x_wconf 86' lang='lat' dir='ltr'><strong>status,</strong></span> <span class='ocrx_word' id='word_1_164' title='bbox 2364 910 2525 981; x_wconf 87' lang='lat' dir='ltr'><strong>hujus</strong></span> <span class='ocrx_word' id='word_1_165' title='bbox 2553 920 2741 975; x_wconf 79' lang='lat' dir='ltr'><strong>status,</strong></span> <span class='ocrx_word' id='word_1_166' title='bbox 2774 927 2806 969; x_wconf 86' lang='lat' dir='ltr'><strong>a</strong></span> <span class='ocrx_word' id='word_1_167' title='bbox 2851 920 2977 979; x_wconf 85' lang='lat' dir='ltr'><strong>sto;</strong></span> <span class='ocrx_word' id='word_1_168' title='bbox 3005 911 3092 967; x_wconf 83' lang='lat' dir='ltr'><strong>hic</strong></span> <span class='ocrx_word' id='word_1_169' title='bbox 3128 911 3341 979; x_wconf 87' lang='lat' dir='ltr'><strong>ductus,</strong></span> <span class='ocrx_word' id='word_1_170' title='bbox 3374 927 3407 968; x_wconf 85' lang='lat' dir='ltr'><strong>a</strong></span> <span class='ocrx_word' id='word_1_171' title='bbox 3435 914 3610 981; x_wconf 89' lang='lat' dir='ltr'><strong>duco;</strong></span> 
     </span>
    </p>
   </div>
   <div class='ocr_carea' id='block_1_24' title="bbox 2015 997 3614 1068">
    <p class='ocr_par' dir='ltr' id='par_1_24' title="bbox 2015 997 3614 1068">
     <span class='ocr_line' id='line_1_24' title="bbox 2015 997 3614 1068; baseline 0.004 -17"><span class='ocrx_word' id='word_1_172' title='bbox 2015 997 2344 1066; x_wconf 87' lang='lat' dir='ltr'><strong>consulatus,</strong></span> <span class='ocrx_word' id='word_1_173' title='bbox 2394 1016 2426 1056; x_wconf 88' lang='lat' dir='ltr'><strong>a</strong></span> <span class='ocrx_word' id='word_1_174' title='bbox 2453 1000 2714 1067; x_wconf 87' lang='lat' dir='ltr'><strong>consule;</strong></span> <span class='ocrx_word' id='word_1_175' title='bbox 2763 1001 3086 1068; x_wconf 67' lang='lat' dir='ltr'><strong>tribunatus,</strong></span> <span class='ocrx_word' id='word_1_176' title='bbox 3125 1016 3158 1056; x_wconf 80' lang='grc' dir='ltr'><strong>ιι</strong></span> <span class='ocrx_word' id='word_1_177' title='bbox 3199 1001 3436 1058; x_wconf 86' lang='lat' dir='ltr'><strong>tribuno.</strong></span> <span class='ocrx_word' id='word_1_178' title='bbox 3477 1002 3614 1057; x_wconf 83' lang='lat' dir='ltr'><strong>Item</strong></span> 
     </span>
    </p>
   </div>
   <div class='ocr_carea' id='block_1_25' title="bbox 2014 1082 3615 1164">
    <p class='ocr_par' dir='ltr' id='par_1_25' title="bbox 2014 1082 3615 1164">
     <span class='ocr_line' id='line_1_25' title="bbox 2014 1082 3615 1164; baseline 0.002 -20"><span class='ocrx_word' id='word_1_179' title='bbox 2014 1105 2043 1144; x_wconf 89' lang='lat' dir='ltr'><strong>s</strong></span> <span class='ocrx_word' id='word_1_180' title='bbox 2063 1088 2149 1146; x_wconf 86' lang='lat' dir='ltr'><strong>vel</strong></span> <span class='ocrx_word' id='word_1_181' title='bbox 2183 1082 2221 1146; x_wconf 85' lang='lat' dir='ltr'><strong>x</strong></span> <span class='ocrx_word' id='word_1_182' title='bbox 2249 1091 2697 1148; x_wconf 84' lang='lat' dir='ltr'><strong>antecedentibus</strong></span> <span class='ocrx_word' id='word_1_183' title='bbox 2724 1109 2784 1147; x_wconf 84' lang='lat' dir='ltr'><strong>us</strong></span> <span class='ocrx_word' id='word_1_184' title='bbox 2811 1093 3109 1148; x_wconf 90' lang='lat' dir='ltr'><strong>masculina</strong></span> <span class='ocrx_word' id='word_1_185' title='bbox 3139 1104 3194 1149; x_wconf 90' lang='lat' dir='ltr'><strong>et</strong></span> <span class='ocrx_word' id='word_1_186' title='bbox 3221 1103 3428 1164; x_wconf 71' lang='lat' dir='ltr'><strong>quarta:</strong></span> <span class='ocrx_word' id='word_1_187' title='bbox 3456 1094 3615 1149; x_wconf 79' lang='lat' dir='ltr'><strong>decli-</strong></span> 
     </span>
    </p>
   </div>
   <div class='ocr_carea' id='block_1_26' title="bbox 2016 1167 3615 1253">
    <p class='ocr_par' dir='ltr' id='par_1_26' title="bbox 2016 1167 3615 1253">
     <span class='ocr_line' id='line_1_26' title="bbox 2016 1167 3615 1253; baseline 0.004 -19"><span class='ocrx_word' id='word_1_188' title='bbox 2016 1167 2257 1236; x_wconf 78' lang='lat' dir='ltr'><strong>nationis</strong></span> <span class='ocrx_word' id='word_1_189' title='bbox 2276 1189 2440 1247; x_wconf 87' lang='lat' dir='ltr'><strong>sunt;</strong></span> <span class='ocrx_word' id='word_1_190' title='bbox 2469 1189 2531 1237; x_wconf 88' lang='lat' dir='ltr'><strong>ut</strong></span> <span class='ocrx_word' id='word_1_191' title='bbox 2554 1182 2712 1246; x_wconf 83' lang='lat' dir='ltr'><strong>risus,</strong></span> <span class='ocrx_word' id='word_1_192' title='bbox 2751 1193 2943 1249; x_wconf 85' lang='lat' dir='ltr'><strong>metus,</strong></span> <span class='ocrx_word' id='word_1_193' title='bbox 2970 1198 3146 1238; x_wconf 86' lang='lat' dir='ltr'><strong>sexus.</strong></span> <span class='ocrx_word' id='word_1_194' title='bbox 3188 1182 3321 1238; x_wconf 91' lang='lat' dir='ltr'><strong>Item</strong></span> <span class='ocrx_word' id='word_1_195' title='bbox 3342 1199 3531 1253; x_wconf 86' lang='lat' dir='ltr'><strong>penus,</strong></span> <span class='ocrx_word' id='word_1_196' title='bbox 3558 1190 3615 1241; x_wconf 84' lang='lat' dir='ltr'><strong>ct</strong></span> 
     </span>
    </p>
   </div>
   <div class='ocr_carea' id='block_1_27' title="bbox 2014 1272 3617 1344">
    <p class='ocr_par' dir='ltr' id='par_1_27' title="bbox 2014 1272 3617 1344">
     <span class='ocr_line' id='line_1_27' title="bbox 2014 1272 3617 1344; baseline 0.002 -17"><span class='ocrx_word' id='word_1_197' title='bbox 2014 1288 2199 1343; x_wconf 88' lang='lat' dir='ltr'><strong>specus</strong></span> <span class='ocrx_word' id='word_1_198' title='bbox 2218 1280 2331 1329; x_wconf 88' lang='lat' dir='ltr'><strong>tam</strong></span> <span class='ocrx_word' id='word_1_199' title='bbox 2360 1272 2658 1330; x_wconf 87' lang='lat' dir='ltr'><strong>masculina</strong></span> <span class='ocrx_word' id='word_1_200' title='bbox 2685 1288 2847 1344; x_wconf 84' lang='lat' dir='ltr'><strong>quam</strong></span> <span class='ocrx_word' id='word_1_201' title='bbox 2875 1274 3155 1341; x_wconf 84' lang='lat' dir='ltr'><strong>feminina,</strong></span> <span class='ocrx_word' id='word_1_202' title='bbox 3188 1281 3246 1330; x_wconf 90' lang='lat' dir='ltr'><strong>et</strong></span> <span class='ocrx_word' id='word_1_203' title='bbox 3278 1282 3490 1331; x_wconf 88' lang='lat' dir='ltr'><strong>neutra.</strong></span> <span class='ocrx_word' id='word_1_204' title='bbox 3531 1275 3617 1330; x_wconf 84' lang='lat' dir='ltr'><strong>In-</strong></span> 
     </span>
    </p>
   </div>
   <div class='ocr_carea' id='block_1_28' title="bbox 2017 1362 3615 1435">
    <p class='ocr_par' dir='ltr' id='par_1_28' title="bbox 2017 1362 3615 1435">
     <span class='ocr_line' id='line_1_28' title="bbox 2017 1362 3615 1435; baseline 0.004 -20"><span class='ocrx_word' id='word_1_205' title='bbox 2017 1362 2235 1417; x_wconf 87' lang='lat' dir='ltr'><strong>venitur</strong></span> <span class='ocrx_word' id='word_1_206' title='bbox 2260 1363 2426 1419; x_wconf 89' lang='lat' dir='ltr'><strong>etiam</strong></span> <span class='ocrx_word' id='word_1_207' title='bbox 2456 1364 2728 1429; x_wconf 67' lang='lat' dir='ltr'><strong>secundae,</strong></span> <span class='ocrx_word' id='word_1_208' title='bbox 2760 1364 2938 1420; x_wconf 65' lang='lat' dir='ltr'><strong>tertiae</strong></span> <span class='ocrx_word' id='word_1_209' title='bbox 2972 1373 3030 1420; x_wconf 93' lang='lat' dir='ltr'><strong>et</strong></span> <span class='ocrx_word' id='word_1_210' title='bbox 3067 1371 3275 1435; x_wconf 62' lang='lat' dir='ltr'><strong>quarta</strong></span> <span class='ocrx_word' id='word_1_211' title='bbox 3301 1364 3615 1421; x_wconf 85' lang='lat' dir='ltr'><strong>declinatio-</strong></span> 
     </span>
    </p>
   </div>
   <div class='ocr_carea' id='block_1_29' title="bbox 2016 1452 3611 1527">
    <p class='ocr_par' dir='ltr' id='par_1_29' title="bbox 2016 1452 3611 1527">
     <span class='ocr_line' id='line_1_29' title="bbox 2016 1452 3611 1527; baseline 0.002 -20"><span class='ocrx_word' id='word_1_212' title='bbox 2016 1452 2121 1507; x_wconf 85' lang='lat' dir='ltr'><strong>nis.</strong></span> <span class='ocrx_word' id='word_1_213' title='bbox 2163 1452 2444 1509; x_wconf 88' lang='lat' dir='ltr'><strong>Invenitur</strong></span> <span class='ocrx_word' id='word_1_214' title='bbox 2462 1454 2627 1510; x_wconf 88' lang='lat' dir='ltr'><strong>etiam</strong></span> <span class='ocrx_word' id='word_1_215' title='bbox 2650 1454 2705 1509; x_wconf 93' lang='lat' dir='ltr'><strong>in</strong></span> <span class='ocrx_word' id='word_1_216' title='bbox 2728 1469 2830 1509; x_wconf 90' lang='lat' dir='ltr'><strong>usu</strong></span> <span class='ocrx_word' id='word_1_217' title='bbox 2859 1458 2882 1507; x_wconf 88' lang='lat'><strong>:‘</strong></span> <span class='ocrx_word' id='word_1_218' title='bbox 2903 1452 3010 1526; x_wconf 86' lang='lat' dir='ltr'><strong>[hic</strong></span> <span class='ocrx_word' id='word_1_219' title='bbox 3034 1462 3089 1510; x_wconf 89' lang='lat' dir='ltr'><strong>et</strong></span> <span class='ocrx_word' id='word_1_220' title='bbox 3112 1454 3225 1509; x_wconf 65' lang='lat' dir='ltr'><strong>here</strong></span> <span class='ocrx_word' id='word_1_221' title='bbox 3249 1453 3401 1527; x_wconf 87' lang='lat' dir='ltr'><strong>acus]</strong></span> <span class='ocrx_word' id='word_1_222' title='bbox 3432 1456 3611 1510; x_wconf 84' lang='lat' dir='ltr'><strong>ethoc</strong></span> 
     </span>
    </p>
   </div>
   <div class='ocr_carea' id='block_1_30' title="bbox 2016 1541 3609 1617">
    <p class='ocr_par' dir='ltr' id='par_1_30' title="bbox 2016 1541 3609 1617">
     <span class='ocr_line' id='line_1_30' title="bbox 2016 1541 3609 1617; baseline 0.003 -20"><span class='ocrx_word' id='word_1_223' title='bbox 2016 1558 2168 1609; x_wconf 87' lang='lat' dir='ltr'><strong>acus,</strong></span> <span class='ocrx_word' id='word_1_224' title='bbox 2193 1541 2357 1615; x_wconf 82' lang='lat' dir='ltr'><strong>hujus</strong></span> <span class='ocrx_word' id='word_1_225' title='bbox 2380 1544 2573 1609; x_wconf 88' lang='lat' dir='ltr'><strong>aceris,</strong></span> <span class='ocrx_word' id='word_1_226' title='bbox 2611 1553 3027 1617; x_wconf 74' lang='lat' dir='ltr'><strong>purgamentum</strong></span> <span class='ocrx_word' id='word_1_227' title='bbox 3073 1542 3354 1601; x_wconf 77' lang='lat' dir='ltr'><strong>frumenti.</strong></span> <span class='ocrx_word' id='word_1_228' title='bbox 3400 1541 3515 1601; x_wconf 88' lang='lat' dir='ltr'><strong>Pus</strong></span> <span class='ocrx_word' id='word_1_229' title='bbox 3553 1554 3609 1602; x_wconf 89' lang='lat' dir='ltr'><strong>et</strong></span> 
     </span>
    </p>
   </div>
   <div class='ocr_carea' id='block_1_31' title="bbox 2017 1631 2767 1690">
    <p class='ocr_par' dir='ltr' id='par_1_31' title="bbox 2017 1631 2767 1690">
     <span class='ocr_line' id='line_1_31' title="bbox 2017 1631 2767 1690; baseline 0.004 -3"><span class='ocrx_word' id='word_1_230' title='bbox 2017 1632 2159 1687; x_wconf 80' lang='lat' dir='ltr'><strong>uirus</strong></span> <span class='ocrx_word' id='word_1_231' title='bbox 2189 1631 2593 1689; x_wconf 85' lang='lat' dir='ltr'><strong>indeclinabilia</strong></span> <span class='ocrx_word' id='word_1_232' title='bbox 2619 1641 2767 1690; x_wconf 84' lang='lat' dir='ltr'><strong>sunt.</strong></span> 
     </span>
    </p>
   </div>
   <div class='ocr_carea' id='block_1_32' title="bbox 2088 1721 3614 1797">
    <p class='ocr_par' dir='ltr' id='par_1_32' title="bbox 2088 1721 3614 1797">
     <span class='ocr_line' id='line_1_32' title="bbox 2088 1721 3614 1797; baseline 0.003 -20"><span class='ocrx_word' id='word_1_233' title='bbox 2088 1721 2149 1777; x_wconf 91' lang='lat' dir='ltr'><strong>In</strong></span> <span class='ocrx_word' id='word_1_234' title='bbox 2181 1739 2220 1779; x_wconf 90' lang='lat' dir='ltr'><strong>x</strong></span> <span class='ocrx_word' id='word_1_235' title='bbox 2265 1722 2527 1789; x_wconf 83' lang='lat' dir='ltr'><strong>litteram,</strong></span> <span class='ocrx_word' id='word_1_236' title='bbox 2578 1739 2902 1797; x_wconf 85' lang='lat' dir='ltr'><strong>quacunque</strong></span> <span class='ocrx_word' id='word_1_237' title='bbox 2948 1723 3121 1782; x_wconf 85' lang='lat' dir='ltr'><strong>vocali</strong></span> <span class='ocrx_word' id='word_1_238' title='bbox 3166 1724 3251 1782; x_wconf 88' lang='lat' dir='ltr'><strong>vel</strong></span> <span class='ocrx_word' id='word_1_239' title='bbox 3284 1732 3614 1782; x_wconf 86' lang='lat' dir='ltr'><strong>consonante</strong></span> 
     </span>
    </p>
   </div>
   <div class='ocr_carea' id='block_1_33' title="bbox 309 1810 3611 1889">
    <p class='ocr_par' dir='ltr' id='par_1_33' title="bbox 309 1810 3611 1889">
     <span class='ocr_line' id='line_1_33' title="bbox 309 1810 3611 1889; baseline -0.002 -12"><span class='ocrx_word' id='word_1_240' title='bbox 309 1824 377 1889; x_wconf 90' lang='lat' dir='ltr'><strong>is,</strong></span> <span class='ocrx_word' id='word_1_241' title='bbox 406 1821 723 1887; x_wconf 85' lang='lat' dir='ltr'><strong>terminata,</strong></span> <span class='ocrx_word' id='word_1_242' title='bbox 770 1820 818 1876; x_wconf 89' lang='lat' dir='ltr'><strong>si</strong></span> <span class='ocrx_word' id='word_1_243' title='bbox 855 1836 891 1876; x_wconf 88' lang='lat' dir='ltr'><strong>n</strong></span> <span class='ocrx_word' id='word_1_244' title='bbox 926 1818 1013 1875; x_wconf 88' lang='lat' dir='ltr'><strong>vel</strong></span> <span class='ocrx_word' id='word_1_245' title='bbox 1038 1837 1067 1874; x_wconf 89' lang='lat' dir='ltr'><strong>c</strong></span> <span class='ocrx_word' id='word_1_246' title='bbox 1102 1826 1233 1874; x_wconf 88' lang='lat' dir='ltr'><strong>ante</strong></span> <span class='ocrx_word' id='word_1_247' title='bbox 1258 1819 1303 1874; x_wconf 88' lang='lat' dir='ltr'><strong>is</strong></span> <span class='ocrx_word' id='word_1_248' title='bbox 1335 1817 1557 1883; x_wconf 87' lang='lat' dir='ltr'><strong>habent,</strong></span> <span class='ocrx_word' id='word_1_249' title='bbox 1586 1818 1673 1874; x_wconf 89' lang='lat' dir='ltr'><strong>vel</strong></span> <span class='ocrx_word' id='word_1_250' title='bbox 1714 1818 1759 1873; x_wconf 93' lang='lat' dir='ltr'><strong>si</strong></span> <span class='ocrx_word' id='word_1_251' title='bbox 1802 1833 1909 1874; x_wconf 88' lang='lat' dir='ltr'><strong>una</strong></span> <span class='ocrx_word' id='word_1_252' title='bbox 1943 1810 1989 1871; x_wconf 84' lang='grc' dir='ltr'><strong>Β</strong></span> <span class='ocrx_word' id='word_1_253' title='bbox 2014 1814 2372 1870; x_wconf 83' lang='lat' dir='ltr'><strong>antecedente</strong></span> <span class='ocrx_word' id='word_1_254' title='bbox 2412 1830 2555 1879; x_wconf 89' lang='lat' dir='ltr'><strong>eam,</strong></span> <span class='ocrx_word' id='word_1_255' title='bbox 2604 1815 2791 1872; x_wconf 90' lang='lat' dir='ltr'><strong>omnia</strong></span> <span class='ocrx_word' id='word_1_256' title='bbox 2831 1817 3008 1873; x_wconf 68' lang='lat' dir='ltr'><strong>tertia:</strong></span> <span class='ocrx_word' id='word_1_257' title='bbox 3047 1824 3177 1873; x_wconf 91' lang='lat' dir='ltr'><strong>sunt</strong></span> <span class='ocrx_word' id='word_1_258' title='bbox 3216 1817 3611 1882; x_wconf 81' lang='lat' dir='ltr'><strong>declinationis,</strong></span> 
     </span>
    </p>
   </div>
   <div class='ocr_carea' id='block_1_34' title="bbox 306 1908 1911 1986">
    <p class='ocr_par' dir='ltr' id='par_1_34' title="bbox 306 1908 1911 1986">
     <span class='ocr_line' id='line_1_34' title="bbox 306 1908 1911 1986; baseline -0.002 -18"><span class='ocrx_word' id='word_1_259' title='bbox 306 1913 518 1986; x_wconf 85' lang='lat' dir='ltr'><strong>syllaba</strong></span> <span class='ocrx_word' id='word_1_260' title='bbox 543 1918 963 1984; x_wconf 82' lang='lat' dir='ltr'><strong>supercrescunt</strong></span> <span class='ocrx_word' id='word_1_261' title='bbox 989 1909 1044 1965; x_wconf 91' lang='lat' dir='ltr'><strong>in</strong></span> <span class='ocrx_word' id='word_1_262' title='bbox 1073 1909 1335 1982; x_wconf 76' lang='lat' dir='ltr'><strong>genitivo,</strong></span> <span class='ocrx_word' id='word_1_263' title='bbox 1381 1909 1566 1965; x_wconf 87' lang='lat' dir='ltr'><strong>omnia</strong></span> <span class='ocrx_word' id='word_1_264' title='bbox 1609 1908 1911 1965; x_wconf 87' lang='lat' dir='ltr'><strong>masculina</strong></span> 
     </span>
    </p>
   </div>
   <div class='ocr_carea' id='block_1_35' title="bbox 307 2000 1914 2074">
    <p class='ocr_par' dir='ltr' id='par_1_35' title="bbox 307 2000 1914 2074">
     <span class='ocr_line' id='line_1_35' title="bbox 307 2000 1914 2074; baseline -0.002 -13"><span class='ocrx_word' id='word_1_265' title='bbox 307 2015 461 2071; x_wconf 86' lang='lat' dir='ltr'><strong>sunt,</strong></span> <span class='ocrx_word' id='word_1_266' title='bbox 508 2011 569 2060; x_wconf 88' lang='lat' dir='ltr'><strong>ut</strong></span> <span class='ocrx_word' id='word_1_267' title='bbox 595 2006 682 2059; x_wconf 79' lang='lat' dir='ltr'><strong>hic</strong></span> <span class='ocrx_word' id='word_1_268' title='bbox 726 2002 900 2074; x_wconf 77' lang='lat' dir='ltr'><strong>panis,</strong></span> <span class='ocrx_word' id='word_1_269' title='bbox 945 2002 1142 2074; x_wconf 90' lang='lat' dir='ltr'><strong>piscis;</strong></span> <span class='ocrx_word' id='word_1_270' title='bbox 1187 2001 1274 2056; x_wconf 89' lang='lat' dir='ltr'><strong>hic</strong></span> <span class='ocrx_word' id='word_1_271' title='bbox 1306 2000 1443 2073; x_wconf 83' lang='lat' dir='ltr'><strong>lapis</strong></span> <span class='ocrx_word' id='word_1_272' title='bbox 1472 2000 1707 2073; x_wconf 83' lang='lat' dir='ltr'><strong>lapidis:</strong></span> <span class='ocrx_word' id='word_1_273' title='bbox 1754 2015 1914 2058; x_wconf 81' lang='lat' dir='ltr'><strong>exce-</strong></span> 
     </span>
    </p>
   </div>
   <div class='ocr_carea' id='block_1_36' title="bbox 306 2090 1944 2167">
    <p class='ocr_par' dir='ltr' id='par_1_36' title="bbox 306 2090 1944 2167">
     <span class='ocr_line' id='line_1_36' title="bbox 306 2090 1944 2167; baseline -0.002 -15"><span class='ocrx_word' id='word_1_274' title='bbox 306 2096 421 2167; x_wconf 80' lang='lat' dir='ltr'><strong>ptis</strong></span> <span class='ocrx_word' id='word_1_275' title='bbox 447 2114 459 2150; x_wconf 90' lang='lat'>:</span> <span class='ocrx_word' id='word_1_276' title='bbox 486 2095 600 2151; x_wconf 78' lang='lat' dir='ltr'><strong>hcce</strong></span> <span class='ocrx_word' id='word_1_277' title='bbox 631 2093 889 2165; x_wconf 84' lang='lat' dir='ltr'><strong>bipennis,</strong></span> <span class='ocrx_word' id='word_1_278' title='bbox 914 2101 973 2148; x_wconf 85' lang='lat' dir='ltr'><strong>et</strong></span> <span class='ocrx_word' id='word_1_279' title='bbox 994 2093 1109 2149; x_wconf 73' lang='lat' dir='ltr'><strong>hac</strong></span> <span class='ocrx_word' id='word_1_280' title='bbox 1137 2091 1336 2164; x_wconf 82' lang='lat' dir='ltr'><strong>cuspis,</strong></span> <span class='ocrx_word' id='word_1_281' title='bbox 1363 2091 1528 2147; x_wconf 84' lang='lat' dir='ltr'><strong>cassis</strong></span> <span class='ocrx_word' id='word_1_282' title='bbox 1555 2090 1800 2157; x_wconf 83' lang='lat' dir='ltr'><strong>cassidis,</strong></span> <span class='ocrx_word' id='word_1_283' title='bbox 1829 2090 1914 2148; x_wconf 83' lang='lat' dir='ltr'><strong>hic</strong></span> <span class='ocrx_word' id='word_1_284' title='bbox 1939 2155 1944 2159; x_wconf 42' lang='grc'><em>,</em></span> 
     </span>
    </p>
   </div>
   <div class='ocr_carea' id='block_1_37' title="bbox 307 2180 1919 2254">
    <p class='ocr_par' dir='ltr' id='par_1_37' title="bbox 307 2180 1919 2254">
     <span class='ocr_line' id='line_1_37' title="bbox 307 2180 1919 2254; baseline -0.001 -14"><span class='ocrx_word' id='word_1_285' title='bbox 307 2196 369 2242; x_wconf 83' lang='lat' dir='ltr'><strong>et</strong></span> <span class='ocrx_word' id='word_1_286' title='bbox 395 2186 508 2241; x_wconf 67' lang='lat' dir='ltr'><strong>hac</strong></span> <span class='ocrx_word' id='word_1_287' title='bbox 530 2184 699 2242; x_wconf 84' lang='lat' dir='ltr'><strong>canis.</strong></span> <span class='ocrx_word' id='word_1_288' title='bbox 724 2182 1081 2241; x_wconf 81' lang='lat' dir='ltr'><strong>Inveniuntur</strong></span> <span class='ocrx_word' id='word_1_289' title='bbox 1108 2195 1326 2254; x_wconf 83' lang='lat' dir='ltr'><strong>quoque</strong></span> <span class='ocrx_word' id='word_1_290' title='bbox 1347 2195 1543 2253; x_wconf 85' lang='lat' dir='ltr'><strong>pauca,</strong></span> <span class='ocrx_word' id='word_1_291' title='bbox 1571 2180 1700 2238; x_wconf 88' lang='lat' dir='ltr'><strong>licet</strong></span> <span class='ocrx_word' id='word_1_292' title='bbox 1720 2181 1808 2237; x_wconf 87' lang='lat' dir='ltr'><strong>his</strong></span> <span class='ocrx_word' id='word_1_293' title='bbox 1832 2196 1919 2238; x_wconf 90' lang='lat' dir='ltr'><strong>re—</strong></span> 
     </span>
    </p>
   </div>
   <div class='ocr_carea' id='block_1_38' title="bbox 310 2270 1911 2346">
    <p class='ocr_par' dir='ltr' id='par_1_38' title="bbox 310 2270 1911 2346">
     <span class='ocr_line' id='line_1_38' title="bbox 310 2270 1911 2346; baseline -0.002 -17"><span class='ocrx_word' id='word_1_294' title='bbox 310 2273 454 2346; x_wconf 83' lang='lat' dir='ltr'><strong>gulis</strong></span> <span class='ocrx_word' id='word_1_295' title='bbox 482 2289 590 2330; x_wconf 86' lang='lat' dir='ltr'><strong>non</strong></span> <span class='ocrx_word' id='word_1_296' title='bbox 617 2270 959 2343; x_wconf 74' lang='lat' dir='ltr'><strong>subiaceant,</strong></span> <span class='ocrx_word' id='word_1_297' title='bbox 989 2272 1313 2337; x_wconf 89' lang='lat' dir='ltr'><strong>masculina,</strong></span> <span class='ocrx_word' id='word_1_298' title='bbox 1343 2279 1405 2328; x_wconf 91' lang='lat' dir='ltr'><strong>ut</strong></span> <span class='ocrx_word' id='word_1_299' title='bbox 1426 2272 1514 2327; x_wconf 87' lang='lat' dir='ltr'><strong>hic</strong></span> <span class='ocrx_word' id='word_1_300' title='bbox 1542 2270 1719 2342; x_wconf 86' lang='lat' dir='ltr'><strong>fustis,</strong></span> <span class='ocrx_word' id='word_1_301' title='bbox 1746 2273 1911 2337; x_wconf 84' lang='lat' dir='ltr'><strong>ensis,</strong></span> 
     </span>
    </p>
   </div>
   <div class='ocr_carea' id='block_1_39' title="bbox 310 2359 1918 2436">
    <p class='ocr_par' dir='ltr' id='par_1_39' title="bbox 310 2359 1918 2436">
     <span class='ocr_line' id='line_1_39' title="bbox 310 2359 1918 2436; baseline -0.004 -16"><span class='ocrx_word' id='word_1_302' title='bbox 310 2363 495 2435; x_wconf 85' lang='lat' dir='ltr'><strong>postis,</strong></span> <span class='ocrx_word' id='word_1_303' title='bbox 521 2363 733 2436; x_wconf 78' lang='lat' dir='ltr'><strong>anguis,</strong></span> <span class='ocrx_word' id='word_1_304' title='bbox 755 2362 970 2436; x_wconf 72' lang='lat' dir='ltr'><strong>irriguis,</strong></span> <span class='ocrx_word' id='word_1_305' title='bbox 985 2359 1157 2428; x_wconf 90' lang='lat' dir='ltr'><strong>collis,</strong></span> <span class='ocrx_word' id='word_1_306' title='bbox 1182 2359 1344 2432; x_wconf 84' lang='lat' dir='ltr'><strong>follis.</strong></span> <span class='ocrx_word' id='word_1_307' title='bbox 1359 2361 1551 2426; x_wconf 83' lang='lat' dir='ltr'><strong>corbis,</strong></span> <span class='ocrx_word' id='word_1_308' title='bbox 1573 2361 1750 2427; x_wconf 83' lang='lat' dir='ltr'><strong>vectis,</strong></span> <span class='ocrx_word' id='word_1_309' title='bbox 1774 2377 1918 2415; x_wconf 81' lang='lat' dir='ltr'><strong>men-</strong></span> 
     </span>
    </p>
   </div>
   <div class='ocr_carea' id='block_1_40' title="bbox 307 2449 1914 2526">
    <p class='ocr_par' dir='ltr' id='par_1_40' title="bbox 307 2449 1914 2526">
     <span class='ocr_line' id='line_1_40' title="bbox 307 2449 1914 2526; baseline -0.002 -16"><span class='ocrx_word' id='word_1_310' title='bbox 307 2455 408 2520; x_wconf 88' lang='lat' dir='ltr'><strong>sis,</strong></span> <span class='ocrx_word' id='word_1_311' title='bbox 445 2454 670 2526; x_wconf 79' lang='lat' dir='ltr'><strong>torquis,</strong></span> <span class='ocrx_word' id='word_1_312' title='bbox 700 2453 840 2521; x_wconf 83' lang='lat' dir='ltr'><strong>axis,</strong></span> <span class='ocrx_word' id='word_1_313' title='bbox 874 2451 1037 2509; x_wconf 86' lang='lat' dir='ltr'><strong>orbis.</strong></span> <span class='ocrx_word' id='word_1_314' title='bbox 1086 2450 1145 2507; x_wconf 89' lang='lat' dir='ltr'><strong>Si</strong></span> <span class='ocrx_word' id='word_1_315' title='bbox 1188 2451 1325 2507; x_wconf 90' lang='lat' dir='ltr'><strong>ﬁunt</strong></span> <span class='ocrx_word' id='word_1_316' title='bbox 1364 2465 1497 2506; x_wconf 89' lang='lat' dir='ltr'><strong>vero</strong></span> <span class='ocrx_word' id='word_1_317' title='bbox 1535 2449 1803 2521; x_wconf 83' lang='lat' dir='ltr'><strong>adjectiva</strong></span> <span class='ocrx_word' id='word_1_318' title='bbox 1829 2450 1914 2506; x_wconf 91' lang='lat' dir='ltr'><strong>vel</strong></span> 
     </span>
    </p>
   </div>
   <div class='ocr_carea' id='block_1_41' title="bbox 307 2541 1916 2614">
    <p class='ocr_par' dir='ltr' id='par_1_41' title="bbox 307 2541 1916 2614">
     <span class='ocr_line' id='line_1_41' title="bbox 307 2541 1916 2614; baseline -0.003 -12"><span class='ocrx_word' id='word_1_319' title='bbox 307 2545 610 2602; x_wconf 84' lang='lat' dir='ltr'><strong>derivativa</strong></span> <span class='ocrx_word' id='word_1_320' title='bbox 640 2543 725 2600; x_wconf 86' lang='lat' dir='ltr'><strong>vel</strong></span> <span class='ocrx_word' id='word_1_321' title='bbox 753 2544 821 2600; x_wconf 81' lang='lat' dir='ltr'><strong>ad</strong></span> <span class='ocrx_word' id='word_1_322' title='bbox 857 2542 1108 2599; x_wconf 84' lang='lat' dir='ltr'><strong>homines</strong></span> <span class='ocrx_word' id='word_1_323' title='bbox 1136 2541 1280 2599; x_wconf 88' lang='lat' dir='ltr'><strong>solos</strong></span> <span class='ocrx_word' id='word_1_324' title='bbox 1315 2542 1664 2614; x_wconf 85' lang='lat' dir='ltr'><strong>pertinentia,</strong></span> <span class='ocrx_word' id='word_1_325' title='bbox 1700 2556 1916 2612; x_wconf 87' lang='lat' dir='ltr'><strong>semper</strong></span> 
     </span>
    </p>
   </div>
   <div class='ocr_carea' id='block_1_42' title="bbox 305 2634 1913 2706">
    <p class='ocr_par' dir='ltr' id='par_1_42' title="bbox 305 2634 1913 2706">
     <span class='ocr_line' id='line_1_42' title="bbox 305 2634 1913 2706; baseline -0.002 -13"><span class='ocrx_word' id='word_1_326' title='bbox 305 2636 620 2693; x_wconf 86' lang='lat' dir='ltr'><strong>communia</strong></span> <span class='ocrx_word' id='word_1_327' title='bbox 652 2635 811 2703; x_wconf 84' lang='lat' dir='ltr'><strong>ﬁunt,</strong></span> <span class='ocrx_word' id='word_1_328' title='bbox 850 2644 912 2692; x_wconf 89' lang='lat' dir='ltr'><strong>ut</strong></span> <span class='ocrx_word' id='word_1_329' title='bbox 937 2635 1023 2691; x_wconf 75' lang='lat' dir='ltr'><strong>hic</strong></span> <span class='ocrx_word' id='word_1_330' title='bbox 1050 2644 1101 2690; x_wconf 87' lang='lat' dir='ltr'><strong>et</strong></span> <span class='ocrx_word' id='word_1_331' title='bbox 1130 2636 1243 2690; x_wconf 68' lang='lat' dir='ltr'><strong>hac</strong></span> <span class='ocrx_word' id='word_1_332' title='bbox 1267 2634 1443 2706; x_wconf 87' lang='lat' dir='ltr'><strong>fortis,</strong></span> <span class='ocrx_word' id='word_1_333' title='bbox 1474 2636 1677 2701; x_wconf 80' lang='lat' dir='ltr'><strong>suavis,</strong></span> <span class='ocrx_word' id='word_1_334' title='bbox 1719 2634 1913 2700; x_wconf 81' lang='lat' dir='ltr'><strong>dulcis,</strong></span> 
     </span>
    </p>
   </div>
   <div class='ocr_carea' id='block_1_43' title="bbox 307 2724 1916 2799">
    <p class='ocr_par' dir='ltr' id='par_1_43' title="bbox 307 2724 1916 2799">
     <span class='ocr_line' id='line_1_43' title="bbox 307 2724 1916 2799; baseline -0.002 -14"><span class='ocrx_word' id='word_1_335' title='bbox 307 2726 616 2799; x_wconf 78' lang='lat' dir='ltr'><strong>exsanguis,</strong></span> <span class='ocrx_word' id='word_1_336' title='bbox 645 2725 930 2793; x_wconf 81' lang='lat' dir='ltr'><strong>exanimis,</strong></span> <span class='ocrx_word' id='word_1_337' title='bbox 966 2725 1116 2791; x_wconf 81' lang='lat' dir='ltr'><strong>civis,</strong></span> <span class='ocrx_word' id='word_1_338' title='bbox 1144 2724 1332 2791; x_wconf 83' lang='lat' dir='ltr'><strong>hostis,</strong></span> <span class='ocrx_word' id='word_1_339' title='bbox 1363 2724 1533 2781; x_wconf 70' lang='lat' dir='ltr'><strong>sedilis</strong></span> <span class='ocrx_word' id='word_1_340' title='bbox 1555 2740 1575 2779; x_wconf 90' lang='lat'><strong><em>:</em></strong></span> <span class='ocrx_word' id='word_1_341' title='bbox 1621 2724 1724 2780; x_wconf 83' lang='lat' dir='ltr'><strong>alia</strong></span> <span class='ocrx_word' id='word_1_342' title='bbox 1750 2725 1916 2799; x_wconf 72' lang='lat'><strong>276</strong></span> 
     </span>
    </p>
   </div>
   <div class='ocr_carea' id='block_1_44' title="bbox 306 2815 1912 2884">
    <p class='ocr_par' dir='ltr' id='par_1_44' title="bbox 306 2815 1912 2884">
     <span class='ocr_line' id='line_1_44' title="bbox 306 2815 1912 2884; baseline -0.001 -10"><span class='ocrx_word' id='word_1_343' title='bbox 306 2818 492 2874; x_wconf 87' lang='lat' dir='ltr'><strong>omnia</strong></span> <span class='ocrx_word' id='word_1_344' title='bbox 520 2815 782 2873; x_wconf 83' lang='lat' dir='ltr'><strong>feminina</strong></span> <span class='ocrx_word' id='word_1_345' title='bbox 817 2826 967 2881; x_wconf 84' lang='lat' dir='ltr'><strong>sunt,</strong></span> <span class='ocrx_word' id='word_1_346' title='bbox 997 2825 1078 2884; x_wconf 90' lang='lat' dir='ltr'><strong>ut,</strong></span> <span class='ocrx_word' id='word_1_347' title='bbox 1124 2816 1239 2872; x_wconf 72' lang='lat' dir='ltr'><strong>haec</strong></span> <span class='ocrx_word' id='word_1_348' title='bbox 1279 2815 1415 2881; x_wconf 77' lang='lat' dir='ltr'><strong>aris,</strong></span> <span class='ocrx_word' id='word_1_349' title='bbox 1460 2815 1648 2873; x_wconf 89' lang='lat' dir='ltr'><strong>classis</strong></span> <span class='ocrx_word' id='word_1_350' title='bbox 1675 2856 1691 2883; x_wconf 93' lang='lat'><strong>,</strong></span> <span class='ocrx_word' id='word_1_351' title='bbox 1734 2817 1912 2884; x_wconf 84' lang='lat' dir='ltr'><strong>cutis;</strong></span> 
     </span>
    </p>
   </div>
   <div class='ocr_carea' id='block_1_45' title="bbox 307 2905 1914 2981">
    <p class='ocr_par' dir='ltr' id='par_1_45' title="bbox 307 2905 1914 2981">
     <span class='ocr_line' id='line_1_45' title="bbox 307 2905 1914 2981; baseline -0.001 -15"><span class='ocrx_word' id='word_1_352' title='bbox 307 2918 365 2966; x_wconf 90' lang='lat' dir='ltr'><strong>et</strong></span> <span class='ocrx_word' id='word_1_353' title='bbox 392 2909 544 2966; x_wconf 87' lang='lat' dir='ltr'><strong>tertii</strong></span> <span class='ocrx_word' id='word_1_354' title='bbox 575 2909 788 2965; x_wconf 85' lang='lat' dir='ltr'><strong>ordinis</strong></span> <span class='ocrx_word' id='word_1_355' title='bbox 814 2906 893 2980; x_wconf 89' lang='lat' dir='ltr'><strong>[id</strong></span> <span class='ocrx_word' id='word_1_356' title='bbox 920 2916 1023 2974; x_wconf 89' lang='lat' dir='ltr'><strong>est,</strong></span> <span class='ocrx_word' id='word_1_357' title='bbox 1050 2905 1451 2981; x_wconf 87' lang='lat' dir='ltr'><strong>declinationis]</strong></span> <span class='ocrx_word' id='word_1_358' title='bbox 1501 2916 1717 2964; x_wconf 85' lang='lat' dir='ltr'><strong>cuncta.</strong></span> <span class='ocrx_word' id='word_1_359' title='bbox 1769 2908 1829 2965; x_wconf 90' lang='lat' dir='ltr'><strong>In</strong></span> <span class='ocrx_word' id='word_1_360' title='bbox 1856 2926 1914 2965; x_wconf 88' lang='lat' dir='ltr'><strong>os</strong></span> 
     </span>
    </p>
   </div>
   <div class='ocr_carea' id='block_1_46' title="bbox 311 2997 1916 3071">
    <p class='ocr_par' dir='ltr' id='par_1_46' title="bbox 311 2997 1916 3071">
     <span class='ocr_line' id='line_1_46' title="bbox 311 2997 1916 3071; baseline 0.001 -17"><span class='ocrx_word' id='word_1_361' title='bbox 311 2998 573 3067; x_wconf 87' lang='lat' dir='ltr'><strong>feminina</strong></span> <span class='ocrx_word' id='word_1_362' title='bbox 601 3000 729 3065; x_wconf 89' lang='lat' dir='ltr'><strong>tria,</strong></span> <span class='ocrx_word' id='word_1_363' title='bbox 759 3015 867 3065; x_wconf 89' lang='lat' dir='ltr'><strong>cos,</strong></span> <span class='ocrx_word' id='word_1_364' title='bbox 893 2999 1010 3065; x_wconf 87' lang='lat' dir='ltr'><strong>dos,</strong></span> <span class='ocrx_word' id='word_1_365' title='bbox 1027 2999 1160 3070; x_wconf 89' lang='lat' dir='ltr'><strong>glos.</strong></span> <span class='ocrx_word' id='word_1_366' title='bbox 1193 2997 1511 3055; x_wconf 89' lang='lat' dir='ltr'><strong>Communia</strong></span> <span class='ocrx_word' id='word_1_367' title='bbox 1537 3000 1804 3071; x_wconf 85' lang='lat' dir='ltr'><strong>quinque,</strong></span> <span class='ocrx_word' id='word_1_368' title='bbox 1822 3018 1916 3055; x_wconf 89' lang='lat' dir='ltr'><strong>cu-</strong></span> 
     </span>
    </p>
   </div>
   <div class='ocr_carea' id='block_1_47' title="bbox 2010 1906 3610 1979">
    <p class='ocr_par' dir='ltr' id='par_1_47' title="bbox 2010 1906 3610 1979">
     <span class='ocr_line' id='line_1_47' title="bbox 2010 1906 3610 1979; baseline 0.001 -17"><span class='ocrx_word' id='word_1_369' title='bbox 2010 1906 2110 1962; x_wconf 80' lang='lat' dir='ltr'><strong>sed</strong></span> <span class='ocrx_word' id='word_1_370' title='bbox 2151 1906 2491 1962; x_wconf 88' lang='lat' dir='ltr'><strong>diversorum</strong></span> <span class='ocrx_word' id='word_1_371' title='bbox 2513 1922 2795 1979; x_wconf 76' lang='lat' dir='ltr'><strong>generum.</strong></span> <span class='ocrx_word' id='word_1_372' title='bbox 2845 1908 2917 1965; x_wconf 90' lang='lat' dir='ltr'><strong>Ut</strong></span> <span class='ocrx_word' id='word_1_373' title='bbox 2945 1919 3125 1964; x_wconf 88' lang='lat' dir='ltr'><strong>tamen</strong></span> <span class='ocrx_word' id='word_1_374' title='bbox 3149 1908 3391 1965; x_wconf 89' lang='lat' dir='ltr'><strong>breviter</strong></span> <span class='ocrx_word' id='word_1_375' title='bbox 3410 1909 3610 1973; x_wconf 91' lang='lat' dir='ltr'><strong>dicam,</strong></span> 
     </span>
    </p>
   </div>
   <div class='ocr_carea' id='block_1_48' title="bbox 2010 1996 3617 2067">
    <p class='ocr_par' dir='ltr' id='par_1_48' title="bbox 2010 1996 3617 2067">
     <span class='ocr_line' id='line_1_48' title="bbox 2010 1996 3617 2067; baseline 0.001 -14"><span class='ocrx_word' id='word_1_376' title='bbox 2010 1996 2195 2053; x_wconf 89' lang='lat' dir='ltr'><strong>omnia</strong></span> <span class='ocrx_word' id='word_1_377' title='bbox 2216 1997 2515 2054; x_wconf 86' lang='lat' dir='ltr'><strong>accidentia</strong></span> <span class='ocrx_word' id='word_1_378' title='bbox 2539 2013 2576 2052; x_wconf 87' lang='lat' dir='ltr'><strong>x</strong></span> <span class='ocrx_word' id='word_1_379' title='bbox 2608 1998 2788 2055; x_wconf 84' lang='lat' dir='ltr'><strong>littera</strong></span> <span class='ocrx_word' id='word_1_380' title='bbox 2813 1999 2989 2067; x_wconf 83' lang='lat' dir='ltr'><strong>ﬁnita,</strong></span> <span class='ocrx_word' id='word_1_381' title='bbox 3031 2000 3342 2056; x_wconf 89' lang='lat' dir='ltr'><strong>communia</strong></span> <span class='ocrx_word' id='word_1_382' title='bbox 3369 2012 3520 2065; x_wconf 82' lang='lat' dir='ltr'><strong>sunt,</strong></span> <span class='ocrx_word' id='word_1_383' title='bbox 3555 2009 3617 2055; x_wconf 90' lang='lat' dir='ltr'><strong>ut</strong></span> 
     </span>
    </p>
   </div>
   <div class='ocr_carea' id='block_1_49' title="bbox 2010 2086 3620 2161">
    <p class='ocr_par' dir='ltr' id='par_1_49' title="bbox 2010 2086 3620 2161">
     <span class='ocr_line' id='line_1_49' title="bbox 2010 2086 3620 2161; baseline 0.001 -18"><span class='ocrx_word' id='word_1_384' title='bbox 2010 2086 2095 2143; x_wconf 82' lang='lat' dir='ltr'><strong>hic</strong></span> <span class='ocrx_word' id='word_1_385' title='bbox 2118 2095 2174 2145; x_wconf 85' lang='lat' dir='ltr'><strong>et</strong></span> <span class='ocrx_word' id='word_1_386' title='bbox 2212 2088 2324 2143; x_wconf 80' lang='lat' dir='ltr'><strong>Iure</strong></span> <span class='ocrx_word' id='word_1_387' title='bbox 2347 2090 2524 2145; x_wconf 84' lang='lat' dir='ltr'><strong>ethoc</strong></span> <span class='ocrx_word' id='word_1_388' title='bbox 2548 2090 2749 2155; x_wconf 83' lang='lat' dir='ltr'><strong>audax,</strong></span> <span class='ocrx_word' id='word_1_389' title='bbox 2776 2090 3010 2161; x_wconf 85' lang='lat' dir='ltr'><strong>aurifex,</strong></span> <span class='ocrx_word' id='word_1_390' title='bbox 3059 2091 3228 2146; x_wconf 80' lang='lat' dir='ltr'><strong>uelox.</strong></span> <span class='ocrx_word' id='word_1_391' title='bbox 3274 2091 3407 2146; x_wconf 86' lang='lat' dir='ltr'><strong>Item</strong></span> <span class='ocrx_word' id='word_1_392' title='bbox 3436 2093 3620 2161; x_wconf 76' lang='lat' dir='ltr'><strong>appel-</strong></span> 
     </span>
    </p>
   </div>
   <div class='ocr_carea' id='block_1_50' title="bbox 2010 2179 3611 2255">
    <p class='ocr_par' dir='ltr' id='par_1_50' title="bbox 2010 2179 3611 2255">
     <span class='ocr_line' id='line_1_50' title="bbox 2010 2179 3611 2255; baseline 0.004 -20"><span class='ocrx_word' id='word_1_393' title='bbox 2010 2179 2177 2236; x_wconf 87' lang='lat' dir='ltr'><strong>lativa</strong></span> <span class='ocrx_word' id='word_1_394' title='bbox 2236 2180 2306 2236; x_wconf 90' lang='lat' dir='ltr'><strong>ad</strong></span> <span class='ocrx_word' id='word_1_395' title='bbox 2357 2190 2649 2254; x_wconf 88' lang='lat' dir='ltr'><strong>utrumque</strong></span> <span class='ocrx_word' id='word_1_396' title='bbox 2700 2194 2894 2239; x_wconf 78' lang='lat' dir='ltr'><strong>sexum</strong></span> <span class='ocrx_word' id='word_1_397' title='bbox 2943 2183 3227 2240; x_wconf 90' lang='lat' dir='ltr'><strong>hominum</strong></span> <span class='ocrx_word' id='word_1_398' title='bbox 3283 2185 3611 2255; x_wconf 77' lang='lat' dir='ltr'><strong>pertinentia</strong></span> 
     </span>
    </p>
   </div>
   <div class='ocr_carea' id='block_1_51' title="bbox 2012 2270 3614 2349">
    <p class='ocr_par' dir='ltr' id='par_1_51' title="bbox 2012 2270 3614 2349">
     <span class='ocr_line' id='line_1_51' title="bbox 2012 2270 3614 2349; baseline 0.006 -23"><span class='ocrx_word' id='word_1_399' title='bbox 2012 2270 2323 2326; x_wconf 78' lang='lat' dir='ltr'><strong>communia</strong></span> <span class='ocrx_word' id='word_1_400' title='bbox 2374 2279 2523 2338; x_wconf 88' lang='lat' dir='ltr'><strong>sunt,</strong></span> <span class='ocrx_word' id='word_1_401' title='bbox 2578 2279 2639 2327; x_wconf 90' lang='lat' dir='ltr'><strong>ut</strong></span> <span class='ocrx_word' id='word_1_402' title='bbox 2685 2273 2770 2327; x_wconf 89' lang='lat' dir='ltr'><strong>hic</strong></span> <span class='ocrx_word' id='word_1_403' title='bbox 2799 2280 2858 2328; x_wconf 88' lang='lat' dir='ltr'><strong>et</strong></span> <span class='ocrx_word' id='word_1_404' title='bbox 2901 2274 3015 2330; x_wconf 66' lang='lat' dir='ltr'><strong>hac</strong></span> <span class='ocrx_word' id='word_1_405' title='bbox 3052 2275 3272 2348; x_wconf 69' lang='lat' dir='ltr'><strong>coniux,</strong></span> <span class='ocrx_word' id='word_1_406' title='bbox 3310 2276 3441 2332; x_wconf 82' lang='lat' dir='ltr'><strong>dux.</strong></span> <span class='ocrx_word' id='word_1_407' title='bbox 3481 2278 3614 2349; x_wconf 68' lang='lat' dir='ltr'><strong>Qua:</strong></span> 
     </span>
    </p>
   </div>
   <div class='ocr_carea' id='block_1_52' title="bbox 2011 2362 3617 2438">
    <p class='ocr_par' dir='ltr' id='par_1_52' title="bbox 2011 2362 3617 2438">
     <span class='ocr_line' id='line_1_52' title="bbox 2011 2362 3617 2438; baseline 0.007 -21"><span class='ocrx_word' id='word_1_408' title='bbox 2011 2374 2145 2417; x_wconf 87' lang='lat' dir='ltr'><strong>vero</strong></span> <span class='ocrx_word' id='word_1_409' title='bbox 2189 2363 2260 2417; x_wconf 91' lang='lat' dir='ltr'><strong>ad</strong></span> <span class='ocrx_word' id='word_1_410' title='bbox 2286 2362 2434 2419; x_wconf 90' lang='lat' dir='ltr'><strong>solos</strong></span> <span class='ocrx_word' id='word_1_411' title='bbox 2474 2378 2656 2421; x_wconf 86' lang='lat' dir='ltr'><strong>mares</strong></span> <span class='ocrx_word' id='word_1_412' title='bbox 2678 2366 2980 2437; x_wconf 86' lang='lat' dir='ltr'><strong>pertinent,</strong></span> <span class='ocrx_word' id='word_1_413' title='bbox 3010 2366 3310 2426; x_wconf 86' lang='lat' dir='ltr'><strong>masculina</strong></span> <span class='ocrx_word' id='word_1_414' title='bbox 3355 2380 3504 2438; x_wconf 87' lang='lat' dir='ltr'><strong>sunt,</strong></span> <span class='ocrx_word' id='word_1_415' title='bbox 3551 2379 3617 2428; x_wconf 91' lang='lat' dir='ltr'><strong>ut</strong></span> 
     </span>
    </p>
   </div>
   <div class='ocr_carea' id='block_1_53' title="bbox 2013 2453 3618 2532">
    <p class='ocr_par' dir='ltr' id='par_1_53' title="bbox 2013 2453 3618 2532">
     <span class='ocr_line' id='line_1_53' title="bbox 2013 2453 3618 2532; baseline 0.008 -25"><span class='ocrx_word' id='word_1_416' title='bbox 2013 2467 2107 2507; x_wconf 88' lang='lat' dir='ltr'><strong>rex</strong></span> <span class='ocrx_word' id='word_1_417' title='bbox 2125 2468 2144 2507; x_wconf 89' lang='lat'><strong><em>:</em></strong></span> <span class='ocrx_word' id='word_1_418' title='bbox 2183 2460 2241 2508; x_wconf 89' lang='lat' dir='ltr'><strong>et</strong></span> <span class='ocrx_word' id='word_1_419' title='bbox 2266 2468 2386 2525; x_wconf 82' lang='lat' dir='ltr'><strong>quae</strong></span> <span class='ocrx_word' id='word_1_420' title='bbox 2412 2454 2480 2509; x_wconf 89' lang='lat' dir='ltr'><strong>ad</strong></span> <span class='ocrx_word' id='word_1_421' title='bbox 2503 2453 2648 2512; x_wconf 86' lang='lat' dir='ltr'><strong>solas</strong></span> <span class='ocrx_word' id='word_1_422' title='bbox 2672 2453 2926 2525; x_wconf 79' lang='lat' dir='ltr'><strong>feminas,</strong></span> <span class='ocrx_word' id='word_1_423' title='bbox 2956 2456 3215 2515; x_wconf 87' lang='lat' dir='ltr'><strong>feminina</strong></span> <span class='ocrx_word' id='word_1_424' title='bbox 3244 2471 3393 2528; x_wconf 89' lang='lat' dir='ltr'><strong>sunt,</strong></span> <span class='ocrx_word' id='word_1_425' title='bbox 3423 2471 3485 2516; x_wconf 90' lang='lat' dir='ltr'><strong>ut</strong></span> <span class='ocrx_word' id='word_1_426' title='bbox 3507 2463 3618 2532; x_wconf 85' lang='lat' dir='ltr'><strong>pel-</strong></span> 
     </span>
    </p>
   </div>
   <div class='ocr_carea' id='block_1_54' title="bbox 2011 2543 3613 2625">
    <p class='ocr_par' dir='ltr' id='par_1_54' title="bbox 2011 2543 3613 2625">
     <span class='ocr_line' id='line_1_54' title="bbox 2011 2543 3613 2625; baseline 0.009 -27"><span class='ocrx_word' id='word_1_427' title='bbox 2011 2543 2119 2601; x_wconf 87' lang='lat' dir='ltr'><strong>lex.</strong></span> <span class='ocrx_word' id='word_1_428' title='bbox 2163 2544 2393 2619; x_wconf 85' lang='lat' dir='ltr'><strong>Propria</strong></span> <span class='ocrx_word' id='word_1_429' title='bbox 2429 2548 2726 2606; x_wconf 83' lang='lat' dir='ltr'><strong>masculina</strong></span> <span class='ocrx_word' id='word_1_430' title='bbox 2765 2558 2913 2616; x_wconf 87' lang='lat' dir='ltr'><strong>sunt,</strong></span> <span class='ocrx_word' id='word_1_431' title='bbox 2958 2559 3021 2606; x_wconf 94' lang='grc' dir='ltr'><strong>ιιι</strong></span> <span class='ocrx_word' id='word_1_432' title='bbox 3060 2551 3146 2607; x_wconf 88' lang='lat' dir='ltr'><strong>hic</strong></span> <span class='ocrx_word' id='word_1_433' title='bbox 3185 2553 3348 2625; x_wconf 81' lang='lat' dir='ltr'><strong>Ajax,</strong></span> <span class='ocrx_word' id='word_1_434' title='bbox 3396 2553 3613 2612; x_wconf 84' lang='lat' dir='ltr'><strong>Pollux.</strong></span> 
     </span>
    </p>
   </div>
   <div class='ocr_carea' id='block_1_55' title="bbox 2012 2633 3613 2714">
    <p class='ocr_par' dir='ltr' id='par_1_55' title="bbox 2012 2633 3613 2714">
     <span class='ocr_line' id='line_1_55' title="bbox 2012 2633 3613 2714; baseline 0.006 -22"><span class='ocrx_word' id='word_1_435' title='bbox 2012 2633 2146 2694; x_wconf 87' lang='lat' dir='ltr'><strong>Item</strong></span> <span class='ocrx_word' id='word_1_436' title='bbox 2187 2652 2311 2709; x_wconf 68' lang='lat' dir='ltr'><strong>quis</strong></span> <span class='ocrx_word' id='word_1_437' title='bbox 2357 2654 2464 2697; x_wconf 86' lang='lat' dir='ltr'><strong>una</strong></span> <span class='ocrx_word' id='word_1_438' title='bbox 2497 2640 2705 2713; x_wconf 84' lang='lat' dir='ltr'><strong>syllaba</strong></span> <span class='ocrx_word' id='word_1_439' title='bbox 2750 2651 3072 2699; x_wconf 86' lang='lat' dir='ltr'><strong>accrescunt</strong></span> <span class='ocrx_word' id='word_1_440' title='bbox 3117 2643 3173 2699; x_wconf 92' lang='lat' dir='ltr'><strong>in</strong></span> <span class='ocrx_word' id='word_1_441' title='bbox 3219 2646 3457 2714; x_wconf 76' lang='lat' dir='ltr'><strong>genitivo</strong></span> <span class='ocrx_word' id='word_1_442' title='bbox 3502 2664 3613 2702; x_wconf 88' lang='lat' dir='ltr'><strong>ma-</strong></span> 
     </span>
    </p>
   </div>
   <div class='ocr_carea' id='block_1_56' title="bbox 2012 2726 3614 2807">
    <p class='ocr_par' dir='ltr' id='par_1_56' title="bbox 2012 2726 3614 2807">
     <span class='ocr_line' id='line_1_56' title="bbox 2012 2726 3614 2807; baseline 0.004 -23"><span class='ocrx_word' id='word_1_443' title='bbox 2012 2726 2225 2784; x_wconf 85' lang='lat' dir='ltr'><strong>scullna</strong></span> <span class='ocrx_word' id='word_1_444' title='bbox 2253 2736 2399 2796; x_wconf 88' lang='lat' dir='ltr'><strong>sunt,</strong></span> <span class='ocrx_word' id='word_1_445' title='bbox 2436 2738 2500 2784; x_wconf 90' lang='lat' dir='ltr'><strong>ut</strong></span> <span class='ocrx_word' id='word_1_446' title='bbox 2524 2730 2613 2786; x_wconf 84' lang='lat' dir='ltr'><strong>hic</strong></span> <span class='ocrx_word' id='word_1_447' title='bbox 2639 2741 2835 2798; x_wconf 72' lang='lat' dir='ltr'><strong>vertex,</strong></span> <span class='ocrx_word' id='word_1_448' title='bbox 2882 2748 3040 2805; x_wconf 84' lang='lat' dir='ltr'><strong>apex,</strong></span> <span class='ocrx_word' id='word_1_449' title='bbox 3072 2731 3271 2807; x_wconf 79' lang='lat' dir='ltr'><strong>[varix]</strong></span> <span class='ocrx_word' id='word_1_450' title='bbox 3301 2734 3463 2801; x_wconf 75' lang='lat' dir='ltr'><strong>latex,</strong></span> <span class='ocrx_word' id='word_1_451' title='bbox 3494 2755 3614 2791; x_wconf 84' lang='lat' dir='ltr'><strong>cor-</strong></span> 
     </span>
    </p>
   </div>
   <div class='ocr_carea' id='block_1_57' title="bbox 2013 2818 3616 2898">
    <p class='ocr_par' dir='ltr' id='par_1_57' title="bbox 2013 2818 3616 2898">
     <span class='ocr_line' id='line_1_57' title="bbox 2013 2818 3616 2898; baseline 0.004 -23"><span class='ocrx_word' id='word_1_452' title='bbox 2013 2826 2120 2884; x_wconf 81' lang='lat' dir='ltr'><strong>tex,</strong></span> <span class='ocrx_word' id='word_1_453' title='bbox 2149 2818 2337 2887; x_wconf 82' lang='lat' dir='ltr'><strong>codex,</strong></span> <span class='ocrx_word' id='word_1_454' title='bbox 2378 2820 2575 2891; x_wconf 81' lang='lat' dir='ltr'><strong>pollex,</strong></span> <span class='ocrx_word' id='word_1_455' title='bbox 2617 2821 2781 2889; x_wconf 84' lang='lat' dir='ltr'><strong>calix,</strong></span> <span class='ocrx_word' id='word_1_456' title='bbox 2813 2824 3016 2894; x_wconf 88' lang='lat' dir='ltr'><strong>fornix,</strong></span> <span class='ocrx_word' id='word_1_457' title='bbox 3063 2833 3118 2880; x_wconf 87' lang='lat' dir='ltr'><strong>et</strong></span> <span class='ocrx_word' id='word_1_458' title='bbox 3165 2826 3391 2898; x_wconf 88' lang='lat' dir='ltr'><strong>reliqua.</strong></span> <span class='ocrx_word' id='word_1_459' title='bbox 3442 2826 3616 2883; x_wconf 64' lang='lat' dir='ltr'><strong>Fetnio</strong></span> 
     </span>
    </p>
   </div>
   <div class='ocr_carea' id='block_1_58' title="bbox 2014 2907 3611 2985">
    <p class='ocr_par' dir='ltr' id='par_1_58' title="bbox 2014 2907 3611 2985">
     <span class='ocr_line' id='line_1_58' title="bbox 2014 2907 3611 2985; baseline 0.006 -22"><span class='ocrx_word' id='word_1_460' title='bbox 2014 2907 2145 2963; x_wconf 83' lang='lat' dir='ltr'><strong>nina</strong></span> <span class='ocrx_word' id='word_1_461' title='bbox 2170 2921 2305 2964; x_wconf 87' lang='lat' dir='ltr'><strong>vero</strong></span> <span class='ocrx_word' id='word_1_462' title='bbox 2325 2917 2455 2965; x_wconf 89' lang='lat' dir='ltr'><strong>sunt</strong></span> <span class='ocrx_word' id='word_1_463' title='bbox 2483 2910 2620 2978; x_wconf 66' lang='lat' dir='ltr'><strong>haec,</strong></span> <span class='ocrx_word' id='word_1_464' title='bbox 2651 2913 2866 2982; x_wconf 81' lang='lat' dir='ltr'><strong>fornax,</strong></span> <span class='ocrx_word' id='word_1_465' title='bbox 2899 2912 3052 2981; x_wconf 87' lang='lat' dir='ltr'><strong>silex,</strong></span> <span class='ocrx_word' id='word_1_466' title='bbox 3082 2913 3210 2981; x_wconf 87' lang='lat' dir='ltr'><strong>ilex,</strong></span> <span class='ocrx_word' id='word_1_467' title='bbox 3241 2932 3420 2984; x_wconf 74' lang='lat' dir='ltr'><strong>carex,</strong></span> <span class='ocrx_word' id='word_1_468' title='bbox 3449 2918 3611 2985; x_wconf 68' lang='lat' dir='ltr'><strong>salix,</strong></span> 
     </span>
    </p>
   </div>
   <div class='ocr_carea' id='block_1_59' title="bbox 2014 3000 3616 3072">
    <p class='ocr_par' dir='ltr' id='par_1_59' title="bbox 2014 3000 3616 3072">
     <span class='ocr_line' id='line_1_59' title="bbox 2014 3000 3616 3072; baseline 0.006 -17"><span class='ocrx_word' id='word_1_469' title='bbox 2014 3000 2203 3067; x_wconf 82' lang='lat' dir='ltr'><strong>radix,</strong></span> <span class='ocrx_word' id='word_1_470' title='bbox 2246 3002 2456 3069; x_wconf 80' lang='lat' dir='ltr'><strong>cornix,</strong></span> <span class='ocrx_word' id='word_1_471' title='bbox 2492 3002 2639 3072; x_wconf 81' lang='lat' dir='ltr'><strong>ﬁlex,</strong></span> <span class='ocrx_word' id='word_1_472' title='bbox 2671 3005 2944 3071; x_wconf 82' lang='lat' dir='ltr'><strong>meretrix,</strong></span> <span class='ocrx_word' id='word_1_473' title='bbox 2987 3007 3229 3071; x_wconf 76' lang='lat' dir='ltr'><strong>cicatrix,</strong></span> <span class='ocrx_word' id='word_1_474' title='bbox 3266 3008 3443 3063; x_wconf 75' lang='lat' dir='ltr'><strong>uelox.</strong></span> <span class='ocrx_word' id='word_1_475' title='bbox 3482 3010 3616 3065; x_wconf 83' lang='lat' dir='ltr'><strong>Item</strong></span> 
     </span>
    </p>
   </div>
   <div class='ocr_carea' id='block_1_60' title="bbox 313 3088 3613 3170">
    <p class='ocr_par' dir='ltr' id='par_1_60' title="bbox 313 3088 3613 3170">
     <span class='ocr_line' id='line_1_60' title="bbox 313 3088 3613 3170; baseline 0.002 -20"><span class='ocrx_word' id='word_1_476' title='bbox 313 3104 440 3160; x_wconf 89' lang='lat' dir='ltr'><strong>stos,</strong></span> <span class='ocrx_word' id='word_1_477' title='bbox 468 3093 736 3158; x_wconf 81' lang='lat' dir='ltr'><strong>sacerdos,</strong></span> <span class='ocrx_word' id='word_1_478' title='bbox 786 3090 898 3158; x_wconf 91' lang='lat' dir='ltr'><strong>bos,</strong></span> <span class='ocrx_word' id='word_1_479' title='bbox 941 3088 1172 3161; x_wconf 87' lang='lat' dir='ltr'><strong>compos,</strong></span> <span class='ocrx_word' id='word_1_480' title='bbox 1215 3090 1404 3161; x_wconf 86' lang='lat' dir='ltr'><strong>impos.</strong></span> <span class='ocrx_word' id='word_1_481' title='bbox 1455 3088 1654 3145; x_wconf 87' lang='lat' dir='ltr'><strong>Neutra</strong></span> <span class='ocrx_word' id='word_1_482' title='bbox 1680 3092 1806 3158; x_wconf 90' lang='lat' dir='ltr'><strong>duo,</strong></span> <span class='ocrx_word' id='word_1_483' title='bbox 1852 3109 1912 3147; x_wconf 93' lang='lat' dir='ltr'><strong>os</strong></span> <span class='ocrx_word' id='word_1_484' title='bbox 1948 3157 1987 3170; x_wconf 81' lang='lat'>_</span> <span class='ocrx_word' id='word_1_485' title='bbox 2016 3092 2203 3149; x_wconf 84' lang='lat' dir='ltr'><strong>omnia</strong></span> <span class='ocrx_word' id='word_1_486' title='bbox 2249 3092 2490 3149; x_wconf 88' lang='lat' dir='ltr'><strong>verbalia</strong></span> <span class='ocrx_word' id='word_1_487' title='bbox 2535 3093 2795 3151; x_wconf 87' lang='lat' dir='ltr'><strong>feminina</strong></span> <span class='ocrx_word' id='word_1_488' title='bbox 2825 3104 2973 3161; x_wconf 91' lang='lat' dir='ltr'><strong>sunt,</strong></span> <span class='ocrx_word' id='word_1_489' title='bbox 3010 3105 3071 3151; x_wconf 90' lang='lat' dir='ltr'><strong>ut</strong></span> <span class='ocrx_word' id='word_1_490' title='bbox 3105 3097 3317 3164; x_wconf 75' lang='lat' dir='ltr'><strong>victrix,</strong></span> <span class='ocrx_word' id='word_1_491' title='bbox 3364 3101 3613 3170; x_wconf 71' lang='lat' dir='ltr'><strong>genito-ix,</strong></span> 
     </span>
    </p>
   </div>
   <div class='ocr_carea' id='block_1_61' title="bbox 314 3157 3616 3265">
    <p class='ocr_par' dir='ltr' id='par_1_61' title="bbox 314 3157 3616 3265">
     <span class='ocr_line' id='line_1_61' title="bbox 314 3157 3616 3265; baseline 0.002 -22"><span class='ocrx_word' id='word_1_492' title='bbox 314 3157 445 3253; x_wconf 81' lang='lat' dir='ltr'><strong>oris,</strong></span> <span class='ocrx_word' id='word_1_493' title='bbox 476 3203 535 3242; x_wconf 92' lang='lat' dir='ltr'><strong>os</strong></span> <span class='ocrx_word' id='word_1_494' title='bbox 561 3157 865 3241; x_wconf 82' lang='lat' dir='ltr'><strong>ossis.Alia</strong></span> <span class='ocrx_word' id='word_1_495' title='bbox 885 3157 1077 3240; x_wconf 78' lang='lat' dir='ltr'><strong>omnia</strong></span> <span class='ocrx_word' id='word_1_496' title='bbox 1115 3157 1441 3251; x_wconf 85' lang='lat' dir='ltr'><strong>masculina,</strong></span> <span class='ocrx_word' id='word_1_497' title='bbox 1479 3200 1613 3250; x_wconf 85' lang='lat' dir='ltr'><strong>mos,</strong></span> <span class='ocrx_word' id='word_1_498' title='bbox 1644 3186 1771 3256; x_wconf 80' lang='lat' dir='ltr'><strong>flos,</strong></span> <span class='ocrx_word' id='word_1_499' title='bbox 1805 3202 1913 3253; x_wconf 92' lang='lat' dir='ltr'><strong>ros,</strong></span> <span class='ocrx_word' id='word_1_500' title='bbox 1940 3157 1989 3224; x_wconf 65' lang='grc' dir='ltr'><strong>θ</strong></span> <span class='ocrx_word' id='word_1_501' title='bbox 2020 3183 2200 3239; x_wconf 85' lang='lat' dir='ltr'><strong>nutrix</strong></span> <span class='ocrx_word' id='word_1_502' title='bbox 2219 3182 2346 3258; x_wconf 76' lang='lat' dir='ltr'><strong>[Al.,</strong></span> <span class='ocrx_word' id='word_1_503' title='bbox 2377 3186 2573 3252; x_wconf 81' lang='lat' dir='ltr'><strong>nutrix,</strong></span> <span class='ocrx_word' id='word_1_504' title='bbox 2592 3188 2738 3258; x_wconf 87' lang='lat' dir='ltr'><strong>quod</strong></span> <span class='ocrx_word' id='word_1_505' title='bbox 2758 3196 2814 3245; x_wconf 86' lang='lat' dir='ltr'><strong>et</strong></span> <span class='ocrx_word' id='word_1_506' title='bbox 2835 3157 3190 3245; x_wconf 81' lang='lat' dir='ltr'><strong>masculinum</strong></span> <span class='ocrx_word' id='word_1_507' title='bbox 3204 3157 3330 3265; x_wconf 85' lang='lat' dir='ltr'><strong>est].</strong></span> <span class='ocrx_word' id='word_1_508' title='bbox 3349 3157 3480 3247; x_wconf 62' lang='lat' dir='ltr'><strong>Item</strong></span> <span class='ocrx_word' id='word_1_509' title='bbox 3504 3157 3616 3249; x_wconf 51' lang='lat' dir='ltr'><strong>mo:</strong></span> 
     </span>
    </p>
   </div>
   <div class='ocr_carea' id='block_1_62' title="bbox 315 3273 1915 3350">
    <p class='ocr_par' dir='ltr' id='par_1_62' title="bbox 315 3273 1915 3350">
     <span class='ocr_line' id='line_1_62' title="bbox 315 3273 1915 3350; baseline 0.001 -18"><span class='ocrx_word' id='word_1_510' title='bbox 315 3292 495 3350; x_wconf 85' lang='lat' dir='ltr'><strong>nepos,</strong></span> <span class='ocrx_word' id='word_1_511' title='bbox 527 3275 671 3347; x_wconf 87' lang='lat' dir='ltr'><strong>lepos</strong></span> <span class='ocrx_word' id='word_1_512' title='bbox 695 3290 715 3330; x_wconf 92' lang='lat'><strong><em>:</em></strong></span> <span class='ocrx_word' id='word_1_513' title='bbox 748 3283 806 3330; x_wconf 88' lang='lat' dir='ltr'><strong>et</strong></span> <span class='ocrx_word' id='word_1_514' title='bbox 842 3275 1020 3331; x_wconf 67' lang='lat' dir='ltr'><strong>tertiae.</strong></span> <span class='ocrx_word' id='word_1_515' title='bbox 1048 3273 1425 3331; x_wconf 88' lang='lat' dir='ltr'><strong>declinationis</strong></span> <span class='ocrx_word' id='word_1_516' title='bbox 1452 3276 1653 3331; x_wconf 90' lang='lat' dir='ltr'><strong>omnia.</strong></span> <span class='ocrx_word' id='word_1_517' title='bbox 1699 3274 1773 3331; x_wconf 88' lang='lat' dir='ltr'><strong>Us</strong></span> <span class='ocrx_word' id='word_1_518' title='bbox 1805 3284 1915 3333; x_wconf 91' lang='lat' dir='ltr'><strong>tam</strong></span> 
     </span>
    </p>
   </div>
   <div class='ocr_carea' id='block_1_63' title="bbox 311 3366 1917 3442">
    <p class='ocr_par' dir='ltr' id='par_1_63' title="bbox 311 3366 1917 3442">
     <span class='ocr_line' id='line_1_63' title="bbox 311 3366 1917 3442; baseline -0.001 -16"><span class='ocrx_word' id='word_1_519' title='bbox 311 3368 600 3442; x_wconf 78' lang='lat' dir='ltr'><strong>multiplex</strong></span> <span class='ocrx_word' id='word_1_520' title='bbox 650 3375 736 3424; x_wconf 90' lang='lat' dir='ltr'><strong>est</strong></span> <span class='ocrx_word' id='word_1_521' title='bbox 777 3367 832 3423; x_wconf 91' lang='lat' dir='ltr'><strong>in</strong></span> <span class='ocrx_word' id='word_1_522' title='bbox 878 3366 1170 3437; x_wconf 75' lang='lat' dir='ltr'><strong>generibus</strong></span> <span class='ocrx_word' id='word_1_523' title='bbox 1215 3375 1276 3421; x_wconf 91' lang='lat' dir='ltr'><strong>et</strong></span> <span class='ocrx_word' id='word_1_524' title='bbox 1322 3366 1812 3437; x_wconf 86' lang='lat' dir='ltr'><strong>declinationibus,</strong></span> <span class='ocrx_word' id='word_1_525' title='bbox 1859 3378 1917 3425; x_wconf 92' lang='lat' dir='ltr'><strong>ut</strong></span> 
     </span>
    </p>
   </div>
   <div class='ocr_carea' id='block_1_64' title="bbox 309 3456 1914 3535">
    <p class='ocr_par' dir='ltr' id='par_1_64' title="bbox 309 3456 1914 3535">
     <span class='ocr_line' id='line_1_64' title="bbox 309 3456 1914 3535; baseline 0 -17"><span class='ocrx_word' id='word_1_526' title='bbox 309 3459 625 3518; x_wconf 87' lang='lat' dir='ltr'><strong>nullatenus</strong></span> <span class='ocrx_word' id='word_1_527' title='bbox 651 3456 747 3514; x_wconf 89' lang='lat' dir='ltr'><strong>tibi</strong></span> <span class='ocrx_word' id='word_1_528' title='bbox 776 3498 791 3523; x_wconf 91' lang='lat'><strong>,</strong></span> <span class='ocrx_word' id='word_1_529' title='bbox 812 3473 845 3513; x_wconf 92' lang='grc' dir='ltr'>ο</span> <span class='ocrx_word' id='word_1_530' title='bbox 869 3457 1102 3526; x_wconf 88' lang='lat' dir='ltr'><strong>France,</strong></span> <span class='ocrx_word' id='word_1_531' title='bbox 1139 3458 1240 3515; x_wconf 86' lang='lat' dir='ltr'><strong>sub</strong></span> <span class='ocrx_word' id='word_1_532' title='bbox 1262 3459 1513 3530; x_wconf 78' lang='lat' dir='ltr'><strong>angustia</strong></span> <span class='ocrx_word' id='word_1_533' title='bbox 1541 3459 1701 3535; x_wconf 81' lang='lat' dir='ltr'><strong>hujus</strong></span> <span class='ocrx_word' id='word_1_534' title='bbox 1743 3464 1914 3518; x_wconf 85' lang='lat' dir='ltr'><strong>nostri</strong></span> 
     </span>
    </p>
   </div>
   <div class='ocr_carea' id='block_1_65' title="bbox 312 3551 1917 3624">
    <p class='ocr_par' dir='ltr' id='par_1_65' title="bbox 312 3551 1917 3624">
     <span class='ocr_line' id='line_1_65' title="bbox 312 3551 1917 3624; baseline 0.001 -15"><span class='ocrx_word' id='word_1_535' title='bbox 312 3554 468 3611; x_wconf 87' lang='lat' dir='ltr'><strong>lusus</strong></span> <span class='ocrx_word' id='word_1_536' title='bbox 506 3551 624 3624; x_wconf 79' lang='lat' dir='ltr'><strong>ejus</strong></span> <span class='ocrx_word' id='word_1_537' title='bbox 647 3551 850 3623; x_wconf 85' lang='lat' dir='ltr'><strong>possim</strong></span> <span class='ocrx_word' id='word_1_538' title='bbox 874 3552 1117 3622; x_wconf 83' lang='lat' dir='ltr'><strong>pandere</strong></span> <span class='ocrx_word' id='word_1_539' title='bbox 1154 3552 1521 3610; x_wconf 85' lang='lat' dir='ltr'><strong>diversitates.</strong></span> <span class='ocrx_word' id='word_1_540' title='bbox 1567 3553 1706 3609; x_wconf 87' lang='lat' dir='ltr'><strong>Nam</strong></span> <span class='ocrx_word' id='word_1_541' title='bbox 1752 3555 1917 3611; x_wconf 84' lang='lat' dir='ltr'><strong>trium</strong></span> 
     </span>
    </p>
   </div>
   <div class='ocr_carea' id='block_1_66' title="bbox 311 3642 1916 3715">
    <p class='ocr_par' dir='ltr' id='par_1_66' title="bbox 311 3642 1916 3715">
     <span class='ocr_line' id='line_1_66' title="bbox 311 3642 1916 3715; baseline -0.001 -11"><span class='ocrx_word' id='word_1_542' title='bbox 311 3644 739 3704; x_wconf 85' lang='lat' dir='ltr'><strong>declinationum</strong></span> <span class='ocrx_word' id='word_1_543' title='bbox 767 3652 871 3709; x_wconf 88' lang='lat' dir='ltr'><strong>est,</strong></span> <span class='ocrx_word' id='word_1_544' title='bbox 904 3642 1177 3709; x_wconf 73' lang='lat' dir='ltr'><strong>secundae,</strong></span> <span class='ocrx_word' id='word_1_545' title='bbox 1213 3643 1410 3711; x_wconf 66' lang='lat' dir='ltr'><strong>tertiac,</strong></span> <span class='ocrx_word' id='word_1_546' title='bbox 1451 3652 1509 3699; x_wconf 92' lang='lat' dir='ltr'><strong>et</strong></span> <span class='ocrx_word' id='word_1_547' title='bbox 1532 3654 1761 3715; x_wconf 63' lang='lat' dir='ltr'><strong>quartae.</strong></span> <span class='ocrx_word' id='word_1_548' title='bbox 1809 3645 1916 3702; x_wconf 84' lang='lat' dir='ltr'><strong>Ge-</strong></span> 
     </span>
    </p>
   </div>
   <div class='ocr_carea' id='block_1_67' title="bbox 314 3732 1917 3809">
    <p class='ocr_par' dir='ltr' id='par_1_67' title="bbox 314 3732 1917 3809">
     <span class='ocr_line' id='line_1_67' title="bbox 314 3732 1917 3809; baseline -0.001 -14"><span class='ocrx_word' id='word_1_549' title='bbox 314 3737 463 3795; x_wconf 87' lang='lat' dir='ltr'><strong>neris</strong></span> <span class='ocrx_word' id='word_1_550' title='bbox 487 3751 705 3809; x_wconf 84' lang='lat' dir='ltr'><strong>quoque</strong></span> <span class='ocrx_word' id='word_1_551' title='bbox 734 3735 1039 3801; x_wconf 85' lang='lat' dir='ltr'><strong>masculini,</strong></span> <span class='ocrx_word' id='word_1_552' title='bbox 1070 3732 1318 3791; x_wconf 82' lang='lat' dir='ltr'><strong>feminini</strong></span> <span class='ocrx_word' id='word_1_553' title='bbox 1351 3743 1409 3792; x_wconf 91' lang='lat' dir='ltr'><strong>et</strong></span> <span class='ocrx_word' id='word_1_554' title='bbox 1440 3737 1642 3803; x_wconf 89' lang='lat' dir='ltr'><strong>neutri,</strong></span> <span class='ocrx_word' id='word_1_555' title='bbox 1670 3752 1917 3795; x_wconf 84' lang='lat' dir='ltr'><strong>commu-</strong></span> 
     </span>
    </p>
   </div>
   <div class='ocr_carea' id='block_1_68' title="bbox 312 3825 1051 3895">
    <p class='ocr_par' dir='ltr' id='par_1_68' title="bbox 312 3825 1051 3895">
     <span class='ocr_line' id='line_1_68' title="bbox 312 3825 1051 3895; baseline -0.008 -10"><span class='ocrx_word' id='word_1_556' title='bbox 312 3828 401 3885; x_wconf 90' lang='lat' dir='ltr'><strong>nis</strong></span> <span class='ocrx_word' id='word_1_557' title='bbox 426 3837 482 3884; x_wconf 89' lang='lat' dir='ltr'><strong>et</strong></span> <span class='ocrx_word' id='word_1_558' title='bbox 506 3827 686 3883; x_wconf 87' lang='lat' dir='ltr'><strong>omnis</strong></span> <span class='ocrx_word' id='word_1_559' title='bbox 713 3834 769 3883; x_wconf 90' lang='lat' dir='ltr'><strong>et</strong></span> <span class='ocrx_word' id='word_1_560' title='bbox 794 3825 1051 3895; x_wconf 72' lang='lat' dir='ltr'><strong>cpicmni.</strong></span> 
     </span>
    </p>
   </div>
   <div class='ocr_carea' id='block_1_69' title="bbox 386 3938 1914 4017">
    <p class='ocr_par' dir='ltr' id='par_1_69' title="bbox 386 3938 1914 4017">
     <span class='ocr_line' id='line_1_69' title="bbox 386 3938 1914 4017; baseline 0.001 -20"><span class='ocrx_word' id='word_1_561' title='bbox 386 3940 487 3998; x_wconf 82' lang='lat' dir='ltr'><strong>Fn.</strong></span> <span class='ocrx_word' id='word_1_562' title='bbox 521 3938 706 3997; x_wconf 85' lang='lat' dir='ltr'><strong>Pande</strong></span> <span class='ocrx_word' id='word_1_563' title='bbox 742 3948 925 3995; x_wconf 90' lang='lat' dir='ltr'><strong>tamen</strong></span> <span class='ocrx_word' id='word_1_564' title='bbox 971 3939 1182 4010; x_wconf 87' lang='lat' dir='ltr'><strong>aliquas</strong></span> <span class='ocrx_word' id='word_1_565' title='bbox 1228 3939 1295 3996; x_wconf 89' lang='lat' dir='ltr'><strong>de</strong></span> <span class='ocrx_word' id='word_1_566' title='bbox 1332 3954 1399 3997; x_wconf 90' lang='lat' dir='ltr'><strong>eo</strong></span> <span class='ocrx_word' id='word_1_567' title='bbox 1437 3940 1674 4013; x_wconf 86' lang='lat' dir='ltr'><strong>regulas.</strong></span> <span class='ocrx_word' id='word_1_568' title='bbox 1732 3942 1914 4017; x_wconf 80' lang='lat' dir='ltr'><strong>[Nam]</strong></span> 
     </span>
    </p>
   </div>
   <div class='ocr_carea' id='block_1_70' title="bbox 318 4032 1917 4107">
    <p class='ocr_par' dir='ltr' id='par_1_70' title="bbox 318 4032 1917 4107">
     <span class='ocr_line' id='line_1_70' title="bbox 318 4032 1917 4107; baseline 0.002 -16"><span class='ocrx_word' id='word_1_569' title='bbox 318 4048 480 4106; x_wconf 66' lang='lat' dir='ltr'><strong>sepe,</strong></span> <span class='ocrx_word' id='word_1_570' title='bbox 521 4034 646 4090; x_wconf 90' lang='lat' dir='ltr'><strong>dum</strong></span> <span class='ocrx_word' id='word_1_571' title='bbox 688 4032 860 4088; x_wconf 86' lang='lat' dir='ltr'><strong>solem</strong></span> <span class='ocrx_word' id='word_1_572' title='bbox 888 4048 997 4087; x_wconf 91' lang='lat' dir='ltr'><strong>non</strong></span> <span class='ocrx_word' id='word_1_573' title='bbox 1034 4033 1319 4100; x_wconf 86' lang='lat' dir='ltr'><strong>habemus,</strong></span> <span class='ocrx_word' id='word_1_574' title='bbox 1365 4035 1433 4091; x_wconf 91' lang='lat' dir='ltr'><strong>ad</strong></span> <span class='ocrx_word' id='word_1_575' title='bbox 1472 4035 1786 4107; x_wconf 70' lang='lat' dir='ltr'><strong>eﬁ‘ugandas</strong></span> <span class='ocrx_word' id='word_1_576' title='bbox 1820 4054 1917 4095; x_wconf 85' lang='lat' dir='ltr'><strong>no-</strong></span> 
     </span>
    </p>
   </div>
   <div class='ocr_carea' id='block_1_71' title="bbox 317 4122 1915 4196">
    <p class='ocr_par' dir='ltr' id='par_1_71' title="bbox 317 4122 1915 4196">
     <span class='ocr_line' id='line_1_71' title="bbox 317 4122 1915 4196; baseline 0.002 -14"><span class='ocrx_word' id='word_1_577' title='bbox 317 4132 541 4182; x_wconf 76' lang='lat' dir='ltr'><strong>cturnus</strong></span> <span class='ocrx_word' id='word_1_578' title='bbox 564 4125 837 4190; x_wconf 84' lang='lat' dir='ltr'><strong>tenebras,</strong></span> <span class='ocrx_word' id='word_1_579' title='bbox 865 4122 1088 4178; x_wconf 74' lang='lat' dir='ltr'><strong>latentis</strong></span> <span class='ocrx_word' id='word_1_580' title='bbox 1116 4123 1340 4179; x_wconf 89' lang='lat' dir='ltr'><strong>utimur.</strong></span> <span class='ocrx_word' id='word_1_581' title='bbox 1373 4154 1445 4165; x_wconf 94' lang='lat'><strong>—</strong></span> <span class='ocrx_word' id='word_1_582' title='bbox 1476 4124 1643 4182; x_wconf 60' lang='lat' dir='ltr'><strong>Saxo.</strong></span> <span class='ocrx_word' id='word_1_583' title='bbox 1683 4127 1826 4196; x_wconf 88' lang='lat' dir='ltr'><strong>Ergo</strong></span> <span class='ocrx_word' id='word_1_584' title='bbox 1860 4130 1915 4185; x_wconf 88' lang='lat' dir='ltr'><strong>in</strong></span> 
     </span>
    </p>
   </div>
   <div class='ocr_carea' id='block_1_72' title="bbox 316 4212 1919 4284">
    <p class='ocr_par' dir='ltr' id='par_1_72' title="bbox 316 4212 1919 4284">
     <span class='ocr_line' id='line_1_72' title="bbox 316 4212 1919 4284; baseline 0.003 -16"><span class='ocrx_word' id='word_1_585' title='bbox 316 4229 381 4270; x_wconf 88' lang='lat' dir='ltr'><strong>us</strong></span> <span class='ocrx_word' id='word_1_586' title='bbox 408 4213 693 4269; x_wconf 86' lang='lat' dir='ltr'><strong>masculini</strong></span> <span class='ocrx_word' id='word_1_587' title='bbox 724 4212 940 4283; x_wconf 83' lang='lat' dir='ltr'><strong>generis</strong></span> <span class='ocrx_word' id='word_1_588' title='bbox 962 4213 1179 4283; x_wconf 86' lang='lat' dir='ltr'><strong>propria</strong></span> <span class='ocrx_word' id='word_1_589' title='bbox 1209 4213 1292 4269; x_wconf 91' lang='lat' dir='ltr'><strong>vel</strong></span> <span class='ocrx_word' id='word_1_590' title='bbox 1328 4214 1669 4284; x_wconf 84' lang='lat' dir='ltr'><strong>appellativa,</strong></span> <span class='ocrx_word' id='word_1_591' title='bbox 1700 4219 1919 4274; x_wconf 89' lang='lat' dir='ltr'><strong>mobilia</strong></span> 
     </span>
    </p>
   </div>
   <div class='ocr_carea' id='block_1_73' title="bbox 316 4302 1921 4375">
    <p class='ocr_par' dir='ltr' id='par_1_73' title="bbox 316 4302 1921 4375">
     <span class='ocr_line' id='line_1_73' title="bbox 316 4302 1921 4375; baseline 0.001 -15"><span class='ocrx_word' id='word_1_592' title='bbox 316 4304 403 4360; x_wconf 88' lang='lat' dir='ltr'><strong>vel</strong></span> <span class='ocrx_word' id='word_1_593' title='bbox 428 4303 553 4365; x_wconf 73' lang='lat' dir='ltr'><strong>ﬁxa,</strong></span> <span class='ocrx_word' id='word_1_594' title='bbox 584 4302 835 4358; x_wconf 80' lang='lat' dir='ltr'><strong>secundae</strong></span> <span class='ocrx_word' id='word_1_595' title='bbox 865 4309 994 4357; x_wconf 88' lang='lat' dir='ltr'><strong>sunt</strong></span> <span class='ocrx_word' id='word_1_596' title='bbox 1021 4302 1420 4359; x_wconf 88' lang='lat' dir='ltr'><strong>declinationis.</strong></span> <span class='ocrx_word' id='word_1_597' title='bbox 1452 4303 1701 4375; x_wconf 88' lang='lat' dir='ltr'><strong>Propria,</strong></span> <span class='ocrx_word' id='word_1_598' title='bbox 1733 4314 1793 4360; x_wconf 91' lang='lat' dir='ltr'><strong>ut</strong></span> <span class='ocrx_word' id='word_1_599' title='bbox 1826 4305 1921 4362; x_wconf 88' lang='lat' dir='ltr'><strong>Te-</strong></span> 
     </span>
    </p>
   </div>
   <div class='ocr_carea' id='block_1_74' title="bbox 318 4392 1917 4463">
    <p class='ocr_par' dir='ltr' id='par_1_74' title="bbox 318 4392 1917 4463">
     <span class='ocr_line' id='line_1_74' title="bbox 318 4392 1917 4463; baseline 0 -10"><span class='ocrx_word' id='word_1_600' title='bbox 318 4397 522 4453; x_wconf 82' lang='lat' dir='ltr'><strong>rentius</strong></span> <span class='ocrx_word' id='word_1_601' title='bbox 551 4394 821 4460; x_wconf 86' lang='lat' dir='ltr'><strong>Terentii;</strong></span> <span class='ocrx_word' id='word_1_602' title='bbox 852 4392 1088 4448; x_wconf 75' lang='lat' dir='ltr'><strong>Marcius</strong></span> <span class='ocrx_word' id='word_1_603' title='bbox 1125 4393 1336 4450; x_wconf 72' lang='lat' dir='ltr'><strong>Harcii.</strong></span> <span class='ocrx_word' id='word_1_604' title='bbox 1392 4394 1633 4463; x_wconf 80' lang='lat' dir='ltr'><strong>Mobilia,</strong></span> <span class='ocrx_word' id='word_1_605' title='bbox 1669 4404 1730 4453; x_wconf 86' lang='lat' dir='ltr'><strong>ut</strong></span> <span class='ocrx_word' id='word_1_606' title='bbox 1751 4398 1917 4453; x_wconf 87' lang='lat' dir='ltr'><strong>bonus</strong></span> 
     </span>
    </p>
   </div>
   <div class='ocr_carea' id='block_1_75' title="bbox 318 4482 1918 4558">
    <p class='ocr_par' dir='ltr' id='par_1_75' title="bbox 318 4482 1918 4558">
     <span class='ocr_line' id='line_1_75' title="bbox 318 4482 1918 4558; baseline -0.001 -14"><span class='ocrx_word' id='word_1_607' title='bbox 318 4489 483 4553; x_wconf 85' lang='lat' dir='ltr'><strong>boni;</strong></span> <span class='ocrx_word' id='word_1_608' title='bbox 523 4496 736 4541; x_wconf 87' lang='lat' dir='ltr'><strong>sanctus</strong></span> <span class='ocrx_word' id='word_1_609' title='bbox 781 4484 971 4539; x_wconf 89' lang='lat' dir='ltr'><strong>sancti.</strong></span> <span class='ocrx_word' id='word_1_610' title='bbox 1024 4482 1184 4541; x_wconf 75' lang='lat' dir='ltr'><strong>Fixa.</strong></span> <span class='ocrx_word' id='word_1_611' title='bbox 1229 4501 1447 4557; x_wconf 81' lang='lat' dir='ltr'><strong>campus</strong></span> <span class='ocrx_word' id='word_1_612' title='bbox 1483 4488 1679 4558; x_wconf 83' lang='lat' dir='ltr'><strong>campi,</strong></span> <span class='ocrx_word' id='word_1_613' title='bbox 1735 4486 1918 4543; x_wconf 82' lang='lat' dir='ltr'><strong>hortus</strong></span> 
     </span>
    </p>
   </div>
   <div class='ocr_carea' id='block_1_76' title="bbox 318 4573 1918 4648">
    <p class='ocr_par' dir='ltr' id='par_1_76' title="bbox 318 4573 1918 4648">
     <span class='ocr_line' id='line_1_76' title="bbox 318 4573 1918 4648; baseline -0.001 -14"><span class='ocrx_word' id='word_1_614' title='bbox 318 4580 482 4645; x_wconf 85' lang='lat' dir='ltr'><strong>horti,</strong></span> <span class='ocrx_word' id='word_1_615' title='bbox 511 4578 689 4648; x_wconf 87' lang='lat' dir='ltr'><strong>fumus</strong></span> <span class='ocrx_word' id='word_1_616' title='bbox 718 4576 872 4646; x_wconf 85' lang='lat' dir='ltr'><strong>fumi.</strong></span> <span class='ocrx_word' id='word_1_617' title='bbox 901 4575 969 4631; x_wconf 86' lang='lat' dir='ltr'><strong>Et</strong></span> <span class='ocrx_word' id='word_1_618' title='bbox 1001 4576 1103 4631; x_wconf 88' lang='lat' dir='ltr'><strong>tria</strong></span> <span class='ocrx_word' id='word_1_619' title='bbox 1131 4573 1391 4633; x_wconf 81' lang='lat' dir='ltr'><strong>feminina</strong></span> <span class='ocrx_word' id='word_1_620' title='bbox 1416 4596 1429 4631; x_wconf 86' lang='lat'><strong>:</strong></span> <span class='ocrx_word' id='word_1_621' title='bbox 1472 4578 1585 4633; x_wconf 62' lang='lat' dir='ltr'><strong>hac</strong></span> <span class='ocrx_word' id='word_1_622' title='bbox 1621 4577 1800 4647; x_wconf 86' lang='lat' dir='ltr'><strong>colus,</strong></span> <span class='ocrx_word' id='word_1_623' title='bbox 1836 4580 1918 4635; x_wconf 80' lang='lat' dir='ltr'><strong>al-</strong></span> 
     </span>
    </p>
   </div>
   <div class='ocr_carea' id='block_1_77' title="bbox 321 4665 1920 4734">
    <p class='ocr_par' dir='ltr' id='par_1_77' title="bbox 321 4665 1920 4734">
     <span class='ocr_line' id='line_1_77' title="bbox 321 4665 1920 4734; baseline 0.002 -10"><span class='ocrx_word' id='word_1_624' title='bbox 321 4686 436 4734; x_wconf 79' lang='lat' dir='ltr'><strong>uus,</strong></span> <span class='ocrx_word' id='word_1_625' title='bbox 486 4669 677 4723; x_wconf 84' lang='lat' dir='ltr'><strong>humus</strong></span> <span class='ocrx_word' id='word_1_626' title='bbox 707 4683 727 4721; x_wconf 90' lang='lat'><strong><em>:</em></strong></span> <span class='ocrx_word' id='word_1_627' title='bbox 766 4665 897 4721; x_wconf 88' lang='lat' dir='ltr'><strong>item</strong></span> <span class='ocrx_word' id='word_1_628' title='bbox 942 4665 1202 4721; x_wconf 83' lang='lat' dir='ltr'><strong>feminina</strong></span> <span class='ocrx_word' id='word_1_629' title='bbox 1254 4667 1510 4722; x_wconf 87' lang='lat' dir='ltr'><strong>arborum</strong></span> <span class='ocrx_word' id='word_1_630' title='bbox 1562 4669 1784 4728; x_wconf 87' lang='lat' dir='ltr'><strong>nomina</strong></span> <span class='ocrx_word' id='word_1_631' title='bbox 1834 4685 1920 4727; x_wconf 87' lang='lat' dir='ltr'><strong>se-</strong></span> 
     </span>
    </p>
   </div>
   <div class='ocr_carea' id='block_1_78' title="bbox 321 4754 1915 4831">
    <p class='ocr_par' dir='ltr' id='par_1_78' title="bbox 321 4754 1915 4831">
     <span class='ocr_line' id='line_1_78' title="bbox 321 4754 1915 4831; baseline -0.001 -15"><span class='ocrx_word' id='word_1_632' title='bbox 321 4759 512 4817; x_wconf 64' lang='lat' dir='ltr'><strong>cundae</strong></span> <span class='ocrx_word' id='word_1_633' title='bbox 532 4766 660 4815; x_wconf 88' lang='lat' dir='ltr'><strong>sunt</strong></span> <span class='ocrx_word' id='word_1_634' title='bbox 683 4754 1128 4831; x_wconf 85' lang='lat' dir='ltr'><strong>[declinationis],</strong></span> <span class='ocrx_word' id='word_1_635' title='bbox 1156 4756 1269 4812; x_wconf 62' lang='lat' dir='ltr'><strong>haec</strong></span> <span class='ocrx_word' id='word_1_636' title='bbox 1291 4757 1461 4830; x_wconf 79' lang='lat' dir='ltr'><strong>pirus,</strong></span> <span class='ocrx_word' id='word_1_637' title='bbox 1495 4774 1718 4828; x_wconf 87' lang='lat' dir='ltr'><strong>prunus,</strong></span> <span class='ocrx_word' id='word_1_638' title='bbox 1740 4761 1915 4831; x_wconf 85' lang='lat' dir='ltr'><strong>pinus,</strong></span> 
     </span>
    </p>
   </div>
   <div class='ocr_carea' id='block_1_79' title="bbox 323 4848 1918 4924">
    <p class='ocr_par' dir='ltr' id='par_1_79' title="bbox 323 4848 1918 4924">
     <span class='ocr_line' id='line_1_79' title="bbox 323 4848 1918 4924; baseline 0 -17"><span class='ocrx_word' id='word_1_639' title='bbox 323 4850 478 4924; x_wconf 83' lang='lat' dir='ltr'><strong>fagus</strong></span> <span class='ocrx_word' id='word_1_640' title='bbox 510 4850 640 4921; x_wconf 81' lang='lat' dir='ltr'><strong>fagi,</strong></span> <span class='ocrx_word' id='word_1_641' title='bbox 690 4857 795 4904; x_wconf 89' lang='lat' dir='ltr'><strong>etc.</strong></span> <span class='ocrx_word' id='word_1_642' title='bbox 833 4848 966 4905; x_wconf 88' lang='lat' dir='ltr'><strong>Item</strong></span> <span class='ocrx_word' id='word_1_643' title='bbox 995 4856 1187 4904; x_wconf 87' lang='lat' dir='ltr'><strong>neutra</strong></span> <span class='ocrx_word' id='word_1_644' title='bbox 1219 4849 1321 4902; x_wconf 91' lang='lat' dir='ltr'><strong>tria</strong></span> <span class='ocrx_word' id='word_1_645' title='bbox 1350 4867 1364 4903; x_wconf 74' lang='grc' dir='ltr'><em>τ</em></span> <span class='ocrx_word' id='word_1_646' title='bbox 1395 4850 1493 4904; x_wconf 90' lang='lat' dir='ltr'><strong>hoc</strong></span> <span class='ocrx_word' id='word_1_647' title='bbox 1517 4849 1724 4921; x_wconf 79' lang='lat' dir='ltr'><strong>vulgus,</strong></span> <span class='ocrx_word' id='word_1_648' title='bbox 1751 4853 1918 4917; x_wconf 79' lang='lat' dir='ltr'><strong>uirus,</strong></span> 
     </span>
    </p>
   </div>
   <div class='ocr_carea' id='block_1_80' title="bbox 321 4938 1922 5015">
    <p class='ocr_par' dir='ltr' id='par_1_80' title="bbox 321 4938 1922 5015">
     <span class='ocr_line' id='line_1_80' title="bbox 321 4938 1922 5015; baseline 0 -18"><span class='ocrx_word' id='word_1_649' title='bbox 321 4941 559 5015; x_wconf 83' lang='lat' dir='ltr'><strong>pelagus.</strong></span> <span class='ocrx_word' id='word_1_650' title='bbox 595 4938 713 4994; x_wconf 82' lang='lat' dir='ltr'><strong>Alia</strong></span> <span class='ocrx_word' id='word_1_651' title='bbox 741 4947 933 4993; x_wconf 82' lang='lat' dir='ltr'><strong>neutra</strong></span> <span class='ocrx_word' id='word_1_652' title='bbox 966 4938 1019 4993; x_wconf 92' lang='lat' dir='ltr'><strong>in</strong></span> <span class='ocrx_word' id='word_1_653' title='bbox 1048 4954 1111 4992; x_wconf 90' lang='lat' dir='ltr'><strong>us</strong></span> <span class='ocrx_word' id='word_1_654' title='bbox 1151 4938 1304 4994; x_wconf 77' lang='lat' dir='ltr'><strong>finita</strong></span> <span class='ocrx_word' id='word_1_655' title='bbox 1351 4941 1535 4995; x_wconf 89' lang='lat' dir='ltr'><strong>omnia</strong></span> <span class='ocrx_word' id='word_1_656' title='bbox 1576 4941 1750 4996; x_wconf 69' lang='lat' dir='ltr'><strong>tertiae</strong></span> <span class='ocrx_word' id='word_1_657' title='bbox 1795 4951 1922 4997; x_wconf 89' lang='lat' dir='ltr'><strong>sunt</strong></span> 
     </span>
    </p>
   </div>
   <div class='ocr_carea' id='block_1_81' title="bbox 324 5036 1918 5111">
    <p class='ocr_par' dir='ltr' id='par_1_81' title="bbox 324 5036 1918 5111">
     <span class='ocr_line' id='line_1_81' title="bbox 324 5036 1918 5111; baseline -0.002 -13"><span class='ocrx_word' id='word_1_658' title='bbox 324 5039 722 5104; x_wconf 85' lang='lat' dir='ltr'><strong>declinationis,</strong></span> <span class='ocrx_word' id='word_1_659' title='bbox 760 5046 822 5093; x_wconf 91' lang='lat' dir='ltr'><strong>ut</strong></span> <span class='ocrx_word' id='word_1_660' title='bbox 850 5038 965 5109; x_wconf 84' lang='lat' dir='ltr'><strong>jus,</strong></span> <span class='ocrx_word' id='word_1_661' title='bbox 1002 5037 1146 5108; x_wconf 85' lang='lat' dir='ltr'><strong>juris</strong></span> <span class='ocrx_word' id='word_1_662' title='bbox 1168 5052 1187 5091; x_wconf 89' lang='lat'><strong><em>:</em></strong></span> <span class='ocrx_word' id='word_1_663' title='bbox 1225 5036 1415 5110; x_wconf 84' lang='lat' dir='ltr'><strong>[thus].</strong></span> <span class='ocrx_word' id='word_1_664' title='bbox 1446 5054 1654 5103; x_wconf 86' lang='lat' dir='ltr'><strong>munus,</strong></span> <span class='ocrx_word' id='word_1_665' title='bbox 1691 5041 1918 5111; x_wconf 85' lang='lat' dir='ltr'><strong>pondus,</strong></span> 
     </span>
    </p>
   </div>
   <div class='ocr_carea' id='block_1_82' title="bbox 324 5127 1922 5205">
    <p class='ocr_par' dir='ltr' id='par_1_82' title="bbox 324 5127 1922 5205">
     <span class='ocr_line' id='line_1_82' title="bbox 324 5127 1922 5205; baseline -0.001 -17"><span class='ocrx_word' id='word_1_666' title='bbox 324 5148 535 5205; x_wconf 87' lang='lat' dir='ltr'><strong>corpus,</strong></span> <span class='ocrx_word' id='word_1_667' title='bbox 575 5138 776 5202; x_wconf 87' lang='lat' dir='ltr'><strong>pectus.</strong></span> <span class='ocrx_word' id='word_1_668' title='bbox 832 5127 982 5184; x_wconf 84' lang='lat' dir='ltr'><strong>Inus</strong></span> <span class='ocrx_word' id='word_1_669' title='bbox 1025 5127 1349 5199; x_wconf 89' lang='lat' dir='ltr'><strong>productum</strong></span> <span class='ocrx_word' id='word_1_670' title='bbox 1400 5127 1681 5195; x_wconf 87' lang='lat' dir='ltr'><strong>feminina,</strong></span> <span class='ocrx_word' id='word_1_671' title='bbox 1736 5131 1922 5186; x_wconf 91' lang='lat' dir='ltr'><strong>omnia</strong></span> 
     </span>
    </p>
   </div>
   <div class='ocr_carea' id='block_1_83' title="bbox 328 5220 1922 5297">
    <p class='ocr_par' dir='ltr' id='par_1_83' title="bbox 328 5220 1922 5297">
     <span class='ocr_line' id='line_1_83' title="bbox 328 5220 1922 5297; baseline -0.003 -15"><span class='ocrx_word' id='word_1_672' title='bbox 328 5226 503 5283; x_wconf 64' lang='lat' dir='ltr'><strong>tertia:</strong></span> <span class='ocrx_word' id='word_1_673' title='bbox 533 5233 660 5280; x_wconf 89' lang='lat' dir='ltr'><strong>sunt</strong></span> <span class='ocrx_word' id='word_1_674' title='bbox 683 5220 1127 5297; x_wconf 83' lang='lat' dir='ltr'><strong>[declinationis],</strong></span> <span class='ocrx_word' id='word_1_675' title='bbox 1154 5230 1211 5276; x_wconf 89' lang='lat' dir='ltr'><strong>et</strong></span> <span class='ocrx_word' id='word_1_676' title='bbox 1237 5236 1343 5275; x_wconf 92' lang='lat' dir='ltr'><strong>una</strong></span> <span class='ocrx_word' id='word_1_677' title='bbox 1372 5220 1578 5293; x_wconf 83' lang='lat' dir='ltr'><strong>syllaba</strong></span> <span class='ocrx_word' id='word_1_678' title='bbox 1600 5222 1654 5275; x_wconf 93' lang='lat' dir='ltr'><strong>in</strong></span> <span class='ocrx_word' id='word_1_679' title='bbox 1683 5223 1922 5293; x_wconf 75' lang='lat' dir='ltr'><strong>genitivo</strong></span> 
     </span>
    </p>
   </div>
   <div class='ocr_carea' id='block_1_84' title="bbox 326 5314 1922 5385">
    <p class='ocr_par' dir='ltr' id='par_1_84' title="bbox 326 5314 1922 5385">
     <span class='ocr_line' id='line_1_84' title="bbox 326 5314 1922 5385; baseline -0.001 -12"><span class='ocrx_word' id='word_1_680' title='bbox 326 5325 684 5375; x_wconf 82' lang='lat' dir='ltr'><strong>accrescunt:</strong></span> <span class='ocrx_word' id='word_1_681' title='bbox 734 5324 796 5372; x_wconf 87' lang='lat' dir='ltr'><strong>ut</strong></span> <span class='ocrx_word' id='word_1_682' title='bbox 826 5315 974 5371; x_wconf 89' lang='lat' dir='ltr'><strong>salus</strong></span> <span class='ocrx_word' id='word_1_683' title='bbox 1003 5314 1212 5380; x_wconf 83' lang='lat' dir='ltr'><strong>salutis,</strong></span> <span class='ocrx_word' id='word_1_684' title='bbox 1245 5315 1400 5370; x_wconf 85' lang='lat' dir='ltr'><strong>tellus</strong></span> <span class='ocrx_word' id='word_1_685' title='bbox 1428 5314 1675 5382; x_wconf 81' lang='lat' dir='ltr'><strong>telluris;</strong></span> <span class='ocrx_word' id='word_1_686' title='bbox 1718 5333 1753 5369; x_wconf 90' lang='lat' dir='ltr'><strong>u</strong></span> <span class='ocrx_word' id='word_1_687' title='bbox 1797 5330 1922 5385; x_wconf 81' lang='lat' dir='ltr'><strong>pro-</strong></span> 
     </span>
    </p>
   </div>
   <div class='ocr_carea' id='block_1_85' title="bbox 285 5390 1923 5478">
    <p class='ocr_par' dir='ltr' id='par_1_85' title="bbox 285 5390 1923 5478">
     <span class='ocr_line' id='line_1_85' title="bbox 285 5390 1923 5478; baseline -0.002 -14"><span class='ocrx_word' id='word_1_688' title='bbox 285 5390 484 5464; x_wconf 69' lang='grc' dir='ltr'><strong>’.ιυρω</strong></span> <span class='ocrx_word' id='word_1_689' title='bbox 530 5408 584 5462; x_wconf 90' lang='lat' dir='ltr'><strong>in</strong></span> <span class='ocrx_word' id='word_1_690' title='bbox 636 5406 907 5478; x_wconf 88' lang='lat' dir='ltr'><strong>obliquis,</strong></span> <span class='ocrx_word' id='word_1_691' title='bbox 960 5415 1189 5478; x_wconf 81' lang='lat' dir='ltr'><strong>excepto</strong></span> <span class='ocrx_word' id='word_1_692' title='bbox 1234 5406 1387 5477; x_wconf 88' lang='lat' dir='ltr'><strong>palus</strong></span> <span class='ocrx_word' id='word_1_693' title='bbox 1436 5405 1686 5477; x_wconf 87' lang='lat' dir='ltr'><strong>paludis,</strong></span> <span class='ocrx_word' id='word_1_694' title='bbox 1748 5404 1923 5462; x_wconf 75' lang='lat' dir='ltr'><strong>Venus</strong></span> 
     </span>
    </p>
   </div>
   <div class='ocr_carea' id='block_1_86' title="bbox 338 5494 1924 5572">
    <p class='ocr_par' dir='ltr' id='par_1_86' title="bbox 338 5494 1924 5572">
     <span class='ocr_line' id='line_1_86' title="bbox 338 5494 1924 5572; baseline 0.001 -21"><span class='ocrx_word' id='word_1_695' title='bbox 338 5495 595 5563; x_wconf 85' lang='lat' dir='ltr'><strong>Veneris;</strong></span> <span class='ocrx_word' id='word_1_696' title='bbox 638 5507 695 5554; x_wconf 86' lang='lat' dir='ltr'><strong>et</strong></span> <span class='ocrx_word' id='word_1_697' title='bbox 729 5513 839 5554; x_wconf 89' lang='lat' dir='ltr'><strong>uno</strong></span> <span class='ocrx_word' id='word_1_698' title='bbox 891 5496 1087 5572; x_wconf 81' lang='lat' dir='ltr'><strong>[Edit.,</strong></span> <span class='ocrx_word' id='word_1_699' title='bbox 1127 5494 1318 5570; x_wconf 89' lang='lat' dir='ltr'><strong>unum]</strong></span> <span class='ocrx_word' id='word_1_700' title='bbox 1371 5497 1548 5551; x_wconf 88' lang='lat' dir='ltr'><strong>omnis</strong></span> <span class='ocrx_word' id='word_1_701' title='bbox 1579 5498 1815 5567; x_wconf 85' lang='lat' dir='ltr'><strong>generis,</strong></span> <span class='ocrx_word' id='word_1_702' title='bbox 1863 5507 1924 5553; x_wconf 93' lang='lat' dir='ltr'><strong>ut</strong></span> 
     </span>
    </p>
   </div>
   <div class='ocr_carea' id='block_1_87' title="bbox 328 5586 1923 5658">
    <p class='ocr_par' dir='ltr' id='par_1_87' title="bbox 328 5586 1923 5658">
     <span class='ocr_line' id='line_1_87' title="bbox 328 5586 1923 5658; baseline 0.001 -16"><span class='ocrx_word' id='word_1_703' title='bbox 328 5587 413 5643; x_wconf 86' lang='lat' dir='ltr'><strong>hic</strong></span> <span class='ocrx_word' id='word_1_704' title='bbox 438 5595 495 5643; x_wconf 83' lang='lat' dir='ltr'><strong>et</strong></span> <span class='ocrx_word' id='word_1_705' title='bbox 525 5588 639 5643; x_wconf 76' lang='lat' dir='ltr'><strong>hcce</strong></span> <span class='ocrx_word' id='word_1_706' title='bbox 665 5595 721 5643; x_wconf 89' lang='lat' dir='ltr'><strong>et</strong></span> <span class='ocrx_word' id='word_1_707' title='bbox 748 5589 846 5642; x_wconf 89' lang='lat' dir='ltr'><strong>hoc</strong></span> <span class='ocrx_word' id='word_1_708' title='bbox 870 5600 1013 5642; x_wconf 81' lang='lat' dir='ltr'><strong>uetus</strong></span> <span class='ocrx_word' id='word_1_709' title='bbox 1042 5590 1268 5652; x_wconf 84' lang='lat' dir='ltr'><strong>veteris;</strong></span> <span class='ocrx_word' id='word_1_710' title='bbox 1318 5596 1373 5641; x_wconf 84' lang='lat' dir='ltr'><strong>et</strong></span> <span class='ocrx_word' id='word_1_711' title='bbox 1400 5587 1587 5658; x_wconf 90' lang='lat' dir='ltr'><strong>paucis</strong></span> <span class='ocrx_word' id='word_1_712' title='bbox 1619 5586 1923 5645; x_wconf 85' lang='lat' dir='ltr'><strong>communis</strong></span> 
     </span>
    </p>
   </div>
   <div class='ocr_carea' id='block_1_88' title="bbox 330 5676 1921 5750">
    <p class='ocr_par' dir='ltr' id='par_1_88' title="bbox 330 5676 1921 5750">
     <span class='ocr_line' id='line_1_88' title="bbox 330 5676 1921 5750; baseline 0.001 -16"><span class='ocrx_word' id='word_1_713' title='bbox 330 5678 567 5750; x_wconf 77' lang='lat' dir='ltr'><strong>generis,</strong></span> <span class='ocrx_word' id='word_1_714' title='bbox 594 5687 651 5734; x_wconf 92' lang='lat' dir='ltr'><strong>ut</strong></span> <span class='ocrx_word' id='word_1_715' title='bbox 670 5680 755 5734; x_wconf 86' lang='lat' dir='ltr'><strong>hic</strong></span> <span class='ocrx_word' id='word_1_716' title='bbox 780 5687 834 5733; x_wconf 91' lang='lat' dir='ltr'><strong>ct</strong></span> <span class='ocrx_word' id='word_1_717' title='bbox 857 5678 968 5734; x_wconf 57' lang='lat' dir='ltr'><strong>haec</strong></span> <span class='ocrx_word' id='word_1_718' title='bbox 987 5677 1124 5748; x_wconf 85' lang='lat' dir='ltr'><strong>ligus</strong></span> <span class='ocrx_word' id='word_1_719' title='bbox 1167 5676 1395 5748; x_wconf 84' lang='lat' dir='ltr'><strong>liguris;</strong></span> <span class='ocrx_word' id='word_1_720' title='bbox 1433 5694 1558 5749; x_wconf 84' lang='lat' dir='ltr'><strong>grus</strong></span> <span class='ocrx_word' id='word_1_721' title='bbox 1601 5680 1789 5748; x_wconf 84' lang='lat' dir='ltr'><strong>gruis;</strong></span> <span class='ocrx_word' id='word_1_722' title='bbox 1831 5697 1921 5735; x_wconf 86' lang='lat' dir='ltr'><strong>sus</strong></span> 
     </span>
    </p>
   </div>
   <div class='ocr_carea' id='block_1_89' title="bbox 333 5760 1921 5841">
    <p class='ocr_par' dir='ltr' id='par_1_89' title="bbox 333 5760 1921 5841">
     <span class='ocr_line' id='line_1_89' title="bbox 333 5760 1921 5841; baseline 0.001 -16"><span class='ocrx_word' id='word_1_723' title='bbox 333 5772 483 5825; x_wconf 86' lang='lat' dir='ltr'><strong>suis:</strong></span> <span class='ocrx_word' id='word_1_724' title='bbox 519 5782 576 5825; x_wconf 78' lang='lat' dir='ltr'><strong>et</strong></span> <span class='ocrx_word' id='word_1_725' title='bbox 601 5772 908 5841; x_wconf 70' lang='lat' dir='ltr'><strong>epicmnon,</strong></span> <span class='ocrx_word' id='word_1_726' title='bbox 958 5785 1075 5823; x_wconf 89' lang='lat' dir='ltr'><strong>mus</strong></span> <span class='ocrx_word' id='word_1_727' title='bbox 1103 5770 1308 5835; x_wconf 65' lang='lat' dir='ltr'><strong>usuris;</strong></span> <span class='ocrx_word' id='word_1_728' title='bbox 1345 5778 1401 5823; x_wconf 88' lang='lat' dir='ltr'><strong>et</strong></span> <span class='ocrx_word' id='word_1_729' title='bbox 1449 5760 1555 5824; x_wconf 86' lang='lat' dir='ltr'><strong>uno</strong></span> <span class='ocrx_word' id='word_1_730' title='bbox 1602 5770 1921 5838; x_wconf 77' lang='lat' dir='ltr'><strong>masculino,</strong></span> 
     </span>
    </p>
   </div>
   <div class='ocr_carea' id='block_1_90' title="bbox 2019 3276 3614 3358">
    <p class='ocr_par' dir='ltr' id='par_1_90' title="bbox 2019 3276 3614 3358">
     <span class='ocr_line' id='line_1_90' title="bbox 2019 3276 3614 3358; baseline 0.007 -28"><span class='ocrx_word' id='word_1_731' title='bbox 2019 3276 2297 3348; x_wconf 83' lang='lat' dir='ltr'><strong>nosyllaba</strong></span> <span class='ocrx_word' id='word_1_732' title='bbox 2346 3278 2529 3333; x_wconf 88' lang='lat' dir='ltr'><strong>omnia</strong></span> <span class='ocrx_word' id='word_1_733' title='bbox 2566 3276 2832 3335; x_wconf 87' lang='lat' dir='ltr'><strong>feminina</strong></span> <span class='ocrx_word' id='word_1_734' title='bbox 2882 3289 3046 3347; x_wconf 86' lang='lat' dir='ltr'><strong>sunt;</strong></span> <span class='ocrx_word' id='word_1_735' title='bbox 3085 3289 3146 3338; x_wconf 89' lang='grc' dir='ltr'><strong>ιιι</strong></span> <span class='ocrx_word' id='word_1_736' title='bbox 3184 3299 3314 3353; x_wconf 88' lang='lat' dir='ltr'><strong>pax,</strong></span> <span class='ocrx_word' id='word_1_737' title='bbox 3361 3284 3465 3350; x_wconf 86' lang='lat' dir='ltr'><strong>lex,</strong></span> <span class='ocrx_word' id='word_1_738' title='bbox 3501 3286 3614 3358; x_wconf 85' lang='lat' dir='ltr'><strong>pix,</strong></span> 
     </span>
    </p>
   </div>
   <div class='ocr_carea' id='block_1_91' title="bbox 2018 3368 3619 3445">
    <p class='ocr_par' dir='ltr' id='par_1_91' title="bbox 2018 3368 3619 3445">
     <span class='ocr_line' id='line_1_91' title="bbox 2018 3368 3619 3445; baseline 0.009 -24"><span class='ocrx_word' id='word_1_739' title='bbox 2018 3382 2125 3423; x_wconf 86' lang='lat' dir='ltr'><strong>nox</strong></span> <span class='ocrx_word' id='word_1_740' title='bbox 2153 3368 2287 3441; x_wconf 87' lang='lat' dir='ltr'><strong>[Al.,</strong></span> <span class='ocrx_word' id='word_1_741' title='bbox 2320 3368 2473 3443; x_wconf 86' lang='lat' dir='ltr'><strong>nux],</strong></span> <span class='ocrx_word' id='word_1_742' title='bbox 2524 3369 2642 3439; x_wconf 82' lang='lat' dir='ltr'><strong>lux,</strong></span> <span class='ocrx_word' id='word_1_743' title='bbox 2678 3387 2800 3437; x_wconf 85' lang='lat' dir='ltr'><strong>arx,</strong></span> <span class='ocrx_word' id='word_1_744' title='bbox 2848 3371 3005 3443; x_wconf 86' lang='lat' dir='ltr'><strong>falx:</strong></span> <span class='ocrx_word' id='word_1_745' title='bbox 3042 3382 3275 3445; x_wconf 78' lang='lat' dir='ltr'><strong>excepto</strong></span> <span class='ocrx_word' id='word_1_746' title='bbox 3320 3392 3413 3430; x_wconf 87' lang='lat' dir='ltr'><strong>rex</strong></span> <span class='ocrx_word' id='word_1_747' title='bbox 3453 3385 3509 3433; x_wconf 89' lang='lat' dir='ltr'><strong>et</strong></span> <span class='ocrx_word' id='word_1_748' title='bbox 3532 3379 3619 3434; x_wconf 81' lang='lat' dir='ltr'><strong>hic</strong></span> 
     </span>
    </p>
   </div>
   <div class='ocr_carea' id='block_1_92' title="bbox 2016 3460 3619 3530">
    <p class='ocr_par' dir='ltr' id='par_1_92' title="bbox 2016 3460 3619 3530">
     <span class='ocr_line' id='line_1_92' title="bbox 2016 3460 3619 3530; baseline 0.01 -18"><span class='ocrx_word' id='word_1_749' title='bbox 2016 3474 2165 3530; x_wconf 83' lang='lat' dir='ltr'><strong>grex,</strong></span> <span class='ocrx_word' id='word_1_750' title='bbox 2189 3469 2246 3516; x_wconf 89' lang='lat' dir='ltr'><strong>et</strong></span> <span class='ocrx_word' id='word_1_751' title='bbox 2273 3461 2356 3515; x_wconf 83' lang='lat' dir='ltr'><strong>hic</strong></span> <span class='ocrx_word' id='word_1_752' title='bbox 2388 3471 2446 3516; x_wconf 91' lang='lat' dir='ltr'><strong>et</strong></span> <span class='ocrx_word' id='word_1_753' title='bbox 2471 3462 2584 3517; x_wconf 63' lang='lat' dir='ltr'><strong>haec</strong></span> <span class='ocrx_word' id='word_1_754' title='bbox 2609 3460 2742 3517; x_wconf 83' lang='lat' dir='ltr'><strong>dux.</strong></span> <span class='ocrx_word' id='word_1_755' title='bbox 2771 3462 2829 3519; x_wconf 87' lang='lat' dir='ltr'><strong>In</strong></span> <span class='ocrx_word' id='word_1_756' title='bbox 2857 3472 2878 3517; x_wconf 87' lang='lat' dir='ltr'><strong>t</strong></span> <span class='ocrx_word' id='word_1_757' title='bbox 2906 3463 3117 3520; x_wconf 89' lang='lat' dir='ltr'><strong>ﬁnitum</strong></span> <span class='ocrx_word' id='word_1_758' title='bbox 3147 3480 3314 3521; x_wconf 88' lang='lat' dir='ltr'><strong>unum</strong></span> <span class='ocrx_word' id='word_1_759' title='bbox 3338 3468 3619 3528; x_wconf 83' lang='lat' dir='ltr'><strong>invenitur</strong></span> 
     </span>
    </p>
   </div>
   <div class='ocr_carea' id='block_1_93' title="bbox 2016 3557 3618 3631">
    <p class='ocr_par' dir='ltr' id='par_1_93' title="bbox 2016 3557 3618 3631">
     <span class='ocr_line' id='line_1_93' title="bbox 2016 3557 3618 3631; baseline 0.006 -24"><span class='ocrx_word' id='word_1_760' title='bbox 2016 3562 2291 3619; x_wconf 89' lang='lat' dir='ltr'><strong>neutrum,</strong></span> <span class='ocrx_word' id='word_1_761' title='bbox 2314 3562 2374 3607; x_wconf 89' lang='lat' dir='ltr'><strong>ut</strong></span> <span class='ocrx_word' id='word_1_762' title='bbox 2394 3562 2549 3624; x_wconf 88' lang='lat' dir='ltr'><strong>caput</strong></span> <span class='ocrx_word' id='word_1_763' title='bbox 2573 3565 2591 3605; x_wconf 92' lang='lat'><strong><em>:</em></strong></span> <span class='ocrx_word' id='word_1_764' title='bbox 2631 3560 2688 3610; x_wconf 83' lang='lat' dir='ltr'><strong>et</strong></span> <span class='ocrx_word' id='word_1_765' title='bbox 2707 3567 2777 3610; x_wconf 80' lang='lat' dir='ltr'><strong>ex</strong></span> <span class='ocrx_word' id='word_1_766' title='bbox 2801 3568 2866 3610; x_wconf 86' lang='lat' dir='ltr'><strong>eo</strong></span> <span class='ocrx_word' id='word_1_767' title='bbox 2894 3557 3212 3628; x_wconf 87' lang='lat' dir='ltr'><strong>composita,</strong></span> <span class='ocrx_word' id='word_1_768' title='bbox 3248 3559 3500 3631; x_wconf 85' lang='lat' dir='ltr'><strong>sinciput,</strong></span> <span class='ocrx_word' id='word_1_769' title='bbox 3530 3578 3618 3617; x_wconf 90' lang='lat' dir='ltr'><strong>oc-</strong></span> 
     </span>
    </p>
   </div>
   <div class='ocr_carea' id='block_1_94' title="bbox 2017 3645 3555 3715">
    <p class='ocr_par' dir='ltr' id='par_1_94' title="bbox 2017 3645 3555 3715">
     <span class='ocr_line' id='line_1_94' title="bbox 2017 3645 3555 3715; baseline 0.001 -16"><span class='ocrx_word' id='word_1_770' title='bbox 2017 3645 2175 3715; x_wconf 82' lang='lat' dir='ltr'><strong>ciput.</strong></span> <span class='ocrx_word' id='word_1_771' title='bbox 3554 3698 3555 3701; x_wconf 44' lang='grc' dir='ltr'><strong>η</strong></span> 
     </span>
    </p>
   </div>
   <div class='ocr_carea' id='block_1_95' title="bbox 2087 3736 3615 3810">
    <p class='ocr_par' dir='ltr' id='par_1_95' title="bbox 2087 3736 3615 3810">
     <span class='ocr_line' id='line_1_95' title="bbox 2087 3736 3615 3810; baseline 0.006 -19"><span class='ocrx_word' id='word_1_772' title='bbox 2087 3738 2218 3806; x_wconf 67' lang='lat' dir='ltr'><strong>Quae</strong></span> <span class='ocrx_word' id='word_1_773' title='bbox 2242 3736 2461 3793; x_wconf 90' lang='lat' dir='ltr'><strong>nomina</strong></span> <span class='ocrx_word' id='word_1_774' title='bbox 2488 3736 2545 3791; x_wconf 90' lang='lat' dir='ltr'><strong>in</strong></span> <span class='ocrx_word' id='word_1_775' title='bbox 2569 3736 2702 3793; x_wconf 89' lang='lat' dir='ltr'><strong>duas</strong></span> <span class='ocrx_word' id='word_1_776' title='bbox 2730 3737 2988 3795; x_wconf 88' lang='lat' dir='ltr'><strong>desinunt</strong></span> <span class='ocrx_word' id='word_1_777' title='bbox 3013 3749 3400 3810; x_wconf 86' lang='lat' dir='ltr'><strong>consonantes,</strong></span> <span class='ocrx_word' id='word_1_778' title='bbox 3435 3744 3482 3798; x_wconf 89' lang='lat' dir='ltr'><strong>si</strong></span> <span class='ocrx_word' id='word_1_779' title='bbox 3508 3745 3615 3800; x_wconf 86' lang='lat' dir='ltr'><strong>sint</strong></span> 
     </span>
    </p>
   </div>
   <div class='ocr_carea' id='block_1_96' title="bbox 2019 3827 3615 3902">
    <p class='ocr_par' dir='ltr' id='par_1_96' title="bbox 2019 3827 3615 3902">
     <span class='ocr_line' id='line_1_96' title="bbox 2019 3827 3615 3902; baseline 0.006 -23"><span class='ocrx_word' id='word_1_780' title='bbox 2019 3827 2153 3901; x_wconf 85' lang='lat' dir='ltr'><strong>[Al.,</strong></span> <span class='ocrx_word' id='word_1_781' title='bbox 2184 3827 2344 3901; x_wconf 76' lang='lat' dir='ltr'><strong>fiunt]</strong></span> <span class='ocrx_word' id='word_1_782' title='bbox 2372 3827 2696 3893; x_wconf 86' lang='lat' dir='ltr'><strong>accidentia,</strong></span> <span class='ocrx_word' id='word_1_783' title='bbox 2729 3830 2895 3885; x_wconf 88' lang='lat' dir='ltr'><strong>trium</strong></span> <span class='ocrx_word' id='word_1_784' title='bbox 2925 3844 3183 3902; x_wconf 86' lang='lat' dir='ltr'><strong>generum</strong></span> <span class='ocrx_word' id='word_1_785' title='bbox 3210 3833 3415 3900; x_wconf 89' lang='lat' dir='ltr'><strong>omnia,</strong></span> <span class='ocrx_word' id='word_1_786' title='bbox 3441 3844 3502 3889; x_wconf 89' lang='grc' dir='ltr'><strong>ιιι</strong></span> <span class='ocrx_word' id='word_1_787' title='bbox 3529 3836 3615 3889; x_wconf 84' lang='lat' dir='ltr'><strong>hic</strong></span> 
     </span>
    </p>
   </div>
   <div class='ocr_carea' id='block_1_97' title="bbox 2016 3919 3609 3995">
    <p class='ocr_par' dir='ltr' id='par_1_97' title="bbox 2016 3919 3609 3995">
     <span class='ocr_line' id='line_1_97' title="bbox 2016 3919 3609 3995; baseline 0.003 -20"><span class='ocrx_word' id='word_1_788' title='bbox 2016 3929 2070 3976; x_wconf 91' lang='lat' dir='ltr'><strong>et</strong></span> <span class='ocrx_word' id='word_1_789' title='bbox 2097 3920 2207 3974; x_wconf 78' lang='lat' dir='ltr'><strong>hcce</strong></span> <span class='ocrx_word' id='word_1_790' title='bbox 2236 3927 2293 3974; x_wconf 89' lang='lat' dir='ltr'><strong>et</strong></span> <span class='ocrx_word' id='word_1_791' title='bbox 2322 3919 2419 3972; x_wconf 84' lang='lat' dir='ltr'><strong>hoc</strong></span> <span class='ocrx_word' id='word_1_792' title='bbox 2445 3934 2650 3989; x_wconf 86' lang='lat' dir='ltr'><strong>expers,</strong></span> <span class='ocrx_word' id='word_1_793' title='bbox 2700 3919 2950 3989; x_wconf 83' lang='lat' dir='ltr'><strong>prudens,</strong></span> <span class='ocrx_word' id='word_1_794' title='bbox 2999 3921 3173 3994; x_wconf 86' lang='lat' dir='ltr'><strong>inops,</strong></span> <span class='ocrx_word' id='word_1_795' title='bbox 3229 3923 3435 3990; x_wconf 69' lang='lat' dir='ltr'><strong>caelebs,</strong></span> <span class='ocrx_word' id='word_1_796' title='bbox 3462 3928 3609 3995; x_wconf 81' lang='lat' dir='ltr'><strong>prin-</strong></span> 
     </span>
    </p>
   </div>
   <div class='ocr_carea' id='block_1_98' title="bbox 2016 4008 3610 4081">
    <p class='ocr_par' dir='ltr' id='par_1_98' title="bbox 2016 4008 3610 4081">
     <span class='ocr_line' id='line_1_98' title="bbox 2016 4008 3610 4081; baseline 0.004 -17"><span class='ocrx_word' id='word_1_797' title='bbox 2016 4027 2158 4081; x_wconf 85' lang='lat' dir='ltr'><strong>ceps,</strong></span> <span class='ocrx_word' id='word_1_798' title='bbox 2196 4026 2404 4081; x_wconf 77' lang='lat' dir='ltr'><strong>parcns.</strong></span> <span class='ocrx_word' id='word_1_799' title='bbox 2454 4008 2633 4064; x_wconf 83' lang='lat' dir='ltr'><strong>Pauca</strong></span> <span class='ocrx_word' id='word_1_800' title='bbox 2675 4009 2998 4077; x_wconf 84' lang='lat' dir='ltr'><strong>masculina,</strong></span> <span class='ocrx_word' id='word_1_801' title='bbox 3035 4022 3095 4066; x_wconf 90' lang='lat' dir='ltr'><strong>ut</strong></span> <span class='ocrx_word' id='word_1_802' title='bbox 3138 4012 3374 4075; x_wconf 75' lang='lat' dir='ltr'><strong>Mavors,</strong></span> <span class='ocrx_word' id='word_1_803' title='bbox 3415 4016 3610 4071; x_wconf 70' lang='lat' dir='ltr'><strong>Ancus.</strong></span> 
     </span>
    </p>
   </div>
   <div class='ocr_carea' id='block_1_99' title="bbox 2017 4099 3615 4178">
    <p class='ocr_par' dir='ltr' id='par_1_99' title="bbox 2017 4099 3615 4178">
     <span class='ocr_line' id='line_1_99' title="bbox 2017 4099 3615 4178; baseline 0.006 -24"><span class='ocrx_word' id='word_1_804' title='bbox 2017 4100 2195 4156; x_wconf 88' lang='lat' dir='ltr'><strong>Pauca</strong></span> <span class='ocrx_word' id='word_1_805' title='bbox 2219 4099 2499 4165; x_wconf 86' lang='lat' dir='ltr'><strong>feminina,</strong></span> <span class='ocrx_word' id='word_1_806' title='bbox 2522 4108 2583 4154; x_wconf 89' lang='lat' dir='ltr'><strong>ut</strong></span> <span class='ocrx_word' id='word_1_807' title='bbox 2600 4100 2787 4167; x_wconf 86' lang='lat' dir='ltr'><strong>hiems,</strong></span> <span class='ocrx_word' id='word_1_808' title='bbox 2812 4101 3018 4169; x_wconf 82' lang='lat' dir='ltr'><strong>cohors,</strong></span> <span class='ocrx_word' id='word_1_809' title='bbox 3042 4103 3220 4175; x_wconf 86' lang='lat' dir='ltr'><strong>adeps.</strong></span> <span class='ocrx_word' id='word_1_810' title='bbox 3249 4105 3615 4178; x_wconf 76' lang='lat' dir='ltr'><strong>Monosyllaba</strong></span> 
     </span>
    </p>
   </div>
   <div class='ocr_carea' id='block_1_100' title="bbox 2018 4187 3613 4261">
    <p class='ocr_par' dir='ltr' id='par_1_100' title="bbox 2018 4187 3613 4261">
     <span class='ocr_line' id='line_1_100' title="bbox 2018 4187 3613 4261; baseline 0.006 -15"><span class='ocrx_word' id='word_1_811' title='bbox 2018 4187 2074 4246; x_wconf 83' lang='lat' dir='ltr'><strong>in</strong></span> <span class='ocrx_word' id='word_1_812' title='bbox 2123 4192 2257 4248; x_wconf 89' lang='lat' dir='ltr'><strong>duas</strong></span> <span class='ocrx_word' id='word_1_813' title='bbox 2306 4190 2611 4247; x_wconf 88' lang='lat' dir='ltr'><strong>desinentia</strong></span> <span class='ocrx_word' id='word_1_814' title='bbox 2659 4202 3024 4250; x_wconf 86' lang='lat' dir='ltr'><strong>consonantes</strong></span> <span class='ocrx_word' id='word_1_815' title='bbox 3069 4196 3308 4253; x_wconf 73' lang='lat' dir='ltr'><strong>maxime</strong></span> <span class='ocrx_word' id='word_1_816' title='bbox 3354 4198 3613 4261; x_wconf 77' lang='lat' dir='ltr'><strong>feminina</strong></span> 
     </span>
    </p>
   </div>
   <div class='ocr_carea' id='block_1_101' title="bbox 2017 4284 3611 4364">
    <p class='ocr_par' dir='ltr' id='par_1_101' title="bbox 2017 4284 3611 4364">
     <span class='ocr_line' id='line_1_101' title="bbox 2017 4284 3611 4364; baseline 0.006 -24"><span class='ocrx_word' id='word_1_817' title='bbox 2017 4293 2166 4350; x_wconf 85' lang='lat' dir='ltr'><strong>sunt,</strong></span> <span class='ocrx_word' id='word_1_818' title='bbox 2196 4293 2255 4338; x_wconf 89' lang='lat' dir='ltr'><strong>ut</strong></span> <span class='ocrx_word' id='word_1_819' title='bbox 2288 4300 2397 4350; x_wconf 87' lang='lat' dir='ltr'><strong>ars,</strong></span> <span class='ocrx_word' id='word_1_820' title='bbox 2423 4284 2553 4355; x_wconf 90' lang='lat' dir='ltr'><strong>fors,</strong></span> <span class='ocrx_word' id='word_1_821' title='bbox 2580 4300 2727 4356; x_wconf 85' lang='lat' dir='ltr'><strong>gens,</strong></span> <span class='ocrx_word' id='word_1_822' title='bbox 2751 4302 2913 4353; x_wconf 86' lang='lat' dir='ltr'><strong>mors,</strong></span> <span class='ocrx_word' id='word_1_823' title='bbox 2943 4287 3078 4354; x_wconf 88' lang='lat' dir='ltr'><strong>lens,</strong></span> <span class='ocrx_word' id='word_1_824' title='bbox 3114 4289 3285 4361; x_wconf 83' lang='lat' dir='ltr'><strong>frons,</strong></span> <span class='ocrx_word' id='word_1_825' title='bbox 3306 4309 3452 4364; x_wconf 87' lang='lat' dir='ltr'><strong>pars,</strong></span> <span class='ocrx_word' id='word_1_826' title='bbox 3474 4298 3611 4358; x_wconf 82' lang='lat' dir='ltr'><strong>sors,</strong></span> 
     </span>
    </p>
   </div>
   <div class='ocr_carea' id='block_1_102' title="bbox 2019 4376 3607 4455">
    <p class='ocr_par' dir='ltr' id='par_1_102' title="bbox 2019 4376 3607 4455">
     <span class='ocr_line' id='line_1_102' title="bbox 2019 4376 3607 4455; baseline 0.008 -24"><span class='ocrx_word' id='word_1_827' title='bbox 2019 4376 2215 4443; x_wconf 76' lang='lat' dir='ltr'><strong>scrobe,</strong></span> <span class='ocrx_word' id='word_1_828' title='bbox 2241 4386 2403 4448; x_wconf 80' lang='lat' dir='ltr'><strong>stgps,</strong></span> <span class='ocrx_word' id='word_1_829' title='bbox 2435 4380 2599 4442; x_wconf 89' lang='lat' dir='ltr'><strong>trabs,</strong></span> <span class='ocrx_word' id='word_1_830' title='bbox 2626 4380 2769 4443; x_wconf 85' lang='lat' dir='ltr'><strong>urbs,</strong></span> <span class='ocrx_word' id='word_1_831' title='bbox 2793 4379 2931 4450; x_wconf 90' lang='lat' dir='ltr'><strong>puls.</strong></span> <span class='ocrx_word' id='word_1_832' title='bbox 2970 4380 3227 4452; x_wconf 77' lang='lat' dir='ltr'><strong>Exceptis</strong></span> <span class='ocrx_word' id='word_1_833' title='bbox 3259 4402 3272 4440; x_wconf 92' lang='lat'>:</span> <span class='ocrx_word' id='word_1_834' title='bbox 3314 4386 3400 4441; x_wconf 83' lang='lat' dir='ltr'><strong>hic</strong></span> <span class='ocrx_word' id='word_1_835' title='bbox 3430 4404 3607 4455; x_wconf 86' lang='lat' dir='ltr'><strong>mons,</strong></span> 
     </span>
    </p>
   </div>
   <div class='ocr_carea' id='block_1_103' title="bbox 2019 4468 3609 4545">
    <p class='ocr_par' dir='ltr' id='par_1_103' title="bbox 2019 4468 3609 4545">
     <span class='ocr_line' id='line_1_103' title="bbox 2019 4468 3609 4545; baseline 0.008 -23"><span class='ocrx_word' id='word_1_836' title='bbox 2019 4485 2173 4541; x_wconf 86' lang='lat' dir='ltr'><strong>pons,</strong></span> <span class='ocrx_word' id='word_1_837' title='bbox 2229 4468 2370 4538; x_wconf 78' lang='lat' dir='ltr'><strong>fons,</strong></span> <span class='ocrx_word' id='word_1_838' title='bbox 2411 4468 2558 4535; x_wconf 85' lang='lat' dir='ltr'><strong>dens,</strong></span> <span class='ocrx_word' id='word_1_839' title='bbox 2614 4469 2784 4525; x_wconf 79' lang='lat' dir='ltr'><strong>Mars.</strong></span> <span class='ocrx_word' id='word_1_840' title='bbox 2829 4470 2887 4526; x_wconf 89' lang='lat' dir='ltr'><strong>In</strong></span> <span class='ocrx_word' id='word_1_841' title='bbox 2937 4488 3057 4539; x_wconf 85' lang='lat' dir='ltr'><strong>aus,</strong></span> <span class='ocrx_word' id='word_1_842' title='bbox 3113 4472 3419 4531; x_wconf 82' lang='lat' dir='ltr'><strong>feminina;</strong></span> <span class='ocrx_word' id='word_1_843' title='bbox 3469 4477 3609 4545; x_wconf 86' lang='lat' dir='ltr'><strong>laus,</strong></span> 
     </span>
    </p>
   </div>
   <div class='ocr_carea' id='block_1_104' title="bbox 2022 4561 3614 4636">
    <p class='ocr_par' dir='ltr' id='par_1_104' title="bbox 2022 4561 3614 4636">
     <span class='ocr_line' id='line_1_104' title="bbox 2022 4561 3614 4636; baseline 0.006 -21"><span class='ocrx_word' id='word_1_844' title='bbox 2022 4561 2191 4632; x_wconf 87' lang='lat' dir='ltr'><strong>fraus.</strong></span> <span class='ocrx_word' id='word_1_845' title='bbox 2235 4561 2292 4616; x_wconf 92' lang='lat' dir='ltr'><strong>In</strong></span> <span class='ocrx_word' id='word_1_846' title='bbox 2340 4578 2444 4626; x_wconf 71' lang='lat' dir='ltr'><strong>ws,</strong></span> <span class='ocrx_word' id='word_1_847' title='bbox 2493 4562 2886 4629; x_wconf 86' lang='lat' dir='ltr'><strong>masculinum,</strong></span> <span class='ocrx_word' id='word_1_848' title='bbox 2927 4572 2990 4619; x_wconf 90' lang='lat' dir='ltr'><strong>ut</strong></span> <span class='ocrx_word' id='word_1_849' title='bbox 3036 4581 3175 4636; x_wconf 80' lang='lat' dir='ltr'><strong>prws</strong></span> <span class='ocrx_word' id='word_1_850' title='bbox 3216 4568 3431 4636; x_wconf 72' lang='lat' dir='ltr'><strong>prardis.</strong></span> <span class='ocrx_word' id='word_1_851' title='bbox 3474 4568 3614 4625; x_wconf 79' lang='lat' dir='ltr'><strong>Neu-</strong></span> 
     </span>
    </p>
   </div>
   <div class='ocr_carea' id='block_1_105' title="bbox 2021 4653 3611 4726">
    <p class='ocr_par' dir='ltr' id='par_1_105' title="bbox 2021 4653 3611 4726">
     <span class='ocr_line' id='line_1_105' title="bbox 2021 4653 3611 4726; baseline 0.005 -17"><span class='ocrx_word' id='word_1_852' title='bbox 2021 4663 2184 4721; x_wconf 84' lang='lat' dir='ltr'><strong>trum,</strong></span> <span class='ocrx_word' id='word_1_853' title='bbox 2216 4661 2277 4708; x_wconf 91' lang='lat' dir='ltr'><strong>ut</strong></span> <span class='ocrx_word' id='word_1_854' title='bbox 2303 4668 2374 4707; x_wconf 75' lang='lat' dir='ltr'><strong>res</strong></span> <span class='ocrx_word' id='word_1_855' title='bbox 2406 4653 2548 4708; x_wconf 69' lang='lat' dir='ltr'><strong>teris.</strong></span> <span class='ocrx_word' id='word_1_856' title='bbox 2598 4654 2701 4708; x_wconf 79' lang='lat' dir='ltr'><strong>Vix</strong></span> <span class='ocrx_word' id='word_1_857' title='bbox 2730 4654 2945 4710; x_wconf 89' lang='lat' dir='ltr'><strong>tandem</strong></span> <span class='ocrx_word' id='word_1_858' title='bbox 2970 4654 3261 4726; x_wconf 84' lang='lat' dir='ltr'><strong>aliquando</strong></span> <span class='ocrx_word' id='word_1_859' title='bbox 3304 4656 3493 4715; x_wconf 82' lang='lat' dir='ltr'><strong>fenore</strong></span> <span class='ocrx_word' id='word_1_860' title='bbox 3523 4677 3611 4718; x_wconf 81' lang='lat' dir='ltr'><strong>me</strong></span> 
     </span>
    </p>
   </div>
   <div class='ocr_carea' id='block_1_106' title="bbox 2020 4744 2663 4816">
    <p class='ocr_par' dir='ltr' id='par_1_106' title="bbox 2020 4744 2663 4816">
     <span class='ocr_line' id='line_1_106' title="bbox 2020 4744 2663 4816; baseline -0.003 -15"><span class='ocrx_word' id='word_1_861' title='bbox 2020 4744 2295 4801; x_wconf 86' lang='lat' dir='ltr'><strong>solvebam</strong></span> <span class='ocrx_word' id='word_1_862' title='bbox 2321 4744 2663 4816; x_wconf 86' lang='lat' dir='ltr'><strong>gravissimo.</strong></span> 
     </span>
    </p>
   </div>
   <div class='ocr_carea' id='block_1_107' title="bbox 2094 4837 3611 4910">
    <p class='ocr_par' dir='ltr' id='par_1_107' title="bbox 2094 4837 3611 4910">
     <span class='ocr_line' id='line_1_107' title="bbox 2094 4837 3611 4910; baseline 0.007 -18"><span class='ocrx_word' id='word_1_863' title='bbox 2094 4838 2193 4894; x_wconf 80' lang='lat' dir='ltr'><strong>Fn.</strong></span> <span class='ocrx_word' id='word_1_864' title='bbox 2213 4838 2322 4893; x_wconf 85' lang='lat' dir='ltr'><strong>Sed</strong></span> <span class='ocrx_word' id='word_1_865' title='bbox 2347 4839 2679 4910; x_wconf 79' lang='lat' dir='ltr'><strong>gratissimo.</strong></span> <span class='ocrx_word' id='word_1_866' title='bbox 2695 4837 3040 4909; x_wconf 85' lang='lat' dir='ltr'><strong>Quapropter</strong></span> <span class='ocrx_word' id='word_1_867' title='bbox 3060 4840 3129 4896; x_wconf 89' lang='lat' dir='ltr'><strong>ad</strong></span> <span class='ocrx_word' id='word_1_868' title='bbox 3155 4856 3415 4901; x_wconf 83' lang='lat' dir='ltr'><strong>numeros</strong></span> <span class='ocrx_word' id='word_1_869' title='bbox 3439 4851 3611 4903; x_wconf 65' lang='lat' dir='ltr'><strong>naus-</strong></span> 
     </span>
    </p>
   </div>
   <div class='ocr_carea' id='block_1_108' title="bbox 2021 4929 2697 4987">
    <p class='ocr_par' dir='ltr' id='par_1_108' title="bbox 2021 4929 2697 4987">
     <span class='ocr_line' id='line_1_108' title="bbox 2021 4929 2697 4987; baseline -0.004 -1"><span class='ocrx_word' id='word_1_870' title='bbox 2021 4945 2231 4987; x_wconf 88' lang='lat' dir='ltr'><strong>eamus.</strong></span> <span class='ocrx_word' id='word_1_871' title='bbox 2262 4960 2332 4970; x_wconf 90' lang='lat'><strong><em>—</em></strong></span> <span class='ocrx_word' id='word_1_872' title='bbox 2360 4929 2527 4986; x_wconf 73' lang='lat' dir='ltr'><strong>Suo.</strong></span> <span class='ocrx_word' id='word_1_873' title='bbox 2556 4929 2697 4985; x_wconf 85' lang='lat' dir='ltr'><strong>Fiat.</strong></span> 
     </span>
    </p>
   </div>
   <div class='ocr_carea' id='block_1_109' title="bbox 2498 5076 3132 5161">
    <p class='ocr_par' dir='ltr' id='par_1_109' title="bbox 2498 5076 3132 5161">
     <span class='ocr_line' id='line_1_109' title="bbox 2498 5076 3132 5161; baseline 0.002 -23"><span class='ocrx_word' id='word_1_874' title='bbox 2498 5083 2662 5161; x_wconf 62' lang='grc' dir='ltr'><strong>επ</strong></span> <span class='ocrx_word' id='word_1_875' title='bbox 2703 5081 2791 5139; x_wconf 75' lang='lat' dir='ltr'><strong>ne</strong></span> <span class='ocrx_word' id='word_1_876' title='bbox 2825 5076 3132 5142; x_wconf 70' lang='lat' dir='ltr'><strong>ueneno.</strong></span> 
     </span>
    </p>
   </div>
   <div class='ocr_carea' id='block_1_110' title="bbox 2093 5218 3608 5295">
    <p class='ocr_par' dir='ltr' id='par_1_110' title="bbox 2093 5218 3608 5295">
     <span class='ocr_line' id='line_1_110' title="bbox 2093 5218 3608 5295; baseline 0.004 -19"><span class='ocrx_word' id='word_1_877' title='bbox 2093 5221 2191 5276; x_wconf 77' lang='lat' dir='ltr'><strong>Fu.</strong></span> <span class='ocrx_word' id='word_1_878' title='bbox 2221 5219 2491 5277; x_wconf 85' lang='lat' dir='ltr'><strong>Numerus</strong></span> <span class='ocrx_word' id='word_1_879' title='bbox 2519 5220 2650 5290; x_wconf 88' lang='lat' dir='ltr'><strong>quid</strong></span> <span class='ocrx_word' id='word_1_880' title='bbox 2676 5220 2792 5275; x_wconf 82' lang='lat' dir='ltr'><strong>est?</strong></span> <span class='ocrx_word' id='word_1_881' title='bbox 2817 5249 2889 5260; x_wconf 93' lang='lat'>—</span> <span class='ocrx_word' id='word_1_882' title='bbox 2917 5219 3081 5275; x_wconf 74' lang='lat' dir='ltr'><strong>Saxo.</strong></span> <span class='ocrx_word' id='word_1_883' title='bbox 3118 5218 3386 5277; x_wconf 86' lang='lat' dir='ltr'><strong>Dictionis</strong></span> <span class='ocrx_word' id='word_1_884' title='bbox 3412 5221 3608 5295; x_wconf 90' lang='lat' dir='ltr'><strong>forma,</strong></span> 
     </span>
    </p>
   </div>
   <div class='ocr_carea' id='block_1_111' title="bbox 2022 5309 3609 5386">
    <p class='ocr_par' dir='ltr' id='par_1_111' title="bbox 2022 5309 3609 5386">
     <span class='ocr_line' id='line_1_111' title="bbox 2022 5309 3609 5386; baseline -0.002 -18"><span class='ocrx_word' id='word_1_885' title='bbox 2022 5312 2279 5369; x_wconf 88' lang='lat' dir='ltr'><strong>discretio</strong></span> <span class='ocrx_word' id='word_1_886' title='bbox 2302 5311 2622 5382; x_wconf 80' lang='lat' dir='ltr'><strong>quantitatis</strong></span> <span class='ocrx_word' id='word_1_887' title='bbox 2654 5309 2792 5383; x_wconf 54' lang='lat' dir='ltr'><strong>[:ll.,</strong></span> <span class='ocrx_word' id='word_1_888' title='bbox 2814 5309 3180 5367; x_wconf 81' lang='lat' dir='ltr'><strong>distinctionis</strong></span> <span class='ocrx_word' id='word_1_889' title='bbox 3209 5309 3407 5380; x_wconf 81' lang='lat' dir='ltr'><strong>forma,</strong></span> <span class='ocrx_word' id='word_1_890' title='bbox 3434 5329 3609 5386; x_wconf 74' lang='lat' dir='ltr'><strong>quan-</strong></span> 
     </span>
    </p>
   </div>
   <div class='ocr_carea' id='block_1_112' title="bbox 2028 5399 2569 5474">
    <p class='ocr_par' dir='ltr' id='par_1_112' title="bbox 2028 5399 2569 5474">
     <span class='ocr_line' id='line_1_112' title="bbox 2028 5399 2569 5474; baseline -0.002 -17"><span class='ocrx_word' id='word_1_891' title='bbox 2028 5406 2153 5458; x_wconf 90' lang='lat' dir='ltr'><strong>titas</strong></span> <span class='ocrx_word' id='word_1_892' title='bbox 2181 5399 2569 5474; x_wconf 87' lang='lat' dir='ltr'><strong>discretionis].</strong></span> 
     </span>
    </p>
   </div>
   <div class='ocr_carea' id='block_1_113' title="bbox 2093 5486 3607 5563">
    <p class='ocr_par' dir='ltr' id='par_1_113' title="bbox 2093 5486 3607 5563">
     <span class='ocr_line' id='line_1_113' title="bbox 2093 5486 3607 5563; baseline 0.004 -16"><span class='ocrx_word' id='word_1_893' title='bbox 2093 5493 2191 5548; x_wconf 80' lang='lat' dir='ltr'><strong>Fn.</strong></span> <span class='ocrx_word' id='word_1_894' title='bbox 2223 5492 2446 5548; x_wconf 84' lang='lat' dir='ltr'><strong>Numeri</strong></span> <span class='ocrx_word' id='word_1_895' title='bbox 2492 5492 2771 5551; x_wconf 86' lang='lat' dir='ltr'><strong>nominum</strong></span> <span class='ocrx_word' id='word_1_896' title='bbox 2818 5500 2952 5563; x_wconf 84' lang='lat' dir='ltr'><strong>quot</strong></span> <span class='ocrx_word' id='word_1_897' title='bbox 2997 5490 3160 5546; x_wconf 89' lang='lat' dir='ltr'><strong>sunt?</strong></span> <span class='ocrx_word' id='word_1_898' title='bbox 3182 5519 3254 5531; x_wconf 90' lang='lat'><strong>—-</strong></span> <span class='ocrx_word' id='word_1_899' title='bbox 3280 5486 3446 5548; x_wconf 74' lang='lat' dir='ltr'><strong>Suo.</strong></span> <span class='ocrx_word' id='word_1_900' title='bbox 3470 5492 3607 5553; x_wconf 87' lang='lat' dir='ltr'><strong>Duo.</strong></span> 
     </span>
    </p>
   </div>
   <div class='ocr_carea' id='block_1_114' title="bbox 2025 5582 3612 5655">
    <p class='ocr_par' dir='ltr' id='par_1_114' title="bbox 2025 5582 3612 5655">
     <span class='ocr_line' id='line_1_114' title="bbox 2025 5582 3612 5655; baseline 0.001 -14"><span class='ocrx_word' id='word_1_901' title='bbox 2025 5584 2349 5655; x_wconf 86' lang='lat' dir='ltr'><strong>Singularis,</strong></span> <span class='ocrx_word' id='word_1_902' title='bbox 2379 5594 2442 5640; x_wconf 92' lang='lat' dir='ltr'><strong>ut</strong></span> <span class='ocrx_word' id='word_1_903' title='bbox 2469 5585 2643 5640; x_wconf 83' lang='lat' dir='ltr'><strong>homo.</strong></span> <span class='ocrx_word' id='word_1_904' title='bbox 2671 5583 2925 5649; x_wconf 88' lang='lat' dir='ltr'><strong>Pluralis,</strong></span> <span class='ocrx_word' id='word_1_905' title='bbox 2974 5591 3033 5637; x_wconf 91' lang='lat' dir='ltr'><strong>ut</strong></span> <span class='ocrx_word' id='word_1_906' title='bbox 3066 5582 3325 5637; x_wconf 85' lang='lat' dir='ltr'><strong>homines.</strong></span> <span class='ocrx_word' id='word_1_907' title='bbox 3359 5582 3465 5639; x_wconf 88' lang='lat' dir='ltr'><strong>Sed</strong></span> <span class='ocrx_word' id='word_1_908' title='bbox 3499 5587 3612 5642; x_wconf 87' lang='lat' dir='ltr'><strong>sin-</strong></span> 
     </span>
    </p>
   </div>
   <div class='ocr_carea' id='block_1_115' title="bbox 2023 5671 3607 5751">
    <p class='ocr_par' dir='ltr' id='par_1_115' title="bbox 2023 5671 3607 5751">
     <span class='ocr_line' id='line_1_115' title="bbox 2023 5671 3607 5751; baseline 0 -18"><span class='ocrx_word' id='word_1_909' title='bbox 2023 5680 2226 5751; x_wconf 77' lang='lat' dir='ltr'><strong>gularis</strong></span> <span class='ocrx_word' id='word_1_910' title='bbox 2271 5694 2529 5734; x_wconf 89' lang='lat' dir='ltr'><strong>numerus</strong></span> <span class='ocrx_word' id='word_1_911' title='bbox 2578 5676 2760 5738; x_wconf 83' lang='lat' dir='ltr'><strong>finitus</strong></span> <span class='ocrx_word' id='word_1_912' title='bbox 2806 5685 2922 5739; x_wconf 86' lang='lat' dir='ltr'><strong>est;</strong></span> <span class='ocrx_word' id='word_1_913' title='bbox 2960 5674 3184 5746; x_wconf 88' lang='lat' dir='ltr'><strong>pluralis</strong></span> <span class='ocrx_word' id='word_1_914' title='bbox 3228 5671 3470 5731; x_wconf 87' lang='lat' dir='ltr'><strong>inﬁnitus</strong></span> <span class='ocrx_word' id='word_1_915' title='bbox 3504 5689 3607 5732; x_wconf 87' lang='lat' dir='ltr'><strong>est.</strong></span> 
     </span>
    </p>
   </div>
   <div class='ocr_carea' id='block_1_116' title="bbox 2025 5754 3608 5834">
    <p class='ocr_par' dir='ltr' id='par_1_116' title="bbox 2025 5754 3608 5834">
     <span class='ocr_line' id='line_1_116' title="bbox 2025 5754 3608 5834; baseline -0.002 -10"><span class='ocrx_word' id='word_1_916' title='bbox 2025 5771 2158 5825; x_wconf 80' lang='lat' dir='ltr'><strong>Cum</strong></span> <span class='ocrx_word' id='word_1_917' title='bbox 2188 5768 2309 5823; x_wconf 83' lang='lat' dir='ltr'><strong>dico</strong></span> <span class='ocrx_word' id='word_1_918' title='bbox 2339 5769 2511 5833; x_wconf 86' lang='lat' dir='ltr'><strong>homo,</strong></span> <span class='ocrx_word' id='word_1_919' title='bbox 2546 5754 2755 5829; x_wconf 59' lang='lat' dir='ltr'><strong>ceitum</strong></span> <span class='ocrx_word' id='word_1_920' title='bbox 2799 5776 2903 5834; x_wconf 91' lang='lat' dir='ltr'><strong>est,</strong></span> <span class='ocrx_word' id='word_1_921' title='bbox 2934 5782 3099 5823; x_wconf 90' lang='lat' dir='ltr'><strong>unum</strong></span> <span class='ocrx_word' id='word_1_922' title='bbox 3131 5779 3217 5819; x_wconf 90' lang='lat' dir='ltr'><strong>me</strong></span> <span class='ocrx_word' id='word_1_923' title='bbox 3254 5761 3608 5833; x_wconf 79' lang='lat' dir='ltr'><strong>signiﬁcasse.</strong></span> 
     </span>
    </p>
   </div>
  </div>
