4106 6492
560 297 665 357 867

1398 296 1455 353 Β.
1498 296 1559 352 F.
1603 294 1829 353 ALBlNl
1871 292 2001 350 εει]
2046 289 2321 348 ιιιιῖυιΝι
2360 290 2647 349 OPERUM
2687 290 2867 346 PARS
2909 291 3016 349 VII.

3743 289 3856 348 868

561 387 697 447 Cum
716 387 952 444 homines
993 385 1136 452 dico,
1188 386 1457 443 incertum
1507 394 1590 443 est
1644 387 1711 443 de
1746 394 1897 456 quot,
1929 383 2031 438 nisi
2056 380 2150 436 ad-
2181 386 2225 441 Δ
2254 398 2370 453 per,
2404 382 2502 455 [et]
2530 382 2779 438 solubilis
2804 382 3006 437 debent
3037 392 3159 436 esse
3188 380 3240 435 in
3279 380 3519 452 integras
3547 380 3853 447 dictiones;

560 476 712 546 dam,
758 477 966 543 decem,
1016 485 1257 543 centum,
1293 478 1470 544 mille,
1505 478 1586 533 vel
1628 477 1892 549 quotlibet
1924 494 1936 529 :
1969 489 2093 530 nam
2123 490 2155 529 a

560 568 777 627 duobus
802 569 870 624 ad
899 568 1321 625 innumerabiles
1344 571 1653 625 extenditur
1678 568 2024 638 signiﬁcatio.

632 658 735 717 Fs.
769 658 902 728 Qua:
928 659 1193 715 dictiones
1219 660 1421 714 habent
1446 660 1995 715 numeros?-—Suo.
2026 658 2156 724 Quae

556 763 823 823 personas
852 752 1052 807 habent
1081 770 1093 806 :
1124 748 1177 806 id
1205 760 1311 817 est,
1336 753 1578 816 nomina,
1604 750 1942 823 pronomina,
1968 750 2153 813 verba,

559 841 868 913 participia.
897 839 1003 907 Ut,
1030 840 1139 907 uir,
1176 842 1294 896 uiri.
1328 841 1441 912 Ego
1472 840 1584 911 lego
1604 882 1619 903 ,
1662 840 2017 912 nos'legimus.
2052 839 2156 895 Hic

558 922 757 1006 legens,
782 936 835 989 lii
860 933 1103 1004 legentes.
1135 934 1260 989 Ideo
1284 932 1514 1007 [autem]
1545 934 1754 988 inﬁnita
1784 933 1951 989 verba
1974 940 2030 987 et
2056 932 2157 986 im-

557 1023 863 1094 personalia
920 1033 1109 1079 carent
1162 1039 1409 1088 numero,
1458 1024 1585 1095 quia
1633 1037 1740 1078 non
1788 1023 1994 1079 habent
2026 1037 2151 1093 per-

559 1128 748 1169 sonas.

632 1204 732 1260 Fn.
766 1204 1018 1275 Nunquid
1060 1204 1313 1261 adverbia
1362 1220 1469 1259 non
1517 1205 1717 1261 habent
1764 1204 2059 1260 numeros?
2084 1232 2157 1243 -—

561 1294 730 1354 Suo.
762 1295 975 1353 Habent
1002 1316 1015 1350 ε
1048 1298 1142 1354 sed
1172 1299 1315 1353 inter
1352 1298 1653 1354 accidentia
1688 1299 1930 1353 adverbii
1968 1312 2156 1354 nume-

559 1404 656 1445 rus
682 1405 789 1443 non
821 1390 1040 1460 ponitur
1072 1409 1083 1445 :
1117 1399 1172 1446 et
1197 1391 1603 1447 indeclinabiles
1649 1402 1776 1447 sunt
1821 1390 2035 1446 numeri
2060 1388 2153 1444 ad-

557 1481 869 1536 verbiorum
899 1500 911 1535 :
937 1488 991 1537 et
1019 1481 1087 1535 ad
1108 1481 1436 1554 singularem
1459 1493 1514 1538 et
1535 1482 1649 1555 [ad]
1675 1482 1938 1552 pluralem
1964 1482 2154 1537 dictio-

560 1587 686 1627 nem
720 1587 872 1643 a-que
900 1573 1137 1643 ponitur,
1172 1582 1234 1629 ιιι
1263 1592 1278 1628 :
1306 1584 1385 1629 ter
1410 1573 1528 1644 feci,
1554 1584 1635 1629 ter
1656 1574 1896 1644 fecimus.

632 1662 733 1719 Fu.
764 1663 902 1732 Quid
952 1674 1066 1719 tum
1114 1664 1341 1720 interest
1366 1664 1510 1719 inter
1537 1678 1889 1719 numerorum
1932 1662 2150 1718 nomina

2257 473 2370 527 sive
2398 487 2460 526 ex
2497 473 2742 543 integris,
2771 471 2887 527 sive
2912 486 2981 525 ex
3009 471 3285 541 corruptis
3328 480 3743 542 componantur,
3791 480 3859 528 ut

2258 561 2582 628 respublica;
2625 577 2690 617 ex
2738 561 2948 618 duobus
2994 563 3283 632 corruptis,
3331 570 3412 629 ut,
3458 564 3751 634 parricida,
3779 580 3856 621 ex

2255 662 2468 723 parente
2526 653 2778 717 nomine,
2835 663 2890 708 et
2943 652 3142 707 credere
3196 654 3383 708 verbo.
3436 651 3856 725 Magnanimitas

2260 744 2451 817 [Edit.,
2499 743 2890 817 magnanimus]
2937 746 2983 801 si
3018 746 3171 811 dico,
3205 761 3235 800 a
3273 762 3465 815 magno
3492 754 3549 802 et
3579 747 3858 803 animitate

2253 849 2377 891 esse
2400 836 2757 906 compositum
2783 851 2886 890 non
2909 845 3085 906 potest
3105 851 3244 902 esse,
3270 837 3395 906 quia
3417 838 3670 894 animitas
3691 837 3852 910 ille,

2257 924 2497 997 nimitas]
2530 925 2862 997 intelligibile
2904 943 3013 982 non
3041 936 3127 982 est
3158 945 3172 960 ο
3203 929 3325 983 ideo
3360 946 3583 987 necesse
3607 941 3691 986 est
3718 941 3778 987 ut
3815 946 3853 988 δ

2256 1016 2580 1084 composito,
2608 1017 2661 1070 id
2692 1026 2774 1072 cst
2802 1019 3163 1089 magnanimo.
3204 1020 3273 1075 sit
3297 1020 3599 1077 derivatum
3624 1037 3857 1097 magna-

2256 1108 2497 1163 nimitas.

2326 1199 2367 1256 Γ
2373 1216 2426 1255 ιι.
2451 1198 2593 1267 Quot
2641 1200 2817 1257 modis
2858 1211 3255 1273 componuntur
3299 1206 3555 1261 nomina?
3580 1237 3651 1247 -—
3676 1206 3851 1263 Saxo.

2255 1287 2515 1355 Quatuor.
2566 1290 2646 1345 Ex
2689 1290 2900 1347 duobus
2934 1291 3180 1365 integris,
3222 1303 3282 1349 ut
3322 1295 3726 1366 jusjurandum.
3769 1298 3857 1354 Ex

2255 1379 2464 1435 duobus
2488 1380 2780 1452 corruptis,
2810 1390 2873 1435 ιιι
2898 1383 3185 1454 parricida.
3224 1385 3300 1439 Es
3334 1387 3546 1456 integro
3579 1398 3633 1441 et
3659 1403 3856 1445 corru-

2254 1477 2367 1541 pto,
2407 1478 2465 1525 nt
2507 1470 2772 1527 inimicas.
2807 1472 2885 1528 Ex
2919 1484 3176 1545 corrupto
3212 1484 3268 1531 et
3291 1478 3523 1549 integro,
3549 1489 3609 1535 ut
3632 1480 3856 1550 efferus.

2324 1563 2422 1619 Fu.
2452 1564 2588 1621 Cum
2613 1566 2811 1637 quibus
2835 1567 3080 1638 partibus
3095 1580 3494 1639 componuntur
3514 1572 3733 1628 nomina
3746 1573 3861 1627 2-

2254 1655 2418 1713 Saxo.
2447 1656 2585 1713 Cum
2612 1659 2863 1715 omnibus
2888 1670 3087 1730 pra-ter
3106 1658 3554 1729 interiectionem.
3586 1662 3721 1718 Cum
3748 1679 3857 1720 no-

560 1759 963 1818 indecliuabilia
990 1768 1045 1814 et
1089 1760 1232 1815 inter
1255 1758 1547 1815 adverbia?
1569 1788 1642 1800 —-
1671 1757 1838 1815 Suo.
1879 1757 2032 1826 Quod
2059 1757 2156 1812 ad-
2185 1739 2231 1802 Β
2259 1752 2404 1807 mine
2433 1751 2630 1824 [Εάὶιη
2668 1752 3019 1826 nominibuS].
3048 1762 3107 1808 ut
3131 1755 3534 1826 paterfamilias.
3565 1756 3701 1814 Cum
3724 1774 3861 1831 pro-

564 1853 751 1912 verbia
774 1860 831 1908 et
858 1850 1223 1924 singularibus
1245 1857 1300 1905 et
1320 1849 1622 1922 pluralibus
1648 1848 1899 1905 similiter
1918 1848 2155 1919 jungun—

563 1951 671 2001 tur.
716 1943 785 2000 Ut
818 1960 831 1997 :
862 1942 1052 1997 millies
1092 1941 1237 2007 dixi,
1290 1950 1347 1997 et
1392 1940 1579 1997 millies
1632 1941 1883 1996 diximus.
1926 1938 2155 1995 Nomina

558 2048 693 2090 vero
719 2051 826 2089 non
865 2032 973 2089 nisi
1003 2032 1321 2103 pluralibus,
1348 2040 1430 2099 ut,
1458 2030 1600 2086 mille
1621 2031 1856 2086 homines
1896 2031 2148 2085 diximus.

632 2124 730 2180 Fu.
779 2122 988 2179 Suntne
1046 2121 1226 2194 aliqua
1265 2121 1483 2179 nomina
1529 2137 1650 2191 qua:
1691 2136 1799 2175 una
1844 2119 2153 2176 litteratura

558 2225 818 2287 utrosque
857 2215 1057 2270 habent
1104 2214 1398 2270 numeros?
1422 2244 1494 2256 —-
1518 2213 1685 2271 Suo.
1726 2210 1884 2269 Sunt.
1931 2211 2068 2268 Nam
2096 2213 2151 2268 in

558 2309 733 2379 prima
773 2308 1135 2363 declinatione
1170 2305 1476 2380 [genitivus
1512 2313 1567 2361 et
1599 2306 1814 2363 dativus
1852 2305 2155 2377 singulares

560 2398 717 2472 [Ed.,
748 2400 964 2470 generis
990 2399 1160 2455 dativi
1188 2397 1502 2473 singularis]
1535 2415 1641 2455 una
1670 2414 1803 2454 voce
1826 2414 1950 2454 cum
1977 2398 2153 2455 nomi-

558 2494 744 2550 nativo
785 2502 841 2550 et
872 2494 1121 2550 vocativo
1156 2492 1351 2565 plurali
1398 2490 1793 2566 proferuntur:
1824 2503 1884 2547 ut
1911 2494 2072 2564 hujus
2097 2501 2153 2548 et

555 2586 681 2642 huic
726 2596 912 2658 poeta',
955 2584 1046 2659 [ut
1090 2587 1146 2642 lii
1178 2594 1287 2641 eto
1311 2585 1531 2659 poetic].
1562 2586 1633 2642 Et
1676 2586 1731 2641 in
1766 2586 2021 2642 omnibus
2050 2587 2153 2642 hoc

557 2676 700 2735 idem
723 2678 966 2734 invenies
989 2677 1440 2733 declinationibus
1460 2677 1776 2749 saepissime.
1804 2676 1862 2732 In
1890 2677 2146 2732 secunda:

556 2777 617 2825 ut
644 2769 807 2841 hujus
837 2768 977 2825 docti
1002 2776 1057 2825 et
1087 2769 1143 2823 Ιιὲ
1168 2768 1329 2823 docti.
1356 2767 1563 2833 Tertia,
1604 2767 1716 2822 haec
1753 2766 1938 2831 cades,
1974 2776 2030 2822 et
2068 2766 2152 2824 lue

554 2858 746 2915 caedes.
778 2857 1008 2926 Quarta,
1039 2858 1124 2912 hic
1144 2859 1339 2927 ﬂuctus
1364 2864 1421 2913 et
1446 2856 1606 2928 hujus
1630 2856 1823 2926 ﬂuctus
1852 2873 1869 2910 :
1898 2855 1952 2908 hi
1974 2861 2029 2909 et
2055 2856 2149 2909 hes

550 2959 612 3007 et
638 2968 669 3007 ο
693 2952 887 3024 [luctus
918 2967 934 3005 :
970 2967 1031 3006 us
1064 2950 1328 3022 producta
1375 2947 1433 3006 in
1478 2948 1731 3005 omnibus
1775 2948 1862 3003 liis
1910 2947 2146 3002 casibus.

554 3044 778 3113 Quinta,
808 3051 887 3110 ut,
925 3045 1037 3098 lure
1081 3059 1183 3107 res,
1214 3050 1271 3098 et
1295 3059 1326 3097 ο
1358 3055 1481 3097 res:
1511 3041 1594 3097 har
1616 3048 1671 3095 et
1690 3040 1786 3095 lias
1811 3048 1866 3093 et
1893 3056 1922 3094 ο
1958 3056 2058 3093 res.
2087 3038 2146 3094 lu

552 3136 970 3209 pronominibus
1016 3149 1233 3204 quoque
1276 3141 1332 3188 et
1372 3130 1673 3205 participiis
1731 3130 1970 3186 invenies
2016 3145 2148 3186 voce

549 3228 881 3292 communia,
906 3234 966 3282 ιιι
986 3225 1083 3287 illi,
1108 3225 1218 3291 isti,
1243 3225 1367 3295 ipsi,
1396 3224 1563 3282 dativi
1589 3222 1879 3295 singularis
1901 3230 1957 3277 et
1975 3220 2145 3276 nomi-

552 3320 722 3377 nativi
752 3318 995 3391 pluralis.
1022 3318 1081 3374 In
1101 3318 1403 3388 participiis
1429 3316 1647 3373 mobilia
1668 3316 1849 3371 omnia
1877 3316 1929 3368 in
1957 3313 2143 3370 eadem

552 3428 688 3467 voce
716 3412 916 3466 habent
936 3408 1195 3466 feminina
1219 3410 1270 3465 in
1295 3409 1553 3482 singulari
1575 3407 1909 3463 nominativo
1933 3414 1989 3462 et
2014 3421 2147 3460 neu-

552 3504 710 3562 tralia
737 3504 790 3559 in
819 3502 1034 3574 plurali,
1063 3511 1123 3557 ut
1143 3504 1255 3556 lure
1276 3504 1475 3556 victura
1498 3498 1712 3569 femina,
1738 3506 1792 3553 et
1812 3496 1923 3552 lucc
1946 3499 2146 3554 ﬁctura

548 3593 827 3650 diuinatio.
857 3592 915 3649 In
946 3593 1127 3648 verbis
1169 3608 1298 3648 vero
1339 3592 1484 3646 nulla
1520 3606 1626 3647 vox
1677 3599 1762 3646 est
1788 3606 1910 3660 qua:
1953 3588 2145 3647 eadem

551 3686 723 3759 possit
754 3701 875 3742 esse
905 3686 958 3740 in
986 3684 1247 3756 singulari
1274 3699 1500 3740 numero
1525 3693 1582 3740 et
1602 3683 1817 3754 plurali.

623 3777 722 3833 Fu.
757 3776 911 3834 Unde
930 3777 1110 3848 aliqua
1132 3778 1372 3841 nomina,
1399 3775 1541 3831 sicut
1562 3775 1614 3830 in
1642 3776 1853 3830 Donato
1877 3774 1981 3846 legi
2004 3787 2145 3829 sem-

548 3882 651 3939 per
666 3867 964 3939 singularia
987 3876 1132 3933 sunt,
1155 3876 1213 3923 et
1238 3867 1342 3923 alia
1371 3882 1587 3937 semper
1613 3865 1840 3938 pluralia
1854 3864 1958 3921 3——
1975 3866 2141 3921 Suo.

550 3958 777 4027 Natura,
813 3961 897 4017 vel
920 3977 1040 4017 usu.
1072 3961 1294 4023 Natura,
1325 3969 1385 4014 ut
1411 3960 1647 4032 propria,
1681 3974 1802 4030 qum
1826 3959 2147 4016 naturaliter

551 4051 824 4106 individua
850 4061 993 4116 sunt,
1024 4060 1082 4106 ut
1114 4051 1323 4113 Hector,
1358 4050 1622 4115 Achilles;
1650 4047 1751 4113 sol,
1782 4048 1930 4115 luna,
1957 4047 2140 4116 Italia,

554 4141 755 4197 Sicilia.
799 4142 929 4208 l'su,
954 4152 1012 4197 ιιι
1038 4144 1275 4212 sanguis,
1310 4142 1502 4212 pulvis,
1536 4140 1651 4206 lux,
1681 4141 1807 4194 vita.
1844 4140 1978 4196 Item
2023 4155 2146 4211 quae

553 4234 621 4288 avl
647 4233 854 4303 pondus
884 4233 967 4288 vel
993 4249 1305 4291 mensuram
1337 4233 1631 4303 pertinent,
1667 4232 1963 4301 singularia
1993 4239 2143 4298 sunt,

553 4332 615 4379 ut
659 4341 871 4386 aurum,
921 4325 1175 4389 triticum,
1225 4335 1330 4381 etc.
1381 4325 1647 4380 Similiter
1678 4333 1870 4383 natura
1916 4326 1999 4381 vel
2043 4341 2145 4382 usu

551 4419 799 4490 quaedam
845 4427 971 4473 sunt
1013 4435 1227 4489 semper
1262 4418 1489 4490 pluralia
1526 4434 1541 4472 :
1576 4426 1790 4484 natura,
1821 4427 1880 4473 ut
1911 4416 2137 4486 Gemini,

549 4510 735 4581 pisces,
768 4510 822 4565 in
852 4510 1007 4563 creto.
1036 4510 1169 4573 Usu,
1204 4518 1263 4564 ut
1295 4527 1468 4573 arma,
1495 4511 1705 4576 maznia,
1728 4512 1993 4575 nundime,
2027 4510 2136 4567 Ka-

550 4602 743 4660 lendis.
790 4602 923 4659 Nam
980 4620 1078 4673 per
1120 4603 1301 4659 omnia
1354 4619 1551 4675 genera
1604 4604 1846 4661 invenies
1893 4605 2141 4674 quaedam

547 4710 766 4768 semper
801 4695 1117 4766 singularia,
1164 4695 1409 4765 quaedam
1456 4711 1674 4766 semper
1718 4696 1969 4767 pluralia,
2020 4713 2143 4769 quas

550 4787 730 4846 studio
758 4788 1040 4844 brevitatis
1060 4788 1218 4843 nobis
1239 4786 1699 4857 praetermittenda
1724 4800 1843 4842 esse
1872 4802 2012 4841 reor.

1140 4940 1227 4997 DE
1262 4938 1559 4998 FlGURlS.

622 5070 726 5132 In.
755 5075 873 5132 Fiat
906 5084 967 5132 ut
1006 5075 1111 5141 vis,
1137 5075 1241 5133 etsi
1273 5092 1380 5133 non
1411 5076 1605 5141 libens,
1637 5085 1814 5132 tamen
1839 5079 2140 5133 consentio.

556 5166 665 5223 Sed
694 5166 760 5223 de
794 5167 977 5239 ﬁguris
1009 5166 1362 5239 disputemus.
1394 5167 1462 5222 Et
1485 5168 1661 5240 primo
1700 5168 1787 5223 dic
1811 5169 1939 5237 quid
1965 5169 2035 5223 sit
2055 5170 2143 5223 in-

556 5268 643 5314 ter
670 5257 928 5328 ﬁguratas
955 5258 1217 5314 dictiones
1240 5267 1295 5314 et
1319 5258 1681 5315 derivativas?
1701 5290 1771 5299 —
1795 5259 1959 5315 Suo.
1988 5260 2143 5328 Quod

556 5351 801 5423 ﬁgurata:
822 5350 1084 5404 dictiones
1101 5359 1191 5405 aut
1217 5348 1491 5420 simplices
1514 5358 1660 5415 sunt,
1683 5359 1744 5405 ut
1768 5367 2025 5421 magnus;
2051 5359 2146 5406 aut

556 5440 886 5509 compositae,
912 5449 970 5494 ut
999 5440 1382 5510 magnanimus.
1416 5439 1738 5495 Derivativre
1764 5450 1941 5497 autem
1964 5444 2143 5497 asim-

557 5531 683 5602 plici
714 5531 929 5585 nomine
957 5530 1295 5594 derivantur,
1321 5538 1381 5585 ut
1408 5546 1437 5585 a
1463 5530 1550 5602 pio
1578 5531 1779 5601 pietas;
1814 5543 1906 5587 aut
1933 5548 1963 5586 a
1988 5547 2137 5588 com-

559 5623 755 5695 posito,
787 5630 848 5677 ut
881 5638 911 5676 a
949 5622 1283 5693 magnanimo
1313 5624 1751 5691 magnanimitas,
1784 5639 1904 5695 qute
1929 5624 2144 5679 decem-

557 5716 734 5790 posita
764 5716 1032 5773 dicuntur.
1064 5715 1372 5785 Composita
1398 5714 1589 5789 [enim]
1622 5715 1970 5789 intelligibilia
2003 5729 2145 5771 sem-

2257 1843 2490 1904 nomine.
2523 1854 2579 1899 ut
2613 1843 2918 1899 illiusmodi.
2957 1845 3124 1917 2'78
3156 1845 3290 1903 Cum
3315 1850 3501 1916 verbo,
3532 1859 3591 1906 ut
3612 1850 3849 1925 Lucifer.

2254 1936 2387 1992 Cum
2419 1937 2698 2003 adverbio,
2732 1946 2790 1992 ut
2815 1937 3130 2008 satisfactio.
3164 1937 3301 1996 Cum
3327 1941 3639 2013 participio,
3662 1945 3848 2015 ntple-

2255 2027 2513 2082 biseitum.
2544 2028 2679 2083 Cum
2710 2028 3113 2098 conjunctione,
3138 2038 3198 2087 ut
3224 2040 3458 2103 uterque.
3482 2031 3620 2089 Cum
3640 2048 3846 2107 prapo-

2254 2119 2464 2183 sitione,
2497 2129 2557 2175 ut
2588 2119 2841 2191 perﬁdus.

2325 2211 2422 2266 Fs.
2454 2212 2500 2267 A
2533 2220 2667 2281 quot
2706 2212 3031 2270 dictionibus
3063 2225 3464 2286 componuntur
3484 2218 3751 2275 nomina?
3777 2250 3855 2264 —

2253 2304 2420 2362 Suo.
2449 2303 2496 2360 Α
2530 2306 2761 2370 duabus,
2795 2314 2857 2362 ut
2884 2309 3183 2380 septentrio.
3226 2308 3274 2365 Α
3298 2310 3495 2375 tribus,
3528 2320 3587 2367 ut
3621 2313 3854 2386 inexpu-

2250 2398 2495 2468 gnabilis.
2526 2397 2621 2454 Vel
2642 2415 2673 2453 a
2700 2399 3072 2471 compluribus
3091 2398 3246 2473 [Hs.,
3272 2403 3343 2458 ab
3363 2403 3765 2481 amplioribus],
3792 2414 3857 2463 ut

2251 2490 2774 2562 cujuscunquemodi.

2322 2580 2420 2635 Fu.
2463 2580 2744 2648 Quomodo
2779 2582 3121 2641 declinantur
3160 2586 3458 2656 composita
3491 2589 3709 2643 nomina
3731 2589 3853 2643 l—

2252 2671 2419 2728 Suo.
2455 2672 2512 2728 Si
2545 2690 2609 2729 ex
2646 2676 2978 2732 nominativo
3015 2686 3073 2733 et
3104 2677 3324 2748 obliquo
3350 2694 3480 2734 casu
3505 2695 3851 2748 componun-

2251 2775 2362 2832 tur,
2394 2781 2459 2821 ea
2486 2777 2768 2837 partequa
2794 2767 3159 2825 nominativus
3184 2783 3345 2824 casus
3370 2777 3480 2835 est,
3510 2769 3853 2826 declinantur

2251 2858 2402 2931 [nam
2425 2858 2563 2913 alter
2587 2874 2748 2913 casus
2782 2875 2886 2915 non
2913 2859 3263 2932 declinatur],
3292 2871 3349 2915 ut
3381 2860 3472 2917 hic
3494 2861 3850 2932 tribunusple-

2250 2948 2343 3011 bis,
2378 2946 2537 3018 hujus
2566 2947 2946 3018 trilmniplcbis,
2974 2948 3092 3005 huic
3120 2949 3512 3020 tribunoplelvis.
3542 2947 3598 3005 Si
3625 2967 3688 3005 ex
3714 2950 3850 3007 dno-

2253 3041 2352 3095 bus
2386 3040 2753 3103 nominativis,
2778 3041 3031 3112 utrinque
3059 3041 3421 3107 declinantur,
3450 3054 3508 3098 ut
3542 3044 3639 3097 hoc
3656 3044 3844 3114 jusju-

2254 3131 2502 3192 randum,
2533 3131 2689 3199 lmjus
2703 3129 3084 3201 jurisjurandi,
3114 3133 3236 3186 huic
3254 3131 3623 3203 juriiurando.
3656 3134 3753 3188 Sin
3776 3149 3847 3189 ex

2248 3220 2459 3275 duobus
2492 3220 2724 3289 obliquis
2752 3230 3172 3292 componuntur,
3200 3232 3442 3289 manent,
3481 3223 3847 3280 indeclinabiu

2248 3312 2341 3378 lia,
2374 3321 2433 3368 ut
2457 3314 2780 3385 hujusmodi,
2821 3315 3141 3381 istiusmodi,
3182 3316 3461 3386 ejusmodi.
3499 3315 3848 3387 Componuno

2251 3416 2339 3461 tur
2362 3421 2575 3476 quoque
2612 3407 2904 3477 singularia
2930 3422 3053 3463 cum
3084 3408 3399 3478 pluralibus,
3435 3416 3493 3461 ut
3519 3407 3664 3462 orbis
3686 3419 3847 3464 terra!

2250 3508 2303 3554 et
2330 3498 2471 3553 orbis
2496 3509 2777 3554 terrarum.
2802 3500 3039 3557 Possunt
3063 3511 3243 3557 tamen
3271 3504 3383 3558 lucc
3406 3501 3600 3557 eadem
3624 3517 3845 3575 compo-

2249 3591 2352 3647 sita
2377 3591 2542 3656 etiam
2571 3600 2817 3661 separata
2843 3608 2984 3659 esse,
3013 3596 3057 3648 si
3086 3594 3333 3650 diversos
3359 3604 3617 3650 accentus
3639 3595 3727 3651 bis
3753 3594 3845 3651 de-

2250 3682 2414 3748 deris,
2468 3692 2529 3737 ut
2570 3701 2649 3739 res
2678 3686 2906 3753 publica,
2936 3686 3021 3741 vel
3047 3685 3093 3743 si
3124 3686 3563 3758 coniunctionem
3605 3687 3845 3758 interpo-

2249 3790 2369 3838 nas,
2398 3784 2455 3828 ιιι
2486 3775 2829 3847 tribunusque
2851 3776 3037 3847 plebis.

2319 3863 2419 3919 Fn.
2448 3865 2719 3923 Accentus
2741 3870 3052 3939 compositae
3077 3870 3263 3940 ﬁgura:
3292 3870 3564 3941 quomodo
3593 3868 3838 3924 ῐίιιιιιῖ-η-

2249 3956 2415 4014 Suo.
2449 3958 2553 4013 Per
2574 3975 2765 4016 omnes
2794 3977 2953 4017 casus
2977 3970 3032 4016 et
3062 3976 3159 4031 per
3193 3978 3385 4018 omnes
3421 3962 3842 4032 compositiones

2249 4065 2463 4123 semper
2484 4051 2584 4105 sub
2601 4068 2711 4106 uno
2731 4063 2955 4107 accentu
2978 4054 3349 4124 proferuntur,
3372 4062 3431 4108 ut
3436 4052 3843 4124 jusjurandum,

2240 4143 2624 4213 jurisjuramli,
2651 4144 3175 4215 cujuscunqucmodi.
3207 4146 3367 4199 Verte
3400 4152 3471 4208 te,
3515 4143 3746 4208 France,
3774 4143 3841 4198 ad

2248 4248 2426 4297 casus,
2460 4234 2589 4304 quia
2627 4235 2692 4289 de
2732 4235 2917 4306 liguris
2941 4235 3107 4289 habes
3128 4236 3272 4305 quod
3303 4235 3569 4305 quzesisti.

2322 4324 2421 4380 Fn.
2458 4323 2703 4389 V'ertam,
2734 4334 2789 4379 et
2814 4326 2972 4381 ltetus
3005 4335 3238 4390 vertam,
3278 4326 3403 4396 quia
3432 4326 3662 4395 placitas
3686 4324 3836 4381 milii-

2250 4425 2365 4472 met
2394 4416 2634 4473 rationes
2665 4418 2937 4487 protulisti
2963 4418 3030 4472 de
3054 4417 3263 4490 ﬁguris.

2828 4574 2913 4630 DE
2951 4574 3262 4633 CASIBUS.

2320 4706 2504 4763 Primo
2536 4709 2667 4765 mihi
2698 4709 2926 4780 explana
2956 4712 3095 4768 unde
3125 4728 3283 4768 casus
3312 4713 3545 4769 dicatur.
3572 4743 3643 4755 --
3673 4713 3837 4770 Suo.

2246 4800 2419 4857 Casus
2453 4802 2639 4871 utique
2685 4819 2716 4858 a
2766 4803 3008 4858 cadendo
3047 4805 3263 4870 dicitur,
3291 4807 3417 4875 quia
3444 4806 3513 4859 ab
3544 4807 3647 4861 hoc
3680 4822 3839 4862 sensu

2248 4892 2394 4947 cadit
2423 4892 2476 4947 in
2507 4891 2676 4955 illum,
2700 4893 2785 4948 vel
2806 4893 2873 4947 ab
2896 4894 3000 4949 bac
3022 4896 3401 4951 terminatione
3421 4896 3566 4951 cadit
3590 4898 3642 4951 in
3671 4896 3836 4957 illam.

2321 4985 2420 5040 Fu.
2458 4985 2584 5041 Scio
2604 4999 2700 5041 sex
2724 5000 2846 5041 esse
2867 5001 3061 5052 casus;
3096 4987 3188 5042 sed
3218 4988 3553 5059 singulorum
3576 4990 3841 5059 interpre-

2251 5078 2484 5133 tationes
2526 5076 2689 5133 velim
2740 5078 2977 5149 pandere
3022 5088 3107 5144 te,
3146 5095 3179 5134 ο
3209 5078 3373 5135 Saxo.
3404 5111 3471 5120 —
3500 5078 3665 5137 Suo.
3698 5081 3842 5141 Bene

2249 5171 2348 5225 vis.
2391 5170 2605 5226 Primus
2630 5171 3013 5235 nominativus,
3058 5174 3182 5244 quia
3212 5188 3310 5243 per
3334 5174 3509 5244 ipsum
3540 5175 3837 5232 nominatio

2251 5261 2329 5316 ﬁt.
2362 5262 2466 5317 iste
2503 5262 2702 5317 dicitur
2737 5271 2794 5318 et
2837 5272 3037 5323 rectus.
3076 5266 3201 5334 quia
3226 5265 3433 5334 primus
3459 5280 3489 5319 a
3518 5276 3711 5321 natura
3738 5248 3836 5322 na-

2247 5356 2436 5419 scitur,
2463 5356 2604 5410 etab
2626 5370 2693 5411 eo
2708 5353 2850 5411 facta
2875 5355 3163 5413 inﬂexione
3182 5366 3481 5413 nascuntur
3500 5357 3611 5413 alii.
3636 5356 3838 5416 Deinde

2244 5446 2533 5516 genitivus,
2556 5448 2681 5517 quia
2695 5462 2793 5518 per
2810 5448 2983 5519 ipsum
3006 5464 3176 5519 genus
3197 5448 3583 5519 signiﬁcamus,
3604 5458 3663 5503 nt
3675 5465 3836 5521 genus

2246 5546 2319 5589 est
2351 5533 2557 5591 Priami
2606 5535 2822 5593 Hector.
2852 5536 2958 5594 Iste
3001 5555 3213 5611 quoque
3242 5540 3545 5611 appellatur
3571 5544 3834 5611 possessiv

2249 5640 2363 5689 vus,
2396 5643 2461 5681 eo
2483 5626 2624 5698 quod
2663 5632 3061 5698 possessionem
3086 5647 3304 5702 semper
3337 5648 3433 5705 per
3462 5634 3637 5705 ipsum
3666 5634 3831 5705 signi-

2220 5716 2492 5782 ﬁcamus,
2533 5725 2616 5784 ut,
2660 5715 2863 5775 Priami
2889 5736 3124 5793 regnum.
3153 5720 3282 5777 Post
3308 5723 3452 5778 hunc
3486 5722 3700 5779 dativus
3729 5731 3827 5786 est.
