  <div class='ocr_page' id='page_1' title='image "/cluster/home/n/w/nwhite01/storage/ocr_20150623/101/umn.31951002477394h/448.png"; bbox 0 0 4106 6528; ppageno 0'>
   <div class='ocr_carea' id='block_1_1' title="bbox 348 353 457 414">
    <p class='ocr_par' dir='ltr' id='par_1_1' title="bbox 348 353 457 414">
     <span class='ocr_line' id='line_1_1' title="bbox 348 353 457 414; baseline 0 0"><span class='ocrx_word' id='word_1_1' title='bbox 348 353 457 414; x_wconf 72' lang='lat'><strong>889</strong></span> 
     </span>
    </p>
   </div>
   <div class='ocr_carea' id='block_1_2' title="bbox 1423 351 2510 414">
    <p class='ocr_par' dir='ltr' id='par_1_2' title="bbox 1423 351 2510 414">
     <span class='ocr_line' id='line_1_2' title="bbox 1423 351 2510 414; baseline -0.003 0"><span class='ocrx_word' id='word_1_2' title='bbox 1423 353 1896 414; x_wconf 48' lang='lat' dir='ltr'><strong>DIDASCALICA.</strong></span> <span class='ocrx_word' id='word_1_3' title='bbox 1930 382 1996 392; x_wconf 91' lang='lat'><strong>——</strong></span> <span class='ocrx_word' id='word_1_4' title='bbox 2034 351 2510 412; x_wconf 70' lang='lat' dir='ltr'><strong>CBAMMATICA.</strong></span> 
     </span>
    </p>
   </div>
   <div class='ocr_carea' id='block_1_3' title="bbox 3520 359 3623 417">
    <p class='ocr_par' dir='ltr' id='par_1_3' title="bbox 3520 359 3623 417">
     <span class='ocr_line' id='line_1_3' title="bbox 3520 359 3623 417; baseline -0.039 0"><span class='ocrx_word' id='word_1_5' title='bbox 3520 359 3623 417; x_wconf 78' lang='lat'><strong>870</strong></span> 
     </span>
    </p>
   </div>
   <div class='ocr_carea' id='block_1_4' title="bbox 346 467 3624 550">
    <p class='ocr_par' dir='ltr' id='par_1_4' title="bbox 346 467 3624 550">
     <span class='ocr_line' id='line_1_4' title="bbox 346 467 3624 550; baseline -0.001 -18"><span class='ocrx_word' id='word_1_6' title='bbox 346 475 500 550; x_wconf 89' lang='lat' dir='ltr'><strong>quia</strong></span> <span class='ocrx_word' id='word_1_7' title='bbox 538 474 716 532; x_wconf 78' lang='lat' dir='ltr'><strong>dando</strong></span> <span class='ocrx_word' id='word_1_8' title='bbox 747 473 963 540; x_wconf 90' lang='lat' dir='ltr'><strong>dicitur,</strong></span> <span class='ocrx_word' id='word_1_9' title='bbox 1012 472 1326 545; x_wconf 72' lang='lat' dir='ltr'><strong>significans</strong></span> <span class='ocrx_word' id='word_1_10' title='bbox 1372 474 1578 546; x_wconf 88' lang='lat' dir='ltr'><strong>aliquid</strong></span> <span class='ocrx_word' id='word_1_11' title='bbox 1626 491 1726 529; x_wconf 87' lang='lat' dir='ltr'><strong>nos</strong></span> <span class='ocrx_word' id='word_1_12' title='bbox 1776 473 1928 540; x_wconf 77' lang='lat' dir='ltr'><strong>dare,</strong></span> <span class='ocrx_word' id='word_1_13' title='bbox 1963 475 2000 532; x_wconf 71' lang='grc' dir='ltr'><strong>Α</strong></span> <span class='ocrx_word' id='word_1_14' title='bbox 2045 470 2405 543; x_wconf 84' lang='lat' dir='ltr'><strong>nominativo]</strong></span> <span class='ocrx_word' id='word_1_15' title='bbox 2435 480 2489 526; x_wconf 84' lang='lat' dir='ltr'><strong>et</strong></span> <span class='ocrx_word' id='word_1_16' title='bbox 2517 469 2785 528; x_wconf 80' lang='lat' dir='ltr'><strong>ablativus</strong></span> <span class='ocrx_word' id='word_1_17' title='bbox 2814 467 2868 526; x_wconf 91' lang='lat' dir='ltr'><strong>ln</strong></span> <span class='ocrx_word' id='word_1_18' title='bbox 2896 489 2928 524; x_wconf 88' lang='lat' dir='ltr'><strong>a</strong></span> <span class='ocrx_word' id='word_1_19' title='bbox 2951 467 3212 545; x_wconf 86' lang='lat' dir='ltr'><strong>[longam]</strong></span> <span class='ocrx_word' id='word_1_20' title='bbox 3251 472 3520 530; x_wconf 82' lang='lat' dir='ltr'><strong>desinunt.</strong></span> <span class='ocrx_word' id='word_1_21' title='bbox 3553 473 3624 532; x_wconf 82' lang='lat' dir='ltr'><strong>l&#39;t</strong></span> 
     </span>
    </p>
   </div>
   <div class='ocr_carea' id='block_1_5' title="bbox 345 565 1932 640">
    <p class='ocr_par' dir='ltr' id='par_1_5' title="bbox 345 565 1932 640">
     <span class='ocr_line' id='line_1_5' title="bbox 345 565 1932 640; baseline -0.002 -15"><span class='ocrx_word' id='word_1_22' title='bbox 345 577 425 636; x_wconf 88' lang='lat' dir='ltr'><strong>ut,</strong></span> <span class='ocrx_word' id='word_1_23' title='bbox 449 569 520 624; x_wconf 79' lang='lat' dir='ltr'><strong>do</strong></span> <span class='ocrx_word' id='word_1_24' title='bbox 545 567 637 623; x_wconf 85' lang='lat' dir='ltr'><strong>tibi</strong></span> <span class='ocrx_word' id='word_1_25' title='bbox 677 566 825 622; x_wconf 79' lang='lat' dir='ltr'><strong>illam</strong></span> <span class='ocrx_word' id='word_1_26' title='bbox 853 583 994 632; x_wconf 86' lang='lat' dir='ltr'><strong>rem;</strong></span> <span class='ocrx_word' id='word_1_27' title='bbox 1020 567 1112 638; x_wconf 87' lang='lat' dir='ltr'><strong>qui</strong></span> <span class='ocrx_word' id='word_1_28' title='bbox 1141 575 1196 622; x_wconf 86' lang='lat' dir='ltr'><strong>et</strong></span> <span class='ocrx_word' id='word_1_29' title='bbox 1236 567 1574 622; x_wconf 89' lang='lat' dir='ltr'><strong>mandativus</strong></span> <span class='ocrx_word' id='word_1_30' title='bbox 1604 565 1758 640; x_wconf 63' lang='lat' dir='ltr'><strong>[,lls.,</strong></span> <span class='ocrx_word' id='word_1_31' title='bbox 1783 583 1932 622; x_wconf 48' lang='lat' dir='ltr'><strong>romn</strong></span> 
     </span>
    </p>
   </div>
   <div class='ocr_carea' id='block_1_6' title="bbox 343 655 1932 731">
    <p class='ocr_par' dir='ltr' id='par_1_6' title="bbox 343 655 1932 731">
     <span class='ocr_line' id='line_1_6' title="bbox 343 655 1932 731; baseline -0.003 -15"><span class='ocrx_word' id='word_1_32' title='bbox 343 657 710 731; x_wconf 78' lang='lat' dir='ltr'><strong>mendativus]</strong></span> <span class='ocrx_word' id='word_1_33' title='bbox 761 656 993 724; x_wconf 86' lang='lat' dir='ltr'><strong>dicitur,</strong></span> <span class='ocrx_word' id='word_1_34' title='bbox 1028 664 1116 723; x_wconf 89' lang='lat' dir='ltr'><strong>ut,</strong></span> <span class='ocrx_word' id='word_1_35' title='bbox 1165 655 1472 714; x_wconf 82' lang='lat' dir='ltr'><strong>commendo</strong></span> <span class='ocrx_word' id='word_1_36' title='bbox 1535 656 1734 711; x_wconf 75' lang='lat' dir='ltr'><strong>homini</strong></span> <span class='ocrx_word' id='word_1_37' title='bbox 1786 656 1932 712; x_wconf 80' lang='lat' dir='ltr'><strong>illam</strong></span> 
     </span>
    </p>
   </div>
   <div class='ocr_carea' id='block_1_7' title="bbox 347 747 1929 819">
    <p class='ocr_par' dir='ltr' id='par_1_7' title="bbox 347 747 1929 819">
     <span class='ocr_line' id='line_1_7' title="bbox 347 747 1929 819; baseline -0.003 -15"><span class='ocrx_word' id='word_1_38' title='bbox 347 764 474 806; x_wconf 86' lang='lat' dir='ltr'><strong>rem.</strong></span> <span class='ocrx_word' id='word_1_39' title='bbox 505 747 714 817; x_wconf 84' lang='lat' dir='ltr'><strong>Quarto</strong></span> <span class='ocrx_word' id='word_1_40' title='bbox 754 747 872 804; x_wconf 88' lang='lat' dir='ltr'><strong>loco</strong></span> <span class='ocrx_word' id='word_1_41' title='bbox 898 755 983 803; x_wconf 87' lang='lat' dir='ltr'><strong>est</strong></span> <span class='ocrx_word' id='word_1_42' title='bbox 1002 747 1363 812; x_wconf 78' lang='lat' dir='ltr'><strong>accusativus,</strong></span> <span class='ocrx_word' id='word_1_43' title='bbox 1398 747 1490 819; x_wconf 90' lang='lat' dir='ltr'><strong>qui</strong></span> <span class='ocrx_word' id='word_1_44' title='bbox 1521 755 1577 802; x_wconf 87' lang='lat' dir='ltr'><strong>et</strong></span> <span class='ocrx_word' id='word_1_45' title='bbox 1603 747 1929 812; x_wconf 83' lang='lat' dir='ltr'><strong>causativus,</strong></span> 
     </span>
    </p>
   </div>
   <div class='ocr_carea' id='block_1_8' title="bbox 345 836 1934 908">
    <p class='ocr_par' dir='ltr' id='par_1_8' title="bbox 345 836 1934 908">
     <span class='ocr_line' id='line_1_8' title="bbox 345 836 1934 908; baseline -0.002 -13"><span class='ocrx_word' id='word_1_46' title='bbox 345 848 422 904; x_wconf 76' lang='lat' dir='ltr'><strong>ut,</strong></span> <span class='ocrx_word' id='word_1_47' title='bbox 453 853 642 894; x_wconf 84' lang='lat' dir='ltr'><strong>accuso</strong></span> <span class='ocrx_word' id='word_1_48' title='bbox 672 837 956 894; x_wconf 69' lang='lat' dir='ltr'><strong>hominem.</strong></span> <span class='ocrx_word' id='word_1_49' title='bbox 986 836 1124 894; x_wconf 78' lang='lat' dir='ltr'><strong>Tum</strong></span> <span class='ocrx_word' id='word_1_50' title='bbox 1152 837 1452 904; x_wconf 90' lang='lat' dir='ltr'><strong>vocativus,</strong></span> <span class='ocrx_word' id='word_1_51' title='bbox 1485 838 1576 908; x_wconf 90' lang='lat' dir='ltr'><strong>qui</strong></span> <span class='ocrx_word' id='word_1_52' title='bbox 1603 846 1659 893; x_wconf 88' lang='lat' dir='ltr'><strong>et</strong></span> <span class='ocrx_word' id='word_1_53' title='bbox 1692 838 1934 894; x_wconf 60' lang='lat' dir='ltr'><strong>salutatio</strong></span> 
     </span>
    </p>
   </div>
   <div class='ocr_carea' id='block_1_9' title="bbox 343 927 1929 1004">
    <p class='ocr_par' dir='ltr' id='par_1_9' title="bbox 343 927 1929 1004">
     <span class='ocr_line' id='line_1_9' title="bbox 343 927 1929 1004; baseline 0 -21"><span class='ocrx_word' id='word_1_54' title='bbox 343 945 444 984; x_wconf 89' lang='lat' dir='ltr'><strong>vus</strong></span> <span class='ocrx_word' id='word_1_55' title='bbox 471 937 694 985; x_wconf 85' lang='lat' dir='ltr'><strong>vocatur</strong></span> <span class='ocrx_word' id='word_1_56' title='bbox 724 927 882 1002; x_wconf 74' lang='lat' dir='ltr'><strong>[Ms.,</strong></span> <span class='ocrx_word' id='word_1_57' title='bbox 913 928 1264 986; x_wconf 86' lang='lat' dir='ltr'><strong>salutatorius</strong></span> <span class='ocrx_word' id='word_1_58' title='bbox 1297 929 1540 1004; x_wconf 80' lang='lat' dir='ltr'><strong>dicitur],</strong></span> <span class='ocrx_word' id='word_1_59' title='bbox 1572 937 1632 984; x_wconf 83' lang='lat' dir='ltr'><strong>ut</strong></span> <span class='ocrx_word' id='word_1_60' title='bbox 1671 948 1700 984; x_wconf 88' lang='grc' dir='ltr'><em>ο</em></span> <span class='ocrx_word' id='word_1_61' title='bbox 1731 929 1929 994; x_wconf 69' lang='lat' dir='ltr'><strong>:Enea,</strong></span> 
     </span>
    </p>
   </div>
   <div class='ocr_carea' id='block_1_10' title="bbox 341 1021 1933 1094">
    <p class='ocr_par' dir='ltr' id='par_1_10' title="bbox 341 1021 1933 1094">
     <span class='ocr_line' id='line_1_10' title="bbox 341 1021 1933 1094; baseline 0.001 -16"><span class='ocrx_word' id='word_1_62' title='bbox 341 1031 400 1079; x_wconf 87' lang='lat' dir='ltr'><strong>et</strong></span> <span class='ocrx_word' id='word_1_63' title='bbox 425 1023 566 1079; x_wconf 67' lang='lat' dir='ltr'><strong>salue</strong></span> <span class='ocrx_word' id='word_1_64' title='bbox 607 1021 783 1078; x_wconf 65' lang='lat' dir='ltr'><strong>Enen</strong></span> <span class='ocrx_word' id='word_1_65' title='bbox 804 1023 826 1079; x_wconf 92' lang='lat'><strong>.&#39;</strong></span> <span class='ocrx_word' id='word_1_66' title='bbox 856 1021 1156 1078; x_wconf 78' lang='lat' dir='ltr'><strong>Novissime</strong></span> <span class='ocrx_word' id='word_1_67' title='bbox 1190 1021 1455 1080; x_wconf 71' lang='lat' dir='ltr'><strong>ablativus</strong></span> <span class='ocrx_word' id='word_1_68' title='bbox 1488 1024 1726 1094; x_wconf 90' lang='lat' dir='ltr'><strong>ponitur,</strong></span> <span class='ocrx_word' id='word_1_69' title='bbox 1756 1024 1847 1094; x_wconf 86' lang='lat' dir='ltr'><strong>qui</strong></span> <span class='ocrx_word' id='word_1_70' title='bbox 1878 1033 1933 1080; x_wconf 87' lang='lat' dir='ltr'><strong>ct</strong></span> 
     </span>
    </p>
   </div>
   <div class='ocr_carea' id='block_1_11' title="bbox 340 1115 1932 1188">
    <p class='ocr_par' dir='ltr' id='par_1_11' title="bbox 340 1115 1932 1188">
     <span class='ocr_line' id='line_1_11' title="bbox 340 1115 1932 1188; baseline -0.001 -16"><span class='ocrx_word' id='word_1_71' title='bbox 340 1115 761 1187; x_wconf 71' lang='lat' dir='ltr'><strong>comparativus,</strong></span> <span class='ocrx_word' id='word_1_72' title='bbox 787 1116 1099 1185; x_wconf 77' lang='lat' dir='ltr'><strong>signiﬁcans</strong></span> <span class='ocrx_word' id='word_1_73' title='bbox 1125 1115 1329 1188; x_wconf 88' lang='lat' dir='ltr'><strong>aliquid</strong></span> <span class='ocrx_word' id='word_1_74' title='bbox 1355 1118 1565 1171; x_wconf 84' lang='lat' dir='ltr'><strong>absumi</strong></span> <span class='ocrx_word' id='word_1_75' title='bbox 1593 1115 1678 1170; x_wconf 88' lang='lat' dir='ltr'><strong>vel</strong></span> <span class='ocrx_word' id='word_1_76' title='bbox 1707 1131 1932 1186; x_wconf 86' lang='lat' dir='ltr'><strong>compa-</strong></span> 
     </span>
    </p>
   </div>
   <div class='ocr_carea' id='block_1_12' title="bbox 343 1207 1934 1280">
    <p class='ocr_par' dir='ltr' id='par_1_12' title="bbox 343 1207 1934 1280">
     <span class='ocr_line' id='line_1_12' title="bbox 343 1207 1934 1280; baseline -0.002 -15"><span class='ocrx_word' id='word_1_77' title='bbox 343 1211 453 1265; x_wconf 84' lang='lat' dir='ltr'><strong>rari</strong></span> <span class='ocrx_word' id='word_1_78' title='bbox 485 1229 498 1265; x_wconf 93' lang='lat'><strong>:</strong></span> <span class='ocrx_word' id='word_1_79' title='bbox 525 1217 606 1274; x_wconf 91' lang='lat' dir='ltr'><strong>ut,</strong></span> <span class='ocrx_word' id='word_1_80' title='bbox 635 1209 822 1280; x_wconf 76' lang='lat' dir='ltr'><strong>aufero</strong></span> <span class='ocrx_word' id='word_1_81' title='bbox 851 1208 917 1263; x_wconf 88' lang='lat' dir='ltr'><strong>ab</strong></span> <span class='ocrx_word' id='word_1_82' title='bbox 945 1207 1170 1264; x_wconf 75' lang='lat' dir='ltr'><strong>Hectore</strong></span> <span class='ocrx_word' id='word_1_83' title='bbox 1203 1207 1473 1280; x_wconf 86' lang='lat' dir='ltr'><strong>gladium;</strong></span> <span class='ocrx_word' id='word_1_84' title='bbox 1501 1217 1578 1274; x_wconf 89' lang='lat' dir='ltr'><strong>et,</strong></span> <span class='ocrx_word' id='word_1_85' title='bbox 1605 1208 1796 1278; x_wconf 78' lang='lat' dir='ltr'><strong>fortior</strong></span> <span class='ocrx_word' id='word_1_86' title='bbox 1825 1207 1934 1263; x_wconf 83' lang='lat' dir='ltr'><strong>He-</strong></span> 
     </span>
    </p>
   </div>
   <div class='ocr_carea' id='block_1_13' title="bbox 338 1299 859 1355">
    <p class='ocr_par' dir='ltr' id='par_1_13' title="bbox 338 1299 859 1355">
     <span class='ocr_line' id='line_1_13' title="bbox 338 1299 859 1355; baseline -0.006 0"><span class='ocrx_word' id='word_1_87' title='bbox 338 1310 484 1355; x_wconf 86' lang='lat' dir='ltr'><strong>ctore</strong></span> <span class='ocrx_word' id='word_1_88' title='bbox 509 1299 737 1354; x_wconf 75' lang='lat' dir='ltr'><strong>Achilles</strong></span> <span class='ocrx_word' id='word_1_89' title='bbox 761 1309 859 1354; x_wconf 85' lang='lat' dir='ltr'><strong>est.</strong></span> 
     </span>
    </p>
   </div>
   <div class='ocr_carea' id='block_1_14' title="bbox 414 1389 1934 1463">
    <p class='ocr_par' dir='ltr' id='par_1_14' title="bbox 414 1389 1934 1463">
     <span class='ocr_line' id='line_1_14' title="bbox 414 1389 1934 1463; baseline 0.002 -19"><span class='ocrx_word' id='word_1_90' title='bbox 414 1391 420 1398; x_wconf 86' lang='grc'><strong>’</strong></span> <span class='ocrx_word' id='word_1_91' title='bbox 457 1406 511 1445; x_wconf 78' lang='grc' dir='ltr'><strong>ι.</strong></span> <span class='ocrx_word' id='word_1_92' title='bbox 542 1389 800 1446; x_wconf 83' lang='lat' dir='ltr'><strong>Ordinem</strong></span> <span class='ocrx_word' id='word_1_93' title='bbox 821 1404 1056 1462; x_wconf 89' lang='lat' dir='ltr'><strong>quoque,</strong></span> <span class='ocrx_word' id='word_1_94' title='bbox 1085 1406 1186 1446; x_wconf 88' lang='lat' dir='ltr'><strong>cur</strong></span> <span class='ocrx_word' id='word_1_95' title='bbox 1205 1391 1284 1446; x_wconf 83' lang='lat' dir='ltr'><strong>sic</strong></span> <span class='ocrx_word' id='word_1_96' title='bbox 1304 1391 1464 1462; x_wconf 77' lang='lat' dir='ltr'><strong>positi</strong></span> <span class='ocrx_word' id='word_1_97' title='bbox 1487 1391 1616 1459; x_wconf 86' lang='lat' dir='ltr'><strong>sint,</strong></span> <span class='ocrx_word' id='word_1_98' title='bbox 1637 1390 1840 1463; x_wconf 77' lang='lat' dir='ltr'><strong>profer.</strong></span> <span class='ocrx_word' id='word_1_99' title='bbox 1861 1423 1934 1433; x_wconf 97' lang='lat'><strong>—</strong></span> 
     </span>
    </p>
   </div>
   <div class='ocr_carea' id='block_1_15' title="bbox 339 1483 1932 1561">
    <p class='ocr_par' dir='ltr' id='par_1_15' title="bbox 339 1483 1932 1561">
     <span class='ocr_line' id='line_1_15' title="bbox 339 1483 1932 1561; baseline 0.002 -19"><span class='ocrx_word' id='word_1_100' title='bbox 339 1483 508 1542; x_wconf 73' lang='lat' dir='ltr'><strong>Suo.</strong></span> <span class='ocrx_word' id='word_1_101' title='bbox 536 1484 911 1543; x_wconf 87' lang='lat' dir='ltr'><strong>Nominativus</strong></span> <span class='ocrx_word' id='word_1_102' title='bbox 932 1487 1165 1559; x_wconf 87' lang='lat' dir='ltr'><strong>primum</strong></span> <span class='ocrx_word' id='word_1_103' title='bbox 1195 1488 1298 1544; x_wconf 86' lang='lat' dir='ltr'><strong>sibi</strong></span> <span class='ocrx_word' id='word_1_104' title='bbox 1329 1487 1506 1544; x_wconf 89' lang='lat' dir='ltr'><strong>locum</strong></span> <span class='ocrx_word' id='word_1_105' title='bbox 1530 1497 1776 1561; x_wconf 87' lang='lat' dir='ltr'><strong>usurpat,</strong></span> <span class='ocrx_word' id='word_1_106' title='bbox 1804 1489 1932 1561; x_wconf 88' lang='lat' dir='ltr'><strong>quia</strong></span> 
     </span>
    </p>
   </div>
   <div class='ocr_carea' id='block_1_16' title="bbox 333 1577 1930 1650">
    <p class='ocr_par' dir='ltr' id='par_1_16' title="bbox 333 1577 1930 1650">
     <span class='ocr_line' id='line_1_16' title="bbox 333 1577 1930 1650; baseline 0.004 -18"><span class='ocrx_word' id='word_1_107' title='bbox 333 1577 573 1650; x_wconf 90' lang='lat' dir='ltr'><strong>primum</strong></span> <span class='ocrx_word' id='word_1_108' title='bbox 611 1584 805 1633; x_wconf 89' lang='lat' dir='ltr'><strong>natura</strong></span> <span class='ocrx_word' id='word_1_109' title='bbox 846 1577 991 1635; x_wconf 87' lang='lat' dir='ltr'><strong>hunc</strong></span> <span class='ocrx_word' id='word_1_110' title='bbox 1022 1578 1269 1649; x_wconf 85' lang='lat' dir='ltr'><strong>protulit.</strong></span> <span class='ocrx_word' id='word_1_111' title='bbox 1300 1579 1584 1638; x_wconf 85' lang='lat' dir='ltr'><strong>Genitivus</strong></span> <span class='ocrx_word' id='word_1_112' title='bbox 1611 1582 1930 1650; x_wconf 89' lang='lat' dir='ltr'><strong>secundum,</strong></span> 
     </span>
    </p>
   </div>
   <div class='ocr_carea' id='block_1_17' title="bbox 333 1669 1933 1746">
    <p class='ocr_par' dir='ltr' id='par_1_17' title="bbox 333 1669 1933 1746">
     <span class='ocr_line' id='line_1_17' title="bbox 333 1669 1933 1746; baseline 0.004 -21"><span class='ocrx_word' id='word_1_113' title='bbox 333 1669 462 1742; x_wconf 86' lang='lat' dir='ltr'><strong>quia</strong></span> <span class='ocrx_word' id='word_1_114' title='bbox 491 1670 740 1725; x_wconf 82' lang='lat' dir='ltr'><strong>naturale</strong></span> <span class='ocrx_word' id='word_1_115' title='bbox 766 1669 1042 1726; x_wconf 86' lang='lat' dir='ltr'><strong>vinculum</strong></span> <span class='ocrx_word' id='word_1_116' title='bbox 1081 1674 1298 1743; x_wconf 75' lang='lat' dir='ltr'><strong>generis</strong></span> <span class='ocrx_word' id='word_1_117' title='bbox 1335 1672 1600 1744; x_wconf 80' lang='lat' dir='ltr'><strong>possedit,</strong></span> <span class='ocrx_word' id='word_1_118' title='bbox 1636 1689 1933 1746; x_wconf 88' lang='lat' dir='ltr'><strong>omnesque</strong></span> 
     </span>
    </p>
   </div>
   <div class='ocr_carea' id='block_1_18' title="bbox 331 1760 1930 1838">
    <p class='ocr_par' dir='ltr' id='par_1_18' title="bbox 331 1760 1930 1838">
     <span class='ocr_line' id='line_1_18' title="bbox 331 1760 1930 1838; baseline 0.004 -22"><span class='ocrx_word' id='word_1_119' title='bbox 331 1760 850 1832; x_wconf 82' lang='lat' dir='ltr'><strong>obliquosgenerat.</strong></span> <span class='ocrx_word' id='word_1_120' title='bbox 875 1761 1099 1820; x_wconf 82' lang='lat' dir='ltr'><strong>Dativus</strong></span> <span class='ocrx_word' id='word_1_121' title='bbox 1123 1764 1367 1832; x_wconf 87' lang='lat' dir='ltr'><strong>tertium,</strong></span> <span class='ocrx_word' id='word_1_122' title='bbox 1388 1764 1513 1834; x_wconf 80' lang='lat' dir='ltr'><strong>quia</strong></span> <span class='ocrx_word' id='word_1_123' title='bbox 1535 1765 1708 1838; x_wconf 83' lang='lat' dir='ltr'><strong>magis</strong></span> <span class='ocrx_word' id='word_1_124' title='bbox 1739 1767 1930 1823; x_wconf 87' lang='lat' dir='ltr'><strong>amicis</strong></span> 
     </span>
    </p>
   </div>
   <div class='ocr_carea' id='block_1_19' title="bbox 333 1851 1927 1928">
    <p class='ocr_par' dir='ltr' id='par_1_19' title="bbox 333 1851 1927 1928">
     <span class='ocr_line' id='line_1_19' title="bbox 333 1851 1927 1928; baseline 0.006 -20"><span class='ocrx_word' id='word_1_125' title='bbox 333 1851 608 1908; x_wconf 80' lang='lat' dir='ltr'><strong>convenit.</strong></span> <span class='ocrx_word' id='word_1_126' title='bbox 657 1851 1017 1910; x_wconf 79' lang='lat' dir='ltr'><strong>Aecusativus</strong></span> <span class='ocrx_word' id='word_1_127' title='bbox 1055 1863 1340 1927; x_wconf 71' lang='lat' dir='ltr'><strong>quiartum,</strong></span> <span class='ocrx_word' id='word_1_128' title='bbox 1387 1857 1516 1928; x_wconf 88' lang='lat' dir='ltr'><strong>quia</strong></span> <span class='ocrx_word' id='word_1_129' title='bbox 1562 1858 1631 1912; x_wconf 86' lang='lat' dir='ltr'><strong>ad</strong></span> <span class='ocrx_word' id='word_1_130' title='bbox 1677 1857 1927 1917; x_wconf 87' lang='lat' dir='ltr'><strong>inimicos</strong></span> 
     </span>
    </p>
   </div>
   <div class='ocr_carea' id='block_1_20' title="bbox 333 1942 1931 2022">
    <p class='ocr_par' dir='ltr' id='par_1_20' title="bbox 333 1942 1931 2022">
     <span class='ocr_line' id='line_1_20' title="bbox 333 1942 1931 2022; baseline 0.008 -24"><span class='ocrx_word' id='word_1_131' title='bbox 333 1942 536 2018; x_wconf 72' lang='lat' dir='ltr'><strong>smpius</strong></span> <span class='ocrx_word' id='word_1_132' title='bbox 552 1943 845 2015; x_wconf 80' lang='lat' dir='ltr'><strong>profertur.</strong></span> <span class='ocrx_word' id='word_1_133' title='bbox 870 1945 1074 2002; x_wconf 84' lang='lat' dir='ltr'><strong>Deinde</strong></span> <span class='ocrx_word' id='word_1_134' title='bbox 1094 1946 1394 2015; x_wconf 81' lang='lat' dir='ltr'><strong>vocativus,</strong></span> <span class='ocrx_word' id='word_1_135' title='bbox 1413 1948 1540 2020; x_wconf 84' lang='lat' dir='ltr'><strong>quia</strong></span> <span class='ocrx_word' id='word_1_136' title='bbox 1561 1950 1931 2022; x_wconf 77' lang='lat' dir='ltr'><strong>imperfectior</strong></span> 
     </span>
    </p>
   </div>
   <div class='ocr_carea' id='block_1_21' title="bbox 329 2034 1926 2114">
    <p class='ocr_par' dir='ltr' id='par_1_21' title="bbox 329 2034 1926 2114">
     <span class='ocr_line' id='line_1_21' title="bbox 329 2034 1926 2114; baseline 0.004 -22"><span class='ocrx_word' id='word_1_137' title='bbox 329 2046 416 2092; x_wconf 87' lang='lat' dir='ltr'><strong>est</strong></span> <span class='ocrx_word' id='word_1_138' title='bbox 440 2034 567 2092; x_wconf 89' lang='lat' dir='ltr'><strong>aliis</strong></span> <span class='ocrx_word' id='word_1_139' title='bbox 594 2051 755 2093; x_wconf 87' lang='lat' dir='ltr'><strong>sensu</strong></span> <span class='ocrx_word' id='word_1_140' title='bbox 789 2055 803 2093; x_wconf 92' lang='lat'><strong>:</strong></span> <span class='ocrx_word' id='word_1_141' title='bbox 832 2045 890 2094; x_wconf 91' lang='lat' dir='ltr'><strong>et</strong></span> <span class='ocrx_word' id='word_1_142' title='bbox 916 2038 984 2093; x_wconf 89' lang='lat' dir='ltr'><strong>ad</strong></span> <span class='ocrx_word' id='word_1_143' title='bbox 1012 2039 1305 2094; x_wconf 88' lang='lat' dir='ltr'><strong>secundam</strong></span> <span class='ocrx_word' id='word_1_144' title='bbox 1335 2038 1672 2098; x_wconf 84' lang='lat' dir='ltr'><strong>solummodo</strong></span> <span class='ocrx_word' id='word_1_145' title='bbox 1693 2043 1926 2114; x_wconf 79' lang='lat' dir='ltr'><strong>pertine‘</strong></span> 
     </span>
    </p>
   </div>
   <div class='ocr_carea' id='block_1_22' title="bbox 331 2127 1926 2204">
    <p class='ocr_par' dir='ltr' id='par_1_22' title="bbox 331 2127 1926 2204">
     <span class='ocr_line' id='line_1_22' title="bbox 331 2127 1926 2204; baseline 0.004 -21"><span class='ocrx_word' id='word_1_146' title='bbox 331 2143 648 2201; x_wconf 82' lang='lat' dir='ltr'><strong>personam,</strong></span> <span class='ocrx_word' id='word_1_147' title='bbox 683 2127 813 2184; x_wconf 89' lang='lat' dir='ltr'><strong>dum</strong></span> <span class='ocrx_word' id='word_1_148' title='bbox 841 2128 934 2184; x_wconf 86' lang='lat' dir='ltr'><strong>alii</strong></span> <span class='ocrx_word' id='word_1_149' title='bbox 971 2144 1134 2186; x_wconf 87' lang='lat' dir='ltr'><strong>casus</strong></span> <span class='ocrx_word' id='word_1_150' title='bbox 1167 2129 1237 2186; x_wconf 89' lang='lat' dir='ltr'><strong>ad</strong></span> <span class='ocrx_word' id='word_1_151' title='bbox 1275 2145 1466 2186; x_wconf 86' lang='lat' dir='ltr'><strong>omnes</strong></span> <span class='ocrx_word' id='word_1_152' title='bbox 1503 2147 1761 2204; x_wconf 78' lang='lat' dir='ltr'><strong>personas</strong></span> <span class='ocrx_word' id='word_1_153' title='bbox 1794 2132 1926 2204; x_wconf 79' lang='lat' dir='ltr'><strong>jun-</strong></span> 
     </span>
    </p>
   </div>
   <div class='ocr_carea' id='block_1_23' title="bbox 335 2222 1925 2295">
    <p class='ocr_par' dir='ltr' id='par_1_23' title="bbox 335 2222 1925 2295">
     <span class='ocr_line' id='line_1_23' title="bbox 335 2222 1925 2295; baseline 0.004 -19"><span class='ocrx_word' id='word_1_154' title='bbox 335 2230 555 2291; x_wconf 85' lang='lat' dir='ltr'><strong>guntur,</strong></span> <span class='ocrx_word' id='word_1_155' title='bbox 589 2230 670 2288; x_wconf 90' lang='lat' dir='ltr'><strong>ut,</strong></span> <span class='ocrx_word' id='word_1_156' title='bbox 697 2238 792 2295; x_wconf 87' lang='lat' dir='ltr'><strong>ego</strong></span> <span class='ocrx_word' id='word_1_157' title='bbox 818 2222 974 2278; x_wconf 68' lang='lat' dir='ltr'><strong>homo</strong></span> <span class='ocrx_word' id='word_1_158' title='bbox 996 2240 1137 2292; x_wconf 85' lang='lat' dir='ltr'><strong>sum,</strong></span> <span class='ocrx_word' id='word_1_159' title='bbox 1168 2233 1224 2278; x_wconf 87' lang='lat' dir='ltr'><strong>tu</strong></span> <span class='ocrx_word' id='word_1_160' title='bbox 1250 2223 1404 2280; x_wconf 78' lang='lat' dir='ltr'><strong>homo</strong></span> <span class='ocrx_word' id='word_1_161' title='bbox 1425 2243 1503 2291; x_wconf 85' lang='lat' dir='ltr'><strong>es,</strong></span> <span class='ocrx_word' id='word_1_162' title='bbox 1532 2225 1622 2280; x_wconf 85' lang='lat' dir='ltr'><strong>ille</strong></span> <span class='ocrx_word' id='word_1_163' title='bbox 1645 2226 1801 2284; x_wconf 80' lang='lat' dir='ltr'><strong>homo</strong></span> <span class='ocrx_word' id='word_1_164' title='bbox 1825 2237 1925 2284; x_wconf 84' lang='lat' dir='ltr'><strong>est.</strong></span> 
     </span>
    </p>
   </div>
   <div class='ocr_carea' id='block_1_24' title="bbox 342 2308 1924 2381">
    <p class='ocr_par' dir='ltr' id='par_1_24' title="bbox 342 2308 1924 2381">
     <span class='ocr_line' id='line_1_24' title="bbox 342 2308 1924 2381; baseline 0.004 -13"><span class='ocrx_word' id='word_1_165' title='bbox 342 2308 472 2376; x_wconf 68' lang='lat' dir='ltr'><strong>Hei,</strong></span> <span class='ocrx_word' id='word_1_166' title='bbox 493 2309 594 2379; x_wconf 84' lang='lat' dir='ltr'><strong>lui,</strong></span> <span class='ocrx_word' id='word_1_167' title='bbox 614 2310 758 2367; x_wconf 84' lang='lat' dir='ltr'><strong>illius</strong></span> <span class='ocrx_word' id='word_1_168' title='bbox 784 2311 1012 2370; x_wconf 75' lang='lat' dir='ltr'><strong>hominis</strong></span> <span class='ocrx_word' id='word_1_169' title='bbox 1046 2321 1144 2369; x_wconf 82' lang='lat' dir='ltr'><strong>est.</strong></span> <span class='ocrx_word' id='word_1_170' title='bbox 1187 2313 1339 2381; x_wconf 69' lang='lat' dir='ltr'><strong>Milli,</strong></span> <span class='ocrx_word' id='word_1_171' title='bbox 1369 2315 1482 2381; x_wconf 86' lang='lat' dir='ltr'><strong>tibi,</strong></span> <span class='ocrx_word' id='word_1_172' title='bbox 1506 2316 1586 2371; x_wconf 90' lang='lat' dir='ltr'><strong>illi</strong></span> <span class='ocrx_word' id='word_1_173' title='bbox 1607 2317 1810 2373; x_wconf 75' lang='lat' dir='ltr'><strong>homini</strong></span> <span class='ocrx_word' id='word_1_174' title='bbox 1832 2316 1924 2374; x_wconf 82' lang='lat' dir='ltr'><strong>da.</strong></span> 
     </span>
    </p>
   </div>
   <div class='ocr_carea' id='block_1_25' title="bbox 340 2401 1926 2476">
    <p class='ocr_par' dir='ltr' id='par_1_25' title="bbox 340 2401 1926 2476">
     <span class='ocr_line' id='line_1_25' title="bbox 340 2401 1926 2476; baseline 0.004 -18"><span class='ocrx_word' id='word_1_175' title='bbox 340 2401 452 2469; x_wconf 72' lang='lat' dir='ltr'><strong>le,</strong></span> <span class='ocrx_word' id='word_1_176' title='bbox 476 2413 546 2469; x_wconf 88' lang='lat' dir='ltr'><strong>te,</strong></span> <span class='ocrx_word' id='word_1_177' title='bbox 571 2401 722 2458; x_wconf 79' lang='lat' dir='ltr'><strong>illum</strong></span> <span class='ocrx_word' id='word_1_178' title='bbox 746 2403 1009 2460; x_wconf 73' lang='lat' dir='ltr'><strong>hominem</strong></span> <span class='ocrx_word' id='word_1_179' title='bbox 1034 2421 1245 2462; x_wconf 85' lang='lat' dir='ltr'><strong>accuso.</strong></span> <span class='ocrx_word' id='word_1_180' title='bbox 1274 2411 1312 2460; x_wconf 73' lang='grc' dir='ltr'><em>Α</em></span> <span class='ocrx_word' id='word_1_181' title='bbox 1343 2423 1447 2472; x_wconf 86' lang='lat' dir='ltr'><strong>me,</strong></span> <span class='ocrx_word' id='word_1_182' title='bbox 1476 2420 1599 2476; x_wconf 87' lang='lat' dir='ltr'><strong>ate,</strong></span> <span class='ocrx_word' id='word_1_183' title='bbox 1624 2407 1692 2464; x_wconf 85' lang='lat' dir='ltr'><strong>ab</strong></span> <span class='ocrx_word' id='word_1_184' title='bbox 1718 2407 1811 2464; x_wconf 81' lang='lat' dir='ltr'><strong>illo</strong></span> <span class='ocrx_word' id='word_1_185' title='bbox 1832 2409 1926 2465; x_wconf 81' lang='grc' dir='ltr'><strong>Ιιοο</strong></span> 
     </span>
    </p>
   </div>
   <div class='ocr_carea' id='block_1_26' title="bbox 337 2493 1924 2565">
    <p class='ocr_par' dir='ltr' id='par_1_26' title="bbox 337 2493 1924 2565">
     <span class='ocr_line' id='line_1_26' title="bbox 337 2493 1924 2565; baseline 0.004 -15"><span class='ocrx_word' id='word_1_186' title='bbox 337 2495 479 2550; x_wconf 83' lang='lat' dir='ltr'><strong>mine</strong></span> <span class='ocrx_word' id='word_1_187' title='bbox 495 2494 593 2550; x_wconf 82' lang='lat' dir='ltr'><strong>hoc</strong></span> <span class='ocrx_word' id='word_1_188' title='bbox 615 2493 833 2565; x_wconf 73' lang='lat' dir='ltr'><strong>protuli.</strong></span> <span class='ocrx_word' id='word_1_189' title='bbox 863 2494 1023 2551; x_wconf 88' lang='lat' dir='ltr'><strong>Solus</strong></span> <span class='ocrx_word' id='word_1_190' title='bbox 1044 2497 1326 2553; x_wconf 84' lang='lat' dir='ltr'><strong>vocativus</strong></span> <span class='ocrx_word' id='word_1_191' title='bbox 1348 2497 1480 2554; x_wconf 87' lang='lat' dir='ltr'><strong>dicit</strong></span> <span class='ocrx_word' id='word_1_192' title='bbox 1513 2515 1526 2552; x_wconf 89' lang='lat'><strong>:</strong></span> <span class='ocrx_word' id='word_1_193' title='bbox 1557 2514 1589 2553; x_wconf 94' lang='lat' dir='ltr'><strong>o</strong></span> <span class='ocrx_word' id='word_1_194' title='bbox 1607 2499 1766 2554; x_wconf 72' lang='lat' dir='ltr'><strong>homo</strong></span> <span class='ocrx_word' id='word_1_195' title='bbox 1789 2500 1924 2556; x_wconf 83' lang='lat' dir='ltr'><strong>ueni.</strong></span> 
     </span>
    </p>
   </div>
   <div class='ocr_carea' id='block_1_27' title="bbox 333 2585 1929 2661">
    <p class='ocr_par' dir='ltr' id='par_1_27' title="bbox 333 2585 1929 2661">
     <span class='ocr_line' id='line_1_27' title="bbox 333 2585 1929 2661; baseline 0.003 -19"><span class='ocrx_word' id='word_1_196' title='bbox 333 2587 444 2642; x_wconf 86' lang='lat' dir='ltr'><strong>Sed</strong></span> <span class='ocrx_word' id='word_1_197' title='bbox 467 2585 752 2654; x_wconf 75' lang='lat' dir='ltr'><strong>ablativus,</strong></span> <span class='ocrx_word' id='word_1_198' title='bbox 780 2587 874 2658; x_wconf 87' lang='lat' dir='ltr'><strong>qui</strong></span> <span class='ocrx_word' id='word_1_199' title='bbox 903 2587 1193 2644; x_wconf 88' lang='lat' dir='ltr'><strong>novissime</strong></span> <span class='ocrx_word' id='word_1_200' title='bbox 1215 2597 1462 2661; x_wconf 82' lang='lat' dir='ltr'><strong>repertus</strong></span> <span class='ocrx_word' id='word_1_201' title='bbox 1507 2595 1613 2656; x_wconf 86' lang='lat' dir='ltr'><strong>est,</strong></span> <span class='ocrx_word' id='word_1_202' title='bbox 1634 2590 1929 2648; x_wconf 88' lang='lat' dir='ltr'><strong>novissime</strong></span> 
     </span>
    </p>
   </div>
   <div class='ocr_carea' id='block_1_28' title="bbox 329 2678 851 2751">
    <p class='ocr_par' dir='ltr' id='par_1_28' title="bbox 329 2678 851 2751">
     <span class='ocr_line' id='line_1_28' title="bbox 329 2678 851 2751; baseline 0.004 -19"><span class='ocrx_word' id='word_1_203' title='bbox 329 2678 571 2751; x_wconf 87' lang='lat' dir='ltr'><strong>ponitur.</strong></span> <span class='ocrx_word' id='word_1_204' title='bbox 844 2681 851 2688; x_wconf 84' lang='lat'>&#39;</span> 
     </span>
    </p>
   </div>
   <div class='ocr_carea' id='block_1_29' title="bbox 399 2767 1927 2844">
    <p class='ocr_par' dir='ltr' id='par_1_29' title="bbox 399 2767 1927 2844">
     <span class='ocr_line' id='line_1_29' title="bbox 399 2767 1927 2844; baseline 0.006 -21"><span class='ocrx_word' id='word_1_205' title='bbox 399 2767 503 2824; x_wconf 77' lang='lat' dir='ltr'><strong>Fs.</strong></span> <span class='ocrx_word' id='word_1_206' title='bbox 529 2767 670 2825; x_wconf 83' lang='lat' dir='ltr'><strong>Num</strong></span> <span class='ocrx_word' id='word_1_207' title='bbox 709 2771 891 2826; x_wconf 86' lang='lat' dir='ltr'><strong>omnia</strong></span> <span class='ocrx_word' id='word_1_208' title='bbox 920 2772 1137 2828; x_wconf 88' lang='lat' dir='ltr'><strong>nomina</strong></span> <span class='ocrx_word' id='word_1_209' title='bbox 1191 2787 1291 2844; x_wconf 88' lang='lat' dir='ltr'><strong>per</strong></span> <span class='ocrx_word' id='word_1_210' title='bbox 1344 2787 1536 2831; x_wconf 88' lang='lat' dir='ltr'><strong>omnes</strong></span> <span class='ocrx_word' id='word_1_211' title='bbox 1570 2789 1732 2832; x_wconf 86' lang='lat' dir='ltr'><strong>casus</strong></span> <span class='ocrx_word' id='word_1_212' title='bbox 1757 2775 1927 2833; x_wconf 88' lang='lat' dir='ltr'><strong>decli-</strong></span> 
     </span>
    </p>
   </div>
   <div class='ocr_carea' id='block_1_30' title="bbox 329 2858 1928 2938">
    <p class='ocr_par' dir='ltr' id='par_1_30' title="bbox 329 2858 1928 2938">
     <span class='ocr_line' id='line_1_30' title="bbox 329 2858 1928 2938; baseline 0.004 -20"><span class='ocrx_word' id='word_1_213' title='bbox 329 2858 454 2918; x_wconf 81' lang='lat' dir='ltr'><strong>nari</strong></span> <span class='ocrx_word' id='word_1_214' title='bbox 492 2861 755 2933; x_wconf 81' lang='lat' dir='ltr'><strong>possunt?</strong></span> <span class='ocrx_word' id='word_1_215' title='bbox 780 2890 816 2902; x_wconf 82' lang='lat'><strong>-</strong></span> <span class='ocrx_word' id='word_1_216' title='bbox 836 2892 852 2902; x_wconf 86' lang='lat'><strong>-</strong></span> <span class='ocrx_word' id='word_1_217' title='bbox 873 2861 1040 2918; x_wconf 73' lang='lat' dir='ltr'><strong>Suo.</strong></span> <span class='ocrx_word' id='word_1_218' title='bbox 1071 2862 1188 2920; x_wconf 85' lang='lat' dir='ltr'><strong>Non</strong></span> <span class='ocrx_word' id='word_1_219' title='bbox 1235 2872 1490 2935; x_wconf 89' lang='lat' dir='ltr'><strong>possunt,</strong></span> <span class='ocrx_word' id='word_1_220' title='bbox 1521 2867 1647 2938; x_wconf 87' lang='lat' dir='ltr'><strong>quia</strong></span> <span class='ocrx_word' id='word_1_221' title='bbox 1677 2877 1806 2924; x_wconf 90' lang='lat' dir='ltr'><strong>sunt</strong></span> <span class='ocrx_word' id='word_1_222' title='bbox 1831 2883 1928 2925; x_wconf 86' lang='lat' dir='ltr'><strong>no-</strong></span> 
     </span>
    </p>
   </div>
   <div class='ocr_carea' id='block_1_31' title="bbox 328 2952 1928 3024">
    <p class='ocr_par' dir='ltr' id='par_1_31' title="bbox 328 2952 1928 3024">
     <span class='ocr_line' id='line_1_31' title="bbox 328 2952 1928 3024; baseline 0.004 -16"><span class='ocrx_word' id='word_1_223' title='bbox 328 2952 477 3008; x_wconf 88' lang='lat' dir='ltr'><strong>mina</strong></span> <span class='ocrx_word' id='word_1_224' title='bbox 501 2967 626 3024; x_wconf 66' lang='lat' dir='ltr'><strong>quae</strong></span> <span class='ocrx_word' id='word_1_225' title='bbox 671 2954 1067 3011; x_wconf 82' lang='lat' dir='ltr'><strong>nominativum</strong></span> <span class='ocrx_word' id='word_1_226' title='bbox 1106 2954 1280 3012; x_wconf 86' lang='lat' dir='ltr'><strong>solum</strong></span> <span class='ocrx_word' id='word_1_227' title='bbox 1324 2956 1546 3023; x_wconf 82' lang='lat' dir='ltr'><strong>habent,</strong></span> <span class='ocrx_word' id='word_1_228' title='bbox 1581 2967 1639 3014; x_wconf 92' lang='lat' dir='ltr'><strong>et</strong></span> <span class='ocrx_word' id='word_1_229' title='bbox 1673 2959 1928 3016; x_wconf 85' lang='lat' dir='ltr'><strong>dicuntur</strong></span> 
     </span>
    </p>
   </div>
   <div class='ocr_carea' id='block_1_32' title="bbox 330 3045 1926 3119">
    <p class='ocr_par' dir='ltr' id='par_1_32' title="bbox 330 3045 1926 3119">
     <span class='ocr_line' id='line_1_32' title="bbox 330 3045 1926 3119; baseline 0.007 -22"><span class='ocrx_word' id='word_1_230' title='bbox 330 3051 534 3112; x_wconf 82' lang='lat' dir='ltr'><strong>aptata,</strong></span> <span class='ocrx_word' id='word_1_231' title='bbox 572 3051 634 3100; x_wconf 93' lang='lat' dir='ltr'><strong>ut</strong></span> <span class='ocrx_word' id='word_1_232' title='bbox 673 3045 779 3116; x_wconf 76' lang='lat' dir='ltr'><strong>fas,</strong></span> <span class='ocrx_word' id='word_1_233' title='bbox 807 3046 898 3118; x_wconf 85' lang='lat' dir='ltr'><strong>git,</strong></span> <span class='ocrx_word' id='word_1_234' title='bbox 933 3065 1065 3118; x_wconf 86' lang='lat' dir='ltr'><strong>pus,</strong></span> <span class='ocrx_word' id='word_1_235' title='bbox 1093 3048 1158 3103; x_wconf 89' lang='lat' dir='ltr'><strong>ir.</strong></span> <span class='ocrx_word' id='word_1_236' title='bbox 1193 3047 1333 3104; x_wconf 84' lang='lat' dir='ltr'><strong>Sunt</strong></span> <span class='ocrx_word' id='word_1_237' title='bbox 1381 3063 1502 3119; x_wconf 73' lang='lat' dir='ltr'><strong>quae</strong></span> <span class='ocrx_word' id='word_1_238' title='bbox 1531 3050 1926 3108; x_wconf 85' lang='lat' dir='ltr'><strong>nominativum</strong></span> 
     </span>
    </p>
   </div>
   <div class='ocr_carea' id='block_1_33' title="bbox 330 3136 1918 3207">
    <p class='ocr_par' dir='ltr' id='par_1_33' title="bbox 330 3136 1918 3207">
     <span class='ocr_line' id='line_1_33' title="bbox 330 3136 1918 3207; baseline 0.006 -17"><span class='ocrx_word' id='word_1_239' title='bbox 330 3149 434 3190; x_wconf 91' lang='lat' dir='ltr'><strong>non</strong></span> <span class='ocrx_word' id='word_1_240' title='bbox 461 3136 685 3205; x_wconf 82' lang='lat' dir='ltr'><strong>habent,</strong></span> <span class='ocrx_word' id='word_1_241' title='bbox 714 3145 793 3202; x_wconf 92' lang='lat' dir='ltr'><strong>ut,</strong></span> <span class='ocrx_word' id='word_1_242' title='bbox 815 3136 987 3206; x_wconf 79' lang='lat' dir='ltr'><strong>lovis,</strong></span> <span class='ocrx_word' id='word_1_243' title='bbox 1010 3137 1156 3205; x_wconf 81' lang='lat' dir='ltr'><strong>Jovi,</strong></span> <span class='ocrx_word' id='word_1_244' title='bbox 1183 3137 1386 3207; x_wconf 75' lang='lat' dir='ltr'><strong>Jovem,</strong></span> <span class='ocrx_word' id='word_1_245' title='bbox 1408 3157 1442 3195; x_wconf 87' lang='lat' dir='ltr'><strong>a</strong></span> <span class='ocrx_word' id='word_1_246' title='bbox 1464 3138 1616 3196; x_wconf 77' lang='lat' dir='ltr'><strong>Jove.</strong></span> <span class='ocrx_word' id='word_1_247' title='bbox 1649 3141 1788 3198; x_wconf 88' lang='lat' dir='ltr'><strong>Sunt</strong></span> <span class='ocrx_word' id='word_1_248' title='bbox 1814 3143 1918 3199; x_wconf 87' lang='lat' dir='ltr'><strong>alia</strong></span> 
     </span>
    </p>
   </div>
   <div class='ocr_carea' id='block_1_34' title="bbox 329 3223 1914 3307">
    <p class='ocr_par' dir='ltr' id='par_1_34' title="bbox 329 3223 1914 3307">
     <span class='ocr_line' id='line_1_34' title="bbox 329 3223 1914 3307; baseline 0.006 -27"><span class='ocrx_word' id='word_1_249' title='bbox 329 3223 382 3282; x_wconf 90' lang='lat' dir='ltr'><strong>in</strong></span> <span class='ocrx_word' id='word_1_250' title='bbox 417 3225 616 3298; x_wconf 85' lang='lat' dir='ltr'><strong>quibus</strong></span> <span class='ocrx_word' id='word_1_251' title='bbox 661 3235 773 3284; x_wconf 85' lang='lat' dir='ltr'><strong>tres</strong></span> <span class='ocrx_word' id='word_1_252' title='bbox 815 3236 1023 3284; x_wconf 86' lang='lat' dir='ltr'><strong>tantum</strong></span> <span class='ocrx_word' id='word_1_253' title='bbox 1072 3229 1276 3301; x_wconf 85' lang='lat' dir='ltr'><strong>obliqui</strong></span> <span class='ocrx_word' id='word_1_254' title='bbox 1325 3231 1704 3299; x_wconf 87' lang='lat' dir='ltr'><strong>inveniuntur;</strong></span> <span class='ocrx_word' id='word_1_255' title='bbox 1747 3234 1914 3307; x_wconf 69' lang='lat' dir='ltr'><strong>frugi,</strong></span> 
     </span>
    </p>
   </div>
   <div class='ocr_carea' id='block_1_35' title="bbox 324 3317 1918 3394">
    <p class='ocr_par' dir='ltr' id='par_1_35' title="bbox 324 3317 1918 3394">
     <span class='ocr_line' id='line_1_35' title="bbox 324 3317 1918 3394; baseline 0.006 -21"><span class='ocrx_word' id='word_1_256' title='bbox 324 3317 552 3391; x_wconf 78' lang='lat' dir='ltr'><strong>frugem,</strong></span> <span class='ocrx_word' id='word_1_257' title='bbox 583 3336 617 3374; x_wconf 91' lang='lat' dir='ltr'><strong>a</strong></span> <span class='ocrx_word' id='word_1_258' title='bbox 645 3318 816 3392; x_wconf 74' lang='lat' dir='ltr'><strong>fruge.</strong></span> <span class='ocrx_word' id='word_1_259' title='bbox 867 3320 1002 3386; x_wconf 82' lang='lat' dir='ltr'><strong>Alia,</strong></span> <span class='ocrx_word' id='word_1_260' title='bbox 1050 3321 1105 3376; x_wconf 89' lang='lat' dir='ltr'><strong>in</strong></span> <span class='ocrx_word' id='word_1_261' title='bbox 1154 3322 1352 3392; x_wconf 78' lang='lat' dir='ltr'><strong>quibus</strong></span> <span class='ocrx_word' id='word_1_262' title='bbox 1393 3322 1524 3389; x_wconf 92' lang='lat' dir='ltr'><strong>duo,</strong></span> <span class='ocrx_word' id='word_1_263' title='bbox 1563 3330 1624 3379; x_wconf 89' lang='lat' dir='ltr'><strong>ut</strong></span> <span class='ocrx_word' id='word_1_264' title='bbox 1671 3324 1853 3394; x_wconf 80' lang='lat' dir='ltr'><strong>uicem,</strong></span> <span class='ocrx_word' id='word_1_265' title='bbox 1885 3341 1918 3382; x_wconf 84' lang='lat' dir='ltr'><strong>a</strong></span> 
     </span>
    </p>
   </div>
   <div class='ocr_carea' id='block_1_36' title="bbox 325 3410 1609 3486">
    <p class='ocr_par' dir='ltr' id='par_1_36' title="bbox 325 3410 1609 3486">
     <span class='ocr_line' id='line_1_36' title="bbox 325 3410 1609 3486; baseline 0.003 -21"><span class='ocrx_word' id='word_1_266' title='bbox 325 3411 452 3466; x_wconf 78' lang='lat' dir='ltr'><strong>rice.</strong></span> <span class='ocrx_word' id='word_1_267' title='bbox 478 3410 618 3476; x_wconf 75' lang='lat' dir='ltr'><strong>Alia,</strong></span> <span class='ocrx_word' id='word_1_268' title='bbox 650 3411 704 3467; x_wconf 90' lang='lat' dir='ltr'><strong>in</strong></span> <span class='ocrx_word' id='word_1_269' title='bbox 732 3412 929 3483; x_wconf 85' lang='lat' dir='ltr'><strong>quibus</strong></span> <span class='ocrx_word' id='word_1_270' title='bbox 951 3427 1111 3481; x_wconf 85' lang='lat' dir='ltr'><strong>unus,</strong></span> <span class='ocrx_word' id='word_1_271' title='bbox 1137 3422 1196 3468; x_wconf 92' lang='lat' dir='ltr'><strong>ut</strong></span> <span class='ocrx_word' id='word_1_272' title='bbox 1216 3424 1418 3484; x_wconf 87' lang='lat' dir='ltr'><strong>sponte,</strong></span> <span class='ocrx_word' id='word_1_273' title='bbox 1447 3430 1609 3486; x_wconf 55' lang='lat' dir='ltr'><strong>carpe.</strong></span> 
     </span>
    </p>
   </div>
   <div class='ocr_carea' id='block_1_37' title="bbox 394 3500 1919 3571">
    <p class='ocr_par' dir='ltr' id='par_1_37' title="bbox 394 3500 1919 3571">
     <span class='ocr_line' id='line_1_37' title="bbox 394 3500 1919 3571; baseline 0.002 -13"><span class='ocrx_word' id='word_1_274' title='bbox 394 3500 495 3559; x_wconf 82' lang='lat' dir='ltr'><strong>l-‘n.</strong></span> <span class='ocrx_word' id='word_1_275' title='bbox 529 3502 672 3571; x_wconf 85' lang='lat' dir='ltr'><strong>Quot</strong></span> <span class='ocrx_word' id='word_1_276' title='bbox 703 3501 892 3560; x_wconf 67' lang='lat' dir='ltr'><strong>forma:</strong></span> <span class='ocrx_word' id='word_1_277' title='bbox 913 3504 1156 3562; x_wconf 86' lang='lat' dir='ltr'><strong>casuales</strong></span> <span class='ocrx_word' id='word_1_278' title='bbox 1188 3505 1345 3567; x_wconf 78' lang='lat' dir='ltr'><strong>sunt?</strong></span> <span class='ocrx_word' id='word_1_279' title='bbox 1368 3536 1439 3548; x_wconf 96' lang='lat'><strong>—</strong></span> <span class='ocrx_word' id='word_1_280' title='bbox 1461 3505 1628 3567; x_wconf 61' lang='lat' dir='ltr'><strong>Saxo.</strong></span> <span class='ocrx_word' id='word_1_281' title='bbox 1654 3504 1762 3562; x_wconf 77' lang='lat' dir='ltr'><strong>Sex</strong></span> <span class='ocrx_word' id='word_1_282' title='bbox 1789 3514 1919 3562; x_wconf 89' lang='lat' dir='ltr'><strong>sunt</strong></span> 
     </span>
    </p>
   </div>
   <div class='ocr_carea' id='block_1_38' title="bbox 322 3595 1916 3669">
    <p class='ocr_par' dir='ltr' id='par_1_38' title="bbox 322 3595 1916 3669">
     <span class='ocr_line' id='line_1_38' title="bbox 322 3595 1916 3669; baseline 0.002 -20"><span class='ocrx_word' id='word_1_283' title='bbox 322 3595 543 3650; x_wconf 87' lang='lat' dir='ltr'><strong>nomina</strong></span> <span class='ocrx_word' id='word_1_284' title='bbox 572 3603 903 3666; x_wconf 83' lang='lat' dir='ltr'><strong>monoptota,</strong></span> <span class='ocrx_word' id='word_1_285' title='bbox 934 3610 1057 3665; x_wconf 69' lang='lat' dir='ltr'><strong>quae</strong></span> <span class='ocrx_word' id='word_1_286' title='bbox 1095 3612 1200 3652; x_wconf 89' lang='lat' dir='ltr'><strong>una</strong></span> <span class='ocrx_word' id='word_1_287' title='bbox 1233 3598 1617 3654; x_wconf 83' lang='lat' dir='ltr'><strong>terminatione</strong></span> <span class='ocrx_word' id='word_1_288' title='bbox 1641 3612 1743 3669; x_wconf 85' lang='lat' dir='ltr'><strong>pro</strong></span> <span class='ocrx_word' id='word_1_289' title='bbox 1765 3597 1916 3653; x_wconf 88' lang='lat' dir='ltr'><strong>omni</strong></span> 
     </span>
    </p>
   </div>
   <div class='ocr_carea' id='block_1_39' title="bbox 320 3684 1915 3762">
    <p class='ocr_par' dir='ltr' id='par_1_39' title="bbox 320 3684 1915 3762">
     <span class='ocr_line' id='line_1_39' title="bbox 320 3684 1915 3762; baseline 0.001 -20"><span class='ocrx_word' id='word_1_290' title='bbox 320 3701 454 3742; x_wconf 86' lang='lat' dir='ltr'><strong>casu</strong></span> <span class='ocrx_word' id='word_1_291' title='bbox 485 3684 805 3758; x_wconf 76' lang='lat' dir='ltr'><strong>funguntur,</strong></span> <span class='ocrx_word' id='word_1_292' title='bbox 830 3693 892 3741; x_wconf 91' lang='lat' dir='ltr'><strong>ut</strong></span> <span class='ocrx_word' id='word_1_293' title='bbox 917 3687 1134 3757; x_wconf 80' lang='lat' dir='ltr'><strong>gummi,</strong></span> <span class='ocrx_word' id='word_1_294' title='bbox 1166 3703 1411 3760; x_wconf 77' lang='lat' dir='ltr'><strong>nequam.</strong></span> <span class='ocrx_word' id='word_1_295' title='bbox 1444 3687 1557 3745; x_wconf 86' lang='lat' dir='ltr'><strong>Sub</strong></span> <span class='ocrx_word' id='word_1_296' title='bbox 1591 3705 1700 3761; x_wconf 89' lang='lat' dir='ltr'><strong>qua</strong></span> <span class='ocrx_word' id='word_1_297' title='bbox 1730 3688 1915 3762; x_wconf 86' lang='lat' dir='ltr'><strong>regula</strong></span> 
     </span>
    </p>
   </div>
   <div class='ocr_carea' id='block_1_40' title="bbox 319 3776 1915 3850">
    <p class='ocr_par' dir='ltr' id='par_1_40' title="bbox 319 3776 1915 3850">
     <span class='ocr_line' id='line_1_40' title="bbox 319 3776 1915 3850; baseline -0.003 -13"><span class='ocrx_word' id='word_1_298' title='bbox 319 3787 449 3837; x_wconf 78' lang='lat' dir='ltr'><strong>sunt</strong></span> <span class='ocrx_word' id='word_1_299' title='bbox 473 3779 640 3833; x_wconf 87' lang='lat' dir='ltr'><strong>etiam</strong></span> <span class='ocrx_word' id='word_1_300' title='bbox 669 3777 887 3833; x_wconf 89' lang='lat' dir='ltr'><strong>nomina</strong></span> <span class='ocrx_word' id='word_1_301' title='bbox 914 3776 1216 3834; x_wconf 83' lang='lat' dir='ltr'><strong>litterarum</strong></span> <span class='ocrx_word' id='word_1_302' title='bbox 1246 3783 1300 3834; x_wconf 88' lang='lat' dir='ltr'><strong>et</strong></span> <span class='ocrx_word' id='word_1_303' title='bbox 1341 3794 1692 3836; x_wconf 89' lang='lat' dir='ltr'><strong>numerorum</strong></span> <span class='ocrx_word' id='word_1_304' title='bbox 1718 3795 1750 3834; x_wconf 88' lang='lat' dir='ltr'><strong>a</strong></span> <span class='ocrx_word' id='word_1_305' title='bbox 1776 3793 1915 3850; x_wconf 86' lang='lat' dir='ltr'><strong>qua-</strong></span> 
     </span>
    </p>
   </div>
   <div class='ocr_carea' id='block_1_41' title="bbox 321 3867 1917 3942">
    <p class='ocr_par' dir='ltr' id='par_1_41' title="bbox 321 3867 1917 3942">
     <span class='ocr_line' id='line_1_41' title="bbox 321 3867 1917 3942; baseline 0 -15"><span class='ocrx_word' id='word_1_306' title='bbox 321 3876 450 3927; x_wconf 90' lang='lat' dir='ltr'><strong>tuor</strong></span> <span class='ocrx_word' id='word_1_307' title='bbox 475 3884 646 3942; x_wconf 85' lang='lat' dir='ltr'><strong>usque</strong></span> <span class='ocrx_word' id='word_1_308' title='bbox 667 3867 737 3925; x_wconf 87' lang='lat' dir='ltr'><strong>ad</strong></span> <span class='ocrx_word' id='word_1_309' title='bbox 768 3876 1010 3927; x_wconf 86' lang='lat' dir='ltr'><strong>centum.</strong></span> <span class='ocrx_word' id='word_1_310' title='bbox 1041 3869 1256 3940; x_wconf 85' lang='lat' dir='ltr'><strong>Diptota</strong></span> <span class='ocrx_word' id='word_1_311' title='bbox 1278 3879 1426 3937; x_wconf 87' lang='lat' dir='ltr'><strong>sunt,</strong></span> <span class='ocrx_word' id='word_1_312' title='bbox 1450 3886 1572 3942; x_wconf 66' lang='lat' dir='ltr'><strong>qum</strong></span> <span class='ocrx_word' id='word_1_313' title='bbox 1598 3871 1737 3928; x_wconf 90' lang='lat' dir='ltr'><strong>duos</strong></span> <span class='ocrx_word' id='word_1_314' title='bbox 1757 3885 1917 3927; x_wconf 88' lang='lat' dir='ltr'><strong>casus</strong></span> 
     </span>
    </p>
   </div>
   <div class='ocr_carea' id='block_1_42' title="bbox 202 3960 1917 4028">
    <p class='ocr_par' dir='ltr' id='par_1_42' title="bbox 202 3960 1917 4028">
     <span class='ocr_line' id='line_1_42' title="bbox 202 3960 1917 4028; baseline 0.002 -12"><span class='ocrx_word' id='word_1_315' title='bbox 202 4007 212 4016; x_wconf 94' lang='lat'><strong>.</strong></span> <span class='ocrx_word' id='word_1_316' title='bbox 319 3961 567 4020; x_wconf 83' lang='lat' dir='ltr'><strong>diversos</strong></span> <span class='ocrx_word' id='word_1_317' title='bbox 594 3960 831 4027; x_wconf 87' lang='lat' dir='ltr'><strong>habent,</strong></span> <span class='ocrx_word' id='word_1_318' title='bbox 865 3970 926 4016; x_wconf 89' lang='lat' dir='ltr'><strong>ut</strong></span> <span class='ocrx_word' id='word_1_319' title='bbox 952 3976 1085 4028; x_wconf 86' lang='lat' dir='ltr'><strong>sors,</strong></span> <span class='ocrx_word' id='word_1_320' title='bbox 1111 3977 1140 4016; x_wconf 91' lang='lat' dir='ltr'><strong>a</strong></span> <span class='ocrx_word' id='word_1_321' title='bbox 1169 3970 1309 4018; x_wconf 87' lang='lat' dir='ltr'><strong>sorte</strong></span> <span class='ocrx_word' id='word_1_322' title='bbox 1337 3976 1356 4017; x_wconf 91' lang='lat'><em>:</em></span> <span class='ocrx_word' id='word_1_323' title='bbox 1383 3961 1470 4020; x_wconf 89' lang='lat' dir='ltr'><strong>vel</strong></span> <span class='ocrx_word' id='word_1_324' title='bbox 1494 3977 1685 4020; x_wconf 88' lang='lat' dir='ltr'><strong>omnes</strong></span> <span class='ocrx_word' id='word_1_325' title='bbox 1707 3961 1917 4026; x_wconf 83' lang='lat' dir='ltr'><strong>duabus</strong></span> 
     </span>
    </p>
   </div>
   <div class='ocr_carea' id='block_1_43' title="bbox 322 4053 1917 4121">
    <p class='ocr_par' dir='ltr' id='par_1_43' title="bbox 322 4053 1917 4121">
     <span class='ocr_line' id='line_1_43' title="bbox 322 4053 1917 4121; baseline 0.002 -10"><span class='ocrx_word' id='word_1_326' title='bbox 322 4063 532 4111; x_wconf 89' lang='lat' dir='ltr'><strong>tantum</strong></span> <span class='ocrx_word' id='word_1_327' title='bbox 562 4053 971 4112; x_wconf 85' lang='lat' dir='ltr'><strong>diversitatibus</strong></span> <span class='ocrx_word' id='word_1_328' title='bbox 993 4054 1278 4121; x_wconf 86' lang='lat' dir='ltr'><strong>discretos,</strong></span> <span class='ocrx_word' id='word_1_329' title='bbox 1301 4064 1363 4112; x_wconf 90' lang='lat' dir='ltr'><strong>ut</strong></span> <span class='ocrx_word' id='word_1_330' title='bbox 1407 4073 1575 4112; x_wconf 85' lang='lat' dir='ltr'><strong>cornu</strong></span> <span class='ocrx_word' id='word_1_331' title='bbox 1605 4071 1798 4113; x_wconf 88' lang='lat' dir='ltr'><strong>omnes</strong></span> <span class='ocrx_word' id='word_1_332' title='bbox 1822 4072 1917 4114; x_wconf 82' lang='lat' dir='ltr'><strong>ca-</strong></span> 
     </span>
    </p>
   </div>
   <div class='ocr_carea' id='block_1_44' title="bbox 321 4144 1913 4220">
    <p class='ocr_par' dir='ltr' id='par_1_44' title="bbox 321 4144 1913 4220">
     <span class='ocr_line' id='line_1_44' title="bbox 321 4144 1913 4220; baseline -0.001 -17"><span class='ocrx_word' id='word_1_333' title='bbox 321 4162 419 4203; x_wconf 85' lang='lat' dir='ltr'><strong>sus</strong></span> <span class='ocrx_word' id='word_1_334' title='bbox 447 4147 613 4203; x_wconf 88' lang='lat' dir='ltr'><strong>habet</strong></span> <span class='ocrx_word' id='word_1_335' title='bbox 637 4147 692 4200; x_wconf 90' lang='lat' dir='ltr'><strong>in</strong></span> <span class='ocrx_word' id='word_1_336' title='bbox 714 4147 934 4201; x_wconf 84' lang='lat' dir='ltr'><strong>brevem</strong></span> <span class='ocrx_word' id='word_1_337' title='bbox 956 4144 1115 4220; x_wconf 74' lang='lat' dir='ltr'><strong>[Ms.,</strong></span> <span class='ocrx_word' id='word_1_338' title='bbox 1138 4145 1360 4213; x_wconf 89' lang='lat' dir='ltr'><strong>habent,</strong></span> <span class='ocrx_word' id='word_1_339' title='bbox 1387 4154 1501 4203; x_wconf 81' lang='lat' dir='ltr'><strong>tres</strong></span> <span class='ocrx_word' id='word_1_340' title='bbox 1524 4147 1578 4204; x_wconf 89' lang='lat' dir='ltr'><strong>in</strong></span> <span class='ocrx_word' id='word_1_341' title='bbox 1607 4149 1828 4204; x_wconf 83' lang='lat' dir='ltr'><strong>brevem</strong></span> <span class='ocrx_word' id='word_1_342' title='bbox 1852 4163 1913 4214; x_wconf 88' lang='lat' dir='ltr'><strong>u,</strong></span> 
     </span>
    </p>
   </div>
   <div class='ocr_carea' id='block_1_45' title="bbox 319 4234 1915 4310">
    <p class='ocr_par' dir='ltr' id='par_1_45' title="bbox 319 4234 1915 4310">
     <span class='ocr_line' id='line_1_45' title="bbox 319 4234 1915 4310; baseline 0 -16"><span class='ocrx_word' id='word_1_343' title='bbox 319 4247 379 4295; x_wconf 89' lang='lat' dir='ltr'><strong>et</strong></span> <span class='ocrx_word' id='word_1_344' title='bbox 403 4245 515 4294; x_wconf 86' lang='lat' dir='ltr'><strong>tres</strong></span> <span class='ocrx_word' id='word_1_345' title='bbox 536 4237 590 4293; x_wconf 88' lang='lat' dir='ltr'><strong>in</strong></span> <span class='ocrx_word' id='word_1_346' title='bbox 618 4237 833 4307; x_wconf 87' lang='lat' dir='ltr'><strong>longum</strong></span> <span class='ocrx_word' id='word_1_347' title='bbox 855 4234 936 4310; x_wconf 86' lang='lat' dir='ltr'><strong>u].</strong></span> <span class='ocrx_word' id='word_1_348' title='bbox 955 4235 1072 4292; x_wconf 80' lang='lat' dir='ltr'><strong>Alia</strong></span> <span class='ocrx_word' id='word_1_349' title='bbox 1093 4238 1330 4309; x_wconf 77' lang='lat' dir='ltr'><strong>triptota,</strong></span> <span class='ocrx_word' id='word_1_350' title='bbox 1353 4238 1534 4310; x_wconf 87' lang='lat' dir='ltr'><strong>qualia</strong></span> <span class='ocrx_word' id='word_1_351' title='bbox 1572 4248 1702 4296; x_wconf 88' lang='lat' dir='ltr'><strong>sunt</strong></span> <span class='ocrx_word' id='word_1_352' title='bbox 1719 4248 1915 4295; x_wconf 87' lang='lat' dir='ltr'><strong>neutra</strong></span> 
     </span>
    </p>
   </div>
   <div class='ocr_carea' id='block_1_46' title="bbox 319 4327 1917 4403">
    <p class='ocr_par' dir='ltr' id='par_1_46' title="bbox 319 4327 1917 4403">
     <span class='ocr_line' id='line_1_46' title="bbox 319 4327 1917 4403; baseline 0 -15"><span class='ocrx_word' id='word_1_353' title='bbox 319 4332 376 4388; x_wconf 90' lang='lat' dir='ltr'><strong>in</strong></span> <span class='ocrx_word' id='word_1_354' title='bbox 398 4329 636 4386; x_wconf 86' lang='lat' dir='ltr'><strong>secunda</strong></span> <span class='ocrx_word' id='word_1_355' title='bbox 676 4327 1060 4396; x_wconf 86' lang='lat' dir='ltr'><strong>declinatione,</strong></span> <span class='ocrx_word' id='word_1_356' title='bbox 1084 4344 1207 4401; x_wconf 68' lang='lat' dir='ltr'><strong>qum</strong></span> <span class='ocrx_word' id='word_1_357' title='bbox 1238 4339 1350 4386; x_wconf 90' lang='lat' dir='ltr'><strong>tres</strong></span> <span class='ocrx_word' id='word_1_358' title='bbox 1374 4331 1724 4388; x_wconf 84' lang='lat' dir='ltr'><strong>diversitates</strong></span> <span class='ocrx_word' id='word_1_359' title='bbox 1749 4329 1917 4403; x_wconf 62' lang='lat'><strong>379</strong></span> 
     </span>
    </p>
   </div>
   <div class='ocr_carea' id='block_1_47' title="bbox 317 4420 1914 4495">
    <p class='ocr_par' dir='ltr' id='par_1_47' title="bbox 317 4420 1914 4495">
     <span class='ocr_line' id='line_1_47' title="bbox 317 4420 1914 4495; baseline -0.001 -15"><span class='ocrx_word' id='word_1_360' title='bbox 317 4438 546 4480; x_wconf 73' lang='lat' dir='ltr'><strong>casuum</strong></span> <span class='ocrx_word' id='word_1_361' title='bbox 569 4420 791 4488; x_wconf 81' lang='lat' dir='ltr'><strong>habent,</strong></span> <span class='ocrx_word' id='word_1_362' title='bbox 813 4429 873 4477; x_wconf 91' lang='lat' dir='ltr'><strong>ut</strong></span> <span class='ocrx_word' id='word_1_363' title='bbox 895 4421 1165 4494; x_wconf 79' lang='lat' dir='ltr'><strong>templum,</strong></span> <span class='ocrx_word' id='word_1_364' title='bbox 1187 4421 1384 4493; x_wconf 77' lang='lat' dir='ltr'><strong>templi,</strong></span> <span class='ocrx_word' id='word_1_365' title='bbox 1407 4421 1615 4495; x_wconf 44' lang='lat' dir='ltr'><strong>templo,</strong></span> <span class='ocrx_word' id='word_1_366' title='bbox 1651 4431 1709 4477; x_wconf 92' lang='lat' dir='ltr'><strong>et</strong></span> <span class='ocrx_word' id='word_1_367' title='bbox 1729 4423 1914 4478; x_wconf 88' lang='lat' dir='ltr'><strong>omnia</strong></span> 
     </span>
    </p>
   </div>
   <div class='ocr_carea' id='block_1_48' title="bbox 2036 562 3621 636">
    <p class='ocr_par' dir='ltr' id='par_1_48' title="bbox 2036 562 3621 636">
     <span class='ocr_line' id='line_1_48' title="bbox 2036 562 3621 636; baseline 0.002 -20"><span class='ocrx_word' id='word_1_368' title='bbox 2036 562 2120 617; x_wconf 81' lang='grc' dir='ltr'><strong>Ιιῑι·</strong></span> <span class='ocrx_word' id='word_1_369' title='bbox 2142 573 2294 634; x_wconf 84' lang='lat' dir='ltr'><strong>poeta</strong></span> <span class='ocrx_word' id='word_1_370' title='bbox 2319 580 2336 627; x_wconf 89' lang='lat'><strong><em>;</em></strong></span> <span class='ocrx_word' id='word_1_371' title='bbox 2361 562 2618 634; x_wconf 76' lang='lat' dir='ltr'><strong>genitivo,</strong></span> <span class='ocrx_word' id='word_1_372' title='bbox 2649 562 3022 634; x_wconf 71' lang='lat' dir='ltr'><strong>bujuspoetoe;</strong></span> <span class='ocrx_word' id='word_1_373' title='bbox 3057 564 3258 630; x_wconf 85' lang='lat' dir='ltr'><strong>dativo,</strong></span> <span class='ocrx_word' id='word_1_374' title='bbox 3285 567 3407 619; x_wconf 76' lang='lat' dir='ltr'><strong>huic</strong></span> <span class='ocrx_word' id='word_1_375' title='bbox 3420 577 3621 636; x_wconf 70' lang='lat' dir='ltr'><strong>poem;</strong></span> 
     </span>
    </p>
   </div>
   <div class='ocr_carea' id='block_1_49' title="bbox 2033 654 3622 727">
    <p class='ocr_par' dir='ltr' id='par_1_49' title="bbox 2033 654 3622 727">
     <span class='ocr_line' id='line_1_49' title="bbox 2033 654 3622 727; baseline 0.003 -19"><span class='ocrx_word' id='word_1_376' title='bbox 2033 654 2174 709; x_wconf 80' lang='lat' dir='ltr'><strong>hunc</strong></span> <span class='ocrx_word' id='word_1_377' title='bbox 2196 665 2441 726; x_wconf 86' lang='lat' dir='ltr'><strong>poetam;</strong></span> <span class='ocrx_word' id='word_1_378' title='bbox 2470 672 2501 709; x_wconf 87' lang='grc' dir='ltr'><strong>ο</strong></span> <span class='ocrx_word' id='word_1_379' title='bbox 2527 664 2704 727; x_wconf 84' lang='lat' dir='ltr'><strong>poeta,</strong></span> <span class='ocrx_word' id='word_1_380' title='bbox 2745 654 2812 710; x_wconf 86' lang='lat' dir='ltr'><strong>ab</strong></span> <span class='ocrx_word' id='word_1_381' title='bbox 2831 654 2930 709; x_wconf 80' lang='lat' dir='ltr'><strong>hoc</strong></span> <span class='ocrx_word' id='word_1_382' title='bbox 2954 665 3130 726; x_wconf 86' lang='lat' dir='ltr'><strong>poeta.</strong></span> <span class='ocrx_word' id='word_1_383' title='bbox 3166 655 3540 712; x_wconf 82' lang='lat' dir='ltr'><strong>Nomiuativus</strong></span> <span class='ocrx_word' id='word_1_384' title='bbox 3567 666 3622 713; x_wconf 85' lang='lat' dir='ltr'><strong>et</strong></span> 
     </span>
    </p>
   </div>
   <div class='ocr_carea' id='block_1_50' title="bbox 2034 745 3621 822">
    <p class='ocr_par' dir='ltr' id='par_1_50' title="bbox 2034 745 3621 822">
     <span class='ocr_line' id='line_1_50' title="bbox 2034 745 3621 822; baseline 0.005 -24"><span class='ocrx_word' id='word_1_385' title='bbox 2034 748 2315 802; x_wconf 83' lang='lat' dir='ltr'><strong>vocativus</strong></span> <span class='ocrx_word' id='word_1_386' title='bbox 2344 746 2572 818; x_wconf 74' lang='lat' dir='ltr'><strong>pluralis</strong></span> <span class='ocrx_word' id='word_1_387' title='bbox 2602 745 2656 801; x_wconf 90' lang='lat' dir='ltr'><strong>in</strong></span> <span class='ocrx_word' id='word_1_388' title='bbox 2681 762 2728 802; x_wconf 75' lang='lat' dir='ltr'><strong>te</strong></span> <span class='ocrx_word' id='word_1_389' title='bbox 2749 745 3190 822; x_wconf 74' lang='lat' dir='ltr'><strong>[diphthongon].</strong></span> <span class='ocrx_word' id='word_1_390' title='bbox 3236 747 3520 805; x_wconf 86' lang='lat' dir='ltr'><strong>Genitivus</strong></span> <span class='ocrx_word' id='word_1_391' title='bbox 3564 750 3621 807; x_wconf 88' lang='lat' dir='ltr'><strong>in</strong></span> 
     </span>
    </p>
   </div>
   <div class='ocr_carea' id='block_1_51' title="bbox 2032 832 3621 911">
    <p class='ocr_par' dir='ltr' id='par_1_51' title="bbox 2032 832 3621 911">
     <span class='ocr_line' id='line_1_51' title="bbox 2032 832 3621 911; baseline 0.004 -19"><span class='ocrx_word' id='word_1_392' title='bbox 2032 855 2204 892; x_wconf 82' lang='lat' dir='ltr'><strong>arum.</strong></span> <span class='ocrx_word' id='word_1_393' title='bbox 2240 838 2623 911; x_wconf 81' lang='lat' dir='ltr'><strong>[Aecusativus</strong></span> <span class='ocrx_word' id='word_1_394' title='bbox 2648 832 2702 892; x_wconf 90' lang='lat' dir='ltr'><strong>in</strong></span> <span class='ocrx_word' id='word_1_395' title='bbox 2733 836 2841 911; x_wconf 88' lang='lat' dir='ltr'><strong>as.]</strong></span> <span class='ocrx_word' id='word_1_396' title='bbox 2881 838 3104 895; x_wconf 85' lang='lat' dir='ltr'><strong>Dativus</strong></span> <span class='ocrx_word' id='word_1_397' title='bbox 3145 849 3202 896; x_wconf 88' lang='lat' dir='ltr'><strong>et</strong></span> <span class='ocrx_word' id='word_1_398' title='bbox 3243 840 3514 898; x_wconf 70' lang='lat' dir='ltr'><strong>ablativus</strong></span> <span class='ocrx_word' id='word_1_399' title='bbox 3563 843 3621 899; x_wconf 88' lang='lat' dir='ltr'><strong>in</strong></span> 
     </span>
    </p>
   </div>
   <div class='ocr_carea' id='block_1_52' title="bbox 2030 928 3623 1004">
    <p class='ocr_par' dir='ltr' id='par_1_52' title="bbox 2030 928 3623 1004">
     <span class='ocr_line' id='line_1_52' title="bbox 2030 928 3623 1004; baseline 0.003 -22"><span class='ocrx_word' id='word_1_400' title='bbox 2030 929 2078 983; x_wconf 96' lang='lat' dir='ltr'><strong>is</strong></span> <span class='ocrx_word' id='word_1_401' title='bbox 2104 928 2231 1001; x_wconf 82' lang='lat' dir='ltr'><strong>(nisi</strong></span> <span class='ocrx_word' id='word_1_402' title='bbox 2269 931 2340 984; x_wconf 91' lang='lat' dir='ltr'><strong>sit</strong></span> <span class='ocrx_word' id='word_1_403' title='bbox 2365 928 2706 984; x_wconf 87' lang='lat' dir='ltr'><strong>discernendi</strong></span> <span class='ocrx_word' id='word_1_404' title='bbox 2727 929 2944 1002; x_wconf 81' lang='lat' dir='ltr'><strong>generis</strong></span> <span class='ocrx_word' id='word_1_405' title='bbox 2972 943 3158 994; x_wconf 87' lang='lat' dir='ltr'><strong>causa,</strong></span> <span class='ocrx_word' id='word_1_406' title='bbox 3195 937 3254 985; x_wconf 88' lang='lat' dir='ltr'><strong>ut</strong></span> <span class='ocrx_word' id='word_1_407' title='bbox 3276 930 3494 997; x_wconf 84' lang='lat' dir='ltr'><strong>deabus,</strong></span> <span class='ocrx_word' id='word_1_408' title='bbox 3551 934 3623 1004; x_wconf 75' lang='lat' dir='ltr'><strong>ﬁ-</strong></span> 
     </span>
    </p>
   </div>
   <div class='ocr_carea' id='block_1_53' title="bbox 2032 1017 3620 1095">
    <p class='ocr_par' dir='ltr' id='par_1_53' title="bbox 2032 1017 3620 1095">
     <span class='ocr_line' id='line_1_53' title="bbox 2032 1017 3620 1095; baseline 0.004 -22"><span class='ocrx_word' id='word_1_409' title='bbox 2032 1019 2226 1093; x_wconf 83' lang='lat' dir='ltr'><strong>liabus,</strong></span> <span class='ocrx_word' id='word_1_410' title='bbox 2258 1019 2506 1085; x_wconf 81' lang='lat' dir='ltr'><strong>natabus,</strong></span> <span class='ocrx_word' id='word_1_411' title='bbox 2531 1017 2784 1094; x_wconf 82' lang='lat' dir='ltr'><strong>equabus)</strong></span> <span class='ocrx_word' id='word_1_412' title='bbox 2807 1020 2863 1074; x_wconf 77' lang='lat' dir='ltr'><strong>lii</strong></span> <span class='ocrx_word' id='word_1_413' title='bbox 2887 1029 3072 1091; x_wconf 75' lang='lat' dir='ltr'><strong>poeta&#39;,</strong></span> <span class='ocrx_word' id='word_1_414' title='bbox 3104 1019 3293 1076; x_wconf 83' lang='lat' dir='ltr'><strong>horum</strong></span> <span class='ocrx_word' id='word_1_415' title='bbox 3319 1033 3620 1095; x_wconf 75' lang='lat' dir='ltr'><strong>poetarum,</strong></span> 
     </span>
    </p>
   </div>
   <div class='ocr_carea' id='block_1_54' title="bbox 2031 1109 3366 1182">
    <p class='ocr_par' dir='ltr' id='par_1_54' title="bbox 2031 1109 3366 1182">
     <span class='ocr_line' id='line_1_54' title="bbox 2031 1109 3366 1182; baseline 0.002 -18"><span class='ocrx_word' id='word_1_416' title='bbox 2031 1109 2112 1164; x_wconf 82' lang='lat' dir='ltr'><strong>his</strong></span> <span class='ocrx_word' id='word_1_417' title='bbox 2133 1110 2320 1180; x_wconf 83' lang='lat' dir='ltr'><strong>poetis,</strong></span> <span class='ocrx_word' id='word_1_418' title='bbox 2347 1109 2442 1164; x_wconf 80' lang='lat' dir='ltr'><strong>hos</strong></span> <span class='ocrx_word' id='word_1_419' title='bbox 2471 1117 2675 1178; x_wconf 85' lang='lat' dir='ltr'><strong>poetas,</strong></span> <span class='ocrx_word' id='word_1_420' title='bbox 2706 1125 2737 1163; x_wconf 89' lang='grc' dir='ltr'><strong>ο</strong></span> <span class='ocrx_word' id='word_1_421' title='bbox 2768 1120 2959 1181; x_wconf 73' lang='lat' dir='ltr'><strong>poene,</strong></span> <span class='ocrx_word' id='word_1_422' title='bbox 2981 1109 3048 1164; x_wconf 86' lang='lat' dir='ltr'><strong>ab</strong></span> <span class='ocrx_word' id='word_1_423' title='bbox 3072 1109 3154 1165; x_wconf 83' lang='lat' dir='ltr'><strong>his</strong></span> <span class='ocrx_word' id='word_1_424' title='bbox 3179 1113 3366 1182; x_wconf 82' lang='lat' dir='ltr'><strong>poetis.</strong></span> 
     </span>
    </p>
   </div>
   <div class='ocr_carea' id='block_1_55' title="bbox 2103 1199 3619 1272">
    <p class='ocr_par' dir='ltr' id='par_1_55' title="bbox 2103 1199 3619 1272">
     <span class='ocr_line' id='line_1_55' title="bbox 2103 1199 3619 1272; baseline 0.005 -16"><span class='ocrx_word' id='word_1_425' title='bbox 2103 1199 2366 1257; x_wconf 79' lang='lat' dir='ltr'><strong>Secundze</strong></span> <span class='ocrx_word' id='word_1_426' title='bbox 2391 1200 2772 1258; x_wconf 86' lang='lat' dir='ltr'><strong>declinationis</strong></span> <span class='ocrx_word' id='word_1_427' title='bbox 2799 1202 3071 1272; x_wconf 77' lang='lat' dir='ltr'><strong>genitivus</strong></span> <span class='ocrx_word' id='word_1_428' title='bbox 3097 1203 3151 1258; x_wconf 91' lang='lat' dir='ltr'><strong>iu</strong></span> <span class='ocrx_word' id='word_1_429' title='bbox 3180 1203 3440 1262; x_wconf 85' lang='lat' dir='ltr'><strong>idesinit.</strong></span> <span class='ocrx_word' id='word_1_430' title='bbox 3469 1207 3619 1264; x_wconf 86' lang='lat' dir='ltr'><strong>Dati-</strong></span> 
     </span>
    </p>
   </div>
   <div class='ocr_carea' id='block_1_56' title="bbox 2028 1290 3613 1362">
    <p class='ocr_par' dir='ltr' id='par_1_56' title="bbox 2028 1290 3613 1362">
     <span class='ocr_line' id='line_1_56' title="bbox 2028 1290 3613 1362; baseline 0.004 -15"><span class='ocrx_word' id='word_1_431' title='bbox 2028 1305 2130 1348; x_wconf 89' lang='lat' dir='ltr'><strong>vus</strong></span> <span class='ocrx_word' id='word_1_432' title='bbox 2157 1299 2213 1345; x_wconf 92' lang='lat' dir='ltr'><strong>et</strong></span> <span class='ocrx_word' id='word_1_433' title='bbox 2239 1290 2507 1348; x_wconf 86' lang='lat' dir='ltr'><strong>ablativus</strong></span> <span class='ocrx_word' id='word_1_434' title='bbox 2535 1292 2590 1347; x_wconf 88' lang='lat' dir='ltr'><strong>in</strong></span> <span class='ocrx_word' id='word_1_435' title='bbox 2625 1308 2656 1347; x_wconf 81' lang='grc' dir='ltr'><strong><em>ο</em></strong></span> <span class='ocrx_word' id='word_1_436' title='bbox 2677 1293 3019 1362; x_wconf 82' lang='lat' dir='ltr'><strong>productam.</strong></span> <span class='ocrx_word' id='word_1_437' title='bbox 3044 1293 3472 1353; x_wconf 79' lang='lat' dir='ltr'><strong>Accusativusin</strong></span> <span class='ocrx_word' id='word_1_438' title='bbox 3503 1315 3613 1361; x_wconf 73' lang='lat' dir='ltr'><strong>una,</strong></span> 
     </span>
    </p>
   </div>
   <div class='ocr_carea' id='block_1_57' title="bbox 2029 1384 3614 1462">
    <p class='ocr_par' dir='ltr' id='par_1_57' title="bbox 2029 1384 3614 1462">
     <span class='ocr_line' id='line_1_57' title="bbox 2029 1384 3614 1462; baseline 0.007 -24"><span class='ocrx_word' id='word_1_439' title='bbox 2029 1384 2137 1439; x_wconf 88' lang='lat' dir='ltr'><strong>nisi</strong></span> <span class='ocrx_word' id='word_1_440' title='bbox 2173 1385 2282 1439; x_wconf 86' lang='lat' dir='ltr'><strong>sint</strong></span> <span class='ocrx_word' id='word_1_441' title='bbox 2307 1391 2524 1451; x_wconf 86' lang='lat' dir='ltr'><strong>neutra,</strong></span> <span class='ocrx_word' id='word_1_442' title='bbox 2545 1398 2780 1456; x_wconf 89' lang='lat' dir='ltr'><strong>quorum</strong></span> <span class='ocrx_word' id='word_1_443' title='bbox 2814 1387 3158 1443; x_wconf 82' lang='lat' dir='ltr'><strong>accusativus</strong></span> <span class='ocrx_word' id='word_1_444' title='bbox 3182 1387 3386 1462; x_wconf 83' lang='lat' dir='ltr'><strong>ubique</strong></span> <span class='ocrx_word' id='word_1_445' title='bbox 3427 1392 3614 1462; x_wconf 83' lang='lat' dir='ltr'><strong>sequi-</strong></span> 
     </span>
    </p>
   </div>
   <div class='ocr_carea' id='block_1_58' title="bbox 2030 1475 3615 1551">
    <p class='ocr_par' dir='ltr' id='par_1_58' title="bbox 2030 1475 3615 1551">
     <span class='ocr_line' id='line_1_58' title="bbox 2030 1475 3615 1551; baseline 0.007 -21"><span class='ocrx_word' id='word_1_446' title='bbox 2030 1483 2121 1530; x_wconf 88' lang='lat' dir='ltr'><strong>tur</strong></span> <span class='ocrx_word' id='word_1_447' title='bbox 2150 1490 2309 1540; x_wconf 88' lang='lat' dir='ltr'><strong>suum</strong></span> <span class='ocrx_word' id='word_1_448' title='bbox 2345 1475 2759 1542; x_wconf 86' lang='lat' dir='ltr'><strong>nominativum,</strong></span> <span class='ocrx_word' id='word_1_449' title='bbox 2792 1489 2888 1532; x_wconf 87' lang='lat' dir='ltr'><strong>seu</strong></span> <span class='ocrx_word' id='word_1_450' title='bbox 2940 1477 2994 1532; x_wconf 90' lang='lat' dir='ltr'><strong>in</strong></span> <span class='ocrx_word' id='word_1_451' title='bbox 3043 1477 3310 1550; x_wconf 72' lang='lat' dir='ltr'><strong>singulari</strong></span> <span class='ocrx_word' id='word_1_452' title='bbox 3365 1497 3615 1551; x_wconf 76' lang='lat' dir='ltr'><strong>numero,</strong></span> 
     </span>
    </p>
   </div>
   <div class='ocr_carea' id='block_1_59' title="bbox 2030 1567 3619 1640">
    <p class='ocr_par' dir='ltr' id='par_1_59' title="bbox 2030 1567 3619 1640">
     <span class='ocr_line' id='line_1_59' title="bbox 2030 1567 3619 1640; baseline 0.006 -16"><span class='ocrx_word' id='word_1_453' title='bbox 2030 1582 2126 1624; x_wconf 81' lang='lat' dir='ltr'><strong>seu</strong></span> <span class='ocrx_word' id='word_1_454' title='bbox 2157 1569 2211 1624; x_wconf 91' lang='lat' dir='ltr'><strong>in</strong></span> <span class='ocrx_word' id='word_1_455' title='bbox 2229 1567 2445 1640; x_wconf 86' lang='lat' dir='ltr'><strong>plurali.</strong></span> <span class='ocrx_word' id='word_1_456' title='bbox 2472 1568 2764 1624; x_wconf 72' lang='lat' dir='ltr'><strong>Vocativus</strong></span> <span class='ocrx_word' id='word_1_457' title='bbox 2803 1569 2997 1626; x_wconf 88' lang='lat' dir='ltr'><strong>similis</strong></span> <span class='ocrx_word' id='word_1_458' title='bbox 3040 1579 3126 1626; x_wconf 88' lang='lat' dir='ltr'><strong>est</strong></span> <span class='ocrx_word' id='word_1_459' title='bbox 3174 1574 3510 1632; x_wconf 89' lang='lat' dir='ltr'><strong>nominativo</strong></span> <span class='ocrx_word' id='word_1_460' title='bbox 3558 1578 3619 1634; x_wconf 85' lang='lat' dir='ltr'><strong>in</strong></span> 
     </span>
    </p>
   </div>
   <div class='ocr_carea' id='block_1_60' title="bbox 2032 1660 3620 1736">
    <p class='ocr_par' dir='ltr' id='par_1_60' title="bbox 2032 1660 3620 1736">
     <span class='ocr_line' id='line_1_60' title="bbox 2032 1660 3620 1736; baseline 0.003 -16"><span class='ocrx_word' id='word_1_461' title='bbox 2032 1662 2143 1720; x_wconf 88' lang='lat' dir='ltr'><strong>illis</strong></span> <span class='ocrx_word' id='word_1_462' title='bbox 2188 1662 2443 1718; x_wconf 84' lang='lat' dir='ltr'><strong>omnibus</strong></span> <span class='ocrx_word' id='word_1_463' title='bbox 2468 1660 2625 1736; x_wconf 74' lang='grc' dir='ltr'><strong>[Με⁹⁹</strong></span> <span class='ocrx_word' id='word_1_464' title='bbox 2675 1661 3008 1736; x_wconf 86' lang='lat' dir='ltr'><strong>nominibus]</strong></span> <span class='ocrx_word' id='word_1_465' title='bbox 3044 1679 3168 1735; x_wconf 74' lang='lat' dir='ltr'><strong>qua:</strong></span> <span class='ocrx_word' id='word_1_466' title='bbox 3194 1665 3247 1719; x_wconf 92' lang='lat' dir='ltr'><strong>in</strong></span> <span class='ocrx_word' id='word_1_467' title='bbox 3277 1682 3327 1721; x_wconf 90' lang='lat' dir='ltr'><strong>m</strong></span> <span class='ocrx_word' id='word_1_468' title='bbox 3364 1667 3448 1723; x_wconf 89' lang='lat' dir='ltr'><strong>vel</strong></span> <span class='ocrx_word' id='word_1_469' title='bbox 3476 1671 3620 1726; x_wconf 85' lang='lat' dir='ltr'><strong>rde-</strong></span> 
     </span>
    </p>
   </div>
   <div class='ocr_carea' id='block_1_61' title="bbox 2033 1753 3618 1828">
    <p class='ocr_par' dir='ltr' id='par_1_61' title="bbox 2033 1753 3618 1828">
     <span class='ocr_line' id='line_1_61' title="bbox 2033 1753 3618 1828; baseline 0.004 -17"><span class='ocrx_word' id='word_1_470' title='bbox 2033 1755 2260 1819; x_wconf 85' lang='lat' dir='ltr'><strong>sinunt;</strong></span> <span class='ocrx_word' id='word_1_471' title='bbox 2293 1754 2338 1810; x_wconf 89' lang='lat' dir='ltr'><strong>si</strong></span> <span class='ocrx_word' id='word_1_472' title='bbox 2363 1768 2494 1810; x_wconf 87' lang='lat' dir='ltr'><strong>vero</strong></span> <span class='ocrx_word' id='word_1_473' title='bbox 2530 1754 2584 1808; x_wconf 92' lang='lat' dir='ltr'><strong>in</strong></span> <span class='ocrx_word' id='word_1_474' title='bbox 2609 1753 2694 1808; x_wconf 82' lang='lat' dir='ltr'><strong>ius</strong></span> <span class='ocrx_word' id='word_1_475' title='bbox 2719 1755 2936 1810; x_wconf 87' lang='lat' dir='ltr'><strong>nomina</strong></span> <span class='ocrx_word' id='word_1_476' title='bbox 2966 1755 3223 1812; x_wconf 84' lang='lat' dir='ltr'><strong>desinunt</strong></span> <span class='ocrx_word' id='word_1_477' title='bbox 3249 1759 3492 1828; x_wconf 86' lang='lat' dir='ltr'><strong>propria,</strong></span> <span class='ocrx_word' id='word_1_478' title='bbox 3523 1775 3618 1817; x_wconf 90' lang='lat' dir='ltr'><strong>vo—</strong></span> 
     </span>
    </p>
   </div>
   <div class='ocr_carea' id='block_1_62' title="bbox 2033 1842 3615 1926">
    <p class='ocr_par' dir='ltr' id='par_1_62' title="bbox 2033 1842 3615 1926">
     <span class='ocr_line' id='line_1_62' title="bbox 2033 1842 3615 1926; baseline 0.004 -25"><span class='ocrx_word' id='word_1_479' title='bbox 2033 1845 2246 1902; x_wconf 89' lang='lat' dir='ltr'><strong>cativus</strong></span> <span class='ocrx_word' id='word_1_480' title='bbox 2277 1846 2328 1900; x_wconf 90' lang='lat' dir='ltr'><strong>iu</strong></span> <span class='ocrx_word' id='word_1_481' title='bbox 2359 1844 2398 1911; x_wconf 90' lang='lat' dir='ltr'><strong>i,</strong></span> <span class='ocrx_word' id='word_1_482' title='bbox 2426 1853 2488 1901; x_wconf 91' lang='lat' dir='ltr'><strong>ut</strong></span> <span class='ocrx_word' id='word_1_483' title='bbox 2549 1842 2822 1917; x_wconf 82' lang='lat' dir='ltr'><strong>Virgilius,</strong></span> <span class='ocrx_word' id='word_1_484' title='bbox 2862 1843 3049 1917; x_wconf 82' lang='lat' dir='ltr'><strong>Virgili</strong></span> <span class='ocrx_word' id='word_1_485' title='bbox 3082 1845 3268 1921; x_wconf 85' lang='lat' dir='ltr'><strong>[linit].</strong></span> <span class='ocrx_word' id='word_1_486' title='bbox 3299 1849 3358 1905; x_wconf 86' lang='lat' dir='ltr'><strong>Si</strong></span> <span class='ocrx_word' id='word_1_487' title='bbox 3386 1849 3615 1926; x_wconf 86' lang='lat' dir='ltr'><strong>[autem]</strong></span> 
     </span>
    </p>
   </div>
   <div class='ocr_carea' id='block_1_63' title="bbox 2031 1935 3616 2001">
    <p class='ocr_par' dir='ltr' id='par_1_63' title="bbox 2031 1935 3616 2001">
     <span class='ocr_line' id='line_1_63' title="bbox 2031 1935 3616 2001; baseline 0.003 -7"><span class='ocrx_word' id='word_1_488' title='bbox 2031 1936 2399 1994; x_wconf 81' lang='lat' dir='ltr'><strong>nominativus</strong></span> <span class='ocrx_word' id='word_1_489' title='bbox 2438 1935 2492 1990; x_wconf 92' lang='lat' dir='ltr'><strong>in</strong></span> <span class='ocrx_word' id='word_1_490' title='bbox 2522 1950 2610 2001; x_wconf 89' lang='lat' dir='ltr'><strong>us,</strong></span> <span class='ocrx_word' id='word_1_491' title='bbox 2655 1935 2938 1992; x_wconf 85' lang='lat' dir='ltr'><strong>vocativus</strong></span> <span class='ocrx_word' id='word_1_492' title='bbox 2965 1935 3019 1992; x_wconf 91' lang='lat' dir='ltr'><strong>in</strong></span> <span class='ocrx_word' id='word_1_493' title='bbox 3056 1953 3086 1992; x_wconf 86' lang='lat' dir='ltr'><strong>e</strong></span> <span class='ocrx_word' id='word_1_494' title='bbox 3140 1936 3337 1994; x_wconf 84' lang='lat' dir='ltr'><strong>desinit</strong></span> <span class='ocrx_word' id='word_1_495' title='bbox 3374 1949 3480 1997; x_wconf 89' lang='lat' dir='ltr'><strong>:ut</strong></span> <span class='ocrx_word' id='word_1_496' title='bbox 3532 1943 3616 1998; x_wconf 75' lang='lat' dir='ltr'><strong>hic</strong></span> 
     </span>
    </p>
   </div>
   <div class='ocr_carea' id='block_1_64' title="bbox 2028 2045 3614 2107">
    <p class='ocr_par' dir='ltr' id='par_1_64' title="bbox 2028 2045 3614 2107">
     <span class='ocr_line' id='line_1_64' title="bbox 2028 2045 3614 2107; baseline 0.005 -22"><span class='ocrx_word' id='word_1_497' title='bbox 2028 2046 2274 2103; x_wconf 82' lang='lat' dir='ltr'><strong>magnus,</strong></span> <span class='ocrx_word' id='word_1_498' title='bbox 2302 2045 2504 2102; x_wconf 79' lang='lat' dir='ltr'><strong>magns,</strong></span> <span class='ocrx_word' id='word_1_499' title='bbox 2531 2045 2741 2099; x_wconf 79' lang='lat' dir='ltr'><strong>ntaguo,</strong></span> <span class='ocrx_word' id='word_1_500' title='bbox 2769 2045 3038 2100; x_wconf 86' lang='lat' dir='ltr'><strong>magnum,</strong></span> <span class='ocrx_word' id='word_1_501' title='bbox 3065 2047 3096 2084; x_wconf 86' lang='lat'><strong><em>0</em></strong></span> <span class='ocrx_word' id='word_1_502' title='bbox 3123 2047 3328 2102; x_wconf 82' lang='lat' dir='ltr'><strong>magne,</strong></span> <span class='ocrx_word' id='word_1_503' title='bbox 3345 2050 3378 2087; x_wconf 89' lang='lat' dir='ltr'><strong>a</strong></span> <span class='ocrx_word' id='word_1_504' title='bbox 3401 2050 3614 2107; x_wconf 81' lang='lat' dir='ltr'><strong>magno.</strong></span> 
     </span>
    </p>
   </div>
   <div class='ocr_carea' id='block_1_65' title="bbox 2028 2121 3614 2194">
    <p class='ocr_par' dir='ltr' id='par_1_65' title="bbox 2028 2121 3614 2194">
     <span class='ocr_line' id='line_1_65' title="bbox 2028 2121 3614 2194; baseline 0.003 -15"><span class='ocrx_word' id='word_1_505' title='bbox 2028 2122 2405 2180; x_wconf 85' lang='lat' dir='ltr'><strong>Nominativus</strong></span> <span class='ocrx_word' id='word_1_506' title='bbox 2429 2131 2486 2176; x_wconf 85' lang='lat' dir='ltr'><strong>et</strong></span> <span class='ocrx_word' id='word_1_507' title='bbox 2515 2121 2797 2178; x_wconf 82' lang='lat' dir='ltr'><strong>vocativus</strong></span> <span class='ocrx_word' id='word_1_508' title='bbox 2833 2121 3093 2194; x_wconf 82' lang='lat' dir='ltr'><strong>plurales,</strong></span> <span class='ocrx_word' id='word_1_509' title='bbox 3141 2123 3248 2179; x_wconf 86' lang='lat' dir='ltr'><strong>nisi</strong></span> <span class='ocrx_word' id='word_1_510' title='bbox 3299 2124 3354 2180; x_wconf 90' lang='lat' dir='ltr'><strong>in</strong></span> <span class='ocrx_word' id='word_1_511' title='bbox 3389 2137 3614 2194; x_wconf 88' lang='lat' dir='ltr'><strong>neutro,</strong></span> 
     </span>
    </p>
   </div>
   <div class='ocr_carea' id='block_1_66' title="bbox 2028 2213 3612 2296">
    <p class='ocr_par' dir='ltr' id='par_1_66' title="bbox 2028 2213 3612 2296">
     <span class='ocr_line' id='line_1_66' title="bbox 2028 2213 3612 2296; baseline 0.004 -25"><span class='ocrx_word' id='word_1_512' title='bbox 2028 2215 2476 2289; x_wconf 82' lang='lat' dir='ltr'><strong>peritiniuntur.</strong></span> <span class='ocrx_word' id='word_1_513' title='bbox 2508 2213 2796 2272; x_wconf 84' lang='lat' dir='ltr'><strong>Genitivus</strong></span> <span class='ocrx_word' id='word_1_514' title='bbox 2845 2214 2901 2270; x_wconf 89' lang='lat' dir='ltr'><strong>in</strong></span> <span class='ocrx_word' id='word_1_515' title='bbox 2948 2231 3102 2270; x_wconf 84' lang='lat' dir='ltr'><strong>orum</strong></span> <span class='ocrx_word' id='word_1_516' title='bbox 3153 2215 3298 2289; x_wconf 66' lang='grc' dir='ltr'><strong>[δίδη</strong></span> <span class='ocrx_word' id='word_1_517' title='bbox 3341 2218 3397 2274; x_wconf 82' lang='lat' dir='ltr'><strong>in</strong></span> <span class='ocrx_word' id='word_1_518' title='bbox 3449 2221 3612 2296; x_wconf 80' lang='lat' dir='ltr'><strong>rum].</strong></span> 
     </span>
    </p>
   </div>
   <div class='ocr_carea' id='block_1_67' title="bbox 2031 2306 3617 2372">
    <p class='ocr_par' dir='ltr' id='par_1_67' title="bbox 2031 2306 3617 2372">
     <span class='ocr_line' id='line_1_67' title="bbox 2031 2306 3617 2372; baseline -0.004 -8"><span class='ocrx_word' id='word_1_519' title='bbox 2031 2309 2253 2364; x_wconf 89' lang='lat' dir='ltr'><strong>Dativus</strong></span> <span class='ocrx_word' id='word_1_520' title='bbox 2272 2315 2327 2364; x_wconf 83' lang='lat' dir='ltr'><strong>et</strong></span> <span class='ocrx_word' id='word_1_521' title='bbox 2351 2306 2624 2363; x_wconf 84' lang='lat' dir='ltr'><strong>ablativus</strong></span> <span class='ocrx_word' id='word_1_522' title='bbox 2645 2306 2699 2361; x_wconf 90' lang='lat' dir='ltr'><strong>in</strong></span> <span class='ocrx_word' id='word_1_523' title='bbox 2726 2306 2793 2372; x_wconf 88' lang='lat' dir='ltr'><strong>is,</strong></span> <span class='ocrx_word' id='word_1_524' title='bbox 2823 2308 3169 2363; x_wconf 83' lang='lat' dir='ltr'><strong>accusativus</strong></span> <span class='ocrx_word' id='word_1_525' title='bbox 3206 2308 3260 2364; x_wconf 86' lang='lat' dir='ltr'><strong>in</strong></span> <span class='ocrx_word' id='word_1_526' title='bbox 3291 2326 3370 2365; x_wconf 86' lang='lat' dir='ltr'><strong>os.</strong></span> <span class='ocrx_word' id='word_1_527' title='bbox 3395 2308 3470 2365; x_wconf 85' lang='lat' dir='ltr'><strong>Ili</strong></span> <span class='ocrx_word' id='word_1_528' title='bbox 3501 2327 3617 2368; x_wconf 77' lang='lat' dir='ltr'><strong>ma-</strong></span> 
     </span>
    </p>
   </div>
   <div class='ocr_carea' id='block_1_68' title="bbox 2025 2401 3614 2479">
    <p class='ocr_par' dir='ltr' id='par_1_68' title="bbox 2025 2401 3614 2479">
     <span class='ocr_line' id='line_1_68' title="bbox 2025 2401 3614 2479; baseline 0.002 -20"><span class='ocrx_word' id='word_1_529' title='bbox 2025 2404 2138 2476; x_wconf 84' lang='lat' dir='ltr'><strong>gni,</strong></span> <span class='ocrx_word' id='word_1_530' title='bbox 2161 2417 2499 2474; x_wconf 79' lang='lat' dir='ltr'><strong>magnorum,</strong></span> <span class='ocrx_word' id='word_1_531' title='bbox 2524 2401 2754 2473; x_wconf 79' lang='lat' dir='ltr'><strong>magnis,</strong></span> <span class='ocrx_word' id='word_1_532' title='bbox 2776 2415 3020 2472; x_wconf 86' lang='lat' dir='ltr'><strong>magnos,</strong></span> <span class='ocrx_word' id='word_1_533' title='bbox 3041 2416 3072 2456; x_wconf 91' lang='lat' dir='ltr'><strong>o</strong></span> <span class='ocrx_word' id='word_1_534' title='bbox 3097 2403 3302 2474; x_wconf 84' lang='lat' dir='ltr'><strong>magni,</strong></span> <span class='ocrx_word' id='word_1_535' title='bbox 3331 2419 3365 2458; x_wconf 90' lang='lat' dir='ltr'><strong>a</strong></span> <span class='ocrx_word' id='word_1_536' title='bbox 3385 2406 3614 2479; x_wconf 78' lang='lat' dir='ltr'><strong>magnis.</strong></span> 
     </span>
    </p>
   </div>
   <div class='ocr_carea' id='block_1_69' title="bbox 2097 2492 3612 2566">
    <p class='ocr_par' dir='ltr' id='par_1_69' title="bbox 2097 2492 3612 2566">
     <span class='ocr_line' id='line_1_69' title="bbox 2097 2492 3612 2566; baseline 0.001 -14"><span class='ocrx_word' id='word_1_537' title='bbox 2097 2495 2297 2552; x_wconf 74' lang='lat' dir='ltr'><strong>Tertia:</strong></span> <span class='ocrx_word' id='word_1_538' title='bbox 2324 2494 2702 2550; x_wconf 84' lang='lat' dir='ltr'><strong>declinationis</strong></span> <span class='ocrx_word' id='word_1_539' title='bbox 2727 2493 2999 2566; x_wconf 78' lang='lat' dir='ltr'><strong>genitivus</strong></span> <span class='ocrx_word' id='word_1_540' title='bbox 3033 2493 3087 2548; x_wconf 91' lang='lat' dir='ltr'><strong>in</strong></span> <span class='ocrx_word' id='word_1_541' title='bbox 3113 2492 3178 2549; x_wconf 87' lang='lat' dir='ltr'><strong>is.</strong></span> <span class='ocrx_word' id='word_1_542' title='bbox 3211 2493 3436 2553; x_wconf 77' lang='lat' dir='ltr'><strong>Datims</strong></span> <span class='ocrx_word' id='word_1_543' title='bbox 3478 2498 3533 2553; x_wconf 92' lang='lat' dir='ltr'><strong>in</strong></span> <span class='ocrx_word' id='word_1_544' title='bbox 3571 2499 3612 2554; x_wconf 93' lang='lat' dir='ltr'><strong>i.</strong></span> 
     </span>
    </p>
   </div>
   <div class='ocr_carea' id='block_1_70' title="bbox 2030 2582 3618 2656">
    <p class='ocr_par' dir='ltr' id='par_1_70' title="bbox 2030 2582 3618 2656">
     <span class='ocr_line' id='line_1_70' title="bbox 2030 2582 3618 2656; baseline 0 -13"><span class='ocrx_word' id='word_1_545' title='bbox 2030 2585 2386 2644; x_wconf 80' lang='lat' dir='ltr'><strong>Accusativus</strong></span> <span class='ocrx_word' id='word_1_546' title='bbox 2427 2583 2482 2640; x_wconf 88' lang='lat' dir='ltr'><strong>in</strong></span> <span class='ocrx_word' id='word_1_547' title='bbox 2503 2601 2584 2640; x_wconf 88' lang='lat' dir='ltr'><strong>em</strong></span> <span class='ocrx_word' id='word_1_548' title='bbox 2612 2601 2634 2651; x_wconf 92' lang='lat'><strong><em>;</em></strong></span> <span class='ocrx_word' id='word_1_549' title='bbox 2669 2583 2723 2639; x_wconf 90' lang='lat' dir='ltr'><strong>in</strong></span> <span class='ocrx_word' id='word_1_550' title='bbox 2754 2582 2944 2656; x_wconf 87' lang='lat' dir='ltr'><strong>paucis</strong></span> <span class='ocrx_word' id='word_1_551' title='bbox 2973 2583 3144 2651; x_wconf 84' lang='lat' dir='ltr'><strong>inim,</strong></span> <span class='ocrx_word' id='word_1_552' title='bbox 3195 2595 3277 2652; x_wconf 88' lang='lat' dir='ltr'><strong>ut,</strong></span> <span class='ocrx_word' id='word_1_553' title='bbox 3307 2587 3520 2654; x_wconf 88' lang='lat' dir='ltr'><strong>turrim,</strong></span> <span class='ocrx_word' id='word_1_554' title='bbox 3543 2589 3618 2643; x_wconf 83' lang='lat' dir='ltr'><strong>si-</strong></span> 
     </span>
    </p>
   </div>
   <div class='ocr_carea' id='block_1_71' title="bbox 2028 2675 3618 2754">
    <p class='ocr_par' dir='ltr' id='par_1_71' title="bbox 2028 2675 3618 2754">
     <span class='ocr_line' id='line_1_71' title="bbox 2028 2675 3618 2754; baseline 0.001 -18"><span class='ocrx_word' id='word_1_555' title='bbox 2028 2682 2120 2737; x_wconf 85' lang='lat' dir='ltr'><strong>tim</strong></span> <span class='ocrx_word' id='word_1_556' title='bbox 2147 2678 2369 2754; x_wconf 84' lang='lat' dir='ltr'><strong>[restim,</strong></span> <span class='ocrx_word' id='word_1_557' title='bbox 2408 2675 2686 2752; x_wconf 86' lang='lat' dir='ltr'><strong>puppim]:</strong></span> <span class='ocrx_word' id='word_1_558' title='bbox 2719 2677 3000 2734; x_wconf 86' lang='lat' dir='ltr'><strong>vocativus</strong></span> <span class='ocrx_word' id='word_1_559' title='bbox 3018 2677 3214 2734; x_wconf 80' lang='lat' dir='ltr'><strong>similis</strong></span> <span class='ocrx_word' id='word_1_560' title='bbox 3246 2686 3332 2736; x_wconf 88' lang='lat' dir='ltr'><strong>est</strong></span> <span class='ocrx_word' id='word_1_561' title='bbox 3369 2681 3618 2737; x_wconf 82' lang='lat' dir='ltr'><strong>nomina-</strong></span> 
     </span>
    </p>
   </div>
   <div class='ocr_carea' id='block_1_72' title="bbox 2028 2768 3616 2843">
    <p class='ocr_par' dir='ltr' id='par_1_72' title="bbox 2028 2768 3616 2843">
     <span class='ocr_line' id='line_1_72' title="bbox 2028 2768 3616 2843; baseline -0.002 -14"><span class='ocrx_word' id='word_1_562' title='bbox 2028 2774 2163 2831; x_wconf 88' lang='lat' dir='ltr'><strong>tivo.</strong></span> <span class='ocrx_word' id='word_1_563' title='bbox 2189 2771 2475 2828; x_wconf 84' lang='lat' dir='ltr'><strong>Ablalivus</strong></span> <span class='ocrx_word' id='word_1_564' title='bbox 2504 2768 2562 2828; x_wconf 88' lang='lat' dir='ltr'><strong>in</strong></span> <span class='ocrx_word' id='word_1_565' title='bbox 2586 2768 2910 2843; x_wconf 83' lang='lat' dir='ltr'><strong>quibusdam</strong></span> <span class='ocrx_word' id='word_1_566' title='bbox 2939 2783 3040 2840; x_wconf 87' lang='lat' dir='ltr'><strong>per</strong></span> <span class='ocrx_word' id='word_1_567' title='bbox 3065 2785 3094 2824; x_wconf 90' lang='lat' dir='ltr'><strong>e</strong></span> <span class='ocrx_word' id='word_1_568' title='bbox 3111 2778 3444 2840; x_wconf 88' lang='lat' dir='ltr'><strong>correptam,</strong></span> <span class='ocrx_word' id='word_1_569' title='bbox 3467 2780 3528 2826; x_wconf 92' lang='lat' dir='ltr'><strong>ut</strong></span> <span class='ocrx_word' id='word_1_570' title='bbox 3550 2788 3616 2827; x_wconf 87' lang='lat' dir='ltr'><strong>:a</strong></span> 
     </span>
    </p>
   </div>
   <div class='ocr_carea' id='block_1_73' title="bbox 2025 2858 3614 2938">
    <p class='ocr_par' dir='ltr' id='par_1_73' title="bbox 2025 2858 3614 2938">
     <span class='ocr_line' id='line_1_73' title="bbox 2025 2858 3614 2938; baseline -0.001 -19"><span class='ocrx_word' id='word_1_571' title='bbox 2025 2872 2176 2938; x_wconf 80' lang='lat' dir='ltr'><strong>patre</strong></span> <span class='ocrx_word' id='word_1_572' title='bbox 2202 2879 2220 2921; x_wconf 90' lang='lat'><strong><em>:</em></strong></span> <span class='ocrx_word' id='word_1_573' title='bbox 2245 2863 2299 2919; x_wconf 92' lang='lat' dir='ltr'><strong>in</strong></span> <span class='ocrx_word' id='word_1_574' title='bbox 2321 2859 2648 2934; x_wconf 84' lang='lat' dir='ltr'><strong>quibusdam</strong></span> <span class='ocrx_word' id='word_1_575' title='bbox 2675 2876 2776 2934; x_wconf 88' lang='lat' dir='ltr'><strong>per</strong></span> <span class='ocrx_word' id='word_1_576' title='bbox 2809 2860 2861 2928; x_wconf 85' lang='lat' dir='ltr'><strong>i;</strong></span> <span class='ocrx_word' id='word_1_577' title='bbox 2887 2870 2968 2927; x_wconf 91' lang='lat' dir='ltr'><strong>ut,</strong></span> <span class='ocrx_word' id='word_1_578' title='bbox 2994 2858 3167 2916; x_wconf 82' lang='lat' dir='ltr'><strong>Tiberi</strong></span> <span class='ocrx_word' id='word_1_579' title='bbox 3205 2859 3353 2935; x_wconf 81' lang='lat' dir='ltr'><strong>[Ed.,</strong></span> <span class='ocrx_word' id='word_1_580' title='bbox 3391 2860 3614 2937; x_wconf 84' lang='lat' dir='ltr'><strong>Liberi].</strong></span> 
     </span>
    </p>
   </div>
   <div class='ocr_carea' id='block_1_74' title="bbox 2027 2951 3615 3026">
    <p class='ocr_par' dir='ltr' id='par_1_74' title="bbox 2027 2951 3615 3026">
     <span class='ocr_line' id='line_1_74' title="bbox 2027 2951 3615 3026; baseline -0.001 -15"><span class='ocrx_word' id='word_1_581' title='bbox 2027 2955 2085 3011; x_wconf 86' lang='lat' dir='ltr'><strong>In</strong></span> <span class='ocrx_word' id='word_1_582' title='bbox 2114 2953 2438 3026; x_wconf 88' lang='lat' dir='ltr'><strong>quibusdam</strong></span> <span class='ocrx_word' id='word_1_583' title='bbox 2461 2966 2560 3026; x_wconf 87' lang='lat' dir='ltr'><strong>per</strong></span> <span class='ocrx_word' id='word_1_584' title='bbox 2587 2968 2618 3007; x_wconf 85' lang='lat' dir='ltr'><strong>c</strong></span> <span class='ocrx_word' id='word_1_585' title='bbox 2637 2959 2694 3009; x_wconf 87' lang='lat' dir='ltr'><strong>ct</strong></span> <span class='ocrx_word' id='word_1_586' title='bbox 2715 2952 2754 3021; x_wconf 91' lang='lat' dir='ltr'><strong>i,</strong></span> <span class='ocrx_word' id='word_1_587' title='bbox 2782 2959 2864 3020; x_wconf 90' lang='lat' dir='ltr'><strong>ut,</strong></span> <span class='ocrx_word' id='word_1_588' title='bbox 2885 2969 2919 3006; x_wconf 77' lang='grc' dir='ltr'><em>α</em></span> <span class='ocrx_word' id='word_1_589' title='bbox 2941 2951 3092 3024; x_wconf 76' lang='lat' dir='ltr'><strong>[elice</strong></span> <span class='ocrx_word' id='word_1_590' title='bbox 3107 2961 3164 3008; x_wconf 85' lang='lat' dir='ltr'><strong>et</strong></span> <span class='ocrx_word' id='word_1_591' title='bbox 3183 2953 3345 3026; x_wconf 80' lang='lat' dir='ltr'><strong>felici.</strong></span> <span class='ocrx_word' id='word_1_592' title='bbox 3379 2953 3482 3011; x_wconf 76' lang='lat' dir='ltr'><strong>Hic</strong></span> <span class='ocrx_word' id='word_1_593' title='bbox 3499 2972 3615 3023; x_wconf 66' lang='lat' dir='ltr'><strong>rex,</strong></span> 
     </span>
    </p>
   </div>
   <div class='ocr_carea' id='block_1_75' title="bbox 2029 3043 3618 3122">
    <p class='ocr_par' dir='ltr' id='par_1_75' title="bbox 2029 3043 3618 3122">
     <span class='ocr_line' id='line_1_75' title="bbox 2029 3043 3618 3122; baseline 0.001 -20"><span class='ocrx_word' id='word_1_594' title='bbox 2029 3049 2186 3122; x_wconf 84' lang='lat' dir='ltr'><strong>regis,</strong></span> <span class='ocrx_word' id='word_1_595' title='bbox 2206 3049 2336 3120; x_wconf 78' lang='lat' dir='ltr'><strong>regi,</strong></span> <span class='ocrx_word' id='word_1_596' title='bbox 2352 3062 2542 3119; x_wconf 75' lang='lat' dir='ltr'><strong>regem.</strong></span> <span class='ocrx_word' id='word_1_597' title='bbox 2561 3061 2674 3112; x_wconf 70' lang='lat' dir='ltr'><strong>res,</strong></span> <span class='ocrx_word' id='word_1_598' title='bbox 2690 3063 2723 3100; x_wconf 90' lang='lat' dir='ltr'><strong>a</strong></span> <span class='ocrx_word' id='word_1_599' title='bbox 2740 3061 2876 3117; x_wconf 81' lang='lat' dir='ltr'><strong>rege.</strong></span> <span class='ocrx_word' id='word_1_600' title='bbox 2892 3043 3270 3102; x_wconf 84' lang='lat' dir='ltr'><strong>Nominativus</strong></span> <span class='ocrx_word' id='word_1_601' title='bbox 3285 3056 3343 3103; x_wconf 89' lang='lat' dir='ltr'><strong>et</strong></span> <span class='ocrx_word' id='word_1_602' title='bbox 3354 3048 3618 3104; x_wconf 80' lang='lat' dir='ltr'><strong>accusati-</strong></span> 
     </span>
    </p>
   </div>
   <div class='ocr_carea' id='block_1_76' title="bbox 2027 3135 3618 3213">
    <p class='ocr_par' dir='ltr' id='par_1_76' title="bbox 2027 3135 3618 3213">
     <span class='ocr_line' id='line_1_76' title="bbox 2027 3135 3618 3213; baseline 0.001 -17"><span class='ocrx_word' id='word_1_603' title='bbox 2027 3155 2128 3196; x_wconf 85' lang='lat' dir='ltr'><strong>vus</strong></span> <span class='ocrx_word' id='word_1_604' title='bbox 2142 3139 2220 3213; x_wconf 89' lang='lat' dir='ltr'><strong>[ct</strong></span> <span class='ocrx_word' id='word_1_605' title='bbox 2245 3135 2545 3210; x_wconf 84' lang='lat' dir='ltr'><strong>vocativus]</strong></span> <span class='ocrx_word' id='word_1_606' title='bbox 2560 3137 2798 3209; x_wconf 84' lang='lat' dir='ltr'><strong>plurales</strong></span> <span class='ocrx_word' id='word_1_607' title='bbox 2824 3137 2878 3192; x_wconf 92' lang='lat' dir='ltr'><strong>in</strong></span> <span class='ocrx_word' id='word_1_608' title='bbox 2900 3152 2954 3191; x_wconf 88' lang='lat' dir='ltr'><strong>es</strong></span> <span class='ocrx_word' id='word_1_609' title='bbox 2973 3139 3317 3208; x_wconf 88' lang='lat' dir='ltr'><strong>productam.</strong></span> <span class='ocrx_word' id='word_1_610' title='bbox 3343 3137 3402 3194; x_wconf 90' lang='lat' dir='ltr'><strong>ln</strong></span> <span class='ocrx_word' id='word_1_611' title='bbox 3426 3141 3618 3212; x_wconf 87' lang='lat' dir='ltr'><strong>paucis</strong></span> 
     </span>
    </p>
   </div>
   <div class='ocr_carea' id='block_1_77' title="bbox 2023 3225 3618 3302">
    <p class='ocr_par' dir='ltr' id='par_1_77' title="bbox 2023 3225 3618 3302">
     <span class='ocr_line' id='line_1_77' title="bbox 2023 3225 3618 3302; baseline 0.003 -16"><span class='ocrx_word' id='word_1_612' title='bbox 2023 3230 2367 3286; x_wconf 85' lang='lat' dir='ltr'><strong>accusativus</strong></span> <span class='ocrx_word' id='word_1_613' title='bbox 2393 3225 2514 3302; x_wconf 83' lang='lat' dir='ltr'><strong>[F.,</strong></span> <span class='ocrx_word' id='word_1_614' title='bbox 2543 3227 2933 3301; x_wconf 82' lang='lat' dir='ltr'><strong>nominativus]</strong></span> <span class='ocrx_word' id='word_1_615' title='bbox 2961 3229 3014 3285; x_wconf 89' lang='lat' dir='ltr'><strong>in</strong></span> <span class='ocrx_word' id='word_1_616' title='bbox 3045 3228 3114 3294; x_wconf 87' lang='lat' dir='ltr'><strong>is,</strong></span> <span class='ocrx_word' id='word_1_617' title='bbox 3141 3236 3200 3284; x_wconf 90' lang='lat' dir='ltr'><strong>ut</strong></span> <span class='ocrx_word' id='word_1_618' title='bbox 3239 3231 3422 3287; x_wconf 87' lang='lat' dir='ltr'><strong>turris.</strong></span> <span class='ocrx_word' id='word_1_619' title='bbox 3451 3232 3618 3290; x_wconf 85' lang='lat' dir='ltr'><strong>Geni-</strong></span> 
     </span>
    </p>
   </div>
   <div class='ocr_carea' id='block_1_78' title="bbox 2022 3320 3616 3392">
    <p class='ocr_par' dir='ltr' id='par_1_78' title="bbox 2022 3320 3616 3392">
     <span class='ocr_line' id='line_1_78' title="bbox 2022 3320 3616 3392; baseline 0.003 -15"><span class='ocrx_word' id='word_1_620' title='bbox 2022 3324 2164 3378; x_wconf 89' lang='lat' dir='ltr'><strong>tivus</strong></span> <span class='ocrx_word' id='word_1_621' title='bbox 2195 3322 2248 3377; x_wconf 90' lang='lat' dir='ltr'><strong>in</strong></span> <span class='ocrx_word' id='word_1_622' title='bbox 2276 3339 2384 3386; x_wconf 85' lang='lat' dir='ltr'><strong>um,</strong></span> <span class='ocrx_word' id='word_1_623' title='bbox 2416 3321 2472 3376; x_wconf 88' lang='lat' dir='ltr'><strong>in</strong></span> <span class='ocrx_word' id='word_1_624' title='bbox 2496 3321 2819 3392; x_wconf 85' lang='lat' dir='ltr'><strong>quibusdam</strong></span> <span class='ocrx_word' id='word_1_625' title='bbox 2851 3320 2906 3377; x_wconf 88' lang='lat' dir='ltr'><strong>in</strong></span> <span class='ocrx_word' id='word_1_626' title='bbox 2933 3322 3064 3390; x_wconf 85' lang='lat' dir='ltr'><strong>ium,</strong></span> <span class='ocrx_word' id='word_1_627' title='bbox 3094 3329 3156 3378; x_wconf 89' lang='lat' dir='ltr'><strong>ut</strong></span> <span class='ocrx_word' id='word_1_628' title='bbox 3194 3323 3443 3381; x_wconf 84' lang='lat' dir='ltr'><strong>turrium.</strong></span> <span class='ocrx_word' id='word_1_629' title='bbox 3467 3325 3616 3382; x_wconf 84' lang='lat' dir='ltr'><strong>Dati—</strong></span> 
     </span>
    </p>
   </div>
   <div class='ocr_carea' id='block_1_79' title="bbox 2023 3411 3614 3490">
    <p class='ocr_par' dir='ltr' id='par_1_79' title="bbox 2023 3411 3614 3490">
     <span class='ocr_line' id='line_1_79' title="bbox 2023 3411 3614 3490; baseline 0.003 -20"><span class='ocrx_word' id='word_1_630' title='bbox 2023 3429 2118 3470; x_wconf 89' lang='lat' dir='ltr'><strong>vus</strong></span> <span class='ocrx_word' id='word_1_631' title='bbox 2141 3421 2197 3469; x_wconf 88' lang='lat' dir='ltr'><strong>et</strong></span> <span class='ocrx_word' id='word_1_632' title='bbox 2225 3412 2498 3469; x_wconf 72' lang='lat' dir='ltr'><strong>ablativus</strong></span> <span class='ocrx_word' id='word_1_633' title='bbox 2524 3411 2579 3468; x_wconf 90' lang='lat' dir='ltr'><strong>in</strong></span> <span class='ocrx_word' id='word_1_634' title='bbox 2606 3411 2726 3479; x_wconf 87' lang='lat' dir='ltr'><strong>bus,</strong></span> <span class='ocrx_word' id='word_1_635' title='bbox 2751 3420 2840 3478; x_wconf 89' lang='lat' dir='ltr'><strong>ut,</strong></span> <span class='ocrx_word' id='word_1_636' title='bbox 2876 3411 2930 3468; x_wconf 72' lang='lat' dir='ltr'><strong>lii</strong></span> <span class='ocrx_word' id='word_1_637' title='bbox 2956 3429 3122 3486; x_wconf 85' lang='lat' dir='ltr'><strong>reges,</strong></span> <span class='ocrx_word' id='word_1_638' title='bbox 3151 3429 3351 3486; x_wconf 89' lang='lat' dir='ltr'><strong>regum,</strong></span> <span class='ocrx_word' id='word_1_639' title='bbox 3383 3417 3614 3490; x_wconf 78' lang='lat' dir='ltr'><strong>regibus,</strong></span> 
     </span>
    </p>
   </div>
   <div class='ocr_carea' id='block_1_80' title="bbox 2018 3503 2750 3578">
    <p class='ocr_par' dir='ltr' id='par_1_80' title="bbox 2018 3503 2750 3578">
     <span class='ocr_line' id='line_1_80' title="bbox 2018 3503 2750 3578; baseline -0.005 -16"><span class='ocrx_word' id='word_1_640' title='bbox 2018 3522 2186 3578; x_wconf 86' lang='lat' dir='ltr'><strong>reges,</strong></span> <span class='ocrx_word' id='word_1_641' title='bbox 2212 3523 2243 3560; x_wconf 93' lang='lat' dir='ltr'><strong>o</strong></span> <span class='ocrx_word' id='word_1_642' title='bbox 2271 3521 2435 3577; x_wconf 86' lang='lat' dir='ltr'><strong>reges,</strong></span> <span class='ocrx_word' id='word_1_643' title='bbox 2461 3521 2495 3559; x_wconf 90' lang='lat' dir='ltr'><strong>a</strong></span> <span class='ocrx_word' id='word_1_644' title='bbox 2519 3503 2750 3576; x_wconf 82' lang='lat' dir='ltr'><strong>regibus.</strong></span> 
     </span>
    </p>
   </div>
   <div class='ocr_carea' id='block_1_81' title="bbox 2087 3597 3613 3674">
    <p class='ocr_par' dir='ltr' id='par_1_81' title="bbox 2087 3597 3613 3674">
     <span class='ocr_line' id='line_1_81' title="bbox 2087 3597 3613 3674; baseline 0.004 -20"><span class='ocrx_word' id='word_1_645' title='bbox 2087 3599 2306 3668; x_wconf 65' lang='lat' dir='ltr'><strong>Quarta</strong></span> <span class='ocrx_word' id='word_1_646' title='bbox 2358 3597 2738 3655; x_wconf 82' lang='lat' dir='ltr'><strong>declinationis</strong></span> <span class='ocrx_word' id='word_1_647' title='bbox 2781 3597 3053 3670; x_wconf 72' lang='lat' dir='ltr'><strong>genitivus</strong></span> <span class='ocrx_word' id='word_1_648' title='bbox 3107 3600 3402 3674; x_wconf 75' lang='lat' dir='ltr'><strong>singularis</strong></span> <span class='ocrx_word' id='word_1_649' title='bbox 3443 3601 3498 3659; x_wconf 90' lang='lat' dir='ltr'><strong>in</strong></span> <span class='ocrx_word' id='word_1_650' title='bbox 3549 3619 3613 3661; x_wconf 86' lang='lat' dir='ltr'><strong>us</strong></span> 
     </span>
    </p>
   </div>
   <div class='ocr_carea' id='block_1_82' title="bbox 2015 3687 3608 3762">
    <p class='ocr_par' dir='ltr' id='par_1_82' title="bbox 2015 3687 3608 3762">
     <span class='ocr_line' id='line_1_82' title="bbox 2015 3687 3608 3762; baseline 0.004 -17"><span class='ocrx_word' id='word_1_651' title='bbox 2015 3692 2358 3762; x_wconf 88' lang='lat' dir='ltr'><strong>productam.</strong></span> <span class='ocrx_word' id='word_1_652' title='bbox 2385 3689 2609 3746; x_wconf 83' lang='lat' dir='ltr'><strong>Dativus</strong></span> <span class='ocrx_word' id='word_1_653' title='bbox 2628 3689 2685 3746; x_wconf 90' lang='lat' dir='ltr'><strong>in</strong></span> <span class='ocrx_word' id='word_1_654' title='bbox 2707 3689 2785 3744; x_wconf 86' lang='lat' dir='ltr'><strong>ui.</strong></span> <span class='ocrx_word' id='word_1_655' title='bbox 2806 3687 3166 3748; x_wconf 79' lang='lat' dir='ltr'><strong>Accusativus</strong></span> <span class='ocrx_word' id='word_1_656' title='bbox 3189 3694 3241 3748; x_wconf 90' lang='lat' dir='ltr'><strong>in</strong></span> <span class='ocrx_word' id='word_1_657' title='bbox 3268 3709 3377 3749; x_wconf 89' lang='lat' dir='ltr'><strong>um.</strong></span> <span class='ocrx_word' id='word_1_658' title='bbox 3429 3693 3608 3752; x_wconf 78' lang='lat' dir='ltr'><strong>Voca-</strong></span> 
     </span>
    </p>
   </div>
   <div class='ocr_carea' id='block_1_83' title="bbox 2016 3782 3610 3858">
    <p class='ocr_par' dir='ltr' id='par_1_83' title="bbox 2016 3782 3610 3858">
     <span class='ocr_line' id='line_1_83' title="bbox 2016 3782 3610 3858; baseline 0.002 -18"><span class='ocrx_word' id='word_1_659' title='bbox 2016 3785 2161 3840; x_wconf 89' lang='lat' dir='ltr'><strong>tivus</strong></span> <span class='ocrx_word' id='word_1_660' title='bbox 2186 3782 2381 3839; x_wconf 86' lang='lat' dir='ltr'><strong>similis</strong></span> <span class='ocrx_word' id='word_1_661' title='bbox 2399 3792 2485 3839; x_wconf 89' lang='lat' dir='ltr'><strong>est</strong></span> <span class='ocrx_word' id='word_1_662' title='bbox 2523 3782 2876 3838; x_wconf 84' lang='lat' dir='ltr'><strong>nominativo.</strong></span> <span class='ocrx_word' id='word_1_663' title='bbox 2907 3782 3194 3841; x_wconf 80' lang='lat' dir='ltr'><strong>Ablativus</strong></span> <span class='ocrx_word' id='word_1_664' title='bbox 3223 3784 3279 3840; x_wconf 92' lang='lat' dir='ltr'><strong>in</strong></span> <span class='ocrx_word' id='word_1_665' title='bbox 3314 3802 3348 3840; x_wconf 88' lang='lat' dir='ltr'><strong>u</strong></span> <span class='ocrx_word' id='word_1_666' title='bbox 3375 3787 3610 3858; x_wconf 85' lang='lat' dir='ltr'><strong>produc-</strong></span> 
     </span>
    </p>
   </div>
   <div class='ocr_carea' id='block_1_84' title="bbox 2017 3873 3606 3947">
    <p class='ocr_par' dir='ltr' id='par_1_84' title="bbox 2017 3873 3606 3947">
     <span class='ocr_line' id='line_1_84' title="bbox 2017 3873 3606 3947; baseline 0.003 -17"><span class='ocrx_word' id='word_1_667' title='bbox 2017 3885 2148 3931; x_wconf 87' lang='lat' dir='ltr'><strong>tam.</strong></span> <span class='ocrx_word' id='word_1_668' title='bbox 2175 3874 2270 3942; x_wconf 88' lang='lat' dir='ltr'><strong>Ut,</strong></span> <span class='ocrx_word' id='word_1_669' title='bbox 2306 3875 2392 3930; x_wconf 79' lang='lat' dir='ltr'><strong>Itic</strong></span> <span class='ocrx_word' id='word_1_670' title='bbox 2417 3883 2648 3939; x_wconf 85' lang='lat' dir='ltr'><strong>senatus,</strong></span> <span class='ocrx_word' id='word_1_671' title='bbox 2701 3873 2863 3947; x_wconf 76' lang='lat' dir='ltr'><strong>hujus</strong></span> <span class='ocrx_word' id='word_1_672' title='bbox 2907 3885 3143 3945; x_wconf 86' lang='lat' dir='ltr'><strong>senatus,</strong></span> <span class='ocrx_word' id='word_1_673' title='bbox 3192 3877 3316 3933; x_wconf 77' lang='lat' dir='ltr'><strong>huic</strong></span> <span class='ocrx_word' id='word_1_674' title='bbox 3371 3882 3606 3945; x_wconf 86' lang='lat' dir='ltr'><strong>senatui,</strong></span> 
     </span>
    </p>
   </div>
   <div class='ocr_carea' id='block_1_85' title="bbox 2014 3969 3612 4038">
    <p class='ocr_par' dir='ltr' id='par_1_85' title="bbox 2014 3969 3612 4038">
     <span class='ocr_line' id='line_1_85' title="bbox 2014 3969 3612 4038; baseline 0.003 -11"><span class='ocrx_word' id='word_1_675' title='bbox 2014 3973 2156 4028; x_wconf 80' lang='lat' dir='ltr'><strong>hunc</strong></span> <span class='ocrx_word' id='word_1_676' title='bbox 2181 3981 2445 4038; x_wconf 84' lang='lat' dir='ltr'><strong>senatum,</strong></span> <span class='ocrx_word' id='word_1_677' title='bbox 2483 3987 2514 4026; x_wconf 87' lang='grc' dir='ltr'><strong>ο</strong></span> <span class='ocrx_word' id='word_1_678' title='bbox 2541 3980 2782 4037; x_wconf 84' lang='lat' dir='ltr'><strong>senatus,</strong></span> <span class='ocrx_word' id='word_1_679' title='bbox 2805 3969 2872 4027; x_wconf 89' lang='lat' dir='ltr'><strong>ab</strong></span> <span class='ocrx_word' id='word_1_680' title='bbox 2919 3971 3016 4026; x_wconf 80' lang='lat' dir='ltr'><strong>hoc</strong></span> <span class='ocrx_word' id='word_1_681' title='bbox 3043 3982 3251 4028; x_wconf 84' lang='lat' dir='ltr'><strong>senatu.</strong></span> <span class='ocrx_word' id='word_1_682' title='bbox 3310 3973 3612 4032; x_wconf 66' lang='lat' dir='ltr'><strong>Nominatio</strong></span> 
     </span>
    </p>
   </div>
   <div class='ocr_carea' id='block_1_86' title="bbox 2015 4061 3610 4138">
    <p class='ocr_par' dir='ltr' id='par_1_86' title="bbox 2015 4061 3610 4138">
     <span class='ocr_line' id='line_1_86' title="bbox 2015 4061 3610 4138; baseline 0.003 -20"><span class='ocrx_word' id='word_1_683' title='bbox 2015 4080 2116 4121; x_wconf 86' lang='lat' dir='ltr'><strong>vus</strong></span> <span class='ocrx_word' id='word_1_684' title='bbox 2134 4071 2191 4120; x_wconf 87' lang='lat' dir='ltr'><strong>et</strong></span> <span class='ocrx_word' id='word_1_685' title='bbox 2210 4063 2554 4119; x_wconf 82' lang='lat' dir='ltr'><strong>accusativus</strong></span> <span class='ocrx_word' id='word_1_686' title='bbox 2588 4071 2647 4119; x_wconf 88' lang='lat' dir='ltr'><strong>et</strong></span> <span class='ocrx_word' id='word_1_687' title='bbox 2665 4061 2950 4119; x_wconf 86' lang='lat' dir='ltr'><strong>vocativus</strong></span> <span class='ocrx_word' id='word_1_688' title='bbox 2978 4061 3265 4138; x_wconf 81' lang='lat' dir='ltr'><strong>[plurales]</strong></span> <span class='ocrx_word' id='word_1_689' title='bbox 3298 4065 3354 4121; x_wconf 88' lang='lat' dir='ltr'><strong>in</strong></span> <span class='ocrx_word' id='word_1_690' title='bbox 3380 4082 3442 4121; x_wconf 84' lang='lat' dir='ltr'><strong>us</strong></span> <span class='ocrx_word' id='word_1_691' title='bbox 3476 4080 3610 4138; x_wconf 86' lang='lat' dir='ltr'><strong>pro-</strong></span> 
     </span>
    </p>
   </div>
   <div class='ocr_carea' id='block_1_87' title="bbox 2016 4151 3608 4213">
    <p class='ocr_par' dir='ltr' id='par_1_87' title="bbox 2016 4151 3608 4213">
     <span class='ocr_line' id='line_1_87' title="bbox 2016 4151 3608 4213; baseline 0.003 -5"><span class='ocrx_word' id='word_1_692' title='bbox 2016 4155 2257 4210; x_wconf 85' lang='lat' dir='ltr'><strong>ductam.</strong></span> <span class='ocrx_word' id='word_1_693' title='bbox 2289 4151 2573 4210; x_wconf 84' lang='lat' dir='ltr'><strong>Genitivus</strong></span> <span class='ocrx_word' id='word_1_694' title='bbox 2599 4153 2654 4209; x_wconf 90' lang='lat' dir='ltr'><strong>in</strong></span> <span class='ocrx_word' id='word_1_695' title='bbox 2676 4168 2827 4208; x_wconf 88' lang='lat' dir='ltr'><strong>uum.</strong></span> <span class='ocrx_word' id='word_1_696' title='bbox 2863 4151 3094 4209; x_wconf 85' lang='lat' dir='ltr'><strong>Dativus</strong></span> <span class='ocrx_word' id='word_1_697' title='bbox 3137 4161 3195 4209; x_wconf 91' lang='lat' dir='ltr'><strong>et</strong></span> <span class='ocrx_word' id='word_1_698' title='bbox 3237 4153 3506 4213; x_wconf 85' lang='lat' dir='ltr'><strong>ablativus</strong></span> <span class='ocrx_word' id='word_1_699' title='bbox 3552 4156 3608 4213; x_wconf 88' lang='lat' dir='ltr'><strong>in</strong></span> 
     </span>
    </p>
   </div>
   <div class='ocr_carea' id='block_1_88' title="bbox 2015 4249 3612 4320">
    <p class='ocr_par' dir='ltr' id='par_1_88' title="bbox 2015 4249 3612 4320">
     <span class='ocr_line' id='line_1_88' title="bbox 2015 4249 3612 4320; baseline 0 -12"><span class='ocrx_word' id='word_1_700' title='bbox 2015 4252 2132 4320; x_wconf 88' lang='lat' dir='ltr'><strong>bus,</strong></span> <span class='ocrx_word' id='word_1_701' title='bbox 2173 4261 2255 4318; x_wconf 90' lang='lat' dir='ltr'><strong>ut,</strong></span> <span class='ocrx_word' id='word_1_702' title='bbox 2297 4251 2351 4307; x_wconf 74' lang='lat' dir='ltr'><strong>lii</strong></span> <span class='ocrx_word' id='word_1_703' title='bbox 2385 4259 2620 4317; x_wconf 73' lang='lat' dir='ltr'><strong>unctus,</strong></span> <span class='ocrx_word' id='word_1_704' title='bbox 2657 4249 2849 4305; x_wconf 71' lang='lat' dir='ltr'><strong>Irarum</strong></span> <span class='ocrx_word' id='word_1_705' title='bbox 2892 4260 3192 4313; x_wconf 82' lang='lat' dir='ltr'><strong>senatuum,</strong></span> <span class='ocrx_word' id='word_1_706' title='bbox 3218 4251 3509 4319; x_wconf 74' lang='lat' dir='ltr'><strong>aestatibus,</strong></span> <span class='ocrx_word' id='word_1_707' title='bbox 3532 4270 3612 4308; x_wconf 65' lang='lat' dir='ltr'><strong>sco</strong></span> 
     </span>
    </p>
   </div>
   <div class='ocr_carea' id='block_1_89' title="bbox 2017 4341 2902 4409">
    <p class='ocr_par' dir='ltr' id='par_1_89' title="bbox 2017 4341 2902 4409">
     <span class='ocr_line' id='line_1_89' title="bbox 2017 4341 2902 4409; baseline -0.003 -10"><span class='ocrx_word' id='word_1_708' title='bbox 2017 4353 2197 4409; x_wconf 86' lang='lat' dir='ltr'><strong>natus,</strong></span> <span class='ocrx_word' id='word_1_709' title='bbox 2232 4359 2263 4398; x_wconf 93' lang='lat' dir='ltr'><strong>o</strong></span> <span class='ocrx_word' id='word_1_710' title='bbox 2290 4351 2524 4408; x_wconf 86' lang='lat' dir='ltr'><strong>senatus,</strong></span> <span class='ocrx_word' id='word_1_711' title='bbox 2553 4359 2586 4398; x_wconf 86' lang='lat' dir='ltr'><strong>a</strong></span> <span class='ocrx_word' id='word_1_712' title='bbox 2612 4341 2902 4397; x_wconf 86' lang='lat' dir='ltr'><strong>senalibus.</strong></span> 
     </span>
    </p>
   </div>
   <div class='ocr_carea' id='block_1_90' title="bbox 2086 4431 3610 4508">
    <p class='ocr_par' dir='ltr' id='par_1_90' title="bbox 2086 4431 3610 4508">
     <span class='ocr_line' id='line_1_90' title="bbox 2086 4431 3610 4508; baseline 0.001 -18"><span class='ocrx_word' id='word_1_713' title='bbox 2086 4435 2300 4504; x_wconf 69' lang='lat' dir='ltr'><strong>Quinta:</strong></span> <span class='ocrx_word' id='word_1_714' title='bbox 2325 4433 2708 4491; x_wconf 82' lang='lat' dir='ltr'><strong>declinationis</strong></span> <span class='ocrx_word' id='word_1_715' title='bbox 2733 4431 3004 4506; x_wconf 82' lang='lat' dir='ltr'><strong>genitivus</strong></span> <span class='ocrx_word' id='word_1_716' title='bbox 3020 4441 3076 4490; x_wconf 90' lang='lat' dir='ltr'><strong>et</strong></span> <span class='ocrx_word' id='word_1_717' title='bbox 3103 4433 3324 4490; x_wconf 85' lang='lat' dir='ltr'><strong>dativus</strong></span> <span class='ocrx_word' id='word_1_718' title='bbox 3367 4434 3610 4508; x_wconf 82' lang='lat' dir='ltr'><strong>singula-</strong></span> 
     </span>
    </p>
   </div>
   <div class='ocr_carea' id='block_1_91' title="bbox 320 4512 1921 4604">
    <p class='ocr_par' dir='ltr' id='par_1_91' title="bbox 320 4512 1915 4587">
     <span class='ocr_line' id='line_1_91' title="bbox 320 4512 1915 4587; baseline -0.001 -15"><span class='ocrx_word' id='word_1_719' title='bbox 320 4523 516 4572; x_wconf 87' lang='lat' dir='ltr'><strong>neutra</strong></span> <span class='ocrx_word' id='word_1_720' title='bbox 557 4513 784 4587; x_wconf 86' lang='lat' dir='ltr'><strong>pluralia</strong></span> <span class='ocrx_word' id='word_1_721' title='bbox 818 4526 917 4585; x_wconf 87' lang='lat' dir='ltr'><strong>per</strong></span> <span class='ocrx_word' id='word_1_722' title='bbox 944 4527 1134 4569; x_wconf 88' lang='lat' dir='ltr'><strong>omnes</strong></span> <span class='ocrx_word' id='word_1_723' title='bbox 1169 4512 1581 4579; x_wconf 86' lang='lat' dir='ltr'><strong>declinationes,</strong></span> <span class='ocrx_word' id='word_1_724' title='bbox 1615 4512 1812 4580; x_wconf 83' lang='lat' dir='ltr'><strong>sidera,</strong></span> <span class='ocrx_word' id='word_1_725' title='bbox 1841 4513 1915 4570; x_wconf 87' lang='lat' dir='ltr'><strong>si-</strong></span> 
     </span>
    </p>
   </div>
   <div class='ocr_carea' id='block_1_92' title="bbox 2023 4512 3609 4604">
    <p class='ocr_par' dir='ltr' id='par_1_92' title="bbox 2023 4525 3609 4587">
     <span class='ocr_line' id='line_1_92' title="bbox 2023 4525 3609 4587; baseline -0.003 0"><span class='ocrx_word' id='word_1_726' title='bbox 2023 4529 2099 4587; x_wconf 87' lang='lat' dir='ltr'><strong>ris</strong></span> <span class='ocrx_word' id='word_1_727' title='bbox 2122 4528 2176 4585; x_wconf 89' lang='lat' dir='ltr'><strong>iu</strong></span> <span class='ocrx_word' id='word_1_728' title='bbox 2206 4530 2256 4584; x_wconf 88' lang='lat' dir='ltr'><strong>ei</strong></span> <span class='ocrx_word' id='word_1_729' title='bbox 2282 4527 2507 4584; x_wconf 83' lang='lat' dir='ltr'><strong>divisas.</strong></span> <span class='ocrx_word' id='word_1_730' title='bbox 2535 4525 2894 4585; x_wconf 74' lang='lat' dir='ltr'><strong>Accusativus</strong></span> <span class='ocrx_word' id='word_1_731' title='bbox 2921 4525 2976 4582; x_wconf 90' lang='lat' dir='ltr'><strong>in</strong></span> <span class='ocrx_word' id='word_1_732' title='bbox 2997 4543 3102 4582; x_wconf 84' lang='lat' dir='ltr'><strong>em.</strong></span> <span class='ocrx_word' id='word_1_733' title='bbox 3135 4525 3430 4582; x_wconf 82' lang='lat' dir='ltr'><strong>Vocativus</strong></span> <span class='ocrx_word' id='word_1_734' title='bbox 3456 4527 3609 4583; x_wconf 85' lang='lat' dir='ltr'><strong>simi-</strong></span> 
     </span>
    </p>
   </div>
   <div class='ocr_carea' id='block_1_93' title="bbox 319 4605 1912 4678">
    <p class='ocr_par' dir='ltr' id='par_1_93' title="bbox 319 4605 1912 4678">
     <span class='ocr_line' id='line_1_93' title="bbox 319 4605 1912 4678; baseline -0.002 -13"><span class='ocrx_word' id='word_1_735' title='bbox 319 4610 532 4674; x_wconf 83' lang='lat' dir='ltr'><strong>derum,</strong></span> <span class='ocrx_word' id='word_1_736' title='bbox 564 4606 846 4664; x_wconf 78' lang='lat' dir='ltr'><strong>sideribus.</strong></span> <span class='ocrx_word' id='word_1_737' title='bbox 877 4605 998 4662; x_wconf 75' lang='lat' dir='ltr'><strong>Alia</strong></span> <span class='ocrx_word' id='word_1_738' title='bbox 1041 4614 1345 4678; x_wconf 86' lang='lat' dir='ltr'><strong>tetraptota,</strong></span> <span class='ocrx_word' id='word_1_739' title='bbox 1377 4605 1556 4678; x_wconf 88' lang='lat' dir='ltr'><strong>qualia</strong></span> <span class='ocrx_word' id='word_1_740' title='bbox 1577 4613 1706 4662; x_wconf 88' lang='lat' dir='ltr'><strong>sunt</strong></span> <span class='ocrx_word' id='word_1_741' title='bbox 1727 4607 1912 4662; x_wconf 86' lang='lat' dir='ltr'><strong>omnia</strong></span> 
     </span>
    </p>
   </div>
   <div class='ocr_carea' id='block_1_94' title="bbox 319 4696 1914 4772">
    <p class='ocr_par' dir='ltr' id='par_1_94' title="bbox 319 4696 1914 4772">
     <span class='ocr_line' id='line_1_94' title="bbox 319 4696 1914 4772; baseline -0.003 -15"><span class='ocrx_word' id='word_1_742' title='bbox 319 4701 376 4757; x_wconf 87' lang='lat' dir='ltr'><strong>iu</strong></span> <span class='ocrx_word' id='word_1_743' title='bbox 408 4716 435 4754; x_wconf 90' lang='lat' dir='ltr'><strong>r</strong></span> <span class='ocrx_word' id='word_1_744' title='bbox 468 4697 620 4772; x_wconf 63' lang='grc' dir='ltr'><strong>μη,</strong></span> <span class='ocrx_word' id='word_1_745' title='bbox 652 4697 737 4772; x_wconf 90' lang='lat' dir='ltr'><strong>er]</strong></span> <span class='ocrx_word' id='word_1_746' title='bbox 779 4697 1085 4754; x_wconf 87' lang='lat' dir='ltr'><strong>desinentia</strong></span> <span class='ocrx_word' id='word_1_747' title='bbox 1133 4697 1387 4754; x_wconf 69' lang='lat' dir='ltr'><strong>secunda:</strong></span> <span class='ocrx_word' id='word_1_748' title='bbox 1427 4696 1823 4763; x_wconf 84' lang='lat' dir='ltr'><strong>declinationis,</strong></span> <span class='ocrx_word' id='word_1_749' title='bbox 1853 4704 1914 4752; x_wconf 92' lang='lat' dir='ltr'><strong>ut</strong></span> 
     </span>
    </p>
   </div>
   <div class='ocr_carea' id='block_1_95' title="bbox 319 4789 1912 4865">
    <p class='ocr_par' dir='ltr' id='par_1_95' title="bbox 319 4789 1912 4865">
     <span class='ocr_line' id='line_1_95' title="bbox 319 4789 1912 4865; baseline -0.002 -18"><span class='ocrx_word' id='word_1_750' title='bbox 319 4807 476 4865; x_wconf 86' lang='lat' dir='ltr'><strong>puer,</strong></span> <span class='ocrx_word' id='word_1_751' title='bbox 515 4791 689 4862; x_wconf 85' lang='lat' dir='ltr'><strong>pueri,</strong></span> <span class='ocrx_word' id='word_1_752' title='bbox 732 4805 918 4862; x_wconf 82' lang='lat' dir='ltr'><strong>puero,</strong></span> <span class='ocrx_word' id='word_1_753' title='bbox 958 4805 1201 4861; x_wconf 81' lang='lat' dir='ltr'><strong>puerum.</strong></span> <span class='ocrx_word' id='word_1_754' title='bbox 1225 4789 1345 4845; x_wconf 77' lang='lat' dir='ltr'><strong>Alia</strong></span> <span class='ocrx_word' id='word_1_755' title='bbox 1375 4799 1701 4862; x_wconf 84' lang='lat' dir='ltr'><strong>peutaptota,</strong></span> <span class='ocrx_word' id='word_1_756' title='bbox 1730 4789 1912 4862; x_wconf 84' lang='lat' dir='ltr'><strong>qualia</strong></span> 
     </span>
    </p>
   </div>
   <div class='ocr_carea' id='block_1_96' title="bbox 320 4882 1914 4950">
    <p class='ocr_par' dir='ltr' id='par_1_96' title="bbox 320 4882 1914 4950">
     <span class='ocr_line' id='line_1_96' title="bbox 320 4882 1914 4950; baseline -0.001 -10"><span class='ocrx_word' id='word_1_757' title='bbox 320 4892 452 4940; x_wconf 86' lang='lat' dir='ltr'><strong>sunt</strong></span> <span class='ocrx_word' id='word_1_758' title='bbox 473 4883 770 4940; x_wconf 88' lang='lat' dir='ltr'><strong>masculina</strong></span> <span class='ocrx_word' id='word_1_759' title='bbox 789 4882 1040 4939; x_wconf 72' lang='lat' dir='ltr'><strong>secunda:</strong></span> <span class='ocrx_word' id='word_1_760' title='bbox 1063 4882 1437 4940; x_wconf 86' lang='lat' dir='ltr'><strong>declinationis</strong></span> <span class='ocrx_word' id='word_1_761' title='bbox 1473 4882 1529 4940; x_wconf 90' lang='lat' dir='ltr'><strong>in</strong></span> <span class='ocrx_word' id='word_1_762' title='bbox 1551 4900 1613 4941; x_wconf 85' lang='lat' dir='ltr'><strong>us</strong></span> <span class='ocrx_word' id='word_1_763' title='bbox 1641 4883 1816 4950; x_wconf 76' lang='lat' dir='ltr'><strong>ﬁnita,</strong></span> <span class='ocrx_word' id='word_1_764' title='bbox 1854 4890 1914 4940; x_wconf 92' lang='lat' dir='ltr'><strong>ut</strong></span> 
     </span>
    </p>
   </div>
   <div class='ocr_carea' id='block_1_97' title="bbox 319 4975 1910 5050">
    <p class='ocr_par' dir='ltr' id='par_1_97' title="bbox 319 4975 1910 5050">
     <span class='ocr_line' id='line_1_97' title="bbox 319 4975 1910 5050; baseline 0.001 -17"><span class='ocrx_word' id='word_1_765' title='bbox 319 4977 529 5042; x_wconf 72' lang='lat' dir='ltr'><strong>doctus,</strong></span> <span class='ocrx_word' id='word_1_766' title='bbox 557 4975 720 5042; x_wconf 81' lang='lat' dir='ltr'><strong>docti,</strong></span> <span class='ocrx_word' id='word_1_767' title='bbox 744 4975 922 5043; x_wconf 83' lang='lat' dir='ltr'><strong>docto,</strong></span> <span class='ocrx_word' id='word_1_768' title='bbox 960 4975 1197 5044; x_wconf 80' lang='lat' dir='ltr'><strong>doctum,</strong></span> <span class='ocrx_word' id='word_1_769' title='bbox 1216 4975 1388 5032; x_wconf 77' lang='lat' dir='ltr'><strong>docte.</strong></span> <span class='ocrx_word' id='word_1_770' title='bbox 1419 4975 1721 5050; x_wconf 71' lang='lat' dir='ltr'><strong>&quot;exoptata</strong></span> <span class='ocrx_word' id='word_1_771' title='bbox 1762 4987 1910 5044; x_wconf 77' lang='lat' dir='ltr'><strong>sunt,</strong></span> 
     </span>
    </p>
   </div>
   <div class='ocr_carea' id='block_1_98' title="bbox 319 5065 1910 5143">
    <p class='ocr_par' dir='ltr' id='par_1_98' title="bbox 319 5065 1910 5143">
     <span class='ocr_line' id='line_1_98' title="bbox 319 5065 1910 5143; baseline 0 -16"><span class='ocrx_word' id='word_1_772' title='bbox 319 5084 443 5143; x_wconf 78' lang='lat' dir='ltr'><strong>qua:</strong></span> <span class='ocrx_word' id='word_1_773' title='bbox 465 5083 562 5125; x_wconf 75' lang='lat' dir='ltr'><strong>sex</strong></span> <span class='ocrx_word' id='word_1_774' title='bbox 583 5067 826 5123; x_wconf 84' lang='lat' dir='ltr'><strong>diversos</strong></span> <span class='ocrx_word' id='word_1_775' title='bbox 851 5065 1052 5124; x_wconf 89' lang='lat' dir='ltr'><strong>habent</strong></span> <span class='ocrx_word' id='word_1_776' title='bbox 1079 5082 1263 5135; x_wconf 88' lang='lat' dir='ltr'><strong>casus,</strong></span> <span class='ocrx_word' id='word_1_777' title='bbox 1285 5075 1347 5124; x_wconf 88' lang='lat' dir='ltr'><strong>ut</strong></span> <span class='ocrx_word' id='word_1_778' title='bbox 1367 5074 1453 5126; x_wconf 88' lang='lat' dir='ltr'><strong>est</strong></span> <span class='ocrx_word' id='word_1_779' title='bbox 1479 5083 1495 5124; x_wconf 89' lang='lat'><strong>:</strong></span> <span class='ocrx_word' id='word_1_780' title='bbox 1523 5084 1660 5126; x_wconf 86' lang='lat' dir='ltr'><strong>unus</strong></span> <span class='ocrx_word' id='word_1_781' title='bbox 1677 5108 1694 5136; x_wconf 95' lang='lat'><strong>,</strong></span> <span class='ocrx_word' id='word_1_782' title='bbox 1732 5071 1910 5140; x_wconf 77' lang='lat' dir='ltr'><strong>unius,</strong></span> 
     </span>
    </p>
   </div>
   <div class='ocr_carea' id='block_1_99' title="bbox 321 5159 1056 5230">
    <p class='ocr_par' dir='ltr' id='par_1_99' title="bbox 321 5159 1056 5230">
     <span class='ocr_line' id='line_1_99' title="bbox 321 5159 1056 5230; baseline -0.008 -10"><span class='ocrx_word' id='word_1_783' title='bbox 321 5162 440 5230; x_wconf 77' lang='lat' dir='ltr'><strong>uni,</strong></span> <span class='ocrx_word' id='word_1_784' title='bbox 466 5177 652 5227; x_wconf 87' lang='lat' dir='ltr'><strong>unum,</strong></span> <span class='ocrx_word' id='word_1_785' title='bbox 679 5176 804 5226; x_wconf 87' lang='lat' dir='ltr'><strong>une,</strong></span> <span class='ocrx_word' id='word_1_786' title='bbox 836 5159 903 5216; x_wconf 88' lang='lat' dir='ltr'><strong>ab</strong></span> <span class='ocrx_word' id='word_1_787' title='bbox 931 5177 1056 5216; x_wconf 82' lang='lat' dir='ltr'><strong>uno.</strong></span> 
     </span>
    </p>
   </div>
   <div class='ocr_carea' id='block_1_100' title="bbox 396 5251 1914 5324">
    <p class='ocr_par' dir='ltr' id='par_1_100' title="bbox 396 5251 1914 5324">
     <span class='ocr_line' id='line_1_100' title="bbox 396 5251 1914 5324; baseline 0.003 -16"><span class='ocrx_word' id='word_1_788' title='bbox 396 5252 497 5308; x_wconf 79' lang='lat' dir='ltr'><strong>Fn.</strong></span> <span class='ocrx_word' id='word_1_789' title='bbox 528 5251 607 5309; x_wconf 82' lang='lat' dir='ltr'><strong>Ne</strong></span> <span class='ocrx_word' id='word_1_790' title='bbox 627 5252 699 5309; x_wconf 75' lang='lat' dir='ltr'><strong>sit</strong></span> <span class='ocrx_word' id='word_1_791' title='bbox 723 5251 820 5308; x_wconf 86' lang='lat' dir='ltr'><strong>tibi</strong></span> <span class='ocrx_word' id='word_1_792' title='bbox 847 5265 1139 5308; x_wconf 79' lang='lat' dir='ltr'><strong>onerosum</strong></span> <span class='ocrx_word' id='word_1_793' title='bbox 1160 5251 1496 5324; x_wconf 82' lang='lat' dir='ltr'><strong>singulorum</strong></span> <span class='ocrx_word' id='word_1_794' title='bbox 1525 5268 1754 5311; x_wconf 86' lang='lat' dir='ltr'><strong>casuum</strong></span> <span class='ocrx_word' id='word_1_795' title='bbox 1803 5263 1914 5312; x_wconf 89' lang='lat' dir='ltr'><strong>ter-</strong></span> 
     </span>
    </p>
   </div>
   <div class='ocr_carea' id='block_1_101' title="bbox 325 5346 1912 5424">
    <p class='ocr_par' dir='ltr' id='par_1_101' title="bbox 325 5346 1912 5424">
     <span class='ocr_line' id='line_1_101' title="bbox 325 5346 1912 5424; baseline 0.002 -21"><span class='ocrx_word' id='word_1_796' title='bbox 325 5348 649 5424; x_wconf 63' lang='lat' dir='ltr'><strong>minationes</strong></span> <span class='ocrx_word' id='word_1_797' title='bbox 688 5360 779 5418; x_wconf 80' lang='lat' dir='ltr'><strong>per</strong></span> <span class='ocrx_word' id='word_1_798' title='bbox 814 5360 1006 5402; x_wconf 84' lang='lat' dir='ltr'><strong>omnes</strong></span> <span class='ocrx_word' id='word_1_799' title='bbox 1053 5346 1294 5418; x_wconf 88' lang='lat' dir='ltr'><strong>quinque</strong></span> <span class='ocrx_word' id='word_1_800' title='bbox 1343 5347 1732 5405; x_wconf 86' lang='lat' dir='ltr'><strong>declinationes</strong></span> <span class='ocrx_word' id='word_1_801' title='bbox 1776 5349 1912 5406; x_wconf 88' lang='lat' dir='ltr'><strong>mihi</strong></span> 
     </span>
    </p>
   </div>
   <div class='ocr_carea' id='block_1_102' title="bbox 323 5445 1914 5519">
    <p class='ocr_par' dir='ltr' id='par_1_102' title="bbox 323 5445 1914 5519">
     <span class='ocr_line' id='line_1_102' title="bbox 323 5445 1914 5519; baseline 0.003 -18"><span class='ocrx_word' id='word_1_802' title='bbox 323 5460 616 5516; x_wconf 75' lang='lat' dir='ltr'><strong>exponere.</strong></span> <span class='ocrx_word' id='word_1_803' title='bbox 632 5475 702 5487; x_wconf 89' lang='lat'><strong><em>—</em></strong></span> <span class='ocrx_word' id='word_1_804' title='bbox 723 5445 894 5504; x_wconf 62' lang='lat' dir='ltr'><strong>Saxo.</strong></span> <span class='ocrx_word' id='word_1_805' title='bbox 916 5445 1240 5519; x_wconf 86' lang='lat' dir='ltr'><strong>Lougiorem</strong></span> <span class='ocrx_word' id='word_1_806' title='bbox 1259 5461 1348 5504; x_wconf 89' lang='lat' dir='ltr'><strong>me</strong></span> <span class='ocrx_word' id='word_1_807' title='bbox 1375 5445 1511 5504; x_wconf 78' lang='lat' dir='ltr'><strong>iacis</strong></span> <span class='ocrx_word' id='word_1_808' title='bbox 1536 5445 1720 5504; x_wconf 88' lang='lat' dir='ltr'><strong>multis</strong></span> <span class='ocrx_word' id='word_1_809' title='bbox 1745 5448 1914 5506; x_wconf 74' lang='lat' dir='ltr'><strong>inter-</strong></span> 
     </span>
    </p>
   </div>
   <div class='ocr_carea' id='block_1_103' title="bbox 323 5539 714 5611">
    <p class='ocr_par' dir='ltr' id='par_1_103' title="bbox 323 5539 714 5611">
     <span class='ocr_line' id='line_1_103' title="bbox 323 5539 714 5611; baseline 0 -18"><span class='ocrx_word' id='word_1_810' title='bbox 323 5539 714 5611; x_wconf 84' lang='lat' dir='ltr'><strong>rogationibus.</strong></span> 
     </span>
    </p>
   </div>
   <div class='ocr_carea' id='block_1_104' title="bbox 393 5631 1912 5707">
    <p class='ocr_par' dir='ltr' id='par_1_104' title="bbox 393 5631 1912 5707">
     <span class='ocr_line' id='line_1_104' title="bbox 393 5631 1912 5707; baseline 0.001 -19"><span class='ocrx_word' id='word_1_811' title='bbox 393 5631 495 5688; x_wconf 80' lang='lat' dir='ltr'><strong>Fa.</strong></span> <span class='ocrx_word' id='word_1_812' title='bbox 545 5631 687 5701; x_wconf 85' lang='lat' dir='ltr'><strong>Quid</strong></span> <span class='ocrx_word' id='word_1_813' title='bbox 726 5632 775 5689; x_wconf 87' lang='lat' dir='ltr'><strong>si</strong></span> <span class='ocrx_word' id='word_1_814' title='bbox 821 5631 1094 5690; x_wconf 89' lang='lat' dir='ltr'><strong>utiliorem</strong></span> <span class='ocrx_word' id='word_1_815' title='bbox 1135 5632 1190 5690; x_wconf 89' lang='lat' dir='ltr'><strong>in</strong></span> <span class='ocrx_word' id='word_1_816' title='bbox 1233 5635 1559 5691; x_wconf 81' lang='lat' dir='ltr'><strong>necessariis</strong></span> <span class='ocrx_word' id='word_1_817' title='bbox 1587 5632 1912 5707; x_wconf 83' lang='lat' dir='ltr'><strong>regulis?—</strong></span> 
     </span>
    </p>
   </div>
   <div class='ocr_carea' id='block_1_105' title="bbox 326 5727 1912 5801">
    <p class='ocr_par' dir='ltr' id='par_1_105' title="bbox 326 5727 1912 5801">
     <span class='ocr_line' id='line_1_105' title="bbox 326 5727 1912 5801; baseline 0.001 -15"><span class='ocrx_word' id='word_1_818' title='bbox 326 5727 498 5786; x_wconf 75' lang='lat' dir='ltr'><strong>Saxo.</strong></span> <span class='ocrx_word' id='word_1_819' title='bbox 533 5727 732 5785; x_wconf 61' lang='lat' dir='ltr'><strong>Prima;</strong></span> <span class='ocrx_word' id='word_1_820' title='bbox 761 5727 1144 5786; x_wconf 85' lang='lat' dir='ltr'><strong>declinationis</strong></span> <span class='ocrx_word' id='word_1_821' title='bbox 1178 5729 1447 5801; x_wconf 84' lang='lat' dir='ltr'><strong>genitivus</strong></span> <span class='ocrx_word' id='word_1_822' title='bbox 1475 5738 1530 5786; x_wconf 88' lang='lat' dir='ltr'><strong>et</strong></span> <span class='ocrx_word' id='word_1_823' title='bbox 1556 5729 1769 5786; x_wconf 89' lang='lat' dir='ltr'><strong>dativus</strong></span> <span class='ocrx_word' id='word_1_824' title='bbox 1790 5728 1846 5785; x_wconf 92' lang='lat' dir='ltr'><strong>in</strong></span> <span class='ocrx_word' id='word_1_825' title='bbox 1865 5745 1912 5787; x_wconf 75' lang='lat' dir='ltr'><strong>te</strong></span> 
     </span>
    </p>
   </div>
   <div class='ocr_carea' id='block_1_106' title="bbox 325 5811 1910 5896">
    <p class='ocr_par' dir='ltr' id='par_1_106' title="bbox 325 5811 1910 5896">
     <span class='ocr_line' id='line_1_106' title="bbox 325 5811 1910 5896; baseline 0.001 -20"><span class='ocrx_word' id='word_1_826' title='bbox 325 5820 700 5896; x_wconf 76' lang='lat' dir='ltr'><strong>diphthongon</strong></span> <span class='ocrx_word' id='word_1_827' title='bbox 732 5811 758 5877; x_wconf 69' lang='grc' dir='ltr'><strong>τ’</strong></span> <span class='ocrx_word' id='word_1_828' title='bbox 771 5822 1120 5879; x_wconf 79' lang='lat' dir='ltr'><strong>accusativus</strong></span> <span class='ocrx_word' id='word_1_829' title='bbox 1154 5821 1209 5878; x_wconf 89' lang='lat' dir='ltr'><strong>in</strong></span> <span class='ocrx_word' id='word_1_830' title='bbox 1239 5837 1347 5878; x_wconf 88' lang='lat' dir='ltr'><strong>am.</strong></span> <span class='ocrx_word' id='word_1_831' title='bbox 1382 5822 1674 5879; x_wconf 75' lang='lat' dir='ltr'><strong>V&#39;ocativus</strong></span> <span class='ocrx_word' id='word_1_832' title='bbox 1695 5821 1910 5895; x_wconf 87' lang='lat' dir='ltr'><strong>[similis</strong></span> 
     </span>
    </p>
   </div>
   <div class='ocr_carea' id='block_1_107' title="bbox 2017 4618 3608 4693">
    <p class='ocr_par' dir='ltr' id='par_1_107' title="bbox 2017 4618 3608 4693">
     <span class='ocr_line' id='line_1_107' title="bbox 2017 4618 3608 4693; baseline -0.001 -15"><span class='ocrx_word' id='word_1_833' title='bbox 2017 4621 2086 4678; x_wconf 88' lang='lat' dir='ltr'><strong>lis</strong></span> <span class='ocrx_word' id='word_1_834' title='bbox 2109 4631 2195 4678; x_wconf 88' lang='lat' dir='ltr'><strong>est</strong></span> <span class='ocrx_word' id='word_1_835' title='bbox 2218 4619 2574 4677; x_wconf 87' lang='lat' dir='ltr'><strong>nominativo.</strong></span> <span class='ocrx_word' id='word_1_836' title='bbox 2599 4618 2882 4675; x_wconf 77' lang='lat' dir='ltr'><strong>Ablativus‘</strong></span> <span class='ocrx_word' id='word_1_837' title='bbox 2913 4619 2969 4674; x_wconf 90' lang='lat' dir='ltr'><strong>in</strong></span> <span class='ocrx_word' id='word_1_838' title='bbox 2991 4635 3019 4673; x_wconf 93' lang='lat' dir='ltr'><strong>e</strong></span> <span class='ocrx_word' id='word_1_839' title='bbox 3051 4618 3329 4690; x_wconf 60' lang='lat' dir='ltr'><strong>profertur</strong></span> <span class='ocrx_word' id='word_1_840' title='bbox 3351 4619 3520 4693; x_wconf 65' lang='grc' dir='ltr'><strong>μὴ..</strong></span> <span class='ocrx_word' id='word_1_841' title='bbox 3550 4620 3608 4677; x_wconf 86' lang='lat' dir='ltr'><strong>in</strong></span> 
     </span>
    </p>
   </div>
   <div class='ocr_carea' id='block_1_108' title="bbox 2013 4710 3603 4786">
    <p class='ocr_par' dir='ltr' id='par_1_108' title="bbox 2013 4710 3603 4786">
     <span class='ocr_line' id='line_1_108' title="bbox 2013 4710 3603 4786; baseline 0.001 -18"><span class='ocrx_word' id='word_1_842' title='bbox 2013 4729 2042 4768; x_wconf 88' lang='lat' dir='ltr'><strong>e</strong></span> <span class='ocrx_word' id='word_1_843' title='bbox 2061 4710 2431 4786; x_wconf 89' lang='lat' dir='ltr'><strong>productam].</strong></span> <span class='ocrx_word' id='word_1_844' title='bbox 2460 4711 2554 4779; x_wconf 84' lang='lat' dir='ltr'><strong>Ut,</strong></span> <span class='ocrx_word' id='word_1_845' title='bbox 2577 4711 2688 4769; x_wconf 71' lang='lat' dir='ltr'><strong>Iure</strong></span> <span class='ocrx_word' id='word_1_846' title='bbox 2713 4728 2816 4777; x_wconf 87' lang='lat' dir='ltr'><strong>res,</strong></span> <span class='ocrx_word' id='word_1_847' title='bbox 2849 4711 3010 4782; x_wconf 73' lang='lat' dir='ltr'><strong>hujus</strong></span> <span class='ocrx_word' id='word_1_848' title='bbox 3052 4713 3150 4778; x_wconf 81' lang='lat' dir='ltr'><strong>rei,</strong></span> <span class='ocrx_word' id='word_1_849' title='bbox 3186 4713 3283 4778; x_wconf 86' lang='lat' dir='ltr'><strong>rei,</strong></span> <span class='ocrx_word' id='word_1_850' title='bbox 3313 4729 3440 4778; x_wconf 85' lang='lat' dir='ltr'><strong>rem,</strong></span> <span class='ocrx_word' id='word_1_851' title='bbox 3495 4729 3603 4782; x_wconf 84' lang='lat' dir='ltr'><strong>res,</strong></span> 
     </span>
    </p>
   </div>
   <div class='ocr_carea' id='block_1_109' title="bbox 2013 4802 3603 4877">
    <p class='ocr_par' dir='ltr' id='par_1_109' title="bbox 2013 4802 3603 4877">
     <span class='ocr_line' id='line_1_109' title="bbox 2013 4802 3603 4877; baseline 0.001 -17"><span class='ocrx_word' id='word_1_852' title='bbox 2013 4821 2048 4860; x_wconf 87' lang='lat' dir='ltr'><strong>a</strong></span> <span class='ocrx_word' id='word_1_853' title='bbox 2092 4820 2168 4860; x_wconf 85' lang='lat' dir='ltr'><strong>re.</strong></span> <span class='ocrx_word' id='word_1_854' title='bbox 2189 4802 2564 4860; x_wconf 84' lang='lat' dir='ltr'><strong>Nominativus</strong></span> <span class='ocrx_word' id='word_1_855' title='bbox 2589 4811 2645 4859; x_wconf 91' lang='lat' dir='ltr'><strong>et</strong></span> <span class='ocrx_word' id='word_1_856' title='bbox 2669 4804 3016 4860; x_wconf 89' lang='lat' dir='ltr'><strong>accusativus</strong></span> <span class='ocrx_word' id='word_1_857' title='bbox 3044 4814 3101 4858; x_wconf 89' lang='lat' dir='ltr'><strong>et</strong></span> <span class='ocrx_word' id='word_1_858' title='bbox 3144 4806 3428 4862; x_wconf 87' lang='lat' dir='ltr'><strong>vocativus</strong></span> <span class='ocrx_word' id='word_1_859' title='bbox 3477 4805 3603 4877; x_wconf 89' lang='lat' dir='ltr'><strong>plu-</strong></span> 
     </span>
    </p>
   </div>
   <div class='ocr_carea' id='block_1_110' title="bbox 2014 4893 3606 4970">
    <p class='ocr_par' dir='ltr' id='par_1_110' title="bbox 2014 4893 3606 4970">
     <span class='ocr_line' id='line_1_110' title="bbox 2014 4893 3606 4970; baseline 0.002 -18"><span class='ocrx_word' id='word_1_860' title='bbox 2014 4897 2159 4954; x_wconf 88' lang='lat' dir='ltr'><strong>rales</strong></span> <span class='ocrx_word' id='word_1_861' title='bbox 2181 4897 2236 4952; x_wconf 86' lang='lat' dir='ltr'><strong>in</strong></span> <span class='ocrx_word' id='word_1_862' title='bbox 2259 4914 2338 4953; x_wconf 90' lang='lat' dir='ltr'><strong>es.</strong></span> <span class='ocrx_word' id='word_1_863' title='bbox 2363 4895 2648 4953; x_wconf 83' lang='lat' dir='ltr'><strong>Genitivus</strong></span> <span class='ocrx_word' id='word_1_864' title='bbox 2669 4896 2726 4951; x_wconf 91' lang='lat' dir='ltr'><strong>in</strong></span> <span class='ocrx_word' id='word_1_865' title='bbox 2740 4913 2829 4950; x_wconf 87' lang='lat' dir='ltr'><strong>um</strong></span> <span class='ocrx_word' id='word_1_866' title='bbox 2851 4893 3002 4968; x_wconf 65' lang='grc' dir='ltr'><strong>ωε..</strong></span> <span class='ocrx_word' id='word_1_867' title='bbox 3027 4895 3082 4952; x_wconf 89' lang='lat' dir='ltr'><strong>in</strong></span> <span class='ocrx_word' id='word_1_868' title='bbox 3104 4894 3266 4970; x_wconf 85' lang='lat' dir='ltr'><strong>rum].</strong></span> <span class='ocrx_word' id='word_1_869' title='bbox 3300 4897 3522 4954; x_wconf 84' lang='lat' dir='ltr'><strong>Dativus</strong></span> <span class='ocrx_word' id='word_1_870' title='bbox 3548 4907 3606 4955; x_wconf 92' lang='lat' dir='ltr'><strong>ct</strong></span> 
     </span>
    </p>
   </div>
   <div class='ocr_carea' id='block_1_111' title="bbox 2014 4985 3604 5054">
    <p class='ocr_par' dir='ltr' id='par_1_111' title="bbox 2014 4985 3604 5054">
     <span class='ocr_line' id='line_1_111' title="bbox 2014 4985 3604 5054; baseline 0.001 -10"><span class='ocrx_word' id='word_1_871' title='bbox 2014 4987 2279 5045; x_wconf 86' lang='lat' dir='ltr'><strong>ablativus</strong></span> <span class='ocrx_word' id='word_1_872' title='bbox 2303 4989 2356 5043; x_wconf 90' lang='lat' dir='ltr'><strong>in</strong></span> <span class='ocrx_word' id='word_1_873' title='bbox 2374 4987 2505 5043; x_wconf 88' lang='lat' dir='ltr'><strong>bus:</strong></span> <span class='ocrx_word' id='word_1_874' title='bbox 2530 4997 2590 5043; x_wconf 90' lang='lat' dir='ltr'><strong>ut</strong></span> <span class='ocrx_word' id='word_1_875' title='bbox 2607 4987 2690 5042; x_wconf 78' lang='lat' dir='ltr'><strong>lus</strong></span> <span class='ocrx_word' id='word_1_876' title='bbox 2717 5002 2821 5052; x_wconf 85' lang='lat' dir='ltr'><strong>res,</strong></span> <span class='ocrx_word' id='word_1_877' title='bbox 2840 5002 3040 5053; x_wconf 85' lang='lat' dir='ltr'><strong>rerum,</strong></span> <span class='ocrx_word' id='word_1_878' title='bbox 3063 4985 3238 5054; x_wconf 87' lang='lat' dir='ltr'><strong>rebus,</strong></span> <span class='ocrx_word' id='word_1_879' title='bbox 3261 5004 3371 5054; x_wconf 89' lang='lat' dir='ltr'><strong>res,</strong></span> <span class='ocrx_word' id='word_1_880' title='bbox 3396 5005 3428 5044; x_wconf 92' lang='lat' dir='ltr'><strong>o</strong></span> <span class='ocrx_word' id='word_1_881' title='bbox 3448 5006 3553 5054; x_wconf 87' lang='lat' dir='ltr'><strong>res,</strong></span> <span class='ocrx_word' id='word_1_882' title='bbox 3569 5007 3604 5046; x_wconf 89' lang='lat' dir='ltr'><strong>a</strong></span> 
     </span>
    </p>
   </div>
   <div class='ocr_carea' id='block_1_112' title="bbox 2013 5077 3606 5145">
    <p class='ocr_par' dir='ltr' id='par_1_112' title="bbox 2013 5077 3606 5145">
     <span class='ocr_line' id='line_1_112' title="bbox 2013 5077 3606 5145; baseline 0.003 -12"><span class='ocrx_word' id='word_1_883' title='bbox 2013 5079 2188 5135; x_wconf 83' lang='lat' dir='ltr'><strong>rebus.</strong></span> <span class='ocrx_word' id='word_1_884' title='bbox 2212 5077 2376 5145; x_wconf 83' lang='lat' dir='ltr'><strong>Num,</strong></span> <span class='ocrx_word' id='word_1_885' title='bbox 2406 5077 2637 5144; x_wconf 82' lang='lat' dir='ltr'><strong>France,</strong></span> <span class='ocrx_word' id='word_1_886' title='bbox 2684 5077 2863 5133; x_wconf 88' lang='lat' dir='ltr'><strong>adhuc</strong></span> <span class='ocrx_word' id='word_1_887' title='bbox 2891 5084 2978 5132; x_wconf 87' lang='lat' dir='ltr'><strong>sat</strong></span> <span class='ocrx_word' id='word_1_888' title='bbox 3016 5077 3186 5134; x_wconf 85' lang='lat' dir='ltr'><strong>habes</strong></span> <span class='ocrx_word' id='word_1_889' title='bbox 3233 5079 3302 5134; x_wconf 90' lang='lat' dir='ltr'><strong>de</strong></span> <span class='ocrx_word' id='word_1_890' title='bbox 3351 5079 3606 5138; x_wconf 84' lang='lat' dir='ltr'><strong>nomine?</strong></span> 
     </span>
    </p>
   </div>
   <div class='ocr_carea' id='block_1_113' title="bbox 2082 5166 3605 5244">
    <p class='ocr_par' dir='ltr' id='par_1_113' title="bbox 2082 5166 3605 5244">
     <span class='ocr_line' id='line_1_113' title="bbox 2082 5166 3605 5244; baseline 0.001 -18"><span class='ocrx_word' id='word_1_891' title='bbox 2082 5169 2182 5226; x_wconf 79' lang='lat' dir='ltr'><strong>Fs.</strong></span> <span class='ocrx_word' id='word_1_892' title='bbox 2213 5168 2308 5226; x_wconf 88' lang='lat' dir='ltr'><strong>Sat</strong></span> <span class='ocrx_word' id='word_1_893' title='bbox 2347 5169 2682 5234; x_wconf 84' lang='lat' dir='ltr'><strong>habuissem,</strong></span> <span class='ocrx_word' id='word_1_894' title='bbox 2713 5166 2881 5234; x_wconf 76' lang='lat' dir='ltr'><strong>Saxo,</strong></span> <span class='ocrx_word' id='word_1_895' title='bbox 2929 5167 2976 5225; x_wconf 85' lang='lat' dir='ltr'><strong>sl</strong></span> <span class='ocrx_word' id='word_1_896' title='bbox 3025 5183 3132 5225; x_wconf 90' lang='lat' dir='ltr'><strong>non</strong></span> <span class='ocrx_word' id='word_1_897' title='bbox 3189 5169 3436 5242; x_wconf 86' lang='lat' dir='ltr'><strong>cinipbes</strong></span> <span class='ocrx_word' id='word_1_898' title='bbox 3481 5186 3605 5244; x_wconf 72' lang='lat' dir='ltr'><strong>qua:</strong></span> 
     </span>
    </p>
   </div>
   <div class='ocr_carea' id='block_1_114' title="bbox 2012 5260 3606 5331">
    <p class='ocr_par' dir='ltr' id='par_1_114' title="bbox 2012 5260 3606 5331">
     <span class='ocr_line' id='line_1_114' title="bbox 2012 5260 3606 5331; baseline 0.001 -11"><span class='ocrx_word' id='word_1_899' title='bbox 2012 5271 2141 5320; x_wconf 88' lang='lat' dir='ltr'><strong>sunt</strong></span> <span class='ocrx_word' id='word_1_900' title='bbox 2165 5262 2221 5319; x_wconf 93' lang='lat' dir='ltr'><strong>in</strong></span> <span class='ocrx_word' id='word_1_901' title='bbox 2250 5261 2413 5318; x_wconf 88' lang='lat' dir='ltr'><strong>domo</strong></span> <span class='ocrx_word' id='word_1_902' title='bbox 2439 5260 2683 5331; x_wconf 86' lang='lat' dir='ltr'><strong>magistri</strong></span> <span class='ocrx_word' id='word_1_903' title='bbox 2713 5275 2880 5317; x_wconf 86' lang='lat' dir='ltr'><strong>aures</strong></span> <span class='ocrx_word' id='word_1_904' title='bbox 2907 5260 3041 5318; x_wconf 84' lang='lat' dir='ltr'><strong>mihi</strong></span> <span class='ocrx_word' id='word_1_905' title='bbox 3067 5262 3606 5331; x_wconf 65' lang='lat' dir='ltr'><strong>qutestiunculissuis</strong></span> 
     </span>
    </p>
   </div>
   <div class='ocr_carea' id='block_1_115' title="bbox 2013 5341 3605 5424">
    <p class='ocr_par' dir='ltr' id='par_1_115' title="bbox 2013 5341 3605 5424">
     <span class='ocr_line' id='line_1_115' title="bbox 2013 5341 3605 5424; baseline 0.001 -14"><span class='ocrx_word' id='word_1_906' title='bbox 2013 5353 2348 5424; x_wconf 88' lang='lat' dir='ltr'><strong>implessent.</strong></span> <span class='ocrx_word' id='word_1_907' title='bbox 2381 5352 2584 5406; x_wconf 84' lang='lat' dir='ltr'><strong>Tamen</strong></span> <span class='ocrx_word' id='word_1_908' title='bbox 2614 5351 2659 5406; x_wconf 89' lang='lat' dir='ltr'><strong>si</strong></span> <span class='ocrx_word' id='word_1_909' title='bbox 2689 5351 2868 5422; x_wconf 89' lang='lat' dir='ltr'><strong>placet</strong></span> <span class='ocrx_word' id='word_1_910' title='bbox 2891 5341 3233 5410; x_wconf 83' lang='lat' dir='ltr'><strong>transeamus</strong></span> <span class='ocrx_word' id='word_1_911' title='bbox 3249 5354 3319 5410; x_wconf 88' lang='lat' dir='ltr'><strong>ad</strong></span> <span class='ocrx_word' id='word_1_912' title='bbox 3333 5354 3456 5411; x_wconf 91' lang='lat' dir='ltr'><strong>alia.</strong></span> <span class='ocrx_word' id='word_1_913' title='bbox 3481 5356 3605 5412; x_wconf 87' lang='lat' dir='ltr'><strong>Illas</strong></span> 
     </span>
    </p>
   </div>
   <div class='ocr_carea' id='block_1_116' title="bbox 2011 5444 3606 5521">
    <p class='ocr_par' dir='ltr' id='par_1_116' title="bbox 2011 5444 3606 5521">
     <span class='ocr_line' id='line_1_116' title="bbox 2011 5444 3606 5521; baseline 0.001 -17"><span class='ocrx_word' id='word_1_914' title='bbox 2011 5463 2228 5520; x_wconf 89' lang='lat' dir='ltr'><strong>quoque</strong></span> <span class='ocrx_word' id='word_1_915' title='bbox 2265 5447 2427 5503; x_wconf 90' lang='lat' dir='ltr'><strong>modo</strong></span> <span class='ocrx_word' id='word_1_916' title='bbox 2453 5447 2748 5504; x_wconf 79' lang='lat' dir='ltr'><strong>excutiam.</strong></span> <span class='ocrx_word' id='word_1_917' title='bbox 2778 5444 2860 5502; x_wconf 87' lang='lat' dir='ltr'><strong>&#39;l&#39;u</strong></span> <span class='ocrx_word' id='word_1_918' title='bbox 2887 5445 3058 5502; x_wconf 89' lang='lat' dir='ltr'><strong>transi</strong></span> <span class='ocrx_word' id='word_1_919' title='bbox 3085 5461 3196 5518; x_wconf 90' lang='lat' dir='ltr'><strong>quo</strong></span> <span class='ocrx_word' id='word_1_920' title='bbox 3219 5446 3380 5516; x_wconf 89' lang='lat' dir='ltr'><strong>velis,</strong></span> <span class='ocrx_word' id='word_1_921' title='bbox 3401 5463 3606 5521; x_wconf 84' lang='lat' dir='ltr'><strong>sequar</strong></span> 
     </span>
    </p>
   </div>
   <div class='ocr_carea' id='block_1_117' title="bbox 2012 5537 2392 5610">
    <p class='ocr_par' dir='ltr' id='par_1_117' title="bbox 2012 5537 2392 5610">
     <span class='ocr_line' id='line_1_117' title="bbox 2012 5537 2392 5610; baseline -0.016 -12"><span class='ocrx_word' id='word_1_922' title='bbox 2012 5551 2068 5598; x_wconf 90' lang='lat' dir='ltr'><strong>te</strong></span> <span class='ocrx_word' id='word_1_923' title='bbox 2088 5553 2200 5610; x_wconf 90' lang='lat' dir='ltr'><strong>quo</strong></span> <span class='ocrx_word' id='word_1_924' title='bbox 2223 5537 2392 5593; x_wconf 89' lang='lat' dir='ltr'><strong>vadis.</strong></span> 
     </span>
    </p>
   </div>
   <div class='ocr_carea' id='block_1_118' title="bbox 2528 5627 3078 5687">
    <p class='ocr_par' dir='ltr' id='par_1_118' title="bbox 2528 5627 3078 5687">
     <span class='ocr_line' id='line_1_118' title="bbox 2528 5627 3078 5687; baseline 0.005 -3"><span class='ocrx_word' id='word_1_925' title='bbox 2528 5629 2618 5687; x_wconf 83' lang='lat' dir='ltr'><strong>DE</strong></span> <span class='ocrx_word' id='word_1_926' title='bbox 2659 5627 3078 5687; x_wconf 66' lang='lat' dir='ltr'><strong>I&#39;RONOMINE.</strong></span> 
     </span>
    </p>
   </div>
   <div class='ocr_carea' id='block_1_119' title="bbox 2081 5720 3603 5793">
    <p class='ocr_par' dir='ltr' id='par_1_119' title="bbox 2081 5720 3603 5793">
     <span class='ocr_line' id='line_1_119' title="bbox 2081 5720 3603 5793; baseline -0.001 -12"><span class='ocrx_word' id='word_1_927' title='bbox 2081 5724 2184 5782; x_wconf 85' lang='lat' dir='ltr'><strong>Fu.</strong></span> <span class='ocrx_word' id='word_1_928' title='bbox 2217 5723 2529 5779; x_wconf 84' lang='lat' dir='ltr'><strong>Pronomen</strong></span> <span class='ocrx_word' id='word_1_929' title='bbox 2550 5723 2680 5793; x_wconf 88' lang='lat' dir='ltr'><strong>quid</strong></span> <span class='ocrx_word' id='word_1_930' title='bbox 2709 5724 2835 5778; x_wconf 79' lang='lat' dir='ltr'><strong>est?</strong></span> <span class='ocrx_word' id='word_1_931' title='bbox 2868 5753 2940 5765; x_wconf 84' lang='lat'><strong>--</strong></span> <span class='ocrx_word' id='word_1_932' title='bbox 2975 5721 3143 5778; x_wconf 70' lang='lat' dir='ltr'><strong>Saxo.</strong></span> <span class='ocrx_word' id='word_1_933' title='bbox 3173 5720 3311 5779; x_wconf 84' lang='lat' dir='ltr'><strong>Pars</strong></span> <span class='ocrx_word' id='word_1_934' title='bbox 3337 5721 3603 5780; x_wconf 67' lang='lat' dir='ltr'><strong>orationis</strong></span> 
     </span>
    </p>
   </div>
   <div class='ocr_carea' id='block_1_120' title="bbox 2012 5813 3594 5890">
    <p class='ocr_par' dir='ltr' id='par_1_120' title="bbox 2012 5813 3594 5890">
     <span class='ocr_line' id='line_1_120' title="bbox 2012 5813 3594 5890; baseline -0.003 -15"><span class='ocrx_word' id='word_1_935' title='bbox 2012 5833 2139 5875; x_wconf 89' lang='lat' dir='ltr'><strong>cum</strong></span> <span class='ocrx_word' id='word_1_936' title='bbox 2175 5833 2303 5873; x_wconf 87' lang='lat' dir='ltr'><strong>casu</strong></span> <span class='ocrx_word' id='word_1_937' title='bbox 2336 5816 2573 5890; x_wconf 79' lang='lat' dir='ltr'><strong>positum</strong></span> <span class='ocrx_word' id='word_1_938' title='bbox 2604 5813 2761 5889; x_wconf 52' lang='grc' dir='ltr'><strong>μὴ,</strong></span> <span class='ocrx_word' id='word_1_939' title='bbox 2807 5813 3005 5888; x_wconf 88' lang='lat' dir='ltr'><strong>posita]</strong></span> <span class='ocrx_word' id='word_1_940' title='bbox 3057 5814 3294 5871; x_wconf 89' lang='lat' dir='ltr'><strong>nominis</strong></span> <span class='ocrx_word' id='word_1_941' title='bbox 3337 5813 3479 5876; x_wconf 86' lang='lat' dir='ltr'><strong>vice.</strong></span> <span class='ocrx_word' id='word_1_942' title='bbox 3524 5829 3594 5872; x_wconf 91' lang='lat' dir='ltr'><strong>nc</strong></span> 
     </span>
    </p>
   </div>
  </div>
