4106 6500
485 346 588 409 ιιι

1342 335 1407 391 Β.
1459 333 1523 389 ῐ.
1564 326 1793 385 Αιωλι
1835 324 1966 381 SEU
2012 318 2297 378 ALCUINI
2338 315 2630 375 OPERUM
2668 313 2853 371 PARS
2893 311 3002 369 VII.

3683 303 3795 362 81!

483 463 685 539 sapius
706 462 802 519 iter
815 472 963 515 «tum
988 470 1185 512 nomen
1219 452 1502 508 fastidium
1531 448 1695 503 faciat
1724 446 1883 539 μη,
1935 442 2083 499 face-
2117 445 2164 504 Α
2193 455 2271 502 ce,
2314 437 2488 503 illice,
2518 434 2664 507 quod
2693 449 2793 539 per
2823 444 3102 502 apocopen
3132 424 3410 498 profertur
3432 424 3541 480 illic
3560 464 3576 487 ,
3606 424 3798 480 ultima

483 532 590 625 ret]
616 546 860 604 audienti
883 545 965 599 vel
997 541 1197 612 legenti
1228 556 1243 593 :
1277 545 1332 592 et
1362 537 1547 593 ﬁnitas
1569 532 1768 602 recipit
1793 542 2078 603 personas.

556 618 999 700 impronomini
1054 640 1185 703 quot
1223 629 1479 685 accidunt
1540 624 1693 697 illa,
1753 618 2086 691 accedunt]?

485 764 557 780 -—
582 732 752 789 Sno.
784 728 893 785 Sex
926 745 940 781 :
975 725 1217 797 Species,
1247 734 1507 793 persona,
1567 729 1756 787 genus,
1805 723 2087 772 numerus,

486 829 684 902 ﬁgura,
710 838 895 881 casus.

558 890 729 992 εδδ
753 915 855 971 Fu.
885 910 1109 983 Species
1133 903 1521 980 pronominum
1544 906 1679 970 quot
1704 894 1870 953 sunt?
1895 921 1968 934 -—
1996 890 2096 992 SA-

487 982 756 1070 sortium.
781 1005 920 1075 Quia
934 982 1075 1060 sunt
1098 998 1425 1072 pronomina
1439 1002 1535 1050 aut
1566 990 1864 1063 privativa,
1884 991 1977 1040 aut
1994 982 2092 1037 de.-

489 1103 723 1161 rivativa
734 1142 746 1155 .

564 1193 663 1248 Fu.
691 1189 974 1246 Primitiva
1005 1190 1140 1256 quot
1168 1179 1330 1236 sunt?
1356 1207 1425 1218 ——
1456 1176 1627 1230 Suo.
1648 1171 1808 1227 Octo.
1842 1168 1977 1240 Ego,
2012 1177 2092 1231 tu,

490 1288 597 1352 sui,
625 1284 736 1349 ille,
763 1285 897 1354 ipse,
922 1281 1043 1344 iste,
1081 1277 1192 1339 hic,
1220 1274 1286 1328 is.

564 1351 661 1435 Fu.
680 1351 989 1432 Derivativa
1008 1374 1142 1439 quot
1167 1363 1334 1421 sunt?
1358 1390 1427 1404 --
1444 1358 1615 1415 Suo.
1644 1354 1887 1426 Septem.
1922 1351 2095 1413 Meus,

490 1477 638 1532 tuus,
663 1482 813 1529 suus,
847 1466 1244 1521 noster,vester,
1260 1462 1489 1514 nostras,
1516 1456 1736 1501 vestras.

564 1559 644 1616 Fu
699 1557 852 1615 Unde
879 1554 998 1610 h.ee
1045 1541 1412 1623 [pronomina]
1436 1535 1792 1595 derivantur?
1815 1565 1887 1577 -—
1924 1533 2095 1588 Saxo.

494 1650 542 1707 Δ
563 1647 819 1722 genitivis
844 1642 1273 1716 primitivorum.
1306 1637 1347 1688 Λ
1378 1633 1482 1688 mei
1509 1644 1686 1692 meus,
1712 1643 1741 1681 a
1789 1627 1867 1680 tui
1923 1634 2050 1679 tuus
2085 1640 2096 1675 :

496 1759 527 1799 ι
551 1743 635 1799 sui
655 1755 785 1795 suus
816 1756 828 1791 :
859 1753 891 1792 a
925 1743 1162 1790 nostrum
1188 1739 1375 1785 noster
1404 1733 1458 1780 et
1484 1731 1702 1779 nostras
1735 1738 1748 1773 :
1783 1735 1815 1773 a
1865 1726 2100 1770 castrum

2194 529 2450 605 [syllaba]
2482 525 2855 585 circumﬂexu.

2768 636 2857 693 DE
2904 633 3214 691 NUMERO.

2262 759 2364 815 Fu.
2395 757 2619 814 Numeri
2650 756 3031 827 pronominum
3063 765 3198 825 quot
3221 750 3646 809 sumit—Suo.
3659 750 3799 807 Duo.

2194 850 2526 922 Singularis,
2550 858 2612 905 ut
2642 851 2759 903 iste.
2792 848 3047 911 Pluralis,
3080 854 3143 901 ut
3166 847 3274 899 issi.

2268 943 2407 999 Sunt
2427 952 2483 998 et
2507 958 2736 997 numero
2766 940 3097 1002 communia,
3128 947 3186 992 ut
3222 938 3331 1002 sui,
3360 935 3483 1002 sibi,
3529 952 3605 1001 se,
3640 951 3675 991 α
3722 950 3810 1005 α,

2196 1051 2316 1104 qua:
2339 1034 2675 1089 nominativo
2706 1041 2918 1096 carent,
2949 1031 3075 1101 quia
3108 1030 3155 1085 si
3184 1036 3329 1087 esset
3351 1028 3411 1083 lsi
3437 1027 3519 1082 vel
3555 1028 3601 1085 si
3626 1027 3808 1082 nomi—

2197 1129 2437 1190 nativus,
2464 1123 2863 1179 dubitationem
2886 1121 3107 1177 fecisset
3136 1121 3281 1176 inter
3306 1120 3360 1174 hi
3406 1117 3553 1175 aliud
3606 1133 3811 1188 prono-

2201 1232 2348 1280 men,
2380 1215 2510 1271 etsi
2546 1212 2985 1283 conjunctionem
3004 1223 3050 1265 ι.
3097 1210 3195 1266 Vel
3243 1213 3373 1281 quia
3427 1210 3679 1266 transitio
3720 1208 3812 1265 vel

2202 1310 2566 1379 reciprocatio
2602 1320 2855 1378 persona:
2903 1305 2959 1359 in
3017 1306 3236 1360 nomine
3290 1321 3399 1360 non
3442 1312 3623 1376 potest
3658 1316 3812 1370 esse,

2201 1402 2343 1471 quod
2374 1401 2460 1453 sui
2480 1412 2695 1467 semper
2719 1397 2883 1453 habet
2909 1415 2923 1450 :
2963 1396 3364 1466 Reciprocatio,
3392 1402 3473 1460 ut,
3506 1396 3591 1451 sui
3620 1395 3816 1451 memi-

2204 1498 2299 1551 nit.
2342 1494 2639 1557 Transitio,
2668 1502 2749 1556 ut,
2781 1509 2880 1546 suo
2904 1508 3052 1545 servo
3084 1489 3338 1560 loquitur.

2781 1624 2871 1679 DE
2918 1621 3231 1679 CASIBUS.

2280 1738 2381 1794 Fu.
2409 1739 2583 1796 Casus
2620 1736 3004 1809 pronominum
3053 1735 3255 1809 profer.
3309 1765 3379 1777 —-
3410 1734 3578 1791 Suo.
3637 1733 3817 1791 Casus

496 1847 681 1892 vester
705 1842 761 1887 et
780 1837 1010 1886 vestras.
1045 1824 1173 1880 [huc
1210 1829 1337 1875 sunt
1395 1813 1711 1887 quindecim
1763 1806 2092 1882 pronomina
2126 1811 2171 1874 Β
2199 1832 2584 1903 pronominum
2604 1806 2732 1886 8'th
2758 1836 2819 1885 ut
2840 1806 3147 1893 nominu’m’
3171 1826 3275 1884 nisi
3313 1820 3459 1898 qugd
3483 1826 3661 1898 prima
3693 1841 3821 1898 per

501 1926 557 1982 in
577 1926 776 1997 quibus
810 1919 958 1977 nulla
986 1912 1258 1972 dubitatio
1276 1917 1382 1965 est.

571 1992 669 2074 lin.
704 2018 955 2071 Personae
1002 2008 1384 2080 pronominum
1436 2009 1571 2071 quot
1617 1996 1780 2054 sunt?
1828 2025 1897 2036 ——
1930 1992 2102 2049 Suo.

501 2113 655 2169 Tres.
690 2110 797 2165 Sed
826 2106 1003 2178 prima
1030 2114 1262 2173 persona
1291 2105 1345 2151 et
1373 2093 1609 2151 secunda
1637 2089 1886 2162 singulas
1901 2088 2106 2143 habent

501 2219 683 2267 voces,
715 2202 843 2272 quia
872 2203 1173 2267 praesentes
1196 2202 1412 2259 semper
1436 2193 1565 2241 sunt
1591 2185 1734 2239 inter
1754 2197 1836 2247 se,
1862 2189 1925 2236 ut
1953 2197 1966 2233 :
1990 2193 2111 2250 ego,

502 2307 583 2352 tu.
611 2292 796 2349 Tertia
822 2302 955 2345 vero
984 2300 1082 2341 sex
1107 2282 1271 2340 habet
1298 2293 1482 2344 voces,
1510 2276 1636 2347 quia
1658 2274 1949 2331 tertiarum
1984 2285 2110 2342 per-

506 2402 769 2447 sonarum
809 2381 1060 2454 plurima:
1099 2385 1225 2432 sunt
1282 2372 1653 2435 diversitates,
1709 2376 1794 2433 ut,
1847 2366 1957 2431 sui,
1992 2363 2106 2428 ille,

502 2482 635 2553 ipse,
658 2475 902 2540 iste,hic,
918 2474 985 2527 is.
1003 2471 1071 2525 Et
1099 2468 1258 2524 tertia
1292 2478 1522 2536 persona
1553 2460 1714 2517 modo
1735 2471 1980 2531 praesens
2002 2464 2110 2521 est,

506 2580 571 2630 ut
613 2573 711 2627 istc
738 2586 755 2625 :
782 2567 942 2624 modo
968 2566 1187 2627 absens,
1219 2570 1281 2615 ut
1304 2559 1412 2613 ille.

797 2705 889 2761 DE
921 2698 1316 2762 GENEBIBUS
1342 2689 1822 2752 PRONOMINUM.

583 2801 681 2858 Fu.
706 2798 917 2856 Genera
946 2792 1330 2867 pronominum
1356 2798 1491 2859 quot
1514 2786 1745 2841 sunt?——
1761 2783 1928 2842 Ssxo.
1944 2781 2116 2850 Quin-

512 2913 638 2970 que.
691 2891 1068 2954 Masculinum,
1129 2894 1212 2952 ut,
1258 2884 1377 2949 hic;
1433 2880 1779 2942 femininum,
1825 2884 1902 2937 ut,
1959 2876 2113 2937 hwc;

513 2998 787 3051 neutrum,
811 2992 890 3051 ut,
921 2982 1054 3049 hoc;
1084 2991 1394 3041 commune,
1449 2983 1530 3041 ut,
1589 2986 1822 3035 nostras,
1877 2978 2113 3032 vestras;

517 3083 685 3140 trium
716 3092 999 3151 generum,
1039 3080 1100 3131 ut
1120 3089 1236 3144 ego,
1260 3078 1337 3125 tu.
1367 3069 1436 3124 Et
1460 3066 1643 3122 omnia
1673 3061 1999 3136 pronomina
2022 3074 2118 3115 ne-

514 3187 671 3232 cesse
690 3150 775 3226 est
798 3168 900 3224 tria
930 3180 1129 3238 genera
1157 3163 1382 3226 habere,
1411 3159 1497 3214 vel
1526 3158 1578 3212 in
1624 3170 1733 3211 una
1760 3169 1892 3210 voce
1921 3150 2114 3211 confu-

516 3281 597 3329 sa,
628 3270 708 3327 ut,
737 3277 852 3332 ego,
916 3268 1009 3321 tu;
1056 3255 1140 3308 vel
1186 3255 1241 3309 in
1287 3252 1521 3309 diversis
1563 3249 1817 3308 distincta
1855 3243 2120 3302 termina-

517 3354 778 3416 tionibus,
810 3360 869 3405 ut
891 3365 1059 3414 meus,
1080 3363 1221 3411 nica,
1246 3358 1438 3400 meum.
1471 3342 1609 3409 Quia
1646 3355 1746 3412 pro
1774 3336 2121 3407 uniuscujus-

516 3459 630 3521 que
660 3446 737 3501 rei
756 3442 988 3516 propriis
1017 3439 1361 3509 accipiuntur
1392 3428 2115 3506 nominibus[pmnomina].

1115 3573 1203 3629 DE
1244 3569 1545 3628 FIGURIS.

595 3673 693 3730 Fu.
737 3671 995 3741 Figuram
1038 3665 1424 3739 pronominum
1478 3664 1586 3717 dic.
1639 3692 1710 3702 —-
1775 3660 1948 3715 Suo.
1982 3657 2126 3713 Sunt

525 3768 848 3843 pronomina
879 3762 1170 3832 simplicia,
1201 3768 1261 3815 ut
1290 3760 1409 3823 iste,
1463 3758 1569 3811 hic.
1618 3754 1759 3810 Sunt
1785 3751 2083 3822 composita
2108 3791 2122 3812 ,

524 3870 588 3917 ut
614 3859 754 3922 istic,
784 3855 929 3925 quod
949 3869 1017 3907 ex
1047 3854 1145 3906 iste
1164 3860 1220 3905 et
1249 3850 1334 3904 hic
1361 3849 1725 3918 componitur.
1790 3844 1939 3899 Idem
1978 3858 2127 3899 com-

524 3954 745 4029 ponitur
776 3963 847 4005 es
878 3948 921 4002 is
956 3946 1279 4017 pronomine
1312 3949 1371 3997 et
1421 3942 1631 3995 demum
1690 3939 2013 4009 proverbio;
2074 3948 2128 3992 et

523 4053 613 4101 est
636 4055 863 4098 numero
893 4049 1206 4101 commune,
1238 4042 1297 4088 ut
1326 4032 1467 4087 idem
1511 4033 1593 4086 vir
1637 4041 1693 4086 et
1714 4030 1854 4084 idem
1879 4031 1976 4083 viri
2003 4046 2021 4084 :
2074 4031 2128 4082 in

526 4131 826 4189 masculino
853 4130 871 4183 i
894 4128 1179 4201 producta,
1237 4125 1291 4181 in
1314 4130 1507 4178 neutro
1531 4123 1549 4176 i
1575 4129 1827 4193 correpta
1865 4139 1877 4174 :
1913 4130 1969 4175 et
2013 4118 2130 4189 ejus

528 4223 850 4280 femininum
876 4219 1079 4275 eadem.
1128 4216 1453 4273 Geminatur
1490 4228 1708 4284 quoque
1737 4214 1859 4284 ejus
1910 4228 2133 4282 compo-

530 4316 726 4373 sitioin
746 4322 961 4377 neutro,
987 4320 1043 4367 et
1065 4311 1261 4367 dicitur
1285 4309 1423 4363 idem
1449 4307 1589 4361 idem
1620 4305 1772 4380 [Ms.,
1795 4303 2129 4377 identidem],

533 4404 594 4463 id
625 4416 729 4470 est,
754 4405 899 4461 idem
924 4413 980 4459 et
1010 4402 1175 4457 idem.

604 4495 1016 4567 Componuntnr
1040 4492 1361 4562 pronomina
1391 4506 1515 4546 eum
1529 4489 1824 4553 adverbiis,
1850 4496 1911 4542 nt
1929 4504 2128 4553 eccum,

2208 1940 2341 1982 sona
2370 1935 2427 1982 et
2454 1925 2617 1980 tertia
2644 1924 2766 1995 plus
2802 1924 3050 1995 quinque
3076 1922 3297 1978 casibus
3319 1922 3526 1978 habere
3551 1937 3662 1977 non
3686 1936 3811 1991 pos-

2209 2025 2354 2081 sunt,
2386 2017 2513 2086 quia
2538 2015 2829 2072 vocativus
2857 2013 2912 2069 in
2937 2015 3016 2069 eis
3042 2012 3162 2069 ﬁeri
3192 2028 3300 2068 non
3325 2019 3537 2084 potest,
3567 2011 3665 2084 qui
3683 2026 3808 2082 pro-

2207 2110 2367 2181 prius
2389 2118 2477 2165 est
2507 2108 2761 2166 secundae
2783 2122 3053 2179 personae,
3082 2106 3244 2179 281
3266 2115 3495 2177 excepto
3522 2121 3671 2161 meus
3692 2119 3813 2177 pos-

2212 2205 2477 2260 sessivum
2506 2202 2662 2279 [Hs.,
2680 2199 3033 2275 possessivo],
3064 2202 3210 2273 quod
3230 2202 3306 2256 mi
3326 2200 3461 2257 facit
3483 2201 3820 2268 vocativum,

2212 2297 2349 2354 duas
2369 2296 2567 2353 breves
2594 2313 2622 2352 e
2643 2312 2671 2351 e
2709 2295 2767 2351 in
2794 2292 3048 2367 [unamji
3086 2293 3306 2365 longam
3343 2291 3630 2361 euphoniae
3651 2304 3824 2347 causa

2213 2396 2560 2445 cmvertens.
2595 2383 2766 2457 Cujus
2787 2384 3017 2458 pluralis
3042 2398 3262 2456 quoque
3289 2382 3599 2439 vocativum
3620 2380 3823 2439 habet:

2214 2498 2247 2535 0
2272 2489 2389 2535 ποτε
2397 2495 2474 2535 εν.

2287 2572 2387 2628 l-‘u.
2418 2571 2562 2641 Quot
2588 2570 2778 2628 formas
2820 2569 3070 2627 casuales
3098 2566 3234 2624 ﬁunt
3261 2567 3317 2624 in
3364 2565 3829 2639 pronominibus?

2216 2697 2289 2711 -—
2317 2664 2485 2721 Suo.
2529 2664 2670 2720 Sunt
2695 2663 3020 2735 pronomina
3065 2667 3403 2732 monoptota,
3431 2666 3493 2715 ut
3519 2676 3721 2727 eccum,
3746 2656 3829 2715 el-

2221 2757 2354 2823 lum,
2408 2772 2635 2820 mecum,
2688 2766 2877 2811 tecum.
2911 2754 3030 2809 Alia
3055 2753 3304 2825 triptota,
3328 2761 3383 2807 ιιι
3418 2753 3523 2816 sui,
3563 2752 3693 2817 sibi,
3740 2768 3822 2818 se,

2219 2865 2418 2915 meum,
2447 2858 2617 2913 tuum,
2648 2865 2803 2902 suum
2833 2845 3024 2919 [Edit.,
3057 2860 3259 2899 mecum
3281 2886 3296 2909 ,
3343 2852 3513 2899 tecum
3533 2885 3550 2907 ,
3593 2842 3819 2917 secum].

2219 2940 2336 3004 Alia
2356 2947 2675 3010 tetraptota,
2690 2948 2831 3001 tuus,
2850 2954 3002 2999 suus,
3025 2935 3179 3001 illud,
3202 2935 3368 2991 istud.
3385 2934 3505 2991 Alia
3529 2942 3819 3006 pentapto—

2222 3042 2276 3088 ta
2297 3076 2311 3097 ,
2352 3033 2464 3099 itte,
2501 3035 2631 3104 ipse,
2664 3033 2779 3086 iste.
2815 3028 2950 3085 Nam
2983 3036 3289 3101 sextaptota
3314 3043 3425 3084 non
3465 3026 3822 3083 inveniuntur

2223 3129 2571 3200 pronomina.

2145 3199 2234 3266 cf
2295 3216 2398 3273 Fu.
2448 3217 2585 3272 Dum
2632 3216 2957 3287 pronomina
3003 3230 3165 3271 casus
3206 3213 3413 3268 habent
3449 3218 3508 3267 et
3542 3224 3828 3278 numeros,

2222 3327 2447 3370 necesse
2466 3320 2551 3367 est
2580 3326 2676 3367 eos
2713 3310 2917 3367 habere
2943 3318 3000 3364 et
3028 3307 3443 3371 declinationes,
3474 3319 3709 3374 quarum
3739 3317 3828 3360 re-

2223 3403 2377 3477 gulas
2425 3410 2489 3458 ut
2534 3402 2807 3459 edisseras
2857 3400 3061 3473 ﬂagito.
3098 3431 3167 3441 —
3198 3397 3365 3455 Suo.
3432 3396 3717 3468 improbus
3763 3408 3828 3453 es

2224 3504 2521 3552 ςενυιιιιοτ,

2296 3586 2396 3642 Fs.
2445 3586 2585 3655 Quin
2638 3584 2796 3659 [Ms.,
2843 3581 3008 3657 Quia]
3062 3590 3122 3639 tu
3161 3588 3327 3638 tenax
3372 3593 3435 3635 es
3480 3576 3831 3649 largitor.—

2227 3681 2392 3737 Suo.
2412 3679 2654 3747 Quatuor
2666 3686 2793 3732 sunt
2808 3674 3202 3733 declinationes
3222 3672 3629 3745 pronominum.
3644 3667 3829 3722 Prima

2227 3780 2311 3827 est
2337 3785 2459 3842 qua:
2508 3770 2561 3823 in
2603 3768 2777 3823 tribus
2817 3766 3222 3837 primitivorum
3270 3762 3521 3835 personis
3563 3758 3826 3821 cernitur,

2227 3864 2383 3935 cujus
2416 3860 2690 3933 genitivus
2731 3865 2787 3913 et
2815 3857 3025 3913 dativus
3050 3857 3104 3912 in
3134 3857 3183 3921 i,
3206 3854 3554 3911 accusativus
3582 3859 3636 3906 et
3672 3846 3837 3903 abla--

2231 3956 2375 4011 tivus
2404 3956 2456 4008 in
2484 3971 2513 4007 e
2557 3952 2900 4021 productam,
2926 3958 3006 4013 ut,
3044 3964 3159 4021 ego,
3188 3948 3316 4012 mei,
3345 3945 3497 4012 mihi,
3535 3959 3633 4007 me,
3665 3958 3698 3998 a
3727 3954 3833 3997 me.

2234 4044 2337 4111 Tit,
2368 4044 2465 4109 tui,
2499 4042 2609 4107 tibi,
2654 4051 2719 4101 te,
2765 4058 2797 4095 α
2847 4048 2915 4094 te.
2964 4037 3079 4103 Sui,
3109 4037 3225 4101 sibi,
3258 4053 3345 4101 se,
3376 4052 3409 4089 a
3436 4052 3511 4089 se.
3541 4032 3741 4090 Prima:
3779 4044 3838 4092 et

2232 4135 2483 4193 secunda:
2512 4147 2757 4205 persona:
2785 4130 3050 4201 plurales,
3099 4128 3494 4189 nominativum
3525 4135 3581 4180 et
3604 4134 3833 4182 accusa-

2236 4227 2403 4282 tivum
2436 4227 2490 4280 in
2512 4241 2603 4289 os;
2635 4223 2935 4294 genitivum
2982 4222 3035 4276 in
3065 4237 3153 4275 um
3191 4220 3277 4274 vel
3305 4219 3359 4274 in
3400 4220 3455 4283 i;
3493 4217 3739 4274 dativum
3778 4226 3831 4273 et

2233 4319 2528 4375 ablativum
2574 4317 2630 4370 in
2663 4317 2745 4383 is;
2784 4322 2843 4369 ut
2876 4331 2991 4380 nos,
3037 4323 3274 4369 nostrum
3305 4312 3390 4367 vel
3438 4312 3636 4376 nostri,
3667 4309 3825 4374 nobis,

2234 4427 2350 4474 nos,
2374 4426 2407 4462 a
2456 4407 2624 4463 nobis.
2656 4406 2923 4467 Similiter
2964 4413 3019 4460 et
3051 4421 3164 4461 vos.
3218 4402 3403 4460 Tertia
3456 4417 3688 4472 persona
3730 4413 3833 4457 non

2236 4501 2399 4554 habet
2426 4497 2847 4562 nominativum,
2869 4503 2925 4551 et
2951 4509 3051 4567 per
3078 4502 3303 4552 exteros
3330 4508 3493 4550 casus
3530 4490 3834 4551 communis

536 4590 595 4651 id
617 4598 723 4654 est,
740 4557 877 4644 .eccc
896 4557 1058 4643 enini
1082 4583 1263 4650 ettum,
1291 4599 1418 4640 ecce
1445 4584 1616 4638 illum.
1658 4582 1876 4637 Etcum
1923 4594 2133 4651 prrepo—
2167 4557 2216 4617 θ
2238 4597 2325 4647 εει
2361 4588 2596 4652 numeri,
2630 4587 2684 4645 ia
2712 4594 2797 4641 es;
2828 4557 2931 4641 ξηε,

535 4682 753 4749 sitione,
770 4681 865 4735 sed
878 4693 978 4749 per
990 4675 1375 4745 anastropbcn,
1392 4684 1453 4729 ut
1474 4690 1698 4739 mecum,
1717 4684 1908 4737 tecum,
1924 4687 2132 4737 secum;

535 4782 735 4831 etcum
763 4774 1005 4833 nomine,
1044 4778 1104 4823 ut
1126 4768 1455 4839 hujusmodi,
1487 4765 1810 4822 istiusmodi.

608 4865 711 4922 Fu.
754 4864 905 4921 Unde
935 4870 1019 4918 est
1044 4861 1133 4915 illa
1162 4861 1490 4929 compositio
1516 4877 1528 4913 :
1552 4868 1750 4929 egomet
1772 4865 1826 4912 ct
1874 4856 2137 4927 hujusce?

537 4990 611 5005 --
637 4958 809 5018 Suo.
837 4958 955 5016 Non
987 4967 1071 5012 est
1101 4956 1447 5026 compositio,
1484 4956 1577 5009 sed
1608 4968 1894 5024 paragoge,
1923 4952 1976 5007 id
2027 4960 2131 5016 est,

545 5049 777 5121 adjectis
806 5048 1045 5119 syllabae.
1080 5048 1148 5101 Et
1183 5053 1554 5115 suntquatuor
1589 5043 1855 5111 ejusmodi
1874 5040 2136 5109 adiectio-

543 5159 663 5211 nes,
688 5150 813 5208 met,
839 5158 917 5205 ce,
960 5149 1028 5205 te,
1055 5150 1161 5211 pte,
1190 5148 1272 5202 ut,
1302 5147 1521 5209 egomet,
1547 5146 1677 5203 tute,
1701 5146 1924 5205 meapte,
1955 5135 2141 5204 hujus-

616 5287 645 5317 ι
671 5273 804 5331 Cod.
842 5287 945 5327 ms.
992 5270 1051 5326 S.
1081 5270 1410 5327 Emmerami
1464 5268 1554 5327 hic
1608 5268 1679 5323 ita
1718 5269 1913 5338 pergit,
1949 5275 2005 5323 et
2024 5266 2145 5322 linit

550 5346 699 5405 hunc
735 5343 1021 5398 articulum
1051 5358 1065 5395 :
1101 5360 1118 5392 ι
1152 5341 1297 5403 ideo,
1329 5340 1456 5411 quia
1484 5340 1823 5411 quotioslioc
1843 5353 2143 5408 pronomen

550 5415 788 5488 ponitur,
813 5413 1049 5488 ostendit
1074 5412 1287 5466 tertiam
1330 5410 1614 5488 personam
1642 5410 1722 5464 vel
1753 5412 1947 5488 ipsum
1980 5424 2144 5488 agere

548 5479 713 5544 simul
747 5494 803 5540 et
830 5484 1003 5556 potia
1030 5497 1108 5545 se,
1133 5488 1195 5556 ut
1221 5498 1233 5533 :
1261 5483 1470 5552 poenitet
1504 5479 1655 5556 illum
1681 5480 1784 5545 sui,
1804 5480 1997 5556 inridet
2017 5479 2141 5539 sibi,

552 5564 766 5612 accusat
804 5552 879 5611 se.
911 5553 1007 5608 Vel
1037 5562 1093 5606 et
1131 5554 1301 5623 ipsam
1326 5566 1489 5621 agere
1508 5560 1563 5606 et
1587 5552 1749 5605 aliam
1798 5552 2145 5607 extrinsecus

552 5627 610 5684 in
638 5642 784 5691 eam,
812 5634 871 5681 ut
902 5642 915 5678 :
945 5632 1091 5694 rogat
1120 5622 1176 5676 ut
1204 5622 1285 5677 sui
1328 5623 1559 5747 causa

552 5698 809 5747 concedas
841 5714 857 5747 :
889 5703 1135 5747 metatur
1170 5702 1228 5747 ut
1268 5709 1322 5746 se
1353 5704 1501 5747 custo
1542 5694 1556 5746 ἰ

551 5698 809 5755 concedas
839 5714 857 5762 ;
888 5691 1135 5767 precatur
1170 5702 1228 5750 ut
1268 5709 1322 5746 se
1353 5691 1643 5767 custodias.
1690 5691 1845 5759 Queri
1890 5708 2013 5767 cum
2064 5691 2142 5767 tit,

554 5768 611 5824 id
636 5778 741 5835 est,
766 5763 983 5841 quando
1008 5765 1198 5820 eadem
1220 5778 1453 5835 persona
1479 5772 1535 5819 et
1562 5764 1671 5835 agit
1705 5772 1754 5817 ct
1790 5766 2017 5833 patitur,
2062 5763 2146 5817 vel

1556 5623 1735 5683 arias;
1786 5623 1913 5692 petit
1944 5631 2001 5675 ut
2046 5622 2146 5692 sibi

2311 4680 2412 4736 Fu.
2467 4680 2623 4737 Unde
2667 4694 2915 4750 persona:
2968 4678 3345 4750 intelliguntur
3404 4678 3829 4750 pronominum?

2239 4802 2313 4814 --
2338 4768 2506 4827 Suo.
2537 4771 2597 4826 In
2643 4770 2837 4841 primis
2888 4770 3157 4842 syllabis:
3189 4769 3243 4831 in
3281 4770 3543 4829 extremis
3579 4785 3740 4827 casus
3782 4782 3837 4828 et

2242 4866 2476 4921 numeri.
2526 4863 2777 4921 Secunda
2824 4863 3117 4920 declinatio
3147 4873 3232 4919 est
3259 4864 3316 4920 in
3348 4864 3573 4934 reliquis
3601 4865 3837 4935 quinque

2242 4960 2555 5031 primitivis,
2588 4973 2820 5030 quorum
2868 4956 3137 5028 genitivus
3186 4956 3240 5011 in
3282 4956 3398 5022 ius,
3442 4956 3657 5015 dativus
3683 4958 3739 5013 in
3780 4958 3833 5024 i,

2245 5051 2446 5108 desinit
2468 5065 2567 5121 per
2607 5051 2720 5119 tria.
2739 5062 2938 5120 genera
2973 5067 2988 5103 :
3034 5056 3233 5120 praeter
3260 5048 3384 5103 huic
3426 5047 3625 5113 solum,
3653 5062 3722 5103 ne
3749 5048 3837 5103 Iasi

2246 5141 2554 5212 interiectio
2594 5148 2838 5211 putetur.
2867 5138 3225 5197 Accusativus
3266 5146 3450 5194 autem
3478 5144 3535 5193 et
3574 5136 3837 5195 ablativus

2249 5292 2279 5330 a
2316 5290 2375 5331 se
2407 5274 2491 5328 vel
2521 5272 2591 5343 ab
2620 5272 2725 5328 alia
2760 5288 2868 5328 non
2897 5271 3102 5343 indiget
3136 5271 3471 5329 nominativo
3497 5286 3647 5337 casu,
3670 5275 3835 5329 sedeo

2249 5346 2337 5401 cui
2367 5342 2677 5414 soletjungi
2706 5344 2930 5414 verbum
2960 5342 3114 5414 quod
3149 5352 3327 5397 actum
3381 5343 3742 5414 demonstrat,
3786 5343 3834 5398 id

2248 5424 2353 5481 est,
2388 5412 2649 5487 genitivo;
2684 5414 2765 5487 vel
2796 5413 3002 5487 dativo,
3034 5412 3118 5467 vel
3149 5414 3481 5487 accusativo,
3517 5412 3606 5487 vel
3641 5414 3831 5469 ablati-

2248 5502 2336 5550 vo,
2367 5484 2507 5556 quos
2534 5494 2590 5539 et
2614 5486 2780 5538 habet
2809 5485 3260 5556 hocpronomen.
3294 5484 3472 5556 Ipsum
3522 5485 3668 5540 enim
3723 5500 3833 5556 vere

2248 5553 2621 5611 hum'auentis
2643 5569 2890 5611 persona:
2924 5554 2979 5607 in
3010 5570 3069 5610 se
3115 5554 3507 5609 nominativum
3554 5556 3737 5611 habet.
3782 5553 3834 5611 Si

2248 5573 2377 5611 num
2410 5573 2890 5679 afenttslpersonm
2924 5573 2979 5607 tn
3010 5573 3069 5610 se
3115 5573 3507 5609 nominativum
3554 5573 3737 5611 nanet.
3783 5573 3834 5611 δι

2248 5627 2395 5680 enim
2464 5642 2547 5680 ICO
2576 5645 2587 5679 :
2662 5634 2782 5695 ogat
2815 5636 2861 5678 te
2887 5635 2945 5679 ut
2971 5626 3040 5680 ad
3069 5642 3125 5679 se
3151 5626 3482 5689 venias,sine
3500 5624 3665 5681 dubio
3690 5624 3836 5680 intel—

2250 5696 2541 5778 ligisineo
2573 5697 2719 5765 quod
2747 5696 2892 5762 dixi,
2948 5706 3119 5767 rogat,
3180 5695 3423 5751 simulet
3467 5695 3578 5761 ille,
3630 5698 3725 5768 qui
3760 5702 3838 5753 cst

2253 5768 2641 5821 nominativus.
2683 5787 2701 5819 ι
3326 5812 3329 5813 ,
