4106 6508
390 470 495 525 875

1501 451 1969 509 DIDASCAHCA.
2005 479 2076 490 -
2117 446 2597 505 GRAMMATICA.

3560 440 3659 497 8'4"

390 579 703 655 singularis,
731 587 785 635 et
816 593 1008 635 omnes
1035 592 1194 634 casus
1223 574 1461 648 plurales
1493 576 1549 630 in
1594 571 1896 630 masculino
1926 575 1978 622 et
2010 566 2059 628 Α
2087 564 2465 634 inquisitiones
2509 563 2681 619 verbi.
2733 561 2814 617 Tu
2868 568 2919 615 te
2966 561 3035 617 ad
3079 557 3455 632 responsiones
3504 573 3659 631 pars-

390 681 585 729 neutro
622 670 873 727 secunda;
906 669 1304 734 declinationis,
1345 668 1621 721 nominum
1653 660 1982 719 terminatio-

391 776 491 818 nes
537 769 751 827 servat;
794 762 848 815 in
886 758 1146 815 feminino
1183 755 1357 831 [vero]
1396 757 1606 827 primae.
1638 753 1709 811 Ut
1749 750 1859 818 ille,
1907 749 1976 803 il-

394 852 518 919 lius,
544 851 646 917 illi,
681 850 854 916 illum,
879 853 942 904 ab
974 849 1086 905 illo.
1116 850 1187 905 Et
1226 848 1513 919 pluraliter
1544 866 1556 900 :
1594 844 1708 910 Illi,
1742 842 1977 905 illorum,

392 946 521 1014 illis,
543 947 685 1012 illos,
710 946 774 1001 ab
799 945 924 1001 illis.
956 944 1088 1013 Illa,
1128 945 1292 1011 illius,
1314 946 1418 1009 illi,
1445 944 1614 1006 illam,
1643 944 1708 996 ab
1729 941 1843 998 illa.
1889 940 1983 1013 [Et

392 1037 698 1111 pluraliter]
731 1037 868 1102 Illat,
897 1037 1135 1102 illarum,
1181 1036 1309 1102 illis,
1340 1036 1484 1102 illas,
1533 1036 1598 1089 ab
1648 1034 1776 1089 illis.
1811 1030 1978 1098 Illud,

394 1128 562 1193 illius,
593 1128 693 1193 illi,
724 1128 879 1193 illud,
904 1128 968 1182 ab
999 1127 1114 1181 illo.
1146 1126 1236 1201 [Et
1260 1125 1566 1197 pluraliter]
1591 1123 1719 1189 Illa,
1744 1123 1980 1189 illorum,

395 1220 522 1286 illis,
554 1221 670 1285 illa,
697 1222 762 1274 ab
802 1220 928 1274 illis.
975 1218 1065 1275 Sic
1100 1228 1153 1273 et
1184 1218 1388 1288 reliqua
1428 1226 1660 1287 quatuor
1704 1214 1981 1270 declinan—

398 1321 521 1378 tur;
566 1312 669 1367 nisi
710 1312 793 1365 hic
853 1320 907 1366 et
943 1310 1054 1365 Iure
1102 1318 1158 1364 et
1211 1310 1330 1375 hoc,
1367 1306 1555 1381 [quod]
1600 1324 1625 1360 c
1655 1321 1753 1378 per
1794 1318 1983 1361 omnes

395 1406 696 1476 singulares
713 1421 874 1462 casus
900 1403 1147 1470 assumit,
1176 1410 1377 1474 praeter
1398 1402 1715 1473 genitivum.

471 1516 651 1572 Tertia
679 1515 968 1573 declinatio
987 1522 1072 1571 est
1100 1515 1480 1586 pronominum
1525 1514 1581 1569 in
1621 1513 1859 1584 quinque
1893 1510 1987 1567 de-

398 1608 675 1675 rivativis,
724 1623 846 1679 quae
896 1607 1196 1663 secundum
1253 1604 1498 1676 regulam
1540 1604 1822 1660 nominum
1861 1617 1979 1658 mo-

397 1697 589 1753 bilium
633 1696 687 1752 in
726 1704 955 1767 utroque
984 1710 1212 1751 numero
1244 1694 1585 1751 declinantur
1622 1713 1634 1747 :
1668 1694 1724 1749 in
1765 1709 1984 1749 mascu-

398 1790 511 1845 lino
524 1795 582 1843 et
594 1796 789 1843 neutro
816 1788 1134 1853 secundam,
1148 1788 1203 1842 in
1221 1785 1480 1843 feminino
1497 1785 1728 1855 primam
1752 1800 1986 1856 sequens

398 1881 839 1938 declinationem.
885 1879 952 1934 Et
989 1886 1116 1935 sunt
1158 1878 1276 1935 hazc
1316 1897 1330 1934 :
1379 1892 1549 1946 meus,
1596 1885 1753 1943 tuus,
1809 1892 1937 1931 suus
1964 1918 1978 1943 ,

399 1980 591 2035 noster,
623 1981 809 2025 vester.

470 2064 673 2130 Quarta
702 2062 987 2118 declinatio
1015 2069 1098 2119 est
1132 2060 1501 2119 communium
1542 2078 1555 2115 :
1600 2067 1657 2117 et
1701 2058 1982 2115 declinan-

400 2164 491 2209 tur
517 2155 660 2210 sieut
688 2155 743 2211 in
787 2154 995 2210 duobus
1031 2153 1277 2225 reliquis,
1318 2168 1439 2223 qua:
1482 2159 1783 2222 sequuntur
1810 2152 1985 2207 tertia:

404 2244 781 2300 declinationis
822 2245 1063 2300 nomina.
1108 2243 1197 2310 Ut,
1222 2244 1307 2297 hic
1347 2252 1404 2299 ct
1435 2242 1549 2297 haec
1600 2250 1839 2306 nostras,
1898 2256 1983 2295 ve—

402 2344 585 2390 stras:
628 2334 809 2391 ethoc
851 2343 1112 2401 nostratc,
1158 2342 1409 2402 vestrate;
1457 2332 1737 2398 nostratis,
1790 2340 1986 2387 restra-

405 2427 471 2480 tis
499 2438 546 2480 ⁸.

475 2516 620 2588 [(E:
673 2517 798 2591 ms.)
829 2517 926 2572 Fn.
964 2516 1143 2585 Quare
1179 2532 1289 2573 non
1336 2516 1680 2579 declinantur
1710 2518 1825 2571 hzec
1861 2530 1987 2585 pro-

399 2608 620 2664 nomina
660 2626 675 2663 :
715 2609 935 2674 Eccum,
991 2625 1168 2664 eccam
1199 2623 1218 2661 :
1264 2607 1445 2673 ellum,
1491 2606 1647 2663 ellam
1670 2607 1693 2661 .9
1720 2637 1791 2647 —
1818 2605 1983 2661 Suo.

399 2700 536 2766 Quia
558 2715 623 2755 ex
651 2699 871 2771 obliquo
896 2708 950 2755 et
971 2699 1335 2755 indeclinabili
1357 2706 1511 2771 parte
1536 2696 1985 2770 componuntur.]

400 2791 544 2846 Ecce
566 2792 734 2847 habes
759 2806 879 2860 quae
900 2792 952 2845 vi
973 2789 1273 2845 extorsisti.

473 2904 574 2959 Fit.
619 2903 808 2960 Melius
848 2913 932 2959 est
968 2905 1021 2958 vi
1049 2911 1393 2974 extorquere,
1431 2918 1595 2975 quam
1622 2917 1731 2957 non
1761 2900 1985 2957 habere.

401 2994 503 3051 Dic
532 3004 712 3050 tamen
740 2996 805 3049 dc
828 3012 858 3048 ο
879 3035 894 3061 ,
923 2995 1015 3066 qui
1040 2995 1289 3049 vocativo
1315 2996 1464 3049 casui
1510 2994 1565 3049 in
1592 2992 1906 3049 nominibus
1935 3000 1991 3047 et

403 3086 816 3158 pronominibus
839 3094 895 3139 et
918 3084 1218 3156 participiis
1246 3083 1523 3156 jungitur;
1553 3093 1640 3140 est
1664 3097 1989 3155 pronomen,

403 3195 475 3234 an
526 3178 762 3234 non?-——
788 3176 954 3233 Suo.
1005 3176 1123 3232 Non
1170 3185 1256 3233 est
1297 3192 1618 3247 pronomen,
1664 3176 1762 3232 sed
1801 3175 1992 3232 adver-

404 3270 555 3326 bium
583 3268 811 3325 vocandi
859 3268 943 3324 vel
993 3269 1247 3339 optandi;
1296 3268 1538 3339 ejusdem
1576 3267 2062 3349 signiﬁcationisc

404 3364 533 3420 dum
572 3363 724 3428 dicis,
755 3363 883 3417 heus
909 3362 1119 3432 juvenis
1145 3403 1159 3427 ,
1206 3370 1262 3417 et
1286 3378 1317 3416 ο
1337 3362 1567 3432 juvenis.
1618 3362 1685 3417 Et
1725 3360 1859 3417 nulli
1886 3361 1984 3416 alii

404 3468 654 3525 personae
672 3462 849 3525 potest
872 3454 1050 3527 jungi,
1074 3451 1179 3509 nisi
1206 3453 1480 3510 secundae.

478 3567 581 3623 Fu.
610 3567 817 3624 Memor
849 3578 986 3635 esto,
1018 3568 1222 3625 dixisse
1255 3578 1309 3625 te
1334 3567 1642 3638 quindecim
1668 3569 1992 3639 pronomina

402 3673 547 3715 esse.
600 3658 707 3714 Sed
736 3659 866 3728 quid
896 3667 978 3715 est
1012 3661 1157 3729 quod
1202 3660 1443 3715 Donatus
1494 3660 1637 3715 inter
1670 3659 1994 3728 pronomina

403 3752 605 3822 posuit,
645 3751 783 3824 quis,
822 3751 1016 3824 qualis,
1061 3752 1204 3818 talis,
1251 3763 1408 3823 quot,
1439 3761 1538 3818 tot,
1569 3762 1794 3824 quotus,
1832 3760 1992 3816 totus,

409 3840 700 3914 [quantus,
764 3842 1004 3914 tantas]?
1047 3873 1124 3885 --
1159 3841 1329 3899 Suo.
1380 3842 1600 3899 Memini
1652 3859 1741 3899 me
1794 3843 1997 3900 dixisse

408 3935 718 4005 quindecim
742 3950 865 3991 esse
887 3936 1231 4006 pronomina,
1254 3938 1311 3991 in
1338 3938 1537 4007 quibus
1566 3937 1711 3993 nulla
1731 3936 1995 3993 dubitatio

405 4038 571 4086 esset.
612 4030 688 4084 De
741 4029 859 4083 istis
903 4030 1048 4083 enim
1088 4044 1210 4100 quae
1248 4030 1442 4100 ponis,
1480 4028 1748 4085 dubitatio
1798 4037 1883 4084 est
1926 4043 1995 4083 an

408 4120 519 4176 sint
540 4122 883 4193 pronomina,
914 4137 982 4176 an
1013 4120 1257 4176 nomina.
1295 4119 1610 4177 Priscianus
1648 4120 1858 4175 Latinae
1886 4121 1999 4176 elo-

408 4213 645 4284 quentiae
682 4213 846 4269 decus
875 4213 1095 4269 nomina
1124 4213 1516 4283 interrogativa
1542 4212 1628 4268 vel
1654 4212 1879 4268 relativa
1909 4212 1996 4269 vel

410 4304 674 4361 redditiva
703 4317 767 4357 ea
792 4304 1014 4359 omnino
1062 4301 1213 4376 [Ms.,
1241 4302 1487 4376 nomina]
1528 4303 1680 4367 dicit,
1717 4310 1774 4359 et
1802 4318 1999 4372 prono-

412 4398 559 4453 mina
589 4405 752 4466 negat
796 4410 919 4452 esse
955 4410 1139 4466 posse,
1176 4396 1304 4467 quia
1348 4395 1533 4451 ﬁnitas
1584 4410 1849 4465 personas
1889 4411 1997 4449 non

412 4491 637 4555 habent,
680 4489 822 4558 quod
858 4487 1142 4559 proprium
1185 4494 1270 4542 est
1312 4486 1651 4557 pronominis
1695 4500 1818 4541 cum
1869 4502 1999 4541 casu

410 4583 582 4653 iuncti
609 4601 621 4636 :
660 4582 803 4637 sicut
827 4588 882 4636 et
906 4580 1010 4635 alia
1042 4594 1235 4634 novem
1279 4578 1498 4633 nomina
1528 4577 1747 4633 mobilia
1776 4579 1998 4646 quidam

412 4689 601 4732 errore
625 4672 829 4729 seducti
852 4671 1169 4744 pronomina
1192 4670 1380 4724 dicunt
1404 4682 1543 4733 esse,
1570 4669 1695 4738 quia
1723 4670 2001 4739 pronomi-

412 4780 542 4821 num
562 4763 974 4821 declinationem
1006 4761 1226 4823 habent,
1258 4760 1310 4815 id
1339 4766 1444 4824 est,
1486 4776 1644 4826 unus,
1678 4759 1820 4815 ullus
1840 4801 1856 4826 ,
1885 4760 2002 4815 nul-

413 4854 521 4921 lus,
564 4852 730 4920 solus,
761 4861 923 4916 totus,
968 4850 1141 4915 alius,
1188 4848 1341 4914 alter,
1392 4858 1532 4907 uter.
1585 4860 1811 4905 neuter:
1864 4868 2001 4922 quos

416 4942 599 4999 multae
625 4941 874 5000 lectionis
895 4941 1035 4996 ratio
1056 4940 1308 4995 revincit.

487 5057 652 5129 282
678 5054 761 5111 An
799 5070 967 5119 naeus,
990 5061 1130 5118 tuus,
1155 5069 1303 5120 suus,
1333 5053 1552 5110 nomina
1581 5054 1809 5109 dicenda
1836 5065 1998 5121 sunt;

414 5150 544 5220 quia
571 5163 667 5221 per
696 5160 884 5203 omnes
913 5161 1074 5203 casus
1112 5146 1391 5201 nominum
1430 5156 1733 5215 sequuntur
1761 5146 2003 5201 declina-

413 5238 656 5295 tionem?
705 5236 979 5305 Quantum
1028 5234 1096 5290 ad
1146 5236 1409 5306 puerilem
1459 5245 1703 5292 nostram
1760 5238 2005 5309 disputa-

414 5332 615 5386 tionem
651 5329 922 5399 pertinere
971 5328 1145 5382 visum
1201 5335 1319 5391 est,
1355 5327 1421 5382 de
1472 5328 1795 5397 pronomine
1834 5327 2006 5385 babes

416 5419 761 5478 sufﬁcienter.
792 5418 899 5475 Sed
926 5426 1095 5475 totum
1123 5427 1173 5473 te
1208 5418 1441 5475 transfer
1475 5420 1545 5475 ad
1573 5421 1821 5476 verbum.

488 5513 587 5569 Fu.
623 5512 806 5568 Placet
838 5513 982 5581 quod
1034 5511 1228 5577 habeo,
1278 5512 1405 5567 licet
1454 5512 1578 5580 plus
1627 5511 2000 5583 indiguissem.

415 5604 666 5660 Attamen
727 5611 902 5659 totum
952 5615 1080 5668 me,
1119 5612 1182 5657 ut
1240 5602 1476 5668 suades,
1540 5600 1867 5658 transferam
1934 5603 2003 5658 ad

488 5773 512 5801 ε
542 5757 673 5814 Cod.
703 5742 806 5813 ius.
844 5774 856 5809 :
893 5774 910 5807 ι
938 5755 1140 5824 Quarta
1173 5756 1458 5813 declinatio
1484 5764 1570 5813 est
1598 5756 1655 5812 in
1681 5757 1890 5813 duobus
1911 5774 2003 5814 re-

416 5831 599 5902 liquis,
624 5843 744 5902 quae
773 5835 1074 5902 sequuntur
1109 5826 1546 5902 etdeclinantur,
1585 5828 1724 5902 sicut
1753 5843 2003 5902 commu-

416 5896 503 5957 nia
552 5896 769 5956 nomina
825 5896 999 5954 tertias
1044 5896 1453 5963 declinationis;
1502 5906 1597 5964 ut,
1655 5899 1739 5953 hic
1789 5907 1846 5954 et
1892 5898 2004 5954 lucc

821 5991 1100 6054 Parnm.
1147 5990 1247 6052 Cl.

2081 686 2153 696 ——
2175 654 2593 712 Ssx0.Faciam.

2683 744 2770 799 DE
2816 743 3062 800 VERBO.

2151 858 2252 915 Fu.
2282 859 2467 916 Primo
2507 860 2749 915 omnium
2787 858 2939 913 verbi
2981 856 3350 914 deﬁnitionem
3377 858 3466 916 dic
3504 859 3662 915 mihi.

2079 982 2155 994 —-
2180 949 2347 1007 Saxo.
2380 950 2552 1020 Magis
2579 950 2977 1020 interrogemus
3017 948 3374 1019 magistrum,
3432 963 3555 1021 quae
3595 948 3668 1004 sit

2080 1042 2235 1097 verbi
2266 1040 2510 1095 deﬁnitio
2542 1037 2851 1102 secundum,
2882 1035 3280 1107 philosophiam

2155 1130 2267 1186 Dis.
2302 1130 2385 1185 An
2421 1131 2606 1195 habet,
2662 1131 2939 1199 magister,
2979 1129 3131 1198 juxta
3182 1127 3534 1199 philosophia:
3584 1144 3666 1184 ra-

2084 1222 2285 1277 tionem
2329 1220 2444 1276 haec
2486 1228 2596 1274 tam
2644 1218 2959 1289 principalis
2986 1232 3113 1289 pars
3142 1217 3508 1273 definitionem
3540 1234 3669 1289 pro-

2080 1313 2280 1382 priam,
2313 1312 2475 1367 veluti
2511 1323 2708 1366 nomen
2744 1308 2988 1382 [habet]?
3014 1308 3152 1365 Mss.
3202 1307 3375 1364 Habet
3412 1309 3666 1366 subtilem

2083 1405 2453 1462 deﬁnitionem
2485 1413 2538 1458 et
2568 1401 2824 1467 nobilem,
2852 1409 2907 1458 et
2942 1409 3027 1456 est
3053 1399 3360 1469 hujusmodi
3390 1400 3666 1457 :Verbum

2084 1507 2168 1554 est
2195 1512 2299 1554 vox
2332 1497 2691 1569 signiﬁcativa
2720 1494 3016 1550 secundum
3055 1494 3334 1564 placitum,
3367 1509 3490 1549 cum
3534 1503 3669 1549 tem-

2084 1603 2237 1660 pore,
2261 1588 2542 1645 deﬁnitum
2566 1584 2768 1657 aliquid
2790 1584 3105 1657 signiﬁcans
3127 1591 3181 1640 et
3197 1583 3449 1640 accidens
3466 1582 3665 1657 [Edit.,

2086 1678 2396 1754 accedens].

2148 1771 2271 1826 Dis.
2298 1771 2542 1842 Expone,
2583 1777 2760 1841 pater,
2809 1768 2952 1823 hanc
2981 1766 3137 1824 nobis
3185 1765 3575 1824 deﬁnitionem.
3599 1794 3672 1807 —-

2088 1861 2228 1919 MAG.
2284 1861 2420 1916 Dum
2465 1860 2628 1927 dico,
2676 1859 2822 1930 lego,
2871 1868 3052 1914 actum
3101 1858 3345 1929 signiﬁco
3388 1856 3616 1929 legentis
3653 1873 3668 1912 :

2012 1926 2061 1988 Β
2086 1968 2248 2024 quem
2298 1960 2478 2007 actum
2518 1950 2622 2006 alia
2666 1926 2887 2006 Graecus
2936 1926 3207 2021 signiﬁcat
3239 1964 3403 2015 voce;
3443 1926 3501 2004 et
3550 1948 3671 2003 ideo

2084 2045 2314 2102 verbum
2350 2043 2638 2099 secundum
2682 2041 2936 2113 placitum
2971 2049 3057 2097 est
3102 2059 3114 2095 :
3146 2050 3448 2112 tempusque
3499 2048 3673 2095 attra-

2084 2136 2185 2193 hit.
2237 2133 2544 2206 Deﬁnitum,
2584 2132 2639 2188 id
2689 2140 2795 2199 est,
2845 2140 3054 2188 certum
3101 2129 3303 2202 aliquid
3356 2130 3666 2203 signiﬁcat:

2085 2238 2135 2284 et
2178 2227 2451 2292 accidens;
2500 2224 2697 2281 accidit
2742 2224 2890 2279 enim
2916 2222 3061 2279 actio
3097 2223 3180 2277 vel
3222 2222 3404 2293 passio
3437 2220 3666 2278 homini.

2088 2320 2194 2377 Sed
2218 2327 2455 2377 vestram
2472 2336 2567 2376 vos
2591 2320 2790 2375 intrate
2805 2319 3253 2390 disputationem;
3285 2319 3403 2375 haec
3428 2318 3585 2375 alias.
3600 2346 3667 2358 ——

2085 2413 2200 2469 Dis.
2228 2414 2350 2469 Fiat
2366 2420 2425 2468 ut
2443 2411 2626 2481 jubes.

2158 2507 2257 2563 Fu.
2292 2506 2500 2572 Profer,
2553 2504 2732 2572 Saxo,
2776 2504 3170 2576 proprietatem
3209 2504 3381 2560 verbi.
3409 2534 3477 2545 -—
3501 2501 3667 2560 Saxo.

2087 2600 2329 2663 Verbum
2392 2607 2475 2653 est
2524 2613 2652 2670 pars
2704 2597 2970 2655 orationis
3034 2612 3157 2652 cum
3224 2595 3557 2667 temporibus
3617 2603 3675 2650 et

2088 2690 2293 2756 modis,
2343 2688 2459 2745 sine
2504 2703 2674 2755 casu,
2730 2686 2922 2759 agendi
2972 2688 3056 2743 vel
3111 2687 3351 2759 patiendi
3398 2686 3672 2759 signiﬁca-

2076 2780 2280 2836 tivum.

2160 2870 2260 2926 Fu.
2300 2870 2357 2926 Si
2400 2871 2567 2927 verba
2615 2878 2799 2928 actum
2844 2870 2930 2926 vel
2971 2868 3277 2941 passionem
3318 2869 3626 2943 signiﬁcant
3650 2912 3667 2937 ,

2089 2962 2233 3017 unde
2279 2961 2533 3017 dicuntur
2586 2961 2825 3016 neutra?
2858 2992 2931 3003 ——
2984 2960 3147 3016 Saxo.
3191 2958 3309 3017 Non
3361 2961 3482 3017 ideo
3530 2963 3677 3033 quod

2090 3059 2272 3107 actum
2320 3051 2406 3106 vel
2460 3052 2767 3120 passionem
2820 3049 2975 3123 [non]
3021 3050 3331 3120 signiﬁcent
3379 3048 3577 3124 [Edit.,
3607 3069 3678 3109 ne

2090 3141 2462 3216 signiﬁcent],
2505 3143 2602 3199 sed
2650 3144 2771 3198 ideo
2825 3142 2949 3213 quia
3002 3158 3168 3199 unum
3224 3143 3416 3198 horum
3467 3142 3676 3215 signiﬁ-

2093 3242 2238 3289 cant.
2279 3232 2416 3290 Nam
2437 3234 2611 3289 activa
2636 3234 2690 3290 in
2716 3243 2904 3291 nostro
2944 3242 3070 3291 actu
3114 3233 3340 3291 alterius
3367 3237 3676 3307 passionem

2092 3323 2434 3396 signiﬁcant,
2492 3322 2679 3397 [sicut
2720 3334 2778 3379 et
2824 3326 3040 3397 passiva
3095 3325 3147 3381 in
3203 3335 3386 3381 nostra
3425 3328 3679 3398 passione

2091 3422 2275 3470 actum
2304 3414 2530 3470 alterius
2555 3414 2906 3489 signiﬁcant].
2936 3415 3070 3472 Nam
3096 3415 3226 3473 dum
3264 3418 3385 3474 dico
3416 3434 3430 3473 :
3457 3436 3580 3475 amo
3606 3431 3677 3486 te,

2091 3503 2320 3576 patiaris
2365 3503 2519 3577 [Ms.,
2575 3504 2802 3578 pateris]
2834 3515 3015 3562 actum
3046 3522 3251 3575 meum,
3293 3508 3348 3563 id
3395 3516 3503 3577 est,
3534 3511 3682 3581 quod

2093 3610 2219 3649 amo
2247 3603 2316 3651 te.
2350 3594 2417 3650 Et
2438 3595 2564 3650 dum
2601 3595 2722 3651 dico
2757 3614 2767 3649 :
2799 3612 2949 3651 amor
2975 3614 3008 3652 a
3035 3607 3083 3651 te
3107 3639 3122 3663 ,
3163 3598 3341 3667 patior
3367 3614 3466 3672 ego
3496 3611 3680 3659 actum

2095 3698 2268 3754 tuum,
2298 3688 2351 3743 id
2378 3698 2479 3753 est,
2503 3690 2646 3759 quod
2673 3698 2730 3744 tu
2773 3704 2923 3745 amas
2949 3705 3055 3745 me.
3084 3689 3285 3746 Neutra
3315 3706 3444 3747 vero
3470 3694 3681 3751 unifor—

2094 3782 2257 3838 miter
2300 3780 2628 3852 signiﬁcant,
2671 3782 2754 3836 vel
2805 3792 3092 3853 agentem;
3127 3792 3188 3838 ut
3235 3784 3467 3852 ambulo,
3500 3803 3682 3850 carro,

2094 3878 2359 3947 prandeo;
2393 3876 2476 3932 vel
2522 3876 2851 3949 patientem,
2894 3887 2955 3934 ut
2996 3879 3194 3945 ardeo,
3247 3897 3422 3943 aeneo,
3471 3880 3682 3953 rapula.

2098 3968 2206 4025 Sed
2225 3978 2281 4025 et
2308 3969 2523 4025 casibus
2560 3987 2667 4027 non
2694 3979 2877 4040 egent,
2906 3972 3104 4044 quibus
3141 3973 3317 4029 activa
3346 3972 3431 4027 vel
3462 3973 3677 4042 passiva

2096 4069 2278 4134 egent.
2323 4061 2458 4117 Nam
2505 4063 2683 4117 activa
2728 4065 3040 4120 accusativo
3087 4068 3238 4122 casui
3273 4065 3595 4136 junguntur,
3623 4076 3687 4121 ut

2097 4170 2219 4208 amo
2242 4163 2324 4220 te;
2352 4167 2494 4224 serpe
2521 4163 2578 4209 et
2601 4155 2863 4226 genitivo,
2886 4165 2945 4211 ut
2970 4173 3167 4214 memor
3203 4175 3321 4213 sunt
3359 4161 3473 4224 tui;
3504 4167 3560 4215 et
3590 4160 3685 4216 da-

2098 4244 2234 4310 tivo,
2282 4253 2341 4299 ut
2388 4245 2506 4300 dico
2557 4246 2669 4300 tibi.
2719 4246 2944 4304 Passiva
2998 4249 3234 4306 ablativo
3277 4249 3603 4324 junguntur,
3628 4263 3690 4308 ut

2098 4351 2250 4390 amor
2278 4354 2310 4390 a
2349 4346 2417 4391 te.
2453 4336 2657 4395 Neutra
2682 4341 2931 4396 absoluta
2961 4350 3089 4397 sunt
3129 4352 3185 4397 et
3215 4358 3314 4413 per
3340 4359 3399 4398 se
3423 4341 3687 4416 [plenum]

2099 4438 2318 4480 sensum
2347 4426 2672 4496 signiﬁcant,
2696 4437 2755 4485 ut
2781 4431 2914 4495 vivo,
2935 4431 3098 4500 spiro,
3126 4448 3302 4503 pergo.

2172 4513 2272 4568 Fn.
2319 4516 2493 4571 Verbo
2540 4526 2670 4587 quot
2712 4518 2998 4575 accidunt?
3033 4550 3104 4562 -—-
3132 4519 3297 4578 Saxo.
3332 4520 3570 4595 Septem.
3604 4525 3691 4581 Si-

2030 4606 2399 4700 Dgniﬁcatio,
2448 4625 2567 4678 quae
2612 4618 2666 4664 et
2701 4625 2873 4679 genus
2918 4613 3134 4675 dicitur.
3190 4622 3425 4687 tempus,
3471 4616 3682 4682 modus,

2104 4698 2335 4770 species,
2366 4696 2559 4767 ﬁgura,
2582 4715 2840 4769 persona,
2868 4717 3150 4759 numerus.

2178 4786 2515 4856 Signiﬁcatio
2554 4789 2843 4845 verborum
2886 4792 3105 4861 proprie
3142 4791 3196 4845 in
3248 4794 3461 4850 actione
3498 4792 3585 4850 vel
3634 4794 3689 4851 in

2103 4880 2356 4950 passione
2384 4888 2488 4946 est,
2528 4896 2649 4950 qua:
2679 4881 2975 4938 secundum
3008 4884 3311 4955 analogiam
3335 4885 3547 4942 duabus
3576 4897 3688 4942 ter—

2106 4972 2384 5026 minantur
2413 4972 2628 5037 litteris,
2659 4989 2689 5026 o
2718 4980 2773 5029 et
2800 4991 2845 5028 r.
2873 4974 2930 5029 In
2960 4992 2991 5029 ο
3013 4976 3192 5031 activa
3221 4984 3275 5031 et
3311 4977 3596 5033 neutralia.
3629 4977 3687 5033 ln

2107 5077 2135 5114 r
2157 5060 2391 5133 passiva,
2421 5063 2746 5134 deponentia
2775 5071 2832 5120 et
2850 5066 3180 5121 communia.
3220 5065 3288 5121 Et
3314 5066 3429 5122 haec
3450 5075 3577 5122 sunt
3599 5082 3692 5141 ge-

2105 5171 2235 5210 nera
2262 5156 2551 5212 verborum
2578 5157 2837 5228 quinque.

2174 5249 2364 5304 Activa
2420 5258 2566 5316 sunt,
2597 5265 2719 5320 qua:
2765 5266 2980 5321 semper
3027 5260 3209 5308 actum
3238 5250 3567 5323 signiﬁcant,
3607 5261 3689 5317 ut,

2105 5357 2225 5395 amo
2253 5350 2321 5395 te.
2355 5338 2600 5412 [Passiva
2653 5349 2799 5407 sunt,
2836 5357 2958 5412 quae
3006 5356 3221 5412 semper
3264 5342 3572 5412 passionem
3625 5343 3695 5398 si-

2106 5430 2383 5501 gniﬁcant,
2412 5439 2494 5495 ut,
2523 5447 2675 5487 amor
2696 5449 2726 5486 a
2757 5430 2831 5504 te]
2865 5450 2880 5485 :
2910 5439 3093 5487 tamen
3126 5432 3172 5487 si
3212 5432 3339 5504 quis
3374 5432 3537 5488 altius
3563 5448 3694 5490 eon-

2109 5523 2314 5577 siilerct
2342 5529 2397 5577 et
2421 5522 2476 5577 in
2509 5523 2703 5578 activis
2723 5522 2906 5578 verbis
2936 5522 3268 5593 passionem,
3292 5531 3347 5577 et
3369 5524 3422 5578 in
3463 5524 3697 5593 passivis

2111 5613 2402 5679 actionem,
2448 5614 2591 5669 sicut
2631 5627 2793 5683 supra
2842 5612 3117 5676 diximus,
3172 5614 3432 5669 inveniet.
3490 5612 3692 5669 Neutra

2112 5776 2350 5835 nostras,
2389 5775 2446 5825 et
2468 5768 2565 5823 hoc
2604 5777 2865 5836 nostrate,
2910 5769 3176 5824 nostratis.
3212 5766 3474 5826 Similiter
3515 5775 3572 5823 et
3616 5784 3699 5823 υοο

2111 5850 2270 5894 stras.

3231 5998 3310 6059 '28
