4106 6470
569 358 636 414 ’ῖῦ
1381 356 1442 412 Β.
1483 355 1545 411 F.
1588 350 1817 410 ALBINI
1861 349 1995 408 SEL'
2033 346 2317 406 ALCI’INI
2354 345 2643 403 (ii‘l-IRL'M
2683 344 2862 400 PARS
2904 343 3010 399 VII.

551 478 891 542 unitormiter
942 483 1155 545 semper
1184 469 1560 543 proferuntur,
1594 466 1646 521 id
1689 471 1796 530 est,
1835 473 1927 519 aut
1958 471 2140 518 actum
2171 463 2221 522 Α
2247 459 2469 514 teritum
2496 469 2552 514 et
2581 458 2844 512 futurum.
2875 454 3135 524 Quamvis
3163 454 3343 526 itaque
3368 467 3609 526 prmsens
3634 461 3855 526 tempus

550 578 747 635 solum.
781 581 877 628 aut
904 568 1214 640 passionem
1244 563 1421 619 solum
1448 561 1783 632 signiﬁcant.
1820 558 2034 624 Actum,
2067 563 2145 623 ut,

553 667 837 732 manduco,
863 676 1018 717 curro
1057 657 1209 731 [Ms.,
1253 654 1492 728 antbulo]
1521 672 1534 707 :
1564 653 1898 722 passionem,
1951 659 2027 710 ut.
2061 667 2150 704 va-

549 757 674 831 pulo
699 764 834 820 ate,
877 752 1056 827 [aeneo
1088 767 1121 804 α
1164 747 1257 822 te].
1317 746 1456 803 Sunt
1501 759 1718 815 quoque
1753 741 2021 797 neutralia
2075 741 2152 795 in-

2252 550 2491 606 instabili
2529 559 2682 606 motu
2717 548 3045 605 naturaliter
3081 546 3397 601 exsolvatur
3435 545 3585 619 [Ms.
3607 589 3621 606 ,
3656 545 3856 603 volva-

2253 643 2408 717 tur],
2437 653 2490 700 ct
2513 659 2642 714 pars
2667 642 2785 712 ejus
2809 641 2923 714 jam
2949 643 3268 714 prmtercat,
3298 656 3536 712 parsque
3565 651 3790 711 sequam
3804 660 3855 709 r,

2255 747 2435 793 tamen
2467 737 2537 792 ad
2574 735 2975 790 ordinationem
3012 731 3204 806 [Edit.
3224 773 3238 796 ,
3265 733 3608 788 ornationem
3634 735 3649 803 ι
3679 732 3861 787 diver-

553 823 822 906 trinsecus
856 823 911 900 in
955 841 1150 912 seipsis
1175 837 1432 895 habentia
1481 836 1793 907 passionem
1815 873 1830 898 ,
1859 840 2050 890 etnon
2081 831 2150 885 ab
2251 845 2440 885 surum
2475 836 2751 898 gestorum
2793 836 3037 897 tempora
3067 823 3382 880 dividimus.

470 971 474 974 -
551 943 659 1000 alio
711 940 1074 1001 extrinseeus,
1123 943 1204 1001 ut,
1254 932 1436 995 rubea,
1469 929 1662 1000 ferveo,
1713 925 1882 990 caleo,
1933 932 2150 995 a’groto,

553 1049 671 1094 rue.
697 1031 1026 1104 Depoueutia
1052 1035 1268 1099 quoque
1305 1027 1474 1080 ‘unaiu
1503 1035 1722 1092 semper
1750 1020 1952 1075 habent
1977 1017 2152 1088 signi-

555 1129 884 1191 ﬁcatidnem,
917 1132 1012 1180 aut
1035 1123 1292 1185 activam,
1326 1127 1411 1182 ut,
1441 1123 1631 1189 sequor
1663 1124 1732 1181 te,
1756 1110 2036 1185 prmtolor
2056 1119 2104 1165 te
2133 1126 2153 1164 :

553 1225 640 1280 vel
666 1221 782 1278 sine
809 1215 1112 1288 adiectione
1135 1218 1410 1278 casus,ut,
1439 1208 1630 1274 luctor,
1660 1209 1852 1280 loquor
1869 1219 1888 1258 :
1915 1213 2009 1261 aut
2026 1218 2155 1276 pas-

553 1316 763 1378 sivam,
794 1317 854 1365 ut
880 1351 894 1375 ,
944 1323 1134 1363 nascor
1163 1323 1195 1360 a
1227 1313 1275 1358 te
1297 1345 1312 1368 ,
1361 1303 1538 1373 patior
1566 1317 1600 1354 α
1649 1309 1719 1365 te,
1763 1315 1968 1353 mereor
2002 1316 2035 1351 a
2082 1307 2150 1351 te.

558 1402 880 1462 Communia
923 1400 1056 1456 duas
1083 1397 1284 1453 habent
1324 1395 1378 1448 in
1410 1406 1514 1447 una
1545 1405 1680 1446 voce
1725 1388 2156 1459 signiﬁcationes

559 1497 771 1573 agentis
797 1503 852 1550 et
877 1490 1155 1566 patientis,
1184 1494 1262 1552 ut,
1295 1483 1506 1540 osculor
1526 1493 1598 1550 te,
1631 1481 1842 1536 osculor
1888 1498 1923 1535 a
1950 1490 2018 1536 te.

629 1588 729 1645 Fu.
756 1587 900 1656 Quot
927 1583 1105 1639 modis
1131 1578 1475 1636 declinantur
1503 1575 1688 1629 verba.
1710 1603 1782 1614 —-
1815 1572 1981 1626 Saxo.
2011 1570 2158 1626 Duo-

563 1682 666 1736 bus
716 1677 912 1734 modis.
957 1672 1094 1728 Nam
1125 1677 1317 1726 neutra
1369 1667 1695 1729 activorum,
1747 1663 2072 1731 deponentia
2103 1671 2160 1717 et

564 1771 874 1830 communia
899 1766 1237 1840 passivoruln
1261 1761 1502 1832 regulam
1533 1759 1585 1814 in
1604 1757 1964 1814 declinatione
1987 1756 2158 1811 maxi-

2327 920 2428 976 Fn.
2468 919 2608 975 Num
2639 919 2692 974 iu
2725 919 2981 975 omnibus
3009 919 3186 974 modis
3214 919 3396 973 omnia
3429 925 3669 987 tempora
3705 917 3865 972 i2.ve-

2254 1016 2526 1072 niuntur?
2557 1046 2630 1055 ——-
2669 1013 2834 1069 Suo.
2891 1011 3264 1085 Nequaquam.
3313 1011 3449 1066 Nam
3502 1011 3867 1082 imperativus

2255 1106 2492 1164 naturali
2525 1106 2853 1162 necessitate
2881 1120 2989 1160 non
3023 1103 3186 1160 habet
3211 1105 3572 1174 prmteritum.
3622 1104 3760 1172 Quia
3792 1119 3867 1158 ea

2258 1199 2373 1254 sola
2405 1198 2738 1270 imperamus
2767 1211 2888 1265 qua:
2921 1196 2973 1251 in
3003 1196 3261 1266 prmsenti
3295 1203 3420 1250 sunt
3448 1195 3531 1250 vel
3564 1196 3617 1251 in
3648 1196 3864 1253 futuro.

2259 1291 2526 1347 Caeterum
2553 1289 2882 1345 indicativus
2907 1297 2964 1343 et
2988 1286 3368 1359 subjunctivus
3393 1303 3489 1358 per
3511 1289 3693 1343 omnia
3724 1299 3869 1345 tein-

2261 1399 2394 1456 pora
2423 1391 2672 1439 currunt.
2707 1380 2994 1450 Optativus
3031 1387 3249 1451 qvoqve
3275 1389 3333 1435 et
3357 1379 3686 1448 inﬁnitivus,
3736 1381 3872 1437 licet

2261 1474 2485 1531 confusa
2531 1489 2700 1541 voce,
2749 1475 2805 1530 in
2858 1475 3184 1544 quihusdam
3216 1483 3396 1531 tamen
3424 1475 3606 1530 omnia
3657 1477 3871 1533 habent

2264 1577 2503 1641 tempora
2523 1611 2538 1636 ,
2573 1579 2631 1624 ut
2659 1568 2864 1622 utinam
2896 1567 3117 1639 legerem
3150 1579 3290 1623 nunc
3314 1578 3361 1623 et
3391 1569 3505 1623 lteri
3529 1586 3548 1634 ;
3577 1577 3630 1623 ct
3657 1569 3870 1624 utinam

2263 1661 2502 1734 legissem
2534 1672 2671 1726 ante,
2705 1668 2845 1722 ante,
2877 1668 2931 1714 et
2956 1667 3078 1713 ante
3107 1659 3490 1730 quinquaginta
3517 1676 3703 1714 annos.
3732 1659 3870 1716 Item

2264 1754 2432 1826 legere
2475 1768 2556 1807 me
2595 1750 2712 1807 volo
2754 1759 2810 1805 et
2851 1749 3126 1806 volebam:
3173 1759 3230 1806 et
3272 1750 3460 1822 legisse
3505 1768 3586 1806 me
3633 1751 3775 1807 volui
3810 1762 3870 1808 et

564 1873 654 1920 me
695 1815 1015 1934 sequunllur.
1058 1856 1199 1914 Sunt
1227 1860 1491 1926 prtem-ea
1541 1859 1735 1906 neutra
1773 1850 2012 1915 passiva,
2042 1863 2163 1918 qua:
2194 1815 2239 1888 Β
2269 1847 2556 1902 volueram.

567 1961 624 2015 in
660 1956 938 2030 prmerito
985 1951 1229 2023 perfecto
1285 1957 1340 2002 ct
1389 1943 1923 2018 plusquamperfecto
1961 1942 2162 2012 passivi

568 2049 987 2109 declinationem
1004 2043 1223 2101 habent.
1243 2039 1312 2096 Et
1339 2048 1466 2095 sunt
1495 2037 1612 2094 haec
1651 2035 1763 2092 sola
1789 2053 1800 2090 :
1830 2034 2038 2099 Amico,
2067 2049 2167 2086 tnt-

567 2158 660 2197 sus
698 2153 838 2196 sum.
867 2135 1132 2211 [Gnttdeo,
1158 2133 1368 2206 gavisus
1408 2148 1546 2186 sum.
1573 2127 1750 2196 Soleo,
1774 2127 1961 2182 solitus
1999 2121 2160 2196 sunt].

572 2233 735 2300 Fida,
767 2232 898 2302 ﬁs‘us
927 2246 1065 2284 sum.
1099 2225 1144 2280 F
1147 2228 1221 2292 io,
1253 2225 1426 2295 fartus
1468 2239 1583 2278 sunt
1615 2234 1633 2275 :
1670 2228 1726 2276 et
1755 2221 1799 2275 si
1831 2235 1938 2289 qua
1975 2232 2042 2273 ex
2079 2217 2168 2271 his

570 2333 989 2399 componuntur.
1033 2320 1174 2376 Sunt
1207 2318 1311 2372 alia
1356 2316 1573 2388 passivo
1613 2321 1812 2370 neutra
1865 2309 2167 2383 superiori-

569 2421 674 2476 bus
695 2414 971 2474 centuria
1006 2431 1020 2470 :
1053 2409 1390 2483 Compereo'r,
1421 2413 1643 2470 mereor,
1668 2406 1935 2472 divertor;
1960 2402 2168 2458 faciunt

570 2513 726 2570 enim
743 2508 1104 2584 praeteritum,
1134 2502 1405 2573 compeﬁi,
1439 2499 1628 2564 merui,
1659 2498 1864 2552 diverti.

645 2601 810 2676 283
846 2599 948 2656 F'u.
990 2595 1246 2666 Nunquid
1282 2600 1464 2647 certas
1499 2592 1708 2648 habent
1752 2604 1969 2660 semper
2003 2587 2168 2644 verba

576 2688 1052 2769 significationes?
1079 2717 1150 2728 —
1183 2684 1352 2741 Suo.
1391 2681 1745 2753 Nequaquam
1791 2689 2006 2752 semper
2050 2695 2170 2735 cer-

578 2797 686 2842 tas.
732 2781 842 2839 Sed
887 2780 992 2835 alia
1023 2784 1152 2833 sunt
1193 2791 1315 2848 quae
1355 2787 1466 2830 una
1503 2781 1638 2828 Voce
1665 2773 1753 2829 vel
1793 2772 2171 2850 coniugatione

579 2876 827 2933 diversas
856 2872 1063 2928 habent
1093 2865 1522 2938 signiﬁcationes
1541 2906 1557 2930 ,
1586 2871 1648 2919 ut
1676 2863 1790 2918 colo
1810 2905 1824 2930 ,
1855 2878 1954 2934 pro
1984 2862 2169 2933 diligo,

578 2978 637 3028 et
669 2967 847 3026 habito
868 3008 883 3032 ,
915 2974 971 3019 et
1010 2979 1106 3018 aro
1139 2961 1426 3032 accipitur.
1465 2959 1774 3023 Committe,
1807 2971 1904 3029 pro
1933 2957 2087 3010 credo
2117 2965 2174 3011 et

579 3058 906 3125 commendo.
937 3053 1140 3117 Cantia,
1169 3068 1270 3125 pro
1307 3051 1513 3120 (ediﬁce
1542 3059 1599 3104 et
1625 3047 1754 3103 celo.
1783 3048 2036 3104 Gratulor
2071 3061 2171 3118 pro

580 3151 784 3214 madeo
822 3158 879 3207 et
903 3149 1106 3221 gratias
1150 3163 1249 3217 ago
1275 3146 1522 3217 ponitur.
1559 3142 1705 3197 Strat
1744 3141 1846 3197 alia
1876 3145 2002 3210 Qua:
2043 3157 2166 3195 cum

578 3243 959 3318 coniugatione
979 3248 1191 3297 mutant
1210 3238 1686 3309 signiﬁcatibnem.
1704 3233 1834 3290 Hmc
1855 3236 1908 3289 in
1929 3236 2166 3290 secunda

581 3348 815 3410 persona
855 3334 1186 3391 discernitur
1219 3351 1232 3384 :
1269 3339 1329 3387 ut
1366 3332 1592 3394 vitando,
1626 3327 1888 3392 mandas,
1938 3343 1970 3382 a
2014 3336 2170 3380 nian-

581 3429 798 3496 dando;
831 3427 1058 3492 mando,
1088 3425 1337 3490 mundis,
1391 3438 1421 3478 a
1468 3418 1728 3477 Mandata
1753 3462 1766 3485 ,
1809 3412 1982 3494 [ilis.,
2022 3431 2173 3472 man-

577 3519 834 3596 dendo];
869 3519 1060 3591 fundo,
1092 3517 1308 3588 fundas,
1345 3528 1378 3570 a
1413 3514 1713 3585 fundanda;
1746 3513 1934 3584 fundo,
1967 3512 2170 3583 fundis,

581 3632 612 3672 a
643 3612 958 3686 fundendo;
988 3608 1126 3675 volo,
1156 3608 1322 3674 volas,
1353 3621 1382 3662 a
1415 3606 1680 3673 volando;
1713 3606 1852 3671 volo,
1885 3607 1990 3672 vis,
2025 3621 2052 3659 a
2087 3621 2174 3658 vo-

577 3709 782 3765 luntate
809 3705 972 3781 [δίε.9
999 3703 1278 3777 valendo].
1310 3703 1460 3766 Sero,
1494 3718 1661 3768 seras,
1688 3701 1856 3755 εἰη·ηυὶ
1882 3717 1900 3765 ;
1926 3715 2063 3766 sero,
2093 3714 2174 3753 se-

582 3804 689 3868 ris,
715 3801 822 3858 sevi
848 3817 866 3866 ;
896 3798 1011 3870 lego
1032 3839 1047 3863 ,
1080 3795 1222 3867 legas
1251 3813 1270 3860 ;
1301 3803 1360 3850 et
1393 3797 1504 3866 lego
1527 3836 1541 3859 ,
1573 3793 1702 3864 legis
1728 3812 1745 3858 ;
1781 3793 1908 3846 'dico
1931 3835 1944 3858 ,
1974 3791 2132 3846 diras
2154 3832 2170 3857 ,

581 3893 766 3952 brevis
795 3891 883 3958 di;
915 3890 1056 3956 dico,
1085 3889 1243 3954 dicis,
1277 3887 1434 3958 longa
1466 3885 1555 3950 di;
1584 3884 1789 3958 appello
1818 3892 1875 3939 et
1899 3881 2168 3954 compello,

585 3984 869 4058 compellat
895 4024 910 4048 ,
935 3982 988 4037 id
1011 3990 1129 4047 est.
1161 3981 1341 4036 clamo
1359 4022 1374 4044 ,
1398 3979 1641 4034 acclamo
1667 3996 1681 4044 ;
1721 3975 1925 4048 appello
1944 4017 1960 4042 ,
1996 3975 2174 4047 appel-

584 4077 679 4143 lis,
715 4075 768 4132 id
796 4082 914 4140 est,
946 4073 1187 4145 a‘pplico;
1221 4070 1411 4143 repello
1433 4111 1448 4136 ,
1478 4069 1751 4143 compello,
1785 4069 1839 4124 id
1868 4077 1984 4134 est,
2017 4081 2172 4139 cogo.

580 4169 736 4236 Haec,
762 4166 974 4223 France
991 4206 1006 4232 ,
1027 4167 1099 4222 ’de
1120 4165 1272 4221 varia
1295 4165 1584 4219 verborum
1611 4159 2009 4233 significatione
2026 4158 2175 4216 dicta

586 4259 858 4319 stilliciant
883 4273 899 4323 ;
931 4266 1076 4312 nunc
1101 4255 1169 4310 ad
1196 4262 1440 4326 tempora
1466 4267 1631 4308 curro
1660 4251 1680 4326 [
1705 4249 1808 4308 Ms.
1829 4293 1843 4318 ,
1875 4250 2101 4324 curre].

659 4349 760 4406 Ἐκ.
799 4348 939 4403 Fiat.
979 4345 1166 4402 Primo
1201 4345 1289 4399 die
1328 4345 1459 4400 mihi
1480 4389 1495 4412 ,
1528 4343 1671 4399 unde
1703 4344 1910 4400 dictum
1942 4344 2014 4399 sit
2041 4352 2176 4399 tem-

583 4443 732 4518 pus?
766 4471 837 4482 —
870 4439 1038 4495 Suo.
1073 4438 1119 4494 A
1157 4445 1607 4508 temperamento.
1641 4435 1781 4504 Quia
1813 4436 1996 4492 omnia
2029 4450 2178 4493 mor-

589 4534 719 4591 talia
753 4541 962 4602 tempus
989 4529 1210 4586 habent.

659 4626 759 4685 Fu.
799 4623 1068 4694 Tempora
1100 4629 1236 4692 quot
1268 4621 1437 4677 sunt?
1471 4650 1546 4663 —
1574 4618 1745 4677 Saxo.
1800 4614 1926 4676 Tria
1979 4633 2175 4678 secun-

589 4723 723 4779 dum
776 4722 1024 4774 naturam
1057 4733 1069 4769 :
1108 4714 1452 4786 priet-eritum
1479 4754 1494 4782 ,
1528 4720 1590 4768 ut
1625 4711 1726 4784 tegi
1745 4730 1763 4778 ;
1803 4725 2079 4782 praesens,
2121 4721 2184 4768 ut

587 4816 746 4888 lego;
783 4820 840 4867 et
875 4809 1149 4875 futurum,
1181 4817 1243 4864 ut
1269 4808 1459 4880 legum.
1492 4805 1736 4876 Quadam
1776 4815 1956 4862 tamen
1992 4817 2182 4863 neces-

593 4907 753 4963 sitate
789 4903 1128 4975 praeteritum
1172 4905 1387 4973 tempus
1429 4899 1486 4954 in
1520 4908 1636 4956 tre's
1677 4899 1940 4954 dividitur
1977 4899 2182 4954 distan-

595 5000 739 5063 tias;
775 4996 902 5066 quia
943 4994 1191 5064 qutedam
1240 5000 1367 5047 sunt
1394 5004 1517 5062 qua:
1561 4990 1733 5046 multo
1780 5001 1907 5046 ante
1951 4991 2183 5048 dicimus

592 5095 866 5147 transacta
895 5127 910 5152 ,
971 5093 1032 5138 ut
1086 5083 1334 5156 legeram.
1388 5079 1695 5152 Aliquando
1743 5084 2002 5153 quaedam
2062 5088 2183 5154 qum

587 5178 747 5254 paulo
776 5184 932 5240 ante,
963 5184 1026 5230 ut
1049 5173 1152 5246 (egi
1179 5175 1312 5228 lteri.
1342 5171 1604 5241 Quasdam
1635 5175 1885 5230 inchoata
1914 5175 1933 5247 ι
1960 5174 2068 5241 AL,
2102 5175 2183 5230 in-

590 5273 887 5346 choativa]
913 5281 1079 5338 sunt,
1108 5270 1205 5326 sed
1238 5269 1480 5326 nondum
1520 5269 1791 5340 perfecta,
1825 5279 1892 5324 ‘ut
1927 5269 2177 5342 legebam.

589 5370 658 5425 Et
692 5369 814 5424 ideo
837 5366 1078 5436 quinque
1105 5374 1348 5433 tempora
1377 5359 1860 5416 annumerablmus
1890 5362 1945 5416 in
1977 5362 2177 5418 verbis.

662 5455 763 5514 Fu.
800 5455 959 5524 Quod
1007 5457 1202 5510 horum
1245 5461 1464 5523 tempus
1515 5447 1689 5525 [Hs.,
1718 5455 2068 5528 temporum]
2121 5455 2177 5511 in

591 5547 776 5608 verbis
821 5543 1175 5619 principalem
1227 5545 1370 5599 inter
1417 5555 1615 5599 cz‘ctera
1666 5553 1812 5601 tenet
1851 5545 2074 5601 locum?
2110 5578 2178 5588 —-

593 5644 759 5704 Suo.
793 5641 1071 5705 Praesens,
1103 5639 1230 5708 quia
1264 5639 1317 5692 in
1350 5637 1465 5706 ipso
1496 5654 1713 5702 smnus,
1746 5639 1872 5694 dum
1907 5639 2178 5708 loquimur

594 5740 661 5795 de
689 5736 967 5807 praeterito
993 5741 1048 5789 et
1077 5731 1278 5787 futuro.
1306 5730 1374 5786 Et
1402 5748 1430 5785 a
1460 5732 1714 5801 praesenti
1741 5734 2011 5788 ducuntur
2038 5750 2179 5806 prae-

669 5868 694 5896 ι
731 5851 1151 5924 solmcophanes
1181 5846 1502 5918 indulgentia
1534 5848 1715 5903 saeculi
1745 5847 1839 5904 illi.
1871 5847 2098 5908 BASNAG.

2339 1939 2439 1995 Fu.
2475 1939 2560 1994 An
2613 1940 2668 1995 in
2707 1941 2962 1996 omnibus
2997 1941 3180 1999 verbis
3217 1943 3336 1998 haec
3367 1942 3620 2014 quinaria
3660 1950 3864 2015 tempo-

2271 2046 2392 2091 rum
2445 2034 2641 2091 divisio
2688 2035 3008 2091 invenitur?
3049 2057 3122 2077 -—
3173 2034 3339 2093 Saxo.
3381 2038 3518 2092 Non.
3557 2034 3695 2106 Quia
3738 2047 3862 2094 sunt

2269 2129 2434 2184 verba
2469 2136 2591 2198 qlia:
2623 2128 2893 2183 rationem
2935 2135 3240 2200 temporum
3267 2145 3378 2186 non
3416 2138 3666 2196 servant,
3696 2139 3759 2186 ut
3783 2131 3865 2186 in-

2270 2230 2523 2285 choativa
2552 2229 2720 2284 verba
2761 2229 2814 2284 in
2851 2229 3002 2284 omni
3041 2228 3322 2299 praiterito
3351 2226 3595 2298 perfecto
3624 2233 3684 2282 et
3709 2224 3867 2296 plus-

2269 2323 2681 2396 quamperfecto
2726 2321 3010 2379 deﬁciunt.
3053 2323 3186 2379 Item
3225 2321 3409 2377 omnia
3447 2318 3872 2392 impersonalia,

2269 2431 2390 2488 qua:
2428 2432 2458 2472 a
2499 2431 2559 2471 se
2592 2423 2920 2480 nascunttIr,
2960 2415 3015 2470 in
3054 2414 3234 2469 ﬁtturo
3274 2413 3525 2469 inﬁnitivi
3572 2411 3872 2475 deﬁciunt,

2271 2518 2331 2564 ut
2352 2511 2618 2575 panitet-tt,
2643 2511 2980 2580 pamituisse;
3007 2517 3063 2563 et
3086 2507 3345 2579 pleraque
3375 2505 3568 2561 neutra
3600 2506 3651 2560 in
3683 2505 3874 2561 futuro

2271 2600 2522 2657 inﬁnitivi
2568 2601 2862 2667 deﬁeiu'ut,
2909 2611 2971 2654 nt
3011 2601 3236 2665 horreo,
3285 2601 3535 2665 horrere,
3581 2598 3874 2653 horruisse.

2270 2693 2408 2748 Nam
2439 2695 2689 2764 paenitum
2724 2694 2802 2747 ire
2841 2709 2946 2748 non
2985 2693 3216 2749 dicimus
3239 2733 3253 2756 ,
3292 2702 3400 2746 etc.

2342 2781 2484 2838 Sunt
2521 2794 2738 2853 quoque
2773 2782 2937 2837 Verba
2976 2793 3097 2854 quae
3135 2781 3470 2852 printeritum
3511 2789 3724 2850 tempus
3760 2795 3873 2837 non

2272 2877 2504 2942 hahent,
2536 2877 2640 2932 nisi
2670 2888 2737 2932 ex
2765 2877 2887 2932 aliis
2915 2885 3205 2932 sumantur
3235 2874 3404 2948 [Ms.,
3431 2874 3717 2948 sumatur]
3749 2890 3879 2930 vcr-

2273 2971 2357 3027 liis
2375 3013 2388 3028 .
2421 2979 2480 3024 ut
2513 2973 2750 3043 percutio
2772 3013 2786 3037 ,
2813 2971 3053 3043 percussi
3076 2985 3094 3023 :
3125 2969 3263 3024 fctio
3289 2978 3402 3023 non
3435 2969 3602 3024 habet
3627 2969 3879 3040 praeteri-

2271 3071 2422 3131 arm,
2465 3063 2567 3119 nisi
2608 3062 2794 3128 dicas,
2828 3066 3082 3136 permissi.
3115 3063 3207 3117 Sic
3239 3073 3444 3128 statuo,
3474 3063 3678 3129 statui;
3715 3065 3879 3130 sisto,

2271 3156 2478 3220 statui;
2517 3155 2737 3210 sustolle
2759 3197 2774 3220 ,
2813 3155 3045 3220 stistitli;
3085 3160 3143 3210 et
3179 3155 3409 3224 sit/fero,
3443 3155 3637 3209 sustuli
3662 3173 3680 3220 ;
3710 3154 3843 3210 tollo
3864 3196 3878 3220 ,

2270 3249 2375 3304 ltili
2399 3267 2416 3315 ;
2447 3258 2502 3304 et
2532 3249 2663 3320 fero,
2698 3249 2824 3318 fers,
2860 3249 2992 3318 fert,
3024 3248 3124 3302 tuli
3151 3240 3284 3304 facit
3310 3265 3322 3315 ;
3358 3248 3584 3314 insanio,
3616 3248 3844 3302 insanivi
3865 3291 3880 3310 ,

2275 3348 2330 3393 et
2360 3339 2506 3410 {meo
2544 3340 2769 3395 iusanivi
2786 3357 2806 3405 ;
2838 3349 3018 3406 cerno,
3049 3341 3213 3407 crevi,
3241 3349 3301 3396 et
3329 3347 3523 3404 ἔνθετο,
3556 3340 3695 3394 crevi
3726 3339 3879 3394 facit.

2271 3431 2406 3488 Item
2439 3447 2658 3504 quoque
2686 3433 2994 3488 inchoativa
3025 3441 3084 3488 et
3119 3433 3436 3488 meditativa
3465 3448 3575 3486 non
3606 3438 3784 3488 Solum
3827 3435 3882 3489 in

2273 3528 2551 3598 praeterito
2575 3569 2590 3594 ,
2627 3529 2722 3584 sed
2759 3529 2923 3582 etiam
2966 3528 3018 3582 in
3058 3527 3240 3583 totum
3274 3527 3534 3582 inﬁnitivi
3572 3526 3834 3582 deﬁciunt
3864 3547 3876 3581 :

2272 3630 2563 3692 tepescere,
2597 3621 2885 3690 parturire.
2918 3620 3054 3675 lieni
3089 3621 3276 3675 verbis
3317 3620 3371 3673 in
3411 3636 3472 3673 or
3509 3619 3884 3674 desinentibus

2276 3717 2478 3770 desunt
2528 3722 2776 3784 tempora
2819 3713 3097 3782 praeterita
3143 3710 3385 3781 perfecta
3434 3710 3534 3784 [et
3566 3712 3882 3781 plusquam-

2277 3805 2624 3878 perfectum]
2669 3815 2727 3861 et
2775 3806 3020 3859 futurum
3067 3803 3405 3873 coniunctivi
3455 3804 3625 3878 [Ms.,
3655 3805 3881 3873 subjun-

2277 3900 2476 3973 ctivi].
2505 3900 2597 3955 sed
2625 3916 2723 3971 per
2744 3900 3035 3970 participia
3063 3897 3233 3972 [λι-δη
3276 3899 3658 3971 participium]
3688 3897 3707 3970 ί
3732 3913 3881 3968 prte-

2281 3993 2426 4048 teriti
2457 3991 2756 4064 temporis]
2787 3999 2844 4046 ct
2871 3994 3099 4046 verbum
3131 3992 3539 4046 substantivum
3568 4008 3686 4045 sum
3709 3990 3881 4046 decli-

2279 4095 2502 4152 nentur,
2547 4096 2611 4143 ut
2648 4094 2860 4140 amatas
2904 4100 3022 4138 sunt
3049 4124 3066 4146 .
3114 4094 3326 4138 amatus
3374 4083 3579 4149 fuerunt
3610 4124 3626 4149 ,
3672 4091 3883 4137 amatus

2277 4195 2406 4246 ero,
2432 4188 2524 4234 etc

2674 4267 2764 4322 DE
2814 4265 3027 4323 MODIS
3077 4265 3481 4323 VERBORUM.

2353 4359 2453 4414 Fs.
2497 4357 2636 4416 Modi
2677 4362 2971 4416 verborum
3004 4361 3134 4430 quid
3169 4359 3305 4432 [Alﬁ
3333 4361 3427 4430 qui
3458 4371 3503 4413 et
3535 4357 3690 4430 quot]
3722 4358 3877 4414 sunt?

2279 4484 2352 4496 —
2383 4451 2551 4510 Suo.
2585 4452 2727 4509 Modi
2757 4461 2887 4509 sunt
2910 4452 3142 4508 diversa!
3175 4451 3595 4524 inclinationesl
3633 4451 3758 4513 ills,
3791 4451 3882 4507 de-

2202 4563 2253 4626 ι)
2279 4543 2622 4618 clinationes]
2653 4545 2849 4610 animi,
2881 4547 3062 4600 varios
3090 4544 3208 4614 ejus
3239 4544 3464 4600 alterum
3493 4545 3881 4599 demonstran-

2280 4647 2383 4693 tes.
2418 4636 2486 4692 Ει
2513 4645 2640 4692 sunt
2667 4636 2910 4706 quinque
2936 4656 2947 4690 :
2977 4637 3315 4699 indicativus,
3347 4635 3436 4706 qui
3465 4643 3520 4690 et
3548 4635 3878 4695 delinitivus,

2281 4744 2390 4801 quo
2422 4728 2732 4784 indicamus
2759 4727 2847 4783 vel
2886 4727 3176 4782 definimus
3201 4727 3336 4796 quid
3363 4733 3558 4796 agatur
3593 4725 3677 4779 vel
3709 4724 3880 4794 patia.

2281 4832 2371 4880 tur
2398 4839 2430 4878 a
2461 4823 2619 4878 nobis
2649 4835 2673 4863 ο
2701 4839 2715 4888 ;
2747 4821 2839 4891 qui
2870 4821 2992 4877 ideo
3021 4821 3238 4889 primos
3267 4820 3512 4890 ponitur,
3543 4818 3669 4888 quia
3702 4815 3883 4887 perle-

2283 4927 2404 4973 ctus
2433 4925 2517 4971 est
2545 4916 2795 4988 personis
2821 4921 2877 4970 et
2907 4915 3242 4983 temporibus
3271 4955 3281 4967 .
3313 4922 3367 4968 ct
3397 4913 3487 4968 alii
3524 4912 3669 4966 modi
3708 4927 3776 4966 ex
3815 4926 3882 4966 eo

2285 5007 2525 5079 regulam
2563 5015 2802 5063 sumunt.
2841 5007 2938 5060 Vel
2976 5006 3118 5077 quod
3153 5021 3220 5060 ex
3256 5022 3321 5061 co
3354 5007 3640 5076 participia
3675 5005 3759 5061 vel
3785 5021 3880 5060 no-

2284 5101 2432 5155 mina
2468 5099 2554 5154 vel
2589 5100 2752 5154 verba
2795 5099 3155 5165 derivontur;
3195 5107 3254 5153 ut
3289 5115 3321 5152 a
3358 5100 3529 5163 duco,
3566 5099 3808 5154 ducens:
3847 5113 3877 5152 a

2286 5194 2419 5247 duxi
2447 5194 2642 5248 ductus
2665 5233 2680 5258 ,
2711 5202 2765 5248 et
2794 5193 2905 5247 dux
2935 5207 2949 5245 ε
2983 5207 3013 5247 a
3044 5191 3214 5254 {cretea
3237 5232 3251 5255 ,
3298 5190 3544 5246 fervens.
3597 5189 3841 5246 lcrvcsco
3861 5231 3876 5254 ,

2287 5283 2486 5338 fervor.

2356 5375 2522 5449 28h.
2559 5375 2908 5446 Imperativus
2946 5385 3055 5437 est,
3096 5392 3208 5448 quo
3246 5377 3576 5447 imperamus
3615 5375 3768 5440 aliis,
3819 5386 3878 5430 ut

2287 5468 2491 5524 faciant
2525 5468 2610 5523 vel
2645 5471 2946 5538 patiantur.
2989 5469 3058 5524 Et
3090 5478 3176 5525 est
3210 5486 3307 5541 per
3344 5477 3405 5524 se'
3430 5470 3748 5534 absolutus,
3778 5482 3876 5525 nec

2286 5561 2428 5635 [per
2457 5562 2556 5636 se]
2589 5563 2816 5618 alterius
2854 5562 3059 5634 indiget
3092 5566 3265 5635 partis
3307 5564 3376 5619 ad
3419 5562 3869 5636 signiﬁcandum:

2279 5663 2338 5710 et
2385 5655 2509 5710 ideo
2545 5656 2850 5711 semiudum
2896 5664 3048 5713 tenet
3097 5657 3275 5713 locum
3321 5657 3376 5714 in
3422 5657 3613 5714 modis.
3654 5653 3728 5711 ‘Et
3769 5654 3874 5711 hoc

2282 5755 2504 5802 orantes
2533 5746 2835 5817 sepissime
2865 5748 3108 5814 utimur;
3141 5756 3198 5802 ut
3226 5765 3238 5802 :
