4106 6528
323 423 435 487 877

452 540 609 606 lusa,
636 542 760 594 mihi
781 554 956 594 causas
972 552 1193 595 memora

323 642 531 701 Deinde
563 645 855 718 optativus,
889 660 989 717 per
1027 660 1187 717 quem
1221 652 1492 717 optamus.
1521 644 1625 713 Qui
1654 645 1775 702 ideo
1804 654 1913 700 ter-

325 738 439 795 tius
475 738 532 794 in
568 739 761 796 ordine
792 738 1049 812 ponitur,
1083 740 1210 811 quia
1246 737 1472 795 inferior
1507 747 1591 795 est
1625 739 1721 811 qui
1759 746 1914 811 optat

324 844 491 901 quam
525 830 621 903 qui
658 830 928 903 imperat;
967 838 1022 887 et
1059 831 1314 888 adverbio
1343 831 1565 901 optandi
1606 830 1810 902 indiget
1841 829 1911 886 ad

323 921 703 992 complendum
730 937 980 988 sensum,
1013 932 1102 991 ut,
1134 923 1335 978 utinam
1363 922 1605 994 legerem.

397 1012 603 1085 Quarto
645 1014 765 1071 loco
810 1016 1173 1086 subjunctivus
1218 1015 1441 1087 ponitur
1483 1022 1539 1069 et
1580 1014 1723 1085 jure.
1777 1014 1914 1083 Eget

320 1109 471 1166 enim
509 1124 617 1166 non
653 1107 817 1165 modo
854 1108 1114 1164 adverbio
1150 1107 1235 1162 vel
1272 1105 1687 1178 conjunctione,
1720 1120 1910 1161 verum

320 1202 489 1257 etiam
538 1199 715 1256 altero
759 1198 961 1267 verbo,
1012 1207 1074 1255 ut
1118 1197 1421 1271 perfectum
1470 1195 1739 1267 signiﬁcet
1783 1209 1910 1251 sen—

322 1311 465 1351 sum.
521 1293 675 1351 Unde
720 1301 780 1349 et
829 1291 1207 1363 subjunctivus
1253 1292 1496 1358 dicitur;
1542 1298 1604 1345 ut
1654 1289 1913 1363 Virgilius

322 1385 549 1459 (Edog.
582 1401 682 1452 ιιι,
713 1384 777 1441 77
802 1382 867 1459 ]:

446 1494 569 1548 Cum
590 1494 763 1547 laetam
793 1493 942 1546 vitula
966 1490 1111 1556 [Ιε.,
1136 1490 1379 1555 vitulam],
1406 1504 1498 1556 pro
1518 1490 1877 1616 ipse

319 1645 393 1701 Et
421 1643 677 1700 omnibus
712 1640 837 1699 aliis
870 1641 1047 1698 modis
1081 1639 1281 1697 sociari
1312 1647 1533 1711 potest;
1572 1648 1632 1697 ιιι
1666 1640 1792 1697 dum
1838 1641 1912 1696 le-

318 1751 513 1809 gerem,
551 1734 738 1805 scripsi
768 1746 788 1787 :
817 1740 895 1799 et,
933 1731 1062 1787 dum
1098 1731 1292 1804 legam,
1323 1732 1522 1797 scribe;
1556 1739 1647 1799 et,
1682 1732 1807 1789 dum
1838 1730 1912 1787 le-

318 1847 493 1904 gerem
506 1872 524 1898 ,
555 1831 761 1885 utinam
791 1828 1090 1884 scriberem.

1415 426 1888 486 DIDASCALICA.
1926 459 1998 471 -—
2033 428 2510 488 GRAMMATICA.

1935 550 1985 608 Α
2014 561 2109 609 as;
2135 560 2339 611 merso,
2369 560 2471 610 as;
2503 560 2669 610 nexo,
2703 560 2803 608 as;
2831 552 2885 599 ε’
2913 543 3048 599 ﬁunt
3074 540 3242 617 [Hs.,
3270 542 3431 619 sunt]
3462 560 3604 601 sem-

3502 428 3606 485 878

2015 656 2111 710 per
2140 648 2332 694 neutra
2362 637 2546 712 [sicut
2570 637 2666 710 et]
2697 638 3026 694 inchoativa.
3357 685 3360 689 .

2088 731 2395 787 Meditativa
2441 732 2498 787 in
2547 732 2666 786 urio
2713 732 2967 787 desinunt
3005 738 3062 787 et
3102 736 3309 802 quarta!
3351 728 3605 803 [tantum

2013 822 2156 898 (Hs.
2185 840 2290 878 om.
2320 819 2599 899 tantum”
2625 821 3022 893 conjugationis
3047 828 3211 889 sunt;
3242 832 3331 886 ut,
3364 820 3605 884 lecturio,

2011 916 2058 969 is
2081 932 2100 979 ;
2128 915 2304 969 esurio
2322 954 2337 978 ,
2367 913 2413 968 is
2434 953 2450 980 ,
2480 913 2626 984 quod
2655 913 2723 968 ab
2750 910 2847 967 edo
2878 912 3175 968 derivatur.

2084 1006 2225 1061 Sunt
2263 1007 2382 1062 alia:
2423 1020 2643 1077 quoque
2684 1004 2894 1076 species
2936 1005 3400 1070 derivativornm;
3444 1011 3536 1069 ut,
3573 1017 3603 1057 a

2012 1094 2189 1163 uideo,
2216 1097 2335 1152 viso
2355 1138 2370 1163 ,
2400 1097 2453 1153 id
2482 1104 2567 1154 est
2593 1096 2751 1168 cupio
2779 1095 3003 1162 videre;
3036 1113 3068 1152 a
3098 1097 3262 1167 facio,
3292 1097 3538 1163 facesso;
3571 1112 3602 1151 a

2012 1190 2186 1260 capio,
2211 1203 2472 1260 capesso;
2503 1202 2535 1242 a
2559 1187 2756 1254 lacero,
2784 1187 3026 1254 lacesso;
3057 1189 3125 1243 ab
3154 1205 3322 1251 arceo,
3352 1203 3599 1255 arcesso;

2013 1279 2082 1334 ab
2110 1295 2266 1335 acceo
2284 1320 2299 1345 ,
2330 1294 2574 1337 accesso.
2609 1278 2739 1347 Quae
2769 1278 3163 1349 frequentativa
3191 1294 3296 1334 non
3326 1294 3447 1335 esse
3474 1295 3604 1336 con-

2006 1370 2216 1441 jugatio
2243 1370 2501 1425 ostendit.
2534 1368 2673 1425 Sunt
2699 1385 2915 1440 quoque
2939 1369 3042 1425 alia
3068 1385 3165 1440 per
3190 1371 3601 1427 diminutionem

2012 1462 2307 1518 derivativa
2349 1461 2520 1535 [Ms.,
2564 1461 2884 1536 derivata],
2933 1472 2993 1519 ut
3028 1478 3058 1517 ιι
3097 1463 3309 1529 sorbeo,
3339 1463 3597 1526 sorbilia;

2012 1569 2043 1607 a
2068 1555 2281 1625 garrio,
2312 1553 2572 1625 garrulo;
2600 1569 2633 1608 a
2661 1552 2838 1619 calvo,
2871 1553 3103 1609 ealvillo.
3146 1552 3279 1608 Item
3310 1569 3340 1608 a
3369 1553 3600 1610 nomini-

2011 1645 2115 1701 bus
2139 1646 2436 1703 derivativa
2461 1646 2598 1702 ﬁunt
2623 1663 2638 1713 ;
2669 1654 2758 1712 ιιι,
2788 1662 2817 1701 a
2844 1657 3012 1719 patre,
3042 1648 3275 1717 patrisso
3299 1664 3314 1714 ;
3347 1661 3378 1701 a
3406 1664 3598 1719 gnsco.

2011 1739 2284 1810 grtecisso.
2328 1738 2715 1811 lmpersonalia
2754 1755 2971 1810 quoque
2997 1755 3135 1810 pene
3163 1742 3345 1798 omnia
3377 1741 3442 1796 ab
3469 1741 3602 1797 acti-

2011 1831 2095 1885 vis
2148 1830 2340 1905 [Edit.
2368 1874 2383 1899 ,
2411 1830 2736 1905 adjectivis]
2786 1833 2871 1888 vel
2921 1832 3256 1890 neutralibus
3302 1834 3602 1891 derivativa

392 1923 695 1994 [inﬁnitivus
721 1928 841 1987 est,
869 1921 960 1992 qui
989 1928 1047 1976 et
1072 1920 1322 1993 personis
1345 1928 1402 1977 et
1429 1921 1670 1976 numeris
1697 1919 1910 1985 deﬁcit,
1942 1928 1989 1990 Β
2016 1930 2181 1990 sunt;
2212 1931 2311 1989 ιιι,
2340 1939 2371 1978 a
2402 1922 2536 1996 lego,
2568 1922 2767 1994 legitur
2791 1940 2805 1989 ;
2837 1940 2867 1978 a
2896 1933 2995 1985 sto.
3030 1932 3222 1980 statur.
3255 1923 3604 1980 inveniuntur

316 2026 374 2074 et
409 2024 534 2089 eget
571 2031 681 2071 uno
713 2029 780 2073 ex
815 2013 1146 2087 supradictis
1177 2022 1416 2085 quatuor
1451 2014 1629 2070 modis
1649 2054 1663 2080 ,
1701 2022 1762 2069 ut
1790 2015 1907 2085 ple-

318 2124 451 2165 num
500 2106 707 2177 aliquid
754 2105 1057 2178 signiﬁcet,
1106 2115 1191 2172 ut,
1234 2105 1403 2180 legere
1447 2123 1706 2179 propero,
1740 2106 1909 2181 legere

319 2215 541 2270 propera
555 2239 570 2263 ,
604 2197 810 2254 utinam
847 2196 1017 2270 legere
1043 2212 1377 2270 properarem
1397 2238 1416 2264 ,
1441 2213 1561 2254 cum
1590 2197 1758 2270 legere
1780 2214 1907 2270 pro-

220 2341 225 2345 .
321 2306 576 2346 cererem.

397 2382 756 2456 lmpersonale
798 2384 1027 2440 verbum
1072 2399 1103 2441 a
1149 2384 1357 2441 neutris
1399 2384 1592 2440 activae
1635 2382 1910 2454 signiﬁca-

322 2476 487 2533 tionis
527 2475 610 2532 vel
655 2476 723 2531 ab
762 2476 957 2533 activis
998 2476 1267 2543 nascitur,
1314 2485 1376 2531 ut
1409 2478 1663 2543 curritur,
1695 2477 1903 2543 vivitur,

316 2566 528 2638 legitur,
559 2574 793 2622 amatur.
837 2566 906 2622 Et
935 2581 1030 2637 per
1056 2582 1246 2623 omnes
1274 2567 1463 2623 modos
1487 2576 1542 2621 et
1570 2581 1829 2638 personas
1852 2575 1909 2621 et

320 2667 568 2729 tempora
598 2664 653 2713 et
682 2671 972 2722 numeros,
996 2656 1207 2729 junctis
1243 2656 1656 2730 pronominibus
1685 2656 1789 2711 rite
1819 2656 1909 2711 de-

317 2753 595 2808 clinantur
623 2749 764 2824 [Mm
794 2750 1132 2824 declinatur]
1159 2770 1173 2806 :
1205 2753 1442 2807 curritur
1469 2770 1503 2807 α
1530 2768 1639 2817 me,
1672 2770 1705 2807 a
1732 2761 1811 2818 te,
1841 2751 1906 2807 ab

312 2844 445 2914 illo;
476 2847 714 2902 curritur
738 2863 771 2901 a
798 2846 967 2911 nobis,
999 2861 1031 2899 a
1057 2844 1221 2910 vobis,
1251 2845 1316 2900 ab
1341 2844 1467 2900 illis.
1496 2843 1777 2900 Praeterito
1810 2845 1909 2899 im-

314 2938 594 3013 perfecto,
627 2938 893 3014 legebatur
917 2937 939 3013 [
959 2957 991 2995 α
1017 2956 1100 2995 me
1119 2937 1162 3014 ].
1195 2936 1481 2994 Praeterito
1519 2936 1795 3009 perfecto,
1834 2936 1910 2992 le-

317 3041 460 3089 ctum
488 3041 565 3088 est
595 3030 702 3106 [vel
728 3030 921 3088 lectum
946 3029 1049 3102 fuit
1074 3048 1107 3084 α
1132 3028 1258 3104 me].
1288 3029 1572 3086 Praeterito
1595 3028 1909 3100 plusquam-

319 3123 582 3197 perfecto,
612 3125 800 3180 lectum
831 3131 965 3179 erat.
996 3122 1299 3189 Futurum,
1327 3121 1525 3195 legetur
1553 3119 1621 3195 [α
1646 3119 1782 3194 me].
1816 3118 1908 3178 Sic

318 3223 377 3272 et
400 3229 499 3287 per
524 3214 663 3271 alios
690 3215 901 3273 modos.

389 3309 430 3367 Ρ
437 3328 490 3366 ιι.
527 3309 668 3379 Quid
694 3317 781 3365 est
813 3308 958 3364 inter
984 3305 1341 3379 impersonale
1367 3314 1421 3362 et
1447 3304 1773 3364 inﬁnitivum
1793 3303 1818 3359 ἲ
1842 3334 1909 3344 --

315 3404 487 3462 Sno.
522 3402 736 3478 [Quod]
764 3401 1029 3457 inﬁnitiva
1060 3397 1439 3474 [voluntariis]
1469 3398 1651 3454 verbis
1675 3398 1911 3471 jungun-

316 3510 442 3566 tur;
472 3507 567 3555 ut:
600 3496 769 3568 legere
796 3494 931 3550 volo.
957 3491 1343 3564 lmpersonalia
1370 3490 1818 3563 pronominibus;
1852 3498 1913 3543 ut

314 3590 514 3664 legitur
541 3606 572 3644 a
601 3604 701 3644 me.

388 3681 492 3742 Fs.
533 3680 676 3749 Quot
722 3677 913 3734 forma:
947 3684 1073 3733 sunt
1115 3672 1602 3748 impersonalium?
1634 3703 1707 3715 --
1741 3671 1907 3728 Saxo.

314 3804 389 3820 --
415 3774 680 3844 Quatuor.
711 3772 819 3835 Aut
842 3772 897 3828 in
926 3783 1016 3827 tur
1066 3778 1162 3826 aut
1189 3771 1242 3825 in
1271 3779 1357 3836 at,
1387 3778 1482 3824 aut
1520 3767 1577 3824 in
1616 3769 1690 3833 it,
1721 3774 1816 3823 aut
1853 3767 1909 3823 in

315 3878 368 3925 et
402 3874 644 3928 exalat:
686 3872 777 3931 ιιι,
807 3872 1001 3929 statur,
1032 3871 1226 3928 restat,
1257 3860 1541 3934 contingit,
1582 3858 1763 3931 pudet.
1803 3856 1913 3916 Sed

315 3979 443 4035 quae
472 3962 528 4020 in
554 3970 602 4016 et
632 3968 863 4025 exeunt,
894 3957 1001 4013 alia
1030 3973 1061 4013 a
1089 3958 1272 4013 verbis
1299 3956 1526 4012 veniunt
1548 3996 1564 4023 ,
1592 3964 1654 4012 ut
1679 3956 1907 4013 miseret.

320 4055 440 4113 Alia
469 4070 500 4111 a
527 4070 588 4112 se
614 4053 888 4117 oriuntur,
917 4058 978 4106 ut
1000 4050 1193 4123 pudet,
1223 4051 1462 4122 pmnitet,
1493 4049 1659 4103 decet.

393 4145 493 4204 Fu.
530 4144 663 4214 Qum
703 4151 833 4199 sunt
871 4141 1063 4213 supina
1100 4150 1158 4196 et
1191 4138 1602 4213 participialia?
1641 4165 1713 4179 -—
1741 4137 1909 4196 Saxo.

320 4239 572 4318 Quinque
595 4246 722 4294 sum
747 4233 1014 4308 ejusmodi
1038 4249 1200 4293 voces
1226 4250 1242 4301 ;
1275 4240 1335 4290 ut
1357 4246 1372 4288 :
1400 4232 1604 4305 legendi
1625 4272 1640 4299 ,
1672 4229 1913 4306 legendo,

321 4327 633 4403 legendum,
679 4326 898 4391 lectum,
944 4324 1102 4381 lectu.
1152 4324 1300 4393 Quas
1336 4322 1650 4380 Priscianus
1690 4322 1914 4379 omnino

321 4423 545 4482 nomina
574 4420 689 4478 vult
714 4436 866 4488 esse,
897 4419 1025 4492 quia
1069 4417 1405 4489 temporibus
1444 4422 1670 4482 carent,
1700 4420 1755 4471 et
1790 4426 1915 4486 per-

323 4534 490 4582 sonas
516 4535 625 4577 non
650 4518 1005 4584 discernunt,
1035 4522 1093 4571 et
1130 4511 1608 4587 prtepositionibus
1646 4510 1914 4586 separatis

315 4612 661 4687 junguntur;
693 4618 776 4676 ιιι,
807 4608 879 4665 ad
904 4607 1179 4681 legendum
1210 4606 1362 4673 cado,
1384 4606 1471 4662 vel
1498 4604 1714 4678 legendo
1744 4603 1908 4660 venio.

394 4703 496 4761 Fit.
533 4702 776 4759 intentus
823 4716 943 4757 sum
997 4700 1066 4756 de
1113 4699 1415 4773 specierum
1467 4698 1676 4755 ratione
1725 4696 1915 4755 audire

325 4795 598 4862 maxime,
640 4795 769 4868 quia
809 4793 913 4851 hoc
944 4790 1197 4849 accidens
1233 4789 1384 4846 verbi
1417 4789 1659 4845 Donatus
1685 4788 1913 4844 dimisit.

323 4919 396 4933 -—
431 4889 602 4947 Suo.
645 4886 761 4944 Non
797 4886 1045 4953 dimisit,
1085 4886 1182 4945 sed
1218 4885 1274 4945 in
1312 4883 1504 4945 formis
1544 4886 1743 4958 attigit.
1776 4884 1913 4940 Nam

325 4978 542 5053 species
566 4980 855 5035 verborum
885 4979 1004 5035 duae
1033 4984 1197 5034 sunt:
1232 4991 1339 5034 una
1365 4976 1680 5047 principalis
1699 5017 1713 5041 ,
1745 4992 1910 5049 quam

327 5072 569 5129 Donatus
593 5068 889 5142 perlectam
915 5068 1149 5126 formam
1188 5069 1472 5136 nominat;
1500 5078 1594 5134 ut,
1635 5069 1768 5141 lego.
1812 5067 1908 5125 Al-

327 5173 448 5222 tera
471 5163 805 5229 derivativo,
831 5178 993 5234 quam
1033 5162 1126 5219 ille
1162 5163 1531 5219 meditativam
1553 5205 1568 5229 ,
1601 5163 1915 5234 frequenta-

326 5256 531 5321 tivam,
560 5254 643 5311 vel
673 5253 840 5327 μαι,
866 5253 959 5326 et]
989 5254 1353 5313 inchoativam
1381 5256 1562 5312 dicere
1587 5256 1793 5321 voluit;
1822 5265 1911 5322 ut,

328 5364 362 5405 a
388 5347 538 5420 lego,
566 5346 796 5410 lecturio
819 5356 878 5403 et
903 5346 1106 5404 loctito.
1139 5347 1207 5401 Et
1235 5362 1267 5401 s
1294 5346 1465 5417 ferveo
1485 5386 1500 5407 ,
1540 5347 1802 5403 fervesco.
1846 5349 1914 5403 Et

328 5444 480 5510 lucc,
510 5444 565 5502 id
602 5450 687 5501 est
726 5442 1054 5505 inchoativa.
1097 5455 1314 5511 semper
1351 5441 1405 5499 in
1445 5456 1534 5494 sco
1569 5439 1824 5501 desinunt
1859 5449 1915 5495 et

326 5535 506 5593 tertia
550 5542 678 5593 sunt
722 5533 1162 5605 coniugationis;
1214 5539 1312 5598 ut,
1362 5530 1566 5587 calesco
1590 5572 1606 5597 ,
1652 5533 1912 5598 calescis;

2016 2028 2232 2086 quoque
2257 2023 2314 2070 et
2340 2016 2410 2071 ab
2436 2015 2707 2072 adverbiis
2737 2017 2900 2072 verba
2935 2017 3208 2083 derivari;
3253 2026 3314 2071 ut
3352 2033 3381 2072 a
3422 2033 3604 2089 perone

2016 2106 2134 2174 die,
2162 2109 2498 2180 perendino;
2530 2116 2587 2164 et
2615 2123 2646 2163 a
2678 2125 2819 2175 cras,
2848 2111 3188 2180 procrastino
3212 2126 3226 2176 ;
3261 2116 3318 2164 ct
3343 2112 3409 2163 ab
3435 2110 3601 2176 intus,

2017 2202 2164 2257 intro
2224 2203 2397 2260 intras
2417 2242 2433 2267 ,
2464 2199 2769 2276 [intravi].

2298 2332 2463 2404 285
2503 2331 2592 2388 DE
2617 2330 2895 2388 FIGURIS
2931 2329 3325 2388 VltRBOllUM.

2084 2440 2125 2495 F
2132 2457 2184 2496 ιι.
2233 2440 2519 2514 Figuratas
2570 2442 2860 2497 verborum
2904 2443 3342 2513 compositiones,
3389 2458 3605 2515 precor,

2015 2548 2247 2604 expone.
2273 2531 2529 2589 ---SAXO.
2584 2530 2724 2588 Sunt
2757 2534 2921 2589 verba
2973 2533 3273 2603 simplicia,
3324 2543 3383 2590 ut
3421 2536 3607 2606 cupis,

2015 2636 2179 2682 taceo.
2206 2626 2272 2682 Et
2302 2626 2473 2701 [sunt]
2522 2627 2841 2697 composita,
2892 2625 2995 2700 [ut]
3028 2628 3301 2700 (aucupio,
3351 2627 3602 2684 conticeo.

2016 2720 2157 2777 Sunt
2183 2728 2239 2776 et
2272 2720 2665 2790 decomposita,
2696 2719 2751 2774 id
2793 2728 2899 2787 est,
2942 2735 2973 2775 a
3018 2720 3331 2790 compositis
3361 2720 3607 2778 derivata

2017 2811 2211 2885 [ωιτη
2242 2809 2600 2885 derivativa],
2644 2818 2705 2867 ut
2748 2811 3080 2884 concupisco,
3123 2811 3430 2866 conticesco.
3469 2810 3611 2866 Sunt

2014 2914 2070 2960 et
2118 2919 2189 2960 ex
2237 2902 2411 2961 tribus
2465 2901 2711 2974 partibus
2762 2902 3095 2973 composita,
3156 2908 3216 2956 ut
3261 2899 3607 2970 perterriﬁco.

2016 2995 2153 3050 Sunt
2177 3002 2235 3050 et
2258 3007 2380 3065 qua
2404 3000 2620 3048 mutant
2643 2993 2697 3047 in
2721 2990 3116 3062 compositione
3145 2988 3606 3062 coniugationem,

2015 3096 2111 3143 ut:
2143 3087 2235 3152 do,
2256 3085 2378 3151 das,
2404 3082 2533 3140 facit
2562 3084 2748 3150 reddo,
2786 3082 2997 3145 reddis;
3028 3081 3191 3154 facio,
3222 3082 3377 3153 facis,
3414 3081 3607 3153 ampli-

2014 3178 2136 3249 βω,
2179 3176 2490 3249 ampliﬁcas.
2538 3173 2678 3230 Sunt
2703 3174 3025 3244 composita,
3063 3188 3295 3244 quorum
3340 3171 3605 3243 simplicia

1934 3283 1985 3350 α
2013 3270 2069 3327 in
2118 3286 2218 3325 usu
2259 3283 2368 3324 non
2414 3275 2563 3334 sunt,
2595 3276 2657 3321 ιιι
2694 3266 2920 3336 offendo,
2958 3265 3179 3336 aspicio,
3202 3264 3403 3336 aperio,
3436 3263 3608 3333 refra-

2012 3375 2127 3430 gor.
2170 3355 2354 3413 Fendo
2388 3354 2606 3430 [enim],
2631 3364 2686 3411 et
2719 3355 2902 3426 spicio,
2929 3360 2985 3409 et
3005 3354 3175 3426 perio,
3204 3361 3260 3408 et
3288 3352 3471 3424 fragor
3497 3368 3607 3410 non

2011 3450 2210 3522 reperi.
2258 3448 2395 3505 Sunt
2437 3463 2560 3519 quae
2600 3462 2772 3520 genus
2825 3455 3039 3505 mutant
3075 3448 3130 3502 in
3163 3448 3601 3519 compositione:

2014 3540 2242 3613 Sperne,
2286 3540 2506 3612 spernis,
2552 3540 2823 3606 activum;
2860 3555 3135 3610 aspernor,
3168 3540 3486 3609 asperneris,
3513 3541 3615 3598 de-,

2010 3646 2239 3704 ponens.
2296 3630 2541 3705 [Sestio,
2589 3639 2875 3695 neutrum;
2932 3629 3220 3694 assentior,
3279 3630 3602 3706 dcponens.]

2014 3723 2201 3791 Sedeo,
2225 3724 2391 3792 sedes,
2409 3733 2690 3788 neutrum;
2714 3722 2958 3789 insidior,
2978 3722 3272 3787 insidiaris,
3292 3720 3599 3793 deponens;

2013 3816 2225 3874 obsideo
2250 3832 2383 3874 vero
2402 3825 2459 3873 et
2492 3815 2710 3872 adsideo
2731 3816 2906 3870 activa
2933 3823 3079 3872 sunt.
3112 3815 3192 3870 Eo
3218 3824 3276 3871 et
3302 3816 3444 3886 facio
3470 3833 3605 3874 neu-

2014 3918 2100 3968 tra
2134 3918 2293 3976 sunt;
2338 3910 2493 3975 adeo,
2537 3907 2719 3975 subeo,
2746 3906 2983 3979 perﬁcio,
3026 3906 3274 3977 conficio,
3317 3915 3376 3963 et
3413 3923 3484 3963 ex
3523 3908 3605 3964 eis

2013 4003 2310 4074 composita
2342 4001 2515 4057 activa
2536 4006 2693 4064 sunt;
2728 3998 2933 4054 faciunt
2957 3996 3152 4072 [enim
3177 3998 3360 4064 adeor,
3392 4000 3602 4063 subeor.

2012 4092 2281 4165 perficiar,
2317 4091 2588 4162 conﬁcior.
2636 4090 2717 4147 Ex
2746 4090 2884 4161 facio
2914 4105 3131 4162 quoque
3157 4099 3373 4158 neutro,
3401 4094 3604 4164 versifi-

2014 4199 2129 4251 cor,
2172 4181 2509 4253 sersi/icaris,
2559 4191 2614 4238 et
2643 4181 2935 4254 gratificor,
2968 4181 3309 4253 gratificaris,
3337 4184 3608 4256 deponen-

2012 4274 2092 4331 tia
2132 4282 2450 4337 nascuntur.
2504 4271 2821 4345 Complecto,
2853 4272 3122 4339 activum;
3172 4271 3479 4344 amplector,
3515 4276 3608 4331 de—

2015 4380 2245 4438 ponens.
2283 4364 2693 4436 Componuntur
2733 4362 2899 4419 verba
2923 4377 3046 4420 cum
3078 4364 3411 4431 nominibus,
3453 4368 3608 4422 ut'ab

2017 4459 2191 4532 amplo
2222 4466 2277 4515 et
2301 4457 2462 4528 facio.
2492 4456 2780 4529 ampliﬁco,
2802 4471 2871 4512 ex
2895 4471 3005 4528 quo
3039 4458 3382 4529 participium
3418 4460 3609 4532 ampli-

2015 4550 2302 4621 ﬁcans:et
2346 4563 2470 4606 cum
2516 4548 2690 4604 altero
2726 4548 2913 4614 verbo,
2957 4558 3018 4605 ut
3051 4548 3341 4621 calefacio,
3388 4550 3443 4607 id
3484 4560 3605 4619 est,

1944 4657 1994 4719 ι)
2018 4640 2189 4697 calere
2230 4641 2401 4714 facio;
2438 4640 2523 4696 vel
2570 4656 2693 4697 cum
2742 4641 3031 4708 adverbio,
3080 4652 3168 4710 ut,
3209 4643 3491 4714 benedice;
3520 4649 3610 4704 vel

2017 4751 2141 4791 cum
2165 4734 2567 4807 praepositione,
2595 4741 2655 4790 ut
2675 4733 2871 4802 indico,
2898 4736 3078 4791 subeo.
3109 4735 3217 4793 Sed
3263 4741 3606 4811 prtepositio-

2014 4828 2175 4883 nibus
2219 4841 2319 4898 per
2361 4826 2809 4899 compositionem
2840 4825 3145 4900 junguntur
3206 4844 3422 4904 semper
3465 4833 3611 4891 sicut

2014 4920 2348 4977 nominativo
2385 4934 2516 4977 casu
2545 4919 2740 4995 [Edit.,
2782 4922 2994 4996 casui],
3045 4924 3201 4996 cujus
3247 4926 3357 4983 vim
3403 4929 3606 5000 ubique

2011 5010 2258 5067 obtinent
2277 5010 2442 5067 verba
2482 5027 2582 5084 per
2624 5026 2816 5069 omnes
2855 5028 3139 5084 personas,
3182 5025 3264 5083 ut,
3317 5017 3460 5089 facio
3485 5038 3601 5093 ego,

2015 5101 2148 5173 facis
2170 5111 2249 5169 tu,
2281 5101 2409 5173 facit
2434 5102 2544 5169 ille,
2574 5103 2680 5159 nisi
2702 5103 3021 5174 imperativa
3051 5107 3302 5164 secunda:
3333 5124 3602 5181 personas,

2018 5191 2183 5266 [quat]
2205 5195 2510 5249 vocativum
2539 5193 2696 5269 [Ed.,
2720 5194 2935 5271 vocem]
2965 5197 3296 5267 adsciscunt,
3322 5210 3381 5256 ut
3415 5204 3602 5271 scribe,

2032 5283 2213 5355 Virgili
2243 5304 2261 5339 :
2283 5285 2414 5357 lege,
2447 5286 2675 5343 Terenti.

2266 5422 2355 5480 DE
2391 5420 2911 5484 CONJUGATIONE
2948 5426 3349 5491 VERBORUM.

2086 5537 2185 5595 Fu.
2223 5537 2364 5595 Ecce
2389 5538 2457 5595 de
2485 5538 2673 5610 ﬁguris
2697 5540 2891 5598 habeo.
2920 5539 3028 5602 Sed
3052 5541 3493 5616 coniugationum
3523 5550 3607 5605 di-

327 5644 668 5701 eesperasco,
707 5625 1042 5697 vesperascis.
1088 5624 1155 5681 Et
1191 5624 1527 5695 praeteritum
1566 5637 1675 5679 non
1715 5624 1917 5682 habent
2015 5630 2245 5689 stautias
2290 5630 2379 5688 dic
2408 5631 2563 5688 mihi.
2594 5631 2665 5689 Et
2687 5633 2948 5705 primum,
2994 5637 3138 5694 unde
3180 5640 3323 5696 dicta
3355 5642 3429 5698 sit
3468 5656 3603 5699 cou-

331 5727 547 5791 tetnpus
563 5758 581 5785 ,
609 5732 713 5775 nec
734 5716 1019 5790 participia
1046 5714 1213 5771 futuri
1243 5714 1519 5785 temporis.

404 5809 811 5886 Freguentatioa
834 5810 1025 5882 prima
1048 5815 1175 5866 sunt
1199 5809 1617 5880 conjugationis,
1639 5818 1700 5865 ut
1724 5812 1779 5866 in
1798 5810 1913 5877 tito,

343 5903 427 5960 vcl
455 5908 528 5969 to,
546 5900 635 5961 vel
655 5918 739 5967 so,
764 5902 849 5962 vel
876 5918 945 5959 eo
970 5901 1258 5971 desinunt;
1292 5911 1385 5976 ut,
1412 5900 1608 5973 lectito,
1636 5920 1727 5973 as,-
1753 5903 1916 5968 dicto.

2007 5722 2240 5795 jugatio,
2259 5737 2486 5796 expone.
2513 5752 2585 5767 --
2604 5724 2769 5785 Suo.
2793 5724 3113 5798 Conjugatio
3151 5728 3296 5789 dicta
3338 5738 3425 5789 est
3458 5732 3602 5806 quod

2018 5815 2073 5870 in
2115 5830 2279 5964 umnam
2326 5815 2703 5876 declinationis
2738 5818 3004 5879 rationem
3047 5820 3281 5894 plurima
3327 5821 3603 5899 coniungit

2019 5919 2116 5964 ver
2187 5943 2203 5962 .
2500 5960 2501 5963 η

2019 5919 2203 5965 verna.
