4106 6484
540 416 655 473 879

1380 403 1437 457 Β.
1481 401 1540 457 F.
1585 398 1808 456 ALBlNl
1850 397 1982 454 SEU
2015 393 2293 450 ALCL'INI
2330 390 2614 449 OPEREM
2654 387 2833 443 l'AllS
2873 387 2978 443 VH.

3724 382 3839 439 880

622 524 719 580 lia.
745 518 1158 593 Coniugationes
1181 524 1313 585 quot
1333 514 1492 569 sunt?
1517 543 1569 551 —
1614 511 1778 565 Suo.
1804 507 1959 577 Apud
1985 504 2131 562 Cra:-
2161 507 2208 568 Α
2236 502 2476 574 optativo
2503 500 2833 557 communia.
2885 497 3016 553 Item
3057 496 3307 567 optativi,
3351 493 3589 551 futurum
3620 501 3674 550 et
3700 493 3841 549 sub~

548 634 642 675 eos
665 585 1029 686 decemiis”
1055 609 1252 672 decim,
1285 624 1386 661 non
1418 604 1574 668 male,
1599 602 1691 658 sed
1726 603 1972 671 antique;
2000 597 2137 652 unde
2230 592 2520 663 junctativi
2558 588 2712 665 [Ms.,
2753 585 3177 662 subiunctivum]
3206 600 3447 658 praesens
3471 603 3484 638 :
3512 587 3715 650 Ament,
3750 600 3837 651 es,

546 704 847 776 undecim].
874 702 1029 774 Apud
1057 698 1278 755 Latinos
1321 705 1574 767 quatuor.
1620 695 1686 748 Et
1711 707 1896 746 eorum
1937 704 2056 760 qutc
2084 689 2135 743 in

550 817 578 853 ο
609 799 782 870 prima
815 810 1044 867 persona
1091 790 1315 854 desinit;
1339 788 1433 844 sed
1474 785 1714 843 secunda
1750 783 1807 839 in
1840 799 1899 836 as
1931 780 2135 841 ﬁnitur,

549 902 609 949 ut
630 906 772 954 amo,
788 903 955 951 amas,
972 894 1224 950 sto,stas,
1241 882 1353 936 haec
1370 880 1547 950 prima
1569 877 1735 933 dicitu
1747 891 1792 928 r.
1816 874 1886 928 Et
1907 871 2140 927 secunda

550 986 605 1038 in
631 998 707 1046 es,
737 987 797 1034 ut
831 992 1035 1037 moneo,
1061 988 1258 1027 mones.
1288 969 1472 1024 Tertia
1500 967 1552 1021 in
1579 967 1623 1020 is
1649 965 1888 1027 brevem,
1921 970 1981 1016 ut
2007 958 2137 1029 lego,

548 1077 698 1147 legis.
731 1070 932 1140 Quarta
960 1070 1014 1123 in
1042 1067 1086 1121 is
1114 1066 1328 1134 longum
1360 1058 1507 1132 [31s,
1548 1054 1804 1130 longam],
1838 1061 1900 1108 ut
1940 1051 2139 1114 munia,

549 1166 744 1219 ntunis.
777 1163 978 1220 Eorum
1007 1158 1316 1218 verborum,
1348 1169 1469 1224 qum
1508 1152 1560 1206 in
1603 1168 1664 1204 or
1695 1148 1865 1220 prima
1911 1157 2143 1216 persona

550 1258 756 1323 linitur,
784 1254 921 1309 et-in
965 1253 1073 1306 aris
1115 1247 1375 1312 secunda,
1412 1244 1586 1316 prima
1617 1250 1700 1295 est
1726 1236 2053 1309 coniugatio,
2084 1240 2144 1288 ut

548 1363 722 1411 amor,
769 1344 988 1408 amaris,
1028 1339 1300 1402 criminor,
1337 1332 1655 1399 criminaris,
1687 1331 1878 1395 luctor,
1901 1326 2140 1381 luctaris.

552 1439 801 1495 Secunda
840 1436 905 1490 in
936 1436 1039 1489 eris
1069 1433 1331 1505 producta
1381 1426 1674 1498 penultima
1710 1422 1845 1495 [ΑΜ
1882 1434 2022 1491 pene
2064 1418 2146 1472 ul-

548 1530 728 1605 tima],
767 1540 827 1586 ut
852 1529 1065 1592 doceor,
1096 1526 1320 1587 deceris,
1357 1538 1493 1586 reor,
1534 1520 1684 1574 reris.
1719 1517 1900 1572 Tertia
1946 1515 2000 1569 in
2042 1513 2145 1567 eris

549 1603 799 1694 correpta
839 1618 1153 1691 penultima,
1193 1616 1355 1686 legor,
1400 1612 1608 1683 legiris,
1644 1623 1849 1680 sequor,
1892 1603 2142 1677 sequeris.

550 1693 753 1783 Quarta
776 1713 833 1766 in
858 1712 949 1766 iris
979 1708 1240 1781 producta
1281 1703 1597 1776 penultima,
1629 1698 1859 1763 ntunior,
1899 1693 2145 1758 muniris,

550 1805 761 1868 molior,
791 1800 1012 1856 ntoliris.

2239 700 2309 757 et,
2333 706 2501 754 emus,
2548 688 2665 751 etis,
2714 696 2818 741 ent.
2871 683 3179 740 Secundum
3228 680 3401 737 tertia
3439 676 3843 751 coniugationis

2240 797 2481 853 prmsens
2514 788 2568 834 et
2597 778 2873 833 indicativi
2900 777 3157 837 futurum,
3199 773 3390 845 primm
3414 780 3469 826 et
3507 769 3757 826 secunda:
3780 778 3849 823 es

2242 880 2449 941 quarta:
2475 869 2528 924 in
2560 886 2618 922 eo
2649 866 2969 931 desinentis,
3000 873 3057 919 et
3092 860 3477 932 subiunctativi
3501 860 3842 932 praeteritum

2240 962 2538 1034 perfectum
2569 967 2622 1013 et
2652 959 2909 1016 futurum.
2945 956 3049 1011 nisi
3080 955 3134 1009 in
3165 955 3324 1009 tertia
3357 966 3588 1022 persona
3617 949 3841 1022 plurali,

2242 1072 2275 1109 u
2306 1060 2517 1109 mutant
2554 1054 2608 1106 in
2641 1052 2679 1116 i,
2724 1057 2785 1104 ut
2825 1048 2958 1119 lego,
2999 1047 3146 1118 legis,
3191 1046 3334 1117 legit,
3369 1044 3610 1116 legimus,
3643 1041 3842 1113 legitis,

2241 1149 2449 1219 legunt;
2473 1144 2765 1209 amabo,is,
2784 1145 2844 1208 it,
2872 1144 3030 1204 imus,
3060 1143 3166 1207 itis,
3208 1150 3336 1205 unt;
3362 1137 3574 1203 docebo,
3604 1136 3707 1202 bis,
3740 1135 3842 1201 bit,

2244 1243 2430 1307 bimus,
2467 1239 2606 1305 bilis,
2637 1239 2782 1292 bunt.
2830 1234 3228 1307 Sulijunctativi
3279 1231 3613 1304 praeteritum
3660 1226 3846 1300 perfe-

2243 1342 2389 1391 ctum
2423 1353 2435 1386 :
2469 1333 2787 1393 Amaverim,
2818 1330 2883 1393 is,
2916 1329 2975 1391 it,
3016 1328 3176 1393 imus,
3204 1325 3312 1390 itis,
3334 1324 3432 1379 int.
3459 1322 3593 1380 Item
3622 1341 3635 1376 :
3676 1321 3846 1376 Ama-

2243 1441 2387 1489 vero,
2411 1424 2475 1489 is,
2506 1425 2566 1486 it,
2596 1422 2752 1486 imus,
2785 1420 2894 1485 itis,
2930 1420 3025 1474 int.
3056 1418 3126 1474 Et
3154 1426 3361 1488 quartas
3386 1436 3398 1470 :
3431 1415 3550 1481 Ibo,
3577 1414 3702 1480 ibis,
3721 1412 3849 1480 ibit,

2245 1515 2455 1581 ibimus,
2491 1514 2653 1579 ibitis,
2704 1512 2872 1567 ibunt.
2907 1510 3112 1565 [lorum
3156 1516 3339 1565 autem
3366 1508 3607 1563 omnium
3647 1506 3851 1563 verbo-

2246 1621 2390 1671 rum,
2422 1621 2540 1674 quae
2571 1605 2694 1659 bina
2726 1600 2859 1675 [Αι.,
2911 1599 3078 1671 trina]
3129 1598 3477 1655 distinctione
3528 1610 3557 1651 a
3606 1595 3851 1653 secunda

2247 1711 2479 1769 persona
2515 1695 2877 1761 declinantur,
2904 1696 3079 1764 prima
3104 1707 3334 1763 persona
3365 1698 3455 1746 aut
3498 1689 3553 1744 in
3581 1706 3635 1754 ο,
3666 1696 3762 1744 aut
3794 1690 3854 1743 in

2249 1806 2357 1855 am,
2400 1796 2494 1844 aut
2522 1789 2577 1843 in
2607 1804 2711 1853 em,
2743 1797 2837 1842 aut
2864 1788 2918 1841 in
2947 1787 3016 1840 im
3040 1784 3257 1842 desinit.

622 1917 719 1972 Fu.
749 1914 888 1970 Nam
918 1911 1125 1983 singula
1153 1908 1316 1964 verba
1361 1914 1539 1961 certas
1584 1902 1787 1958 habent
1816 1897 2151 1970 coniugatio-

2326 1901 2423 1956 Fn.
2457 1902 2738 1971 Quomodo
2762 1901 3099 1973 praeteritum
3136 1896 3434 1970 perfectum
3474 1904 3529 1951 et
3567 1888 3850 1967 imperati-

549 2009 681 2066 ue's?
704 2038 777 2048 —
797 2006 962 2061 Saxo.
983 2004 1128 2059 Sunt
1156 2001 1314 2055 Verba
1345 1999 1397 2053 in
1423 1998 1594 2069 prima
1619 2007 1849 2065 persona
1879 1989 2102 2045 confusa
2130 2005 2139 2040 :

548 2101 609 2156 in
654 2097 888 2155 secunda
926 2108 1055 2149 vero
1085 2107 1249 2147 sensu
1284 2097 1342 2144 et
1388 2084 1583 2158 [certa]
1624 2080 2007 2153 coniugatione
2039 2077 2147 2132 dis-

550 2198 868 2254 cernuntur,
917 2193 979 2241 ut
1005 2184 1146 2248 dico,
1177 2181 1330 2245 dicis,
1375 2189 1432 2234 et
1479 2178 1619 2241 dico,
1657 2174 1844 2237 dicas;
1879 2169 2016 2237 volo,
2047 2170 2144 2232 eis,

550 2295 606 2342 et
626 2284 765 2351 uolo,
805 2282 985 2346 volas;
1010 2277 1198 2349 fundo,
1229 2274 1443 2344 fundas,
1470 2268 1655 2340 fundo,
1685 2264 1894 2337 fundis;
1926 2261 2143 2328 mando,

551 2374 797 2439 mandas,
824 2370 1037 2434 mando,
1062 2365 1269 2421 mandis
1303 2363 1452 2436 [δίδη
1488 2360 1702 2422 mundo,
1728 2354 1975 2419 mandas,
1996 2368 2149 2408 mun-

550 2469 641 2532 do,
667 2462 924 2534 mundis].
961 2460 1101 2515 Sunt
1138 2457 1384 2529 quaedam
1408 2468 1440 2507 e
1465 2448 1744 2508 contrario
1784 2447 1944 2500 unius
1989 2443 2151 2515 signi-

551 2555 845 2621 ﬁcationis,
874 2552 970 2609 sed
997 2552 1223 2607 diversa:
1256 2542 1677 2619 coniugationis,
1725 2548 1784 2595 ut
1808 2538 1991 2602 denso,
2021 2536 2151 2590 den-

551 2667 663 2714 sas,
684 2657 737 2704 et
768 2646 977 2708 denseo,
1000 2642 1183 2696 denses
1204 2656 1222 2704 ;
1245 2637 1463 2702 strideo,
1478 2633 1703 2699 strides;
1723 2629 1912 2693 strido,
1932 2626 2149 2692 stridis;

550 2743 749 2812 ferveo,
798 2738 986 2809 ferves,
1025 2729 1232 2805 ([indc]
1275 2729 1524 2798 feruesco,
1571 2723 1689 2797 eis),
1739 2723 1904 2794 fervo,
1959 2720 2146 2789 fervis;

554 2833 685 2896 cieo,
722 2830 866 2893 cies;
915 2827 1015 2889 cio,
1061 2827 1170 2887 cis;
1203 2821 1389 2884 dureo,
1437 2818 1615 2881 dares,
1666 2814 1806 2870 unde
1836 2812 2056 2866 duresco
2096 2818 2150 2866 et

554 2924 708 2985 duro,
737 2920 929 2983 duras;
972 2927 1140 2979 tueor,
1195 2911 1568 2975 tueris;tuor,
1616 2906 1800 2971 tueris,
1849 2900 2148 2974 penultima

556 3022 838 3084 correpta;
866 3008 1063 3081 fulgeo,
1086 3004 1288 3077 fulges;
1308 3001 1476 3074 fulgo,
1498 2997 1690 3071 fulgis;
1716 2993 1963 3060 excelleo,
1984 2991 2150 3047 excel-

555 3112 660 3173 les;
685 3104 901 3167 excelle,
930 3100 1176 3163 excellis;
1216 3111 1365 3161 sono,
1406 3106 1601 3157 sonas;
1628 3103 1777 3152 sono,
1813 3084 1989 3149 sonis;
2019 3097 2147 3141 uno.

557 3215 727 3263 unas;
756 3195 905 3260 unio,
935 3194 1074 3247 unis.

629 3312 726 3367 Fu.
760 3310 903 3377 Quot
923 3307 1097 3364 modis
1131 3303 1470 3362 declinantur
1491 3299 1690 3355 verba?
1715 3326 1785 3338 --
1810 3293 1974 3350 Sno.
2005 3291 2152 3359 Quo-
2176 3265 2225 3331 (ἶ

557 3420 679 3462 rum
705 3398 1101 3456 rationabiliter
1123 3394 1294 3466 prima
1326 3405 1557 3464 persona
1582 3389 1639 3444 in
1663 3404 1692 3441 ο
1722 3384 1943 3450 desinit,
1976 3381 2154 3436 tribus

560 3498 737 3555 modis
774 3494 1134 3556 declinantur,
1156 3490 1360 3557 absque
1386 3485 1662 3557 praeterito
1684 3481 1923 3555 perfecto
1945 3479 2151 3535 indica-

560 3591 678 3656 tivi,
709 3598 764 3644 et
802 3583 1124 3657 imperativo
1151 3589 1206 3637 et
1232 3577 1517 3634 inﬁnitive.
1560 3573 1697 3632 Nam
1734 3573 1888 3645 juxta
1911 3585 2155 3642 praesens

560 3695 777 3754 tempus
820 3682 983 3736 trium
1026 3674 1465 3747 coniugationum
1500 3684 1605 3742 per
1644 3680 1835 3725 omnes
1864 3665 2054 3721 modos
2101 3670 2158 3717 et

561 3751 807 3845 tempora
832 3766 1093 3826 declinari
1115 3763 1291 3822 solent
1316 3761 1503 3823 verba,
1524 3758 1629 3813 nisi
1650 3756 1983 3829 praescripta.
2010 3751 2155 3808 Prce-

561 3844 786 3922 teritum
840 3875 968 3917 vero
1031 3856 1405 3928 imperfectum
1454 3859 1509 3906 et
1566 3844 2153 3921 plusquamperfectum

560 3958 753 4029 prima:
802 3948 1197 4023 coniugationis
1244 3963 1257 3999 :
1306 3945 1434 3999 item
1481 3939 1733 3997 secunda:
1782 3947 1836 3992 et
1862 3938 2053 3997 tertias.
2103 3944 2157 3989 et

563 4026 770 4123 quartae
790 4043 1037 4117 optativi,
1058 4040 1299 4095 futurum
1325 4047 1379 4091 et
1401 4046 1637 4105 praesens
1651 4028 1977 4098 subiunctivi
2000 4026 2153 4099 [Ms.,

565 4118 975 4209 subiunctativi]
1009 4128 1304 4187 secundum
1343 4125 1533 4195 prima:
1579 4134 1821 4189 praesens
1852 4126 2065 4188 tempus
2104 4118 2158 4171 in

564 4229 773 4287 ultimis
812 4223 1004 4282 litteris
1047 4232 1265 4288 semper
1304 4214 1666 4276 declinantur,
1708 4219 1769 4265 ut
1817 4225 1958 4274 amo,
1985 4223 2155 4273 amas,

565 4330 733 4387 amat,
779 4328 1043 4377 amamus,
1092 4307 1307 4373 amatis,
1338 4313 1552 4368 amant;
1598 4301 1875 4365 amabam,
1920 4298 2155 4362 amabas,

566 4409 811 4473 amabat,
843 4403 1172 4465 amabamus,
1202 4394 1481 4460 amabatis,
1528 4392 1809 4456 amabant;
1837 4405 2156 4453 amoverant,

567 4512 861 4565 amaueras,
885 4500 1177 4556 amaverat,
1218 4501 1601 4549 amaveramus,
1629 4482 1969 4546 amaveratis,
2012 4498 2159 4535 ama-

2252 2010 2351 2051 vus
2373 1994 2688 2052 declinanda
2715 1994 2875 2050 sunt?
2892 2024 2964 2036 -—
2983 1990 3151 2049 Saxo.
3173 1990 3347 2047 Omne
3368 1988 3699 2061 prateritum
3717 2001 3845 2058 per-

2253 2086 2479 2153 fectum,
2514 2088 2561 2143 si
2580 2086 2739 2156 iuxta
2764 2086 3029 2142 rationem
3057 2083 3377 2147 declinatur,
3416 2081 3470 2137 in
3499 2080 3517 2134 ἰ
3544 2078 3712 2135 mittit
3734 2079 3846 2148 pri-

2255 2197 2398 2235 mam
2424 2195 2743 2251 personam;
2775 2179 2828 2233 in
2855 2176 3089 2234 secunda
3115 2178 3169 2232 in
3195 2175 3283 2240 sti,
3311 2171 3604 2245 syllabam;
3630 2170 3851 2225 tertiam

2255 2277 2311 2333 in
2339 2278 2398 2345 it,
2429 2286 2482 2332 et
2503 2275 2766 2348 pluralem
2792 2290 3077 2331 numerum
3106 2274 3160 2330 in
3186 2275 3343 2340 imus,
3377 2272 3433 2329 in
3460 2272 3593 2339 istis,
3619 2271 3677 2327 in
3694 2279 3854 2326 erunt

2253 2368 2339 2425 vel
2367 2386 2473 2433 ere,
2502 2369 2660 2441 longa
2686 2386 2734 2434 e,
2764 2369 2947 2424 mittit.

2326 2462 2424 2518 Fu.
2460 2462 2766 2533 lmperativi
2806 2460 2996 2517 ﬁnales
3023 2459 3237 2516 litteras
3274 2459 3551 2529 deprome.
3579 2488 3650 2500 —
3675 2455 3850 2513 Suo.

2256 2556 2428 2612 Omne
2462 2555 2842 2625 imperativum
2891 2553 3165 2625 singulare
3200 2554 3455 2622 primam,
3508 2559 3702 2606 natura
3746 2550 3853 2605 ab-

2256 2648 2488 2712 dicantc,
2515 2659 2801 2716 personam
2837 2660 2945 2700 non
2972 2645 3135 2701 habet
3177 2653 3233 2698 et
3272 2643 3519 2699 vocativo
3548 2642 3698 2698 casui
3721 2639 3857 2711 iun-

2256 2740 2423 2811 gitur,
2471 2740 2598 2809 quia
2642 2738 2895 2810 prmsenti
2941 2736 3172 2807 imperat
3220 2735 3275 2791 in
3316 2735 3555 2793 secunda
3591 2748 3852 2806 persona,

2257 2844 2377 2899 quae
2406 2829 2459 2883 in
2486 2829 2661 2900 prima
2688 2825 3067 2899 coniugatione
3090 2844 3125 2881 a
3154 2826 3313 2899 longa
3345 2826 3554 2893 linitur,
3598 2834 3659 2881 ut
3685 2841 3849 2890 ama;

2257 2923 2312 2977 in
2338 2924 2571 2977 secunda
2601 2939 2628 2976 e
2658 2936 2872 2993 quoque
2916 2921 3093 2991 longa,
3136 2928 3199 2975 ut
3234 2936 3329 2975 aee
3358 2918 3510 2993 μὴ,
3542 2916 3705 2992 habe]
3731 2933 3746 2984 ;
3795 2918 3852 2972 in

2260 3014 2417 3069 tertia
2445 3030 2472 3068 e
2497 3014 2699 3080 brevis,
2742 3019 2803 3067 ut
2827 3012 2964 3083 lege;
2999 3011 3053 3066 in
3080 3018 3274 3081 quarta
3304 3010 3325 3063 i
3364 3009 3546 3082 longa,
3594 3015 3656 3065 ut
3697 3006 3849 3062 audi.

2257 3103 2389 3171 Quae
2424 3104 2644 3173 ubique,
2670 3103 2732 3158 in
2761 3103 2945 3159 verbis
2982 3102 3066 3158 vel
3093 3102 3428 3168 nominibus,
3457 3101 3477 3155 i
3518 3100 3574 3157 in
3623 3099 3730 3156 line
3756 3114 3852 3171 po—

2259 3196 2363 3251 sita
2382 3195 2718 3265 producitur.
2740 3192 2923 3249 Tertia
2948 3209 3180 3265 persona
3206 3193 3258 3247 in
3281 3192 3455 3264 prima
3473 3190 3855 3263 coniugatione

2255 3288 2309 3343 in
2339 3297 2424 3341 et:
2455 3287 2512 3341 in
2536 3285 2747 3342 caeteris
2787 3284 3256 3354 coniugationibus
3285 3283 3343 3338 in
3381 3293 3458 3351 at,
3482 3290 3543 3337 ut
3560 3290 3721 3347 auset,
3752 3281 3854 3336 ha-

2255 3380 2393 3445 beat,
2422 3378 2581 3449 legal,
2632 3377 2836 3432 audiat.
2874 3376 3057 3432 Prima
3104 3389 3339 3447 persona
3376 3375 3430 3429 in
3475 3387 3701 3428 numero
3729 3372 3853 3442 plu-

2254 3472 2354 3526 rali
2382 3472 2434 3525 in
2466 3486 2613 3535 mus;
2638 3471 2693 3525 in
2719 3468 2954 3524 secunda
2982 3469 3037 3522 in
3066 3476 3149 3530 te;
3189 3467 3347 3522 tertia
3369 3466 3425 3520 iu
3452 3474 3559 3531 ent,
3585 3463 3640 3519 in
3666 3464 3851 3537 prima

2255 3562 2665 3631 coniugatione;
2720 3560 2771 3614 in
2822 3557 3035 3613 caeteris
3087 3566 3201 3625 ant,
3246 3567 3306 3612 ut
3351 3571 3609 3620 amemus,
3648 3565 3849 3622 amate,

2255 3663 2461 3718 ament;
2489 3651 2791 3716 doceamus,
2818 3650 3021 3717 docete,
3051 3650 3296 3716 doceant,
3321 3658 3452 3713 etc.,
3491 3647 3694 3718 ubique
3718 3660 3851 3718 pen-

2256 3748 2444 3803 ultima
2492 3748 2680 3817 prima:
2728 3759 2974 3816 personae
3016 3751 3072 3800 et
3116 3743 3368 3803 secundae
3416 3740 3603 3811 longa,
3645 3738 3851 3809 absque

2257 3842 2435 3898 tertia:
2470 3838 2870 3911 coniugationis
2903 3837 3141 3895 secunda
3185 3850 3435 3907 persona,
3466 3832 3608 3904 quod
3644 3840 3747 3898 est,
3776 3829 3883 3886 le-.

2257 3936 2378 4005 gite.
2422 3934 2689 3989 Futurum
2716 3930 3022 4001 imperativi
3062 3930 3116 3985 in
3145 3936 3198 3983 to
3239 3928 3475 3983 secunda
3517 3938 3768 3997 persona,
3794 3932 3856 3978 ut

2258 4035 2459 4090 astato,
2493 4025 2704 4089 habeto,
2745 4022 2920 4093 legito,
2960 4021 3168 4087 audito,
3196 4019 3354 4089 longa
3391 4018 3685 4089 penultima
3725 4016 3855 4071 abs-

2260 4135 2364 4188 que
2406 4119 2578 4172 tertia:
2616 4114 3010 4185 coniugationis
3049 4112 3205 4187 [Ms.,
3247 4113 3453 4183 absque
3493 4111 3654 4168 tertia
3693 4108 3860 4167 decli-

2261 4211 2522 4284 natione].
2567 4212 2748 4267 Tertia
2792 4223 3026 4280 persona
3062 4207 3229 4265 futuri
3284 4206 3483 4263 similis
3530 4214 3614 4260 est
3656 4202 3852 4273 ubique

2259 4304 2556 4376 praesenti:
2596 4302 2756 4356 tertia
2785 4315 3017 4373 persona
3059 4309 3115 4354 et
3154 4299 3330 4371 prima
3373 4297 3601 4369 pluralis
3642 4293 3848 4351 numeri

2263 4399 2454 4454 similis
2483 4412 2697 4469 quoque
2745 4402 2830 4452 est
2864 4394 3059 4467 plurali
3098 4394 3401 4467 praesentis.
3438 4391 3690 4451 SeCunda
3731 4406 3850 4463 per-

2262 4505 2395 4547 sona
2443 4488 2667 4561 pluralis
2709 4487 2764 4543 in
2805 4495 2934 4552 tote,
2971 4496 3029 4540 ut
3057 4495 3304 4552 amatote,
3336 4484 3595 4551 habetote,
3624 4483 3851 4556 legitote,

568 4602 767 4651 verant.
812 4584 1072 4660 Optativi,
1116 4582 1358 4638 futurum
1398 4587 1454 4632 et
1498 4590 1738 4648 praesens
1784 4571 2109 4643 subiunctivi
2143 4590 2153 4625 :

2265 4581 2515 4635 nuditate.
2545 4578 2727 4635 Tertia
2764 4576 2882 4632 linit
2919 4577 2972 4632 in
2998 4586 3115 4643 nte,
3146 4586 3205 4632 ut
3225 4586 3461 4642 amanto,
3501 4575 3739 4640 docento,
3779 4574 3855 4629 le-

570 4688 819 4749 Doceam,
843 4683 1050 4741 doceas,
1084 4680 1293 4738 doceat,
1314 4673 1613 4735 doceamus,
1651 4669 1774 4733 atis,
1802 4675 1914 4722 aut.
1948 4663 2149 4722 Secun-

568 4766 698 4837 dum
733 4788 975 4850 praesens
1004 4781 1216 4842 tempus
1262 4764 1513 4822 secunda:
1559 4761 1957 4832 coniugationis
1997 4759 2165 4832 286

569 4870 739 4930 futuri
762 4868 1039 4928 indicativi
1082 4863 1235 4941 [Ed.,
1268 4860 1561 4918 secundum
1594 4856 2031 4929 coniugationem
2079 4853 2162 4910 fu-

571 4966 682 5022 turi
727 4957 976 5034 indicat].
1015 4957 1076 5015 in
1120 4956 1281 5012 tertia
1314 4961 1371 5009 et
1421 4958 1613 5021 quarta
1655 4963 1814 5004 omne
1842 4961 2081 5018 praesens
2108 4956 2165 5001 et

572 5052 907 5128 praeteritum
921 5048 1146 5121 optativi
1156 5088 1170 5112 ,
1184 5055 1239 5101 et
1251 5040 1710 5113 subiunctativum
1716 5041 2053 5111 praeteritum
2070 5038 2164 5093 imo

574 5147 871 5220 perfectum
894 5141 1067 5214 leuga:
1097 5139 1203 5213 [Ed
1212 5179 1251 5205 .,
1276 5134 1512 5208 longam]
1536 5136 1590 5189 in
1614 5134 1930 5206 penultima,
1946 5141 2000 5188 et
2020 5131 2167 5202 plus-

575 5235 1039 5314 quamperfectum
1059 5236 1115 5289 in
1134 5232 1283 5288 omni
1305 5228 1711 5299 coniugatione,
1738 5225 1928 5296 prima:
1948 5238 2166 5296 quoque

576 5313 864 5403 optativus,
894 5326 1133 5382 futurum
1165 5332 1220 5377 et
1264 5318 1667 5390 subiunctivum
1703 5329 1947 5388 praesens
1978 5314 2059 5385 (ut
2094 5313 2167 5367 le-

577 5440 721 5494 gam,
762 5420 921 5490 leges,
968 5417 1116 5487 leget,
1150 5429 1318 5477 emus,
1366 5411 1481 5475 etis,
1526 5418 1647 5473 ent;
1686 5409 1866 5473 doceo,
1916 5424 2019 5471 ces,
2067 5414 2165 5471 cet,

578 5531 772 5575 camus,
813 5511 951 5572 cetis,
978 5507 1136 5575 cent),
1162 5517 1186 5544 ο
1228 5503 1309 5560 sic
1345 5500 1667 5557 detilinanda
1696 5507 1823 5553 sunt
1852 5517 1862 5550 :
1896 5497 2167 5561 Amorem,

580 5620 807 5668 amares,
850 5608 1072 5664 amaret,
1100 5610 1420 5657 amaremus,
1468 5591 1613 5656 retis,
1658 5600 1803 5651 rent;
1835 5588 2167 5651 amarissem,

2264 4682 2448 4743 gunto,
2487 4671 2763 4725 audiunto.

2336 4762 2434 4817 Fn.
2467 4764 2541 4819 De
2564 4762 2847 4819 inﬁnitivis
2888 4760 2994 4817 dic.
3018 4790 3087 4802 —-
3119 4759 3284 4817 Suo.
3324 4760 3496 4817 Omne
3524 4759 3852 4821 inﬁnitivum

2263 4856 2582 4927 praesensin
2610 4871 2685 4920 re,
2714 4860 2771 4909 et
2800 4854 3136 4925 praeteritum
3161 4854 3214 4909 in
3249 4869 3320 4917 se,
3360 4861 3413 4907 et
3440 4851 3679 4908 futurum
3703 4851 3759 4907 in
3780 4851 3855 4907 ire

2264 4950 2349 5005 vel
2386 4967 2495 5006 esse
2533 4950 2588 5003 in
2626 4950 2774 5005 omni
2812 4946 3187 5021 coniugatione
3244 4947 3478 5013 desinit,
3534 4955 3597 5001 ut
3650 4961 3852 5010 amare,

2267 5056 2489 5105 ornasse,
2528 5049 2763 5092 amatum
2796 5039 2892 5103 ire,
2923 5036 3007 5093 vel
3030 5046 3329 5090 amaturum
3367 5049 3496 5090 esse.

2337 5130 2436 5185 Fu.
2478 5128 2616 5197 Quid
2654 5129 2719 5185 de
2757 5129 2995 5200 quinque
3038 5127 3318 5196 gerundiis
3357 5124 3486 5199 [Αι.,
3527 5125 3851 5199 gerendivis]

2267 5221 2608 5279 sentiendum
2648 5220 3037 5278 est?-Ssxo.
3080 5219 3219 5288 Quid
3260 5219 3428 5285 aliud,
3467 5219 3571 5274 nisi
3609 5229 3668 5275 ut
3703 5220 3853 5290 prius

2267 5316 2399 5381 dixi,
2443 5314 2588 5385 quod
2633 5314 2880 5381 omnino,
2906 5313 3205 5369 secundum
3237 5310 3596 5377 Priscianum,
3636 5312 3851 5367 nomina

2266 5417 2412 5462 sunt.
2443 5403 2577 5459 Nam
2600 5404 3004 5475 prmpositiones
3022 5410 3301 5474 separatas
3321 5402 3658 5458 accusativos
3693 5415 3852 5458 casus

2268 5508 2326 5555 et
2347 5498 2613 5554 ablativos
2641 5494 2794 5567 illa,
2823 5494 3115 5550 accusativi
3145 5509 3301 5549 casus
3343 5503 3400 5548 ct
3428 5490 3668 5566 ablativi]
3710 5495 3848 5548 acci-

2269 5594 2424 5663 piunt
2473 5599 2531 5644 ut
2566 5587 2681 5661 [ad]
2721 5586 3039 5652 amandum,
3080 5586 3136 5643 in
3174 5586 3431 5652 amando,
3490 5583 3633 5655 quod
3687 5583 3850 5639 verbo

578 5718 683 5761 ses,
722 5708 819 5762 set,
855 5710 1020 5757 emus,
1057 5690 1176 5755 etis,
1207 5700 1338 5755 sent,
1379 5699 1500 5751 qua:
1542 5688 1669 5737 sunt
1695 5678 2095 5751 subiunctativo
2119 5688 2173 5732 et
2272 5701 2381 5741 non
2412 5691 2587 5756 potest
2609 5682 2873 5737 accidere,

657 5874 681 5900 ι
710 5854 1127 5913 Put't‘ltlllcsibus
1159 5850 1365 5905 inclusa
1397 5848 1503 5905 alio
1537 5847 1810 5918 pertinere
1844 5843 2109 5903 videntur.
