4106 6514
1327 310 1797 368 DIDASCALICA.
1837 344 1906 355 —
1943 311 2425 368 GRAMMATICA.
2514 367 2518 370 _

317 413 420 472 Fs.
445 415 585 484 Quid
604 424 782 474 tamen
806 418 973 476 distat
995 420 1154 488 inter,
1178 425 1482 491 amandum,
1507 427 1756 489 amando,
1779 437 1835 482 et
1862 438 1910 496 Α
1930 424 2160 498 iungere
2187 426 2288 480 sibi
2325 424 2428 480 nisi
2464 424 2700 487 tertiam,
2728 432 2805 488 ut,
2833 434 2890 478 tu
2921 434 2968 478 et
2998 423 3083 478 iile
3111 423 3304 478 facitis.
3346 423 3529 478 Tertia

247 515 505 570 amatum,
531 515 712 562 amata
725 508 752 562 ?
770 540 836 550 -—
857 507 1023 566 Saxo.
1059 510 1212 580 Quod
1232 514 1521 569 amandum
1542 516 1837 571 necessita-

245 605 358 653 tem
396 599 600 654 amoris
638 599 938 672 significat;
975 614 1208 661 amatam
1247 605 1460 663 initium
1497 611 1718 664 amoris.
1752 609 1838 664 Si-

247 689 452 746 militer
501 691 732 746 amando
771 692 828 748 in
880 694 1000 765 ipso
1036 710 1250 764 amore;
1302 707 1484 754 amata
1539 714 1639 770 pro
1688 714 1837 755 ama-

248 783 420 848 tione,
441 782 498 838 id
517 792 624 849 est,
651 799 752 856 pro
789 785 914 855 ipsa
934 802 996 844 re
1019 788 1314 860 accipitur.

319 871 418 927 Fn.
443 871 650 928 Passivi
692 874 847 948 [Ed.,
882 878 1107 951 passim]
1135 879 1350 952 regulas
1387 881 1564 952 pande
1592 882 1743 939 mihi.
1769 913 1841 924 —

246 959 416 1018 Suo.
459 963 700 1020 Pandam
724 967 982 1034 breviter,
1006 983 1076 1026 ne
1093 968 1354 1041 prolixior
1380 971 1506 1038 sim,
1529 987 1690 1043 quam
1711 973 1840 1028 huic

244 1055 580 1127 puerililudo
605 1058 796 1114 deceat
814 1059 929 1132 (Sic
954 1059 1127 1134 mss.).
1159 1060 1332 1119 Omne
1351 1066 1628 1135 passivum
1655 1079 1723 1121 ex
1751 1081 1840 1121 ac-

247 1147 360 1202 tivo
400 1145 544 1220 [suo]
583 1149 657 1204 sit
696 1150 899 1221 ubique
948 1166 1050 1223 per
1101 1166 1291 1210 omnes
1326 1154 1750 1227 conjugationes.
1791 1153 1838 1212 0

247 1235 402 1294 finita
430 1238 515 1293 vel
542 1256 594 1294 m
628 1238 683 1294 in
721 1241 915 1296 activis
945 1250 1187 1313 tempore
1211 1245 1546 1314 praesentiet
1566 1245 1841 1317 praeterito

247 1327 591 1400 imperfecto,
633 1340 688 1387 et
740 1331 923 1390 futuro
971 1340 1258 1390 assumunt
1304 1352 1333 1389 r
1380 1335 1433 1391 in
1472 1337 1733 1409 passivis,
1781 1345 1843 1392 ut

247 1414 444 1488 [amo,
496 1419 682 1494 amor]
734 1423 954 1489 amabo,
1011 1423 1268 1490 amabor;
1320 1437 1536 1493 amato,
1595 1438 1839 1494 amator;

243 1520 466 1566 amanto
491 1553 506 1580 ,
568 1523 855 1580 amanter;
921 1517 1198 1584 amabam,
1253 1517 1508 1586 amabar;
1563 1537 1797 1578 amarem
1823 1561 1839 1587 ,

246 1617 493 1668 amarer;
552 1620 743 1667 amem,
785 1623 972 1674 amer;
1011 1606 1202 1681 legam,
1247 1607 1412 1682 legar,
1462 1619 1568 1668 etc.
1618 1612 1843 1669 Caetera;

247 1708 498 1766 persona:
549 1697 848 1753 secundum
902 1699 1190 1772 praedictas
1242 1700 1456 1774 regulas
1508 1701 1672 1760 trium
1714 1721 1850 1761 eon-.

1936 529 2069 570 vero
2106 528 2207 570 nec
2238 513 2470 585 primam
2504 528 2606 569 nec
2657 514 2973 576 secundam,
3023 514 3115 569 sed
3157 511 3381 568 alteram
3422 521 3530 568 ter-

1939 605 2089 671 tiam,
2142 615 2224 670 ut,
2267 605 2367 660 iste
2411 613 2459 659 et
2501 603 2590 660 ille
2629 604 2852 673 fodant.
2894 604 2953 660 In
2990 605 3323 676 imperativis
3355 606 3529 674 prima

1937 710 2172 765 persona
2199 694 2491 766 singularis
2517 710 2623 750 non
2655 703 2832 765 potest
2864 710 3005 760 esse,
3034 695 3160 765 quia
3205 694 3533 750 naturaliter

1939 785 2232 855 imperans,
2259 786 2329 840 ab
2357 799 2424 840 eo
2443 784 2531 840 cui
2553 785 2786 855 imperat
2813 785 3092 840 dividitur.
3128 783 3341 838 Infinita
3367 782 3528 858 [Ms.,

1939 875 2226 951 Infinitive]
2252 885 2548 949 quoque-et
2571 878 2951 950 impersonalia
2977 888 3031 936 ct
3056 877 3320 950 gerundia
3343 887 3534 935 carent

1941 967 2258 1024 naturaliter
2283 968 2552 1038 personis.

2524 1106 2614 1165 DE
2650 1106 2965 1166 NUMERO.

2013 1217 2111 1274 Fs.
2154 1217 2448 1274 Numerum
2492 1219 2676 1275 verbis
2708 1220 3057 1276 accedentem
3089 1217 3243 1292 [Ms.,
3283 1220 3535 1275 acciden-

1943 1307 2075 1382 tem]
2105 1307 2299 1379 pande.
2334 1338 2402 1349 —
2432 1309 2597 1364 Suo.
2635 1307 2904 1364 Numerus
2935 1309 3256 1380 singularis,
3303 1319 3364 1364 ut
3396 1311 3534 1381 lego,

1943 1397 2185 1470 pluralis,
2233 1405 2294 1453 ut
2331 1396 2570 1470 legimus,
2622 1399 2833 1456 accedit
2868 1401 3036 1454 verbo
3067 1400 3232 1455 veluti
3277 1402 3533 1457 omnibus

1941 1489 2186 1561 partibus
2203 1488 2511 1547 casualibus
2540 1507 2554 1544 :
2586 1491 2680 1547 sed
2706 1491 2758 1546 in
2790 1491 2958 1546 verbo
2984 1492 3084 1546 sub
3104 1507 3208 1547 una
3237 1508 3371 1548 voce
3392 1508 3535 1548 nun-

1943 1597 2110 1654 quam
2135 1582 2427 1653 singularis
2455 1590 2510 1640 et
2546 1581 2774 1655 pluralis
2808 1583 3082 1638 invenitur
3113 1599 3373 1639 numerus
3397 1585 3540 1640 sicut

1945 1673 2000 1728 in
2029 1675 2240 1728 caeteris
2264 1672 2531 1744 partibus,
2563 1680 2622 1728 ut
2645 1672 2780 1738 dies,
2809 1689 2911 1739 res,
2950 1674 3319 1729 nominativus
3347 1674 3537 1747 singu-

236 1763 584 1856 jugauonum
635 1763 923 1858 pruenti;
979 1792 1241 1861 temporis
1292 1763 1649 1850 acclinanmr.
1707 1792 1842 1854 Nam
1876 1797 1920 1859 Β
1946 1765 2079 1861 laris
2113 1774 2170 1861 et
2210 1765 2480 1861 pluralisi
2510 1763 2622 1861 isti:
2657 1763 3006 1861 int-dativus
3033 1764 3421 1861 singularis
3448 1781 3542 1820 no-

243 1875 488 1932 secunda
526 1891 760 1948 persona
791 1879 847 1935 in
886 1881 958 1936 ris
995 1880 1081 1937 vel
1119 1881 1176 1937 in
1220 1897 1274 1937 re
1311 1881 1539 1950 desinit,
1587 1883 1745 1941 tertia
1786 1886 1842 1941 in

245 1974 370 2032 tur;
421 1974 480 2048 et
519 1968 697 2040 prima
737 1970 791 2026 in
828 1971 1022 2043 plurali
1055 1972 1106 2028 in
1147 1989 1285 2042 mur,
1329 1976 1568 2038 secunda
1600 1975 1654 2033 in
1690 1978 1840 2044 mini,

246 2059 414 2115 tertia
443 2059 501 2116 in
525 2071 668 2117 utar.
699 2061 954 2120 Omnium
977 2067 1262 2123 modorum
1280 2069 1615 2138 pmteritum
1645 2068 1842 2144 [Edit..

249 2150 471 2226 praeter]
499 2152 798 2224 perfectum
821 2166 879 2213 et
913 2157 1502 2231 plusquamperfectum
1540 2169 1596 2218 et
1623 2161 1845 2232 subjun-

251 2240 384 2296 ctivi
404 2241 645 2300 futurum
680 2261 782 2316 per
805 2248 1148 2320 participium
1175 2253 1440 2321 prmtcriti
1469 2253 1750 2323 temperis,
1790 2261 1845 2310 et

253 2348 376 2387 sum
401 2331 754 2404 subjectivum
779 2340 1006 2398 verbum
1029 2343 1350 2411 declinatur,
1366 2344 1529 2418 287
1557 2354 1617 2401 ut
1635 2353 1844 2403 amatus

252 2444 396 2494 sum,
424 2430 505 2486 vel
527 2431 607 2501 fui
632 2450 644 2487 :
673 2444 884 2491 amatus
922 2453 1096 2503 eram,
1125 2438 1209 2493 vel
1253 2437 1478 2510 fueram.
1523 2438 1840 2512 Optativus:

250 2527 462 2575 amatus
487 2538 654 2578 essem
677 2524 760 2580 vel
787 2524 1024 2597 fuissem.
1049 2526 1432 2599 Subjunctivus
1465 2550 1476 2585 :
1507 2541 1714 2587 amatus
1744 2534 1845 2588 sint

249 2607 335 2663 vel
359 2607 587 2680 fuerint;
607 2629 773 2669 essem
798 2617 883 2672 vel
911 2616 1148 2687 fuissem.
1181 2619 1444 2676 Futurum
1475 2640 1487 2673 :
1527 2633 1732 2677 amatus
1756 2639 1844 2677 oro

247 2697 337 2754 vel
365 2699 540 2771 fuero.
565 2701 786 2760 Passiva
810 2707 1118 2778 imperativi
1154 2711 1404 2768 secundae
1434 2727 1677 2784 personae
1707 2729 1848 2784 pra:-

247 2791 426 2846 sentis
451 2789 759 2868 [temporis]
798 2797 852 2853 in
891 2801 1040 2857 omni
1064 2800 1440 2878 coniugatione
1466 2805 1672 2861 similes
1710 2805 1846 2863 acti-

247 2881 332 2938 vis
353 2881 659 2952 inﬂnitivis,
689 2897 749 2943 ut
775 2907 978 2957 amare,
998 2893 1204 2960 docere,
1242 2895 1432 2966 legere,
1471 2897 1677 2965 audire,
1714 2913 1848 2969 pen-

251 2973 446 3031 ultima
476 2975 658 3050 longa,
679 2979 784 3035 nisi
814 2982 973 3039 tertia
1000 2983 1396 3059 coniugatione.
1427 2988 1610 3045 Tertia
1633 3005 1760 3046 vero
1789 2991 1847 3047 in

253 3073 346 3120 tur
374 3067 514 3134 exit,
555 3069 730 3142 prima
770 3073 994 3144 pluralis
1038 3075 1094 3132 in
1129 3093 1268 3144 mur,
1310 3081 1546 3138 seetmda
1595 3082 1648 3137 in
1680 3081 1844 3149 mini,

1945 1853 2238 1912 minativus
2287 1856 2533 1927 pluralis.
2587 1854 2883 1912 Sciendum
2931 1871 3146 1926 quoque
3192 1865 3277 1912 est
3329 1855 3456 1920 tibi,
3505 1872 3539 1910 ο

1945 1945 2186 2013 France,
2228 1949 2372 2019 quod
2413 1964 2747 2020 quaecunque
2778 1948 2942 2004 verba
2982 1949 3230 2020 personis
3258 1949 3534 2014 deficiunt,

1944 2055 2160 2111 semper
2204 2047 2260 2096 et
2303 2053 2530 2096 numero
2560 2039 2826 2096 defectiva
2869 2039 3025 2106 fiunt,
3055 2047 3114 2094 ut
3154 2039 3540 2111 impersonalia

1943 2142 2002 2187 et
2048 2132 2336 2187 inlinitiva.
2377 2131 2504 2189 Ideo
2551 2131 2965 2203 pronominibus
3015 2131 3216 2186 additis
3256 2141 3543 2187 assumunt

1943 2237 2206 2295 personas
2247 2231 2303 2278 et
2339 2233 2618 2289 numeros,
2669 2229 2748 2288 ut,
2798 2219 2988 2292 legitur
3030 2239 3066 2276 a
3101 2237 3205 2286 me,
3251 2237 3284 2275 a
3325 2219 3473 2275 nobis
3522 2233 3538 2270 :

1944 2313 2111 2386 legere
2138 2321 2188 2368 te
2211 2312 2344 2380 volo,
2377 2322 2432 2370 et
2461 2313 2632 2386 legere
2655 2329 2744 2368 vos
2774 2311 2908 2367 volo.

2015 2426 2114 2484 Fu.
2150 2427 2258 2485 Sed
2301 2428 2429 2501 quia
2467 2428 2735 2486 defectiva
2782 2440 2906 2484 esse
2951 2428 3116 2484 verba
3169 2427 3539 2493 introduxisti,

1945 2517 2126 2575 subito
2170 2518 2437 2575 defectiva
2474 2534 2574 2590 per
2609 2518 2817 2589 singula
2861 2515 3166 2572 accidentia
3193 2531 3329 2588 Opus
3364 2516 3542 2572 habeo

1945 2619 2007 2666 ut
2024 2607 2230 2684 pandas
2247 2609 2400 2677 mlhl,
2414 2612 2649 2668 maxime
2669 2611 2795 2682 quia
2811 2611 3054 2666 Donatus
3069 2608 3332 2680 magister
3357 2616 3544 2666 noster

1946 2704 2063 2761 haec
2085 2706 2240 2762 valde
2268 2706 2499 2762 obscure
2523 2711 2580 2761 et
2615 2704 2854 2761 breviter
2887 2703 3081 2774 tetigit.
3113 2729 3188 2743 --
3221 2700 3388 2756 Saxo.
3424 2698 3542 2757 Non

1946 2811 2066 2854 sum
2095 2799 2192 2855 tibi
2218 2797 2432 2855 debitor
2465 2795 2950 2861 irrationabilium,
2990 2794 3084 2851 sed
3115 2793 3539 2857 rationabilium,

1944 2896 2002 2945 et
2023 2901 2212 2946 eorum
2237 2903 2358 2960 quae
2382 2887 2582 2961 regulis
2612 2887 2946 2956 subiaceant.
2982 2884 3257 2950 Attamen,
3288 2885 3368 2940 uti
3397 2884 3543 2938 scias

1946 2997 2055 3037 non
2080 2995 2167 3036 me
2203 2981 2523 3038 invidiosum
2555 2995 2674 3036 esse
2705 2980 2757 3034 in
2788 2988 2869 3045 te,
2904 2977 3049 3034 sicut
3071 2992 3176 3033 nec
3203 2985 3259 3033 te
3287 2975 3540 3032 fastidio-

1947 3071 2066 3129 sum
2094 3071 2354 3145 intelligo,
2393 3070 2625 3143 pandam
2667 3071 2847 3140 aliqua
2883 3086 2951 3124 ex
2993 3065 3119 3123 illis.
3157 3065 3354 3122 Tribus
3392 3065 3539 3122 enim

256 3154 423 3232 [quod
454 3161 512 3218 in
551 3163 844 3221 indicativo
871 3175 925 3225 et
963 3168 1282 3240 imperativo
1307 3173 1557 3229 similiter
1575 3171 1847 3246 profertur
1872 3151 1922 3216 (ἶ
1952 3165 2126 3220 modis
2150 3163 2340 3230 verba.
2362 3161 2448 3219 vel
2473 3160 2628 3236 [Hm
2657 3161 2823 3234 velut]
2859 3161 2980 3217 alia:
3014 3169 3202 3232 partes
3227 3156 3413 3232 [fiunt]
3443 3157 3540 3214 de-

253 3248 453 3319 (Edit.,
480 3254 628 3324 quod
660 3254 1013 3327 imperativus
1049 3269 1106 3316 et
1127 3259 1428 3318 infinitivus
1453 3262 1707 3322 similiter
1728 3276 1852 3336 pro-

251 3340 559 3418 feruntur)]
594 3347 647 3402 in
685 3349 862 3418 prima
895 3349 1293 3424 coniugatione.
1325 3353 1509 3410 Tertia
1532 3353 1757 3426 pluralis
1793 3354 1853 3411 iu

251 3435 451 3506 prima,
498 3437 556 3494 in
595 3448 784 3509 antur;
813 3441 935 3500 aliis
985 3443 1041 3500 in
1082 3455 1281 3502 antur:
1315 3453 1371 3503 et
1400 3445 1568 3503 futuri
1594 3444 1854 3522 temporis

252 3531 493 3587 secunda
522 3546 759 3603 persona
787 3534 844 3590 in
869 3545 970 3602 tor,
1000 3543 1056 3593 et
1097 3539 1260 3595 tertia
1302 3540 1357 3595 in
1394 3549 1522 3594 tur:
1549 3548 1605 3597 et
1628 3540 1854 3614 pluralis

254 3621 428 3690 prima
452 3621 506 3677 in
532 3638 620 3689 ur,
640 3632 695 3679 et
712 3626 954 3683 secunda
977 3628 1035 3683 in
1056 3629 1247 3695 minor,
1271 3638 1328 3686 et
1357 3633 1517 3687 tertia
1547 3632 1601 3687 in
1629 3642 1768 3698 utor,
1791 3641 1852 3688 ut

257 3727 455 3777 amare,
489 3723 730 3781 ametur;
765 3733 1024 3787 amemur,
1059 3722 1378 3788 amaminor,
1407 3733 1647 3779 amentur
1673 3741 1690 3778 ἔ
1713 3739 1856 3780 ame-

253 3809 356 3866 tor,
390 3811 634 3868 ametur;
654 3821 914 3874 amemur,
942 3809 1251 3876 ameminor,
1287 3822 1546 3869 amentur.
1582 3811 1855 3872 Infinitive

253 3894 472 3964 passiva
495 3911 712 3968 semper
729 3897 781 3952 in
798 3898 1112 3969 ipraasentis
1126 3905 1408 3973 temporis,
1421 3912 1482 3960 ut
1495 3905 1686 3974 ainari,
1699 3905 1827 3963 doce
1842 3941 1853 3950 -

255 3983 325 4049 ri,
343 3981 462 4056 legi,
479 3987 678 4042 audiri.
695 3987 764 4043 Et
782 3993 1116 4059 praeteritum
1129 4009 1228 4064 per
1245 3994 1590 4068 participium
1606 3998 1854 4056 neutrale

254 4080 314 4129 et
327 4089 438 4128 esse
456 4076 540 4130 vel
562 4075 746 4146 fuisse,
767 4089 826 4134 ut
845 4081 1055 4136 doctu»:
1075 4099 1186 4139 esse
1200 4086 1286 4140 vel
1311 4087 1492 4157 fuisse.
1520 4087 1589 4144 Et
1609 4086 1852 4152 futurum

256 4165 314 4219 in
351 4164 440 4230 iri,
488 4176 551 4222 ut
589 4177 825 4224 amatum
859 4171 948 4226 iri.
986 4172 1127 4230 Ecce
1173 4174 1373 4244 habes,
1417 4177 1657 4244 France,
1705 4181 1852 4251 quod

255 4257 532 4326 quasisti;
574 4260 670 4316 sed
721 4269 813 4317 tua
858 4265 1150 4322 curiositas
1190 4276 1244 4325 te
1281 4268 1413 4326 facit
1454 4285 1562 4327 non
1610 4269 1853 4329 amatum

254 4363 345 4402 ll’l.

324 4437 425 4494 Fu.
453 4438 567 4498 Nec
588 4448 676 4498 tua
705 4449 758 4498 te
783 4444 982 4503 indivia
1005 4460 1220 4520 gratum
1239 4452 1327 4509 iri.
1351 4485 1425 4497 —
1445 4454 1613 4515 Suo.
1643 4455 1846 4516 Caute!

253 4545 323 4586 ne
359 4530 547 4588 audiat
573 4534 668 4604 qui
703 4533 979 4608 flagellare
1015 4541 1172 4599 solet.
1217 4543 1327 4600 Sed
1366 4561 1700 4620 prosequere
1737 4566 1846 4607 cae-

255 4631 392 4679 tera.

325 4714 424 4770 Fa.
463 4715 535 4772 Ut
570 4733 714 4786 reor,
753 4721 892 4776 ordo
930 4723 1289 4781 accidentium
1314 4727 1559 4798 deposcit
1582 4745 1849 4801 personas

255 4804 548 4863 verberum
579 4807 930 4882 investigare.
959 4841 1031 4854 --
1064 4812 1230 4872 Suo.
1262 4814 1518 4874 Persona:
1555 4821 1846 4878 verborum

257 4904 372 4952 tres
406 4907 553 4953 sunt.
585 4899 769 4957 Prima
796 4910 898 4968 est,
930 4920 1051 4976 qua:
1073 4903 1141 4961 de
1163 4905 1342 4979 seipsa
1369 4905 1610 4979 loquitur
1629 4919 1685 4966 et
1711 4911 1846 4970 alias

258 4985 510 5043 ostendit.
542 4986 814 5056 Secunda,
852 4991 923 5047 ad
947 5008 1111 5062 quam
1135 4994 1392 5066 loquitur.
1421 4997 1622 5063 Tertia,
1656 5001 1724 5056 de
1743 5017 1848 5072 qua

259 5081 511 5150 loquitur.
560 5080 672 5138 Nisi
721 5085 868 5141 enim
917 5085 990 5140 sit
1041 5087 1253 5159 prima,
1301 5103 1421 5158 quae
1471 5089 1682 5160 profert
1733 5107 1850 5148 ser-

261 5189 490 5239 .uonem,
521 5175 640 5231 alize
678 5191 802 5234 esse
851 5195 958 5234 non
992 5190 1238 5250 possunt.
1284 5181 1353 5238 Et
1396 5185 1587 5253 prima:
1625 5184 1847 5256 quidem

266 5278 308 5324 ξι
352 5269 602 5326 secundae
657 5272 950 5328 verborum
1006 5291 1252 5346 personae
1303 5277 1468 5334 finitae
1506 5288 1664 5345 sunt;
1707 5297 1847 5352 pra:-

265 5367 438 5417 zcntes
470 5361 617 5417 enim
657 5363 1058 5422 demonstrant.
1111 5366 1294 5423 Tertia
1325 5384 1457 5425 vero
1483 5370 1692 5426 infinita
1725 5383 1842 5438 est,

275 5462 440 5524 taque
477 5464 600 5526 eget
644 5455 967 5528 plerumque
1015 5461 1370 5530 pramomine,
1413 5471 1472 5517 ιιι
1531 5463 1841 5522 definiatur.

271 5543 322 5597 it
349 5546 524 5613 prima
577 5546 796 5617 quidem
838 5557 1017 5620 potest
1057 5552 1158 5608 sibi
1205 5561 1262 5608 et
1305 5554 1600 5610 secundam
1649 5564 1704 5611 et
1743 5564 1848 5612 ter-

280 5635 386 5689 iam
433 5637 795 5711 conjungere,
825 5649 920 5704 ut,
965 5659 1057 5713 ego
1105 5651 1152 5696 et
1199 5652 1286 5709 tu,
1325 5654 1372 5697 ct
1425 5659 1519 5698 nos
1565 5645 1837 5714 facimus:

275 5738 348 5795 ’σο
383 5735 432 5780 et
475 5727 562 5783 ille
594 5728 837 5801 facimus.
880 5734 1130 5791 Secunda
1159 5750 1288 5791 vero
1327 5752 1430 5792 non
1458 5735 1682 5812 [potest]
1715 5755 1842 5795 cou-

1951 3251 2193 3322 fectivaa;
2231 3261 2325 3312 aut
2356 3261 2563 3312 naturas
2607 3254 2953 3322 necessitate,
2992 3261 3088 3308 aut
3129 3252 3361 3308 fortunae
3389 3265 3540 3316 casu,

1951 3345 2034 3406 vel
2059 3345 2372 3405 differentiae
2397 3363 2582 3405 causa.
2613 3347 2830 3404 Natura:
2852 3345 3197 3411 necessitate,
3221 3351 3306 3409 ιιι,
3331 3343 3378 3399 si
3407 3345 3541 3397 veli-

1950 3454 2073 3500 tuus
2119 3442 2477 3499 masculinum
2527 3443 2710 3499 dicere
2757 3441 2826 3497 ab
2879 3456 2963 3504 eo,
2999 3439 3145 3512 quod
3186 3437 3315 3512 [est]
3351 3445 3539 3507 nupta,

1951 3543 2141 3606 nuptas
2185 3544 2204 3588 .‘
2252 3532 2338 3591 vel
2366 3549 2398 3590 ι
2427 3543 2716 3607 puerpera,
2759 3549 3068 3605 puerperas,
3111 3538 3381 3607 repugnat
3427 3531 3545 3601 ipsa

1952 3642 2132 3684 rerum
2162 3637 2356 3684 natura
2390 3641 2403 3682 :
2431 3622 2518 3684 vel
2546 3626 2968 3683 lnconsonantize
3003 3639 3200 3690 causa;
3235 3630 3310 3690 ut,
3342 3621 3387 3677 si
3415 3621 3544 3676 veli-

1950 3736 2071 3778 mus
2083 3737 2114 3777 a
2127 3736 2319 3778 cursor
2329 3716 2560 3776 curstrla!
2579 3715 2762 3776 facere
2782 3716 3126 3782 femininum,
3141 3717 3284 3771 sicut
3311 3732 3342 3771 a
3365 3715 3545 3770 victor

1949 3809 2160 3877 uictrix,
2193 3810 2544 3867 inconsonum
2565 3805 2714 3884 [est].
2747 3805 2804 3864 In
2831 3803 3062 3863 fortuna:
3090 3822 3241 3872 casu,
3277 3804 3539 3861 inusitata

1949 3909 2007 3958 et
2032 3901 2209 3973 turpia
2236 3901 2502 3966 vitantur,
2547 3909 2601 3956 et
2625 3900 2823 3972 quibus
2851 3903 3106 3953 auctores
3136 3910 3243 3950 non
3275 3902 3539 3956 utuntur;

1951 3995 2223 4069 quomodo
2255 4009 2285 4049 a
2321 3994 2389 4049 do
2435 3993 2534 4049 dor
2571 3991 2865 4048 secundum
2908 3985 3151 4060 regulam
3182 3984 3291 4042 dici
3329 3985 3537 4056 potuit;

1951 4084 2048 4141 sed
2091 4086 2217 4157 quia
2267 4085 2320 4140 in
2363 4084 2676 4142 auctoribus
2723 4098 2830 4138 non
2873 4081 3170 4146 invenitur,
3227 4091 3548 4134 recusamus

1949 4177 2148 4236 dicere.
2194 4178 2519 4236 Diﬂ‘erentia:
2553 4187 2770 4250 quoque
2794 4190 2957 4231 causa
2995 4174 3228 4245 plurima
3273 4171 3538 4234 vitantur,

1951 4279 2031 4336 ut,
2060 4269 2189 4340 fero,
2220 4271 2344 4341 fers,
2372 4270 2471 4340 fert
2497 4285 2594 4341 per
2621 4279 2912 4340 syncopam
2953 4267 3071 4321 sine
3098 4267 3114 4320 i
3141 4265 3320 4320 littera
3360 4264 3414 4318 in
3457 4277 3543 4318 se-

1951 4355 2126 4417 cunda
2148 4367 2206 4417 et
2229 4361 2388 4416 tertia
2424 4375 2655 4433 persona
2685 4353 2999 4433 profertur,
3026 4371 3095 4412 ne
3119 4356 3164 4413 si
3195 4356 3354 4427 feris,
3393 4352 3541 4424 ferit,

1953 4451 2119 4518 dicas,
2152 4468 2184 4508 a
2225 4451 2357 4521 ferio
2386 4459 2606 4525 putetur
2649 4451 2854 4506 venire.
2905 4449 2996 4504 Sic
3039 4445 3154 4509 edo,
3194 4462 3273 4512 es,
3317 4455 3414 4510 est,
3460 4453 3543 4508 et,

1951 4545 2088 4613 volo,
2139 4544 2239 4611 vis,
2271 4541 2748 4612 vult,dill‘erentize
2776 4557 2940 4598 causa
2988 4537 3294 4596 anomalam
3340 4536 3545 4594 habent

1945 4636 2326 4694 litteraturam.
2373 4638 2441 4693 Et
2481 4634 2597 4694 volo
2645 4635 2969 4691 naturaliter
3005 4632 3327 4702 imperativo
3381 4628 3557 4684 modo.

1948 4737 2119 4795 caret,
2150 4729 2276 4799 quia
2309 4729 2566 4800 imperata
2601 4723 2947 4784 necessitatis
2974 4732 3120 4789 sunt,
3157 4739 3264 4778 non
3290 4722 3540 4776 volunta-

1946 4820 2037 4875 tis.
2066 4817 2158 4876 Sic
2185 4819 2291 4891 fac,
2308 4818 2430 4884 duc,
2458 4819 2564 4886 dic,
2587 4820 2686 4890 fer,
2714 4816 2919 4889 placuit
2941 4816 3254 4872 auctoribus
3280 4829 3378 4886 per
3401 4828 3539 4885 ape-

1945 4924 2137 4981 copam
2167 4908 2396 4981 proferri
2427 4909 2743 4967 differentiae
2768 4909 2938 4981 288
2974 4920 3163 4974 ausa,
3206 4921 3276 4962 ne
3312 4905 3358 4962 si
3401 4905 3552 4976 face,

1951 5003 2106 5071 duce,
2132 5003 2268 5072 dice,
2296 5003 2423 5076 fere,
2451 5003 2779 5069 diceremus,
2805 5001 2949 5057 aliud
2979 4999 3292 5073 significare
3314 5004 3540 5070 putare-

1951 5112 2093 5155 mus.
2143 5095 2276 5153 Item
2320 5098 2487 5154 multa
2525 5112 2633 5154 non
2677 5098 2953 5161 dicuntur,
2984 5092 3111 5164 quia
3140 5092 3196 5147 in
3228 5089 3542 5146 auctoribus

1951 5207 2058 5248 non
2106 5190 2468 5256 inveniuntur,
2503 5192 2569 5247 de
2614 5191 2812 5262 quibus
2856 5203 2956 5260 per
2999 5184 3209 5259 singula
3241 5182 3544 5241 accidentia

1951 5282 2131 5355 aliqua
2161 5292 2265 5340 tua:
2289 5285 2520 5355 pandam
2549 5281 2816 5339 aviditati.

2020 5373 2155 5429 Nan
2194 5390 2372 5446 quaso
2401 5389 2508 5431 non
2551 5374 2716 5430 habet
2743 5371 2878 5427 alios
2912 5369 3102 5426 modos
3144 5367 3250 5424 nisi
3286 5366 3536 5422 indicati-

1949 5479 2105 5529 vum;
2128 5479 2415 5536 personam
2445 5465 2674 5537 primam
2702 5465 2756 5518 in
2783 5470 3011 5531 utroque
3033 5473 3284 5523 numero,
3315 5464 3370 5511 et
3396 5455 3543 5528 [que-

1948 5554 2080 5630 sere]
2121 5556 2464 5614 infinitivum.
2503 5557 2635 5613 Item
2671 5562 2787 5610 ovat
2812 5561 2871 5608 et
2898 5552 3037 5623 infit,
3069 5567 3177 5608 non
3208 5549 3408 5606 habent
3436 5545 3540 5602 nisi

1949 5647 2162 5702 tertiam
2188 5662 2506 5719 personam;
2537 5655 2594 5702 et
2619 5662 2781 5701 ovans
2800 5643 3165 5715 participium.
3191 5640 3324 5696 Item
3345 5637 3538 5700 ausim,

1947 5737 2001 5800 ω
2025 5747 2127 5807 est,
2160 5743 2540 5797 auctoritatem
2571 5737 2804 5797 habeam
2830 5755 2842 5790 :
2867 5743 2921 5791 et
2941 5734 3176 5807 inquam,
3203 5738 3391 5789 contra
3422 5743 3540 5787 m0-

3422 310 3636 365 182'
