4106 6488
523 297 627 356 885

1342 300 1403 357 Β.
1445 302 1505 359 F.
1547 303 1772 359 ALBINI
1809 301 1940 359 SEU
1980 301 2258 359 ALCUINI
2300 302 2584 360 OPERUM
2622 301 2803 360 PARS
2842 303 2952 362 VII.

3678 305 3786 362 εει

524 431 643 470 rem
670 415 722 470 in
753 414 925 486 prima
962 430 1190 487 persona
1227 416 1591 485 proferuntur.
1629 415 1782 471 Salve
1825 424 1881 472 et
1914 414 2106 470 salvete
2136 411 2442 476 Afuerant.
2497 411 2728 469 Futuro.
2772 414 2902 482 Ero,
2950 414 3079 480 eris,
3130 422 3253 471 ent.
3311 413 3513 471 Plural.
3546 415 3790 482 Erimus,

522 510 844 578 imperativa
896 516 1108 564 tantum
1175 509 1467 564 secundum
1537 524 1823 580 personam
1879 508 2098 563 habent.

518 600 677 664 Item,
724 598 848 655 cede
876 615 975 671 pro
1013 599 1078 655 da
1106 598 1261 672 [Ms.,
1291 600 1421 672 die].
1449 599 1570 654 σεῖε
1601 599 1747 672 [Ms.,
1778 596 1978 671 Cedite]
2006 615 2103 670 pro

519 693 662 747 date.
711 690 997 748 Terentius
1027 713 1039 746 :
1072 691 1194 749 Ccte
1240 696 1382 765 patri
1427 709 1562 760 meo,
1605 693 1657 748 id
1683 702 1785 758 est,
1818 694 1941 748 date
1974 710 1987 747 :
2038 693 2106 748 Et

518 800 636 852 aue,
665 799 763 857 pro
789 785 961 857 grpude
1004 803 1016 839 :
1054 794 1109 842 et
1136 796 1280 840 arcte
1316 801 1417 857 pro
1445 785 1674 856 gaudete
1702 786 1950 841 secunda:
1976 800 2104 856 per-

518 891 665 932 sona:
691 884 837 931 sunt.
861 876 995 932 Item
1024 875 1172 945 faxo,
1198 892 1300 948 pro
1321 877 1515 932 faciam
1545 876 1711 933 futuri
1739 876 1996 947 temporis
2021 884 2106 932 est

519 974 731 1019 txntum
757 965 1031 1021 indicativi
1064 966 1229 1031 modi,
1260 974 1316 1021 et
1360 967 1489 1024 facit
1516 985 1529 1021 :
1556 966 1705 1038 faxo,
1737 968 1897 1038 faris,
1927 967 2101 1037 faxit;

519 1055 773 1124 faximus,
801 1054 1003 1124 faxitis,
1032 1056 1241 1127 faxunt,
1267 1056 1321 1111 id
1342 1064 1445 1123 est,
1473 1056 1840 1114 facient.ltem
1865 1071 1880 1111 τ
1905 1058 2103 1128 facesso

518 1153 574 1200 et
604 1161 837 1214 capesso,
874 1154 931 1202 et
964 1146 1094 1211 uiso,
1125 1147 1491 1203 desiderativa
1522 1156 1666 1211 sunt,
1699 1164 1807 1202 non
1852 1147 2102 1217 frequcn-
2130 1224 2131 1227 η

518 1232 705 1298 tativa,
740 1236 866 1306 quia
895 1236 1084 1306 primm
1110 1253 1217 1292 non
1260 1250 1386 1293 sunt
1411 1239 1824 1311 conjugationis.
1856 1236 2101 1303 Fac‘esso,

518 1328 575 1384 id
626 1337 729 1395 est,
778 1328 1029 1385 desidero
1070 1329 1269 1386 facere.
1310 1329 1560 1403 Capesso,
1601 1332 1848 1388 desidero
1886 1345 2100 1401 capere.

526 1416 673 1485 Viso,
702 1418 755 1474 id
777 1429 880 1485 est,
917 1420 1167 1475 desidero
1187 1421 1389 1476 videre.
1416 1421 1553 1477 Item
1572 1421 1665 1487 sis,
1697 1422 1749 1475 id
1770 1430 1877 1486 est,
1908 1421 1953 1476 si
1980 1422 2061 1475 vis
2086 1440 2098 1474 :

515 1520 574 1568 et
591 1512 761 1576 sodes,
787 1512 839 1568 id
869 1521 973 1578 est,
995 1514 1041 1569 si
1061 1515 1245 1580 audes,
1270 1515 1520 1571 secunda:
1538 1530 1781 1586 personzr
1803 1523 1944 1568 sunt.
1968 1512 2101 1568 Item

516 1599 673 1670 foret,
698 1615 796 1672 pro
821 1610 987 1667 esset,
1008 1610 1063 1658 et
1086 1602 1254 1672 forent
1276 1620 1375 1675 pro
1400 1615 1582 1660 essent
1604 1619 1619 1660 :
1645 1612 1703 1660 et
1726 1602 1839 1674 fore
1863 1619 1962 1675 pro
1983 1617 2102 1660 esse

515 1690 813 1747 invenitur.
851 1691 982 1748 Item
1009 1694 1094 1747 aio
1120 1701 1175 1750 et
1201 1695 1335 1749 meio
1365 1695 1419 1750 in
1448 1694 1635 1753 multis
1659 1695 1935 1752 deliciunt.
1964 1694 2101 1751 Nam

2203 503 2378 570 eritis,
2406 512 2586 559 erant.
2620 504 2947 576 Imperativo
2966 504 3127 563 modo
3152 512 3394 576 tempore
3417 508 3693 579 praesenti,
3716 508 3792 564 ad

2200 597 2493 653 secundam
2518 606 2574 653 et
2593 599 2808 653 tertiam
2835 612 3121 669 personam
3147 617 3161 655 :
3194 598 3283 655 Sis
3305 598 3384 654 rei
3401 615 3480 665 es,
3507 601 3596 657 sit.
3623 598 3787 655 Plur.

2203 686 2384 743 Simus
2419 688 2614 760 [estote
2665 688 2767 762 vel]
2793 689 2935 755 sitis,
2980 689 3122 755 sint;
3169 698 3219 744 et
3260 699 3420 745 sunto
3462 700 3511 745 et
3550 698 3791 746 suntote.

2202 779 2455 854 Optativo
2486 782 2644 839 modo
2672 792 2885 852 tempus
2907 797 3137 852 prmsens
3162 788 3211 835 et
3245 776 3581 836 Prattert'tum
3601 781 3809 851 imper-

2202 869 2323 940 fect.
2356 872 2571 927 Utinam
2592 886 2795 938 essem,
2819 886 2989 936 esses,
3015 880 3160 927 esset
3205 888 3217 924 :
3263 868 3473 925 Plurat.
3503 869 3782 933 Essemus,

2201 962 2414 1025 essetis,
2442 970 2641 1017 essent.
2691 959 2956 1016 Prmterit.
3004 957 3228 1030 Perfert.
3277 970 3326 1013 et
3371 957 3789 1031 Plusquamper-

2204 1051 2328 1121 fect.
2369 1053 2636 1118 Fuissem,
2684 1052 2901 1117 fuisses,
2939 1051 3150 1106 fuisset.
3193 1046 3400 1105 Plural.
3448 1048 3785 1107 Fuissemus.

2203 1141 2465 1208 fuissetis,
2507 1142 2750 1199 fuissent.
2790 1142 3071 1197 Futurum.
3112 1141 3248 1205 Sim,
3279 1142 3373 1205 sis,
3414 1142 3527 1197 sit:
3572 1138 3789 1194 Plural.

2202 1234 2406 1301 Simus,
2459 1237 2596 1300 sitis,
2629 1237 2753 1291 sint.
2785 1237 3140 1306 Cenjuoctivo
3173 1236 3334 1291 modo
3380 1245 3608 1307 tempore
3650 1251 3797 1305 pne-

2202 1330 2335 1384 senti
2360 1343 2379 1380 :
2416 1344 2538 1385 cum
2567 1330 2689 1393 sim,
2735 1332 2827 1394 sis,
2858 1330 2947 1384 sit.
2982 1326 3190 1382 Plural.
3239 1326 3440 1393 Simus,
3473 1328 3614 1392 sitis,
3653 1329 3789 1381 sint.

2203 1416 2519 1489 Imperfecto
2556 1433 2573 1470 :
2607 1419 2792 1475 Essem
2812 1461 2827 1485 ,
2855 1435 3023 1484 esses,
3054 1427 3220 1474 esset.
3268 1416 3471 1472 Plural.
3508 1418 3796 1483 Essemus,

2203 1509 2417 1575 essetis,
2448 1519 2651 1565 essent.
2685 1507 3006 1580 Perfectum.
3042 1509 3179 1565 Cum
3204 1509 3418 1574 fuerint,
3457 1509 3641 1573 fueris,
3675 1508 3796 1564 fue—

2204 1602 2294 1656 rit.
2340 1600 2486 1656 Plur.
2517 1601 2822 1665 Fuerimus,
2842 1599 3081 1667 fueritis,
3117 1600 3336 1656 fuerint.
3377 1597 3794 1671 Plusquamper-

2203 1694 2396 1767 factum
2423 1707 2443 1747 :
2480 1693 2615 1751 Cum
2636 1694 2882 1759 fuissem,
2910 1692 3128 1759 fuisses,
3152 1692 3359 1749 fuisset.
3391 1689 3596 1746 Plurat.
3631 1690 3796 1746 I-‘uiso

516 1783 625 1848 oio,
652 1784 753 1849 ais,
782 1784 898 1839 ait:
930 1794 986 1841 et
1011 1786 1150 1850 aitis,
1190 1786 1363 1855 aiunt,
1406 1786 1566 1855 facit;
1606 1788 1659 1844 in
1698 1789 1872 1860 prima
1906 1788 2097 1861 plurali
2127 1778 2175 1840 Β
2203 1803 2408 1854 smnus,
2455 1787 2708 1851 fuissetis,
2768 1787 3016 1842 fuissent.
3082 1785 3370 1842 Futurum.
3429 1784 3561 1841 Cum
3609 1782 3789 1849 fuero,

514 1870 700 1927 deficit
732 1888 747 1926 :
780 1880 839 1928 et
874 1873 947 1929 ait
972 1875 1302 1945 prmteritum
1328 1876 1628 1948 perfectum
1658 1896 1671 1933 :
1702 1878 1843 1933 sicut
1868 1879 1999 1934 meio
2021 1879 2102 1934 in-

511 1962 785 2020 ﬁnitivum
814 1967 1002 2021 meiere
1028 1965 1175 2021 facit.
1210 1967 1381 2033 Sunt,
1412 1984 1534 2041 qua:
1562 1969 1705 2025 idem
1734 1970 1935 2025 habent
1962 1985 2100 2040 pne-

511 2068 642 2112 oens
682 2062 739 2111 et
777 2058 1114 2126 praeteritum
1145 2058 1521 2128 imperfectum
1571 2058 1706 2133 [.4l.,
1751 2057 2096 2133 perfectum],

508 2145 632 2201 haec
670 2144 784 2201 sola
815 2161 831 2201 :
868 2145 978 2212 odi,
1010 2149 1129 2201 uovi
1148 2188 1163 2211 ,
1201 2149 1446 2216 memini,
1494 2150 1641 2221 ccepi,
1673 2150 1865 2220 pepigi,
1898 2150 2015 2206 haec
2044 2150 2098 2205 in

507 2237 828 2308 Imperfecto
844 2237 982 2313 [Al.,
1005 2239 1348 2315 imperativo]
1368 2242 1626 2298 deficiunt
1645 2252 1843 2315 praeter
1864 2244 2095 2309 memini,

507 2328 652 2397 quod
676 2339 932 2384 memento
957 2338 1011 2385 et
1042 2342 1350 2387 mementote
1375 2332 1539 2399 facit;
1570 2342 1627 2389 et
1652 2334 1707 2388 in
1736 2333 1920 2390 futuro
1940 2342 1996 2390 et
2017 2335 2100 2391 in-

505 2417 718 2477 finitiva
745 2418 907 2475 modo
929 2429 992 2477 et
1018 2422 1073 2477 in
1109 2422 1333 2493 supinis,
1379 2440 1480 2479 nec
1520 2441 1626 2480 non
1668 2424 1723 2480 in
1771 2425 2093 2497 participiis,

505 2513 753 2584 utrisque
780 2516 1115 2585 temporibus
1158 2514 1292 2588 [Αι.,
1333 2520 1617 2590 utriusque
1653 2517 1937 2591 temporis]
1966 2519 2097 2575 defl-

504 2602 676 2668 ciunt,
708 2612 907 2674 printer
932 2605 1043 2671 odi,
1091 2608 1235 2677 quod
1279 2607 1359 2680 [in
1398 2607 1577 2680 ﬁgura
1621 2608 1944 2684 composita]
1989 2613 2096 2666 duo

506 2696 794 2769 participia
834 2695 1119 2771 [praeteriti
1162 2701 1442 2775 temporis]
1477 2702 1615 2758 facit
1664 2722 1676 2757 :
1730 2719 1944 2770 exosus,
1972 2719 2093 2775 per-

503 2801 650 2841 osus.
675 2786 815 2842 Sunt
833 2789 1051 2859 passiva
1076 2807 1289 2862 quoque
1303 2792 1715 2863 etdcponentia,
1742 2810 1862 2865 qua:
1877 2795 1931 2849 in
1957 2810 2096 2867 prae.

501 2879 669 2933 εει-διο
693 2878 981 2946 deficiunt,
1024 2882 1131 2938 nisi
1175 2883 1392 2939 aliunde
1425 2884 1494 2940 ad
1540 2887 1969 2957 supplementum
2003 2889 2097 2944 de-

500 2969 816 3027 clinationis
844 2983 1154 3029 assumatur
1177 2977 1534 3046 praneritum.
1580 2977 1675 3044 Ut,
1717 2979 1881 3049 feror,
1911 2980 2091 3050 ferior,

499 3059 679 3127 tollor,
732 3077 939 3131 poscor,
997 3080 1226 3134 urgeor;
1280 3064 1488 3121 faciunt
1536 3070 1682 3123 enirn
1734 3070 2092 3139 prmeritum,

501 3150 644 3207 fetus
667 3170 809 3219 sunt,
840 3154 976 3209 ictus
999 3173 1115 3209 sum
1134 3199 1150 3223 ,
1177 3157 1416 3213 sublatus
1444 3175 1593 3226 sum,
1628 3161 1923 3230 postulatus
1951 3178 2091 3228 sum,

503 3244 768 3300 convictus
793 3264 930 3301 sum.
969 3247 1102 3303 Item
1132 3250 1456 3319 deponentis
1489 3266 1504 3305 :
1536 3268 1731 3319 vescor,
1776 3252 1945 3323 fruor,
1980 3270 2091 3310 me-

502 3332 651 3398 door,
690 3335 880 3408 liquor,
910 3340 1217 3393 reminiscor
1246 3338 1437 3413 [Edit.,
1480 3343 1828 3417 remunerer],
1861 3345 2088 3411 faciunt,

500 3434 684 3494 pastus
707 3442 823 3481 sum
844 3469 857 3493 ,
888 3429 1082 3498 potitus
1109 3447 1248 3496 sum,
1284 3433 1572 3489 medicatus
1592 3452 1708 3489 sum
1728 3478 1743 3502 ,
1774 3436 2086 3509 liquefactus

496 3531 639 3581 sum,
665 3519 970 3575 recordatus
997 3537 1135 3577 sum.

572 3609 705 3665 Sum
732 3611 982 3681 verbum,
1031 3618 1176 3685 quod
1220 3619 1538 3691 inaequalem
1579 3623 1743 3679 habet
1774 3625 2083 3681 declinatio-

499 3715 645 3767 nem,
674 3703 788 3759 sive
838 3706 891 3760 in
932 3708 1163 3777 simplici
1206 3713 1510 3784 participio,
1548 3715 1662 3772 sive
1690 3718 1743 3771 in
1772 3719 2088 3789 antipositis

497 3793 782 3860 praetentis
806 3797 1066 3864 temporis
1087 3798 1288 3864 deficit,
1314 3801 1414 3858 nisi
1445 3803 1498 3858 in
1523 3804 1734 3861 duobus
1765 3807 1832 3861 ab
1851 3822 1919 3861 eo
1940 3822 2087 3862 eom-

494 3880 708 3950 positis,
746 3883 800 3938 id
826 3894 935 3949 est,
967 3886 1152 3942 absum
1184 3898 1241 3947 et
1268 3909 1515 3965 prmum,
1547 3897 1689 3966 quod
1724 3896 1872 3963 facit,
1901 3899 2086 3954 absens

494 3978 555 4026 et
573 3988 824 4041 presens.
860 3973 1107 4045 Possum,
1137 3993 1303 4052 potes,
1333 3996 1549 4056 postest,
1573 3998 1785 4045 mutant
1811 4009 1834 4045 δ
1862 3991 1913 4046 in
1947 4002 1964 4046 t
1992 4008 2086 4048 eu-

492 4063 710 4133 phoniae
726 4081 911 4124 causa.
936 4070 1003 4125 Et
1022 4089 1254 4139 prosum,
1281 4078 1490 4146 prodes,
1516 4080 1747 4150 prodest,
1772 4084 1999 4139 assumit
2021 4084 2079 4149 ά,

494 4156 679 4214 hiatus
707 4176 872 4218 causa
899 4163 1193 4222 devitandi.
1241 4167 1373 4225 Volo
1401 4187 1534 4229 vero
1574 4183 1631 4229 et
1659 4176 1798 4230 malo
1837 4188 1894 4233 et
1920 4195 1988 4234 ex
2017 4196 2083 4236 eo

492 4253 858 4321 compositum
898 4254 1049 4327 [Ms.,
1084 4261 1431 4336 composita],
1478 4264 1532 4320 id
1566 4279 1673 4333 est,
1724 4272 1894 4339 magis
1936 4273 2078 4340 volo,

493 4342 725 4398 naturali
745 4349 1071 4405 necessitate
1091 4351 1412 4421 imperativo
1434 4367 1639 4423 carent,
1667 4360 1791 4430 quia
1823 4362 2081 4432 imperata

494 4437 839 4493 necessitatis
864 4446 989 4493 sunt
1025 4457 1131 4497 non
1155 4443 1470 4513 voluntatis,
1502 4452 1646 4519 quod
1682 4459 1862 4507 tamen
1891 4456 1946 4509 in
1972 4456 2077 4511 alio

490 4541 591 4580 suo
616 4529 918 4598 composito
958 4530 1140 4599 habet,
1171 4535 1222 4590 id
1244 4545 1348 4604 est,
1380 4539 1532 4605 nolo;
1562 4541 1691 4597 facit
1720 4545 1862 4600 enim
1891 4546 1999 4601 noli
2024 4558 2079 4603 et

491 4616 672 4675 nolite.

559 4709 659 4764 Fu.
698 4710 1003 4771 Pleniorcm
1046 4725 1225 4773 tamen
1256 4721 1671 4783 declinationem
1702 4728 1894 4785 horum
1941 4748 2077 4803 qua-

488 4811 612 4893 tuor
639 4805 947 4872 verborum,
969 4819 1029 4862 ut
1053 4811 1244 4867 reddas
1266 4815 1418 4879 mihi,
1439 4814 1700 4887 deposco;
1738 4822 1788 4875 id
1806 4831 1911 4888 est,
1932 4841 2070 4893 sum,

485 4891 619 4961 fere,
650 4893 767 4959 edo,
802 4896 937 4952 uolo.
964 4929 1035 4939 -—
1059 4899 1223 4957 Suo.
1247 4903 1511 4962 Inusitata
1538 4920 1623 4964 est
1654 4912 1705 4966 in
1735 4914 1917 4969 multis
1942 4891 2074 4974 locis

487 4983 701 5040 illorum
724 4986 1032 5049 declinatio.
1052 4993 1305 5050 Attamen
1330 5008 1389 5051 ut
1411 4998 1467 5053 in
1492 5003 1871 5071 magistrorum
1896 5024 2079 5063 exem-

484 5075 588 5143 plis
615 5090 807 5132 eorum
840 5081 1110 5151 reperitur
1157 5087 1323 5151 ratio,
1362 5088 1618 5157 pandam.
1669 5091 1800 5147 Sum
1850 5097 2076 5154 verbum

487 5172 729 5229 neutrale
762 5184 878 5242 est,
908 5176 1054 5247 quod
1092 5181 1393 5236 declinatur
1422 5184 1501 5239 sic
1530 5205 1541 5238 :
1586 5185 1747 5253 Sum,
1794 5204 1854 5244 es
1877 5231 1891 5255 ,
1933 5200 2016 5245 est
2058 5212 2069 5247 :

486 5261 696 5319 Plural.
745 5264 962 5332 Sumus,
1019 5270 1175 5335 estis,
1220 5281 1368 5326 sunt.
1406 5271 1742 5331 Prteteritum
1779 5280 2069 5351 imperfect.

483 5354 666 5419 Eram,
714 5371 859 5423 eras,
902 5368 1038 5413 erat.
1097 5357 1303 5415 Plural.
1353 5365 1605 5431 Eramus,
1658 5370 1845 5436 eratis,
1890 5383 2066 5428 erant.

484 5446 822 5504 Prctcritum
846 5451 1059 5520 perfect.
1087 5453 1208 5517 Fui,
1234 5454 1404 5521 fuisti,
1438 5455 1560 5512 fuit.
1588 5457 1779 5515 Plurnl
1824 5463 2067 5532 Fuimus,

482 5537 681 5608 fuistis,
700 5536 939 5607 fuerunt,
964 5544 1049 5597 vel
1068 5543 1240 5599 fuere.
1269 5543 1534 5603 Praeterit.
1559 5551 1717 5626 Plust,
1765 5560 2066 5629 umperfect.

484 5632 737 5699 Fueram,
760 5633 964 5697 fueras,
994 5631 1186 5689 fuerat.
1236 5634 1444 5697 Ptural.
1468 5642 1790 5715 Fucramus,
1819 5648 2064 5718 fueratis,

557 5758 581 5785 ι
618 5744 919 5802 Infinitivus
939 5745 1296 5804 desideratur.

2205 1876 2394 1943 fueris,
2444 1877 2623 1934 fuerit.
2676 1876 2884 1933 Plural.
2933 1876 3235 1943 Fuerimus,
3276 1876 3509 1941 fueritis,
3557 1875 3781 1932 fuerint.

2205 1966 2476 2038 lnft‘nitieo
2511 1970 2685 2035 modo,
2714 1985 2940 2025 numero
2975 1979 3031 2026 et
3062 1970 3343 2041 personis,
3374 1977 3617 2040 tempore
3643 1986 3775 2039 pne-

2202 2060 2381 2115 senti:
2415 2075 2554 2115 esse.
2581 2058 2857 2115 Praeterito
2882 2075 2899 2110 :
2936 2059 3120 2115 fuisse.
3150 2057 3390 2124 Futuro;
3418 2074 3561 2125 esse,
3593 2070 3642 2113 et
3680 2059 3777 2123 ire,

2201 2158 2252 2204 et
2286 2148 2424 2207 fore.

2271 2265 2440 2337 289
2475 2264 2642 2337 Cujus
2666 2280 2904 2338 praesens
2927 2266 3271 2338 participium
3302 2274 3516 2321 veteres
3536 2281 3627 2319 ens
3648 2279 3780 2333 pro-

2199 2355 2483 2421 ferebant,
2533 2357 2683 2413 unde
2729 2357 3072 2428 componitur
3097 2366 3298 2429 potens.
3350 2355 3487 2411 Nam
3532 2353 3778 2410 futurum

2180 2450 2373 2522 magis
2404 2467 2433 2505 a
2462 2452 2535 2521 fio
2560 2452 2725 2507 verbo
2755 2452 2971 2507 videtur
3017 2453 3188 2507 nasci.
3232 2452 3415 2507 Potest
3446 2460 3625 2504 tamen
3665 2456 3722 2502 et
3747 2464 3781 2502 a

2201 2538 2281 2610 fui
2308 2555 2428 2597 esse
2453 2541 2777 2598 existimari.
2810 2542 2903 2598 Sic
2930 2542 3073 2597 enim
3117 2540 3440 2598 declinanda
3462 2547 3587 2598 sunt
3616 2554 3683 2594 ex
3713 2554 3789 2593 eo

2201 2633 2499 2703 composita
2534 2651 2545 2687 :
2594 2630 2853 2695 Prosunt,
2886 2634 3099 2698 adsunt,
3127 2633 3334 2698 desum,
3361 2633 3561 2694 obsum,
3592 2630 3783 2703 [inter-

2197 2743 2335 2792 sum,
2359 2743 2610 2797 pra'sum,
2627 2728 2945 2800 supersum].
2973 2728 3039 2782 Et
3060 2742 3125 2782 ex
3143 2728 3222 2782 eis
3244 2723 3504 2798 [tantum]
3524 2724 3632 2779 duo
3651 2737 3780 2794 par-

2199 2816 2377 2886 ticipia
2408 2818 2692 2888 praesentis
2736 2818 2996 2889 temporis
3040 2816 3244 2891 [su-nt],
3294 2816 3348 2873 id
3387 2824 3511 2875 est:
3546 2832 3781 2886 prtrseus

2196 2916 2252 2963 ct
2273 2908 2475 2963 absens.

2272 2997 2410 3054 Fero
2438 2999 2661 3055 verbum
2691 3001 3033 3057 discretionis
3059 3018 3222 3057 causa
3260 3015 3359 3071 per
3380 3015 3653 3073 syncopen
3683 3002 3780 3055 ab-

2116 3132 2166 3199 c
2192 3089 2361 3159 jiciti
2403 3089 2455 3144 in
2484 3091 2719 3147 secunda
2768 3100 2824 3146 et
2864 3093 3024 3147 tertia
3068 3106 3332 3164 persona,
3380 3099 3601 3162 propter
3644 3090 3779 3161 ferio

2195 3181 2441 3243 verbum.
2492 3182 2636 3251 quod
2680 3180 2844 3251 ferio,
2889 3182 3017 3251 feris
3040 3224 3056 3247 ,
3086 3182 3229 3253 ferit,
3265 3181 3414 3239 facit.
3450 3181 3613 3246 Fero,
3646 3179 3773 3243 fers,

2194 3275 2318 3330 fert.
2350 3271 2561 3328 Plural.
2594 3276 2873 3342 Ferimus,
2903 3276 3088 3343 fertis,
3142 3277 3342 3332 ferunt.
3376 3276 3776 3348 Imperfectum.

2192 3368 2475 3428 Fercbam.
2512 3368 2746 3434 ferebas,
2772 3368 2999 3426 ferebat.
3024 3367 3233 3425 Plural.
3256 3369 3600 3433 Ferebamus,
3632 3368 3774 3425 fere-

2190 3458 2355 3524 hatis,
2384 3458 2651 3513 ferebant.
2679 3458 3016 3515 I’rmteritum
3054 3461 3270 3533 perfect.
3294 3460 3431 3526 Tuli,
3458 3459 3649 3525 tulisti,
3680 3470 3768 3515 tu-

2190 3547 2271 3604 lit.
2328 3547 2535 3604 Plural.
2571 3551 2835 3617 'I‘ulimus,
2893 3552 3108 3617 tulistis,
3170 3552 3408 3609 tulerunt
3458 3552 3764 3609 rettulere.

2190 3640 2528 3696 Prwteritum
2553 3642 3139 3714 plusquamperfectum.
3199 3644 3487 3711 Tuleram,
3544 3643 3771 3709 tuleras,

2190 3733 2407 3787 tulerat.
2444 3731 2598 3787 Plur.
2629 3733 2970 3801 Tulerantus,
3003 3736 3268 3801 toleratis,
3300 3736 3553 3791 tulerant.
3594 3734 3766 3790 Futu-

2187 3840 2323 3878 rum.
2352 3824 2567 3890 fferam,
2603 3824 2774 3893 feres,
2808 3826 2963 3883 feret.
3019 3824 3175 3883 Piur.
3230 3826 3529 3892 Feremus,
3560 3826 3762 3893 feretis,

2186 3915 2381 3972 ferent.
2410 3916 2781 3989 lmperativus.
2814 3918 2921 3975 Fer
2950 3919 3075 3993 [vel]
3101 3920 3265 3987 feras,
3298 3919 3454 3976 ferat.
3488 3918 3633 3975 Ptur.
3665 3919 3767 3975 Fe-

2187 4024 2406 4075 ramus,
2453 4008 2608 4077 ferte,
2667 4010 2863 4066 ferant.
2916 4010 3180 4067 Futurum
3212 4032 3224 4068 :
3256 4012 3421 4069 Fcrto
3450 4011 3553 4086 [vel
3574 4009 3766 4085 feras],

2183 4100 2345 4158 ferat.
2378 4103 2445 4159 Et
2474 4101 2625 4159 Plur.
2654 4104 2939 4174 Feramus,
2968 4106 3197 4175 fertote,
3227 4108 3422 4164 ferant.
3466 4106 3764 4180 Optatiuus.

2186 4192 2454 4269 [Utinam]
2497 4194 2717 4263 ferrem,
2751 4198 2944 4265 ferres,
2983 4198 3170 4255 ferret.
3203 4197 3414 4254 Plural.
3445 4199 3758 4268 Ferremus,

2183 4283 2420 4350 ferretis,
2447 4284 2672 4342 ferrent.
2716 4285 3223 4361 Plusquamperfect.
3268 4288 3534 4346 Tulissem
3560 4332 3574 4355 ,
3604 4290 3756 4346 telis.

2182 4392 2290 4439 ses,
2338 4377 2569 4432 tulisset.
2618 4374 2827 4433 Plural.
2876 4379 3239 4442 Tulissemus,
3298 4380 3576 4447 tulissetis,
3609 4382 3762 4437 tulis-

2182 4476 2319 4522 sent.
2355 4465 2642 4524 Futurum.
2676 4468 2905 4536 Feram,
2958 4469 3119 4535 feras,
3153 4472 3308 4526 ferat.
3345 4470 3553 4526 Pluraf.
3590 4472 3762 4527 Fera—

2185 4574 2328 4625 mus,
2354 4558 2560 4625 feratis,
2586 4560 2782 4616 ferant.
2818 4559 3152 4632 Conjuuctivi
3198 4563 3362 4635 [modi
3397 4573 3554 4635 temp.
3599 4581 3758 4635 pnes.

2185 4649 2333 4723 cum]
2368 4649 2560 4717 feram,
2582 4652 2747 4719 feras,
2780 4652 2935 4708 ferat.
2970 4650 3179 4708 Plural.
3236 4653 3276 4708 F
3280 4670 3520 4719 eramus,
3550 4655 3758 4719 feratis,

2183 4738 2377 4797 ferant.
2406 4742 2797 4815 Imperfectum.
2828 4744 3073 4813 Ferrem,
3104 4746 3298 4812 ferres,
3328 4746 3514 4803 ferret.
3549 4746 3758 4802 Plural.

2183 4835 2491 4901 Ferrcmus,
2517 4836 2756 4903 ferretis,
2790 4837 3015 4893 ferrent.
3049 4836 3278 4907 Pet-fect.
3317 4837 3576 4903 Tulerim,
3626 4840 3761 4894 tule-

2183 4926 2297 4990 ris,
2355 4926 2564 4982 tulerit.
2622 4924 2778 4981 Plur.
2818 4926 3153 4994 Tulerimus,
3189 4929 3457 4996 tuleritis,
3511 4930 3757 4984 tulerint.

2185 5018 2691 5092 Plusquamperfect.
2718 5019 3008 5088 Tulissem,
3040 5023 3279 5087 tulisses,
3322 5022 3548 5077 tulisset.
3600 5018 3755 5075 Plur.

2180 5110 2553 5176 Tulissemus,
2617 5111 2918 5177 tulissetis,
2982 5113 3252 5169 tulissent.
3315 5112 3601 5168 Futurum.
3646 5114 3759 5169 Tu-

2177 5202 2331 5267 lero,
2374 5202 2601 5269 tuleris,
2641 5204 2846 5259 tulerit.
2887 5202 3041 5257 Plur.
3094 5204 3402 5260 Tulerimus
3501 5204 3755 5271 tuleritis,

2176 5296 2417 5352 tulerint.

2246 5403 2269 5430 α
2303 5389 2421 5444 Edo
2448 5392 2670 5446 verbum
2702 5390 2981 5461 inaequale,
3011 5392 3167 5462 cujus
3212 5391 3447 5447 seetmda
3491 5399 3546 5446 et
3593 5391 3757 5447 tertia

2172 5499 2424 5555 persona,
2470 5501 2636 5540 causa
2662 5484 3013 5551 differentiae,
3058 5502 3155 5557 per
3179 5486 3545 5543 concisionem
3576 5484 3756 5556 profc-

2174 5583 2385 5630 rnntur.
2416 5574 2550 5641 Ede,
2574 5592 2653 5641 es,
2691 5585 2793 5632 est.
2824 5574 3033 5631 Plural.
3068 5577 3335 5653 Edimus,‘
3368 5576 3533 5641 estis,
3565 5575 3751 5631 edunt.

2177 5662 2510 5721 Prateritum
2561 5666 2861 5739 httperfcc'.
2919 5667 3157 5723 Edeham
3186 5709 3200 5734 ,
3248 5668 3485 5734 cdebas,
3530 5666 3745 5723 edebat.
