4106 6530
198 378 307 440 885

1271 365 1742 431 DIDASCALICA.
1788 396 1855 407 ——-
1895 364 2373 427 GRAMMATICA.

3373 359 3479 415 886

201 494 364 551 Plur.
420 489 728 559 Edebamus
747 529 764 556 ,
811 487 1055 546 edebatis
1079 526 1093 552 ,
1139 482 1390 550 edebant.
1445 480 1786 535 Pra‘teritum
1817 486 1864 549 Α
1890 510 1960 521 --
1989 477 2153 535 Suo.
2180 477 2399 533 Vincit:
2426 484 2756 549 quapropter
2787 490 2975 533 camus
3007 474 3103 532 via:
3145 474 3289 546 quod
3321 473 3480 548 Uis.

196 588 421 661 perfect.
475 585 613 653 Edi,
661 582 862 650 edisti,
895 583 1026 638 edit.
1060 577 1216 636 Plur.
1274 578 1521 643 Edimus,
1574 574 1785 638 edistis,

200 678 436 737 ederunt
454 674 531 731 vel
558 673 739 731 edere.
766 669 1278 744 Plusquamperfect.
1297 667 1550 730 Ederam,
1577 666 1788 729 oderas,

201 770 415 826 ederat.
457 763 668 821 Plural.
696 764 1016 827 Ederamus,
1053 760 1308 823 ederatis,
1339 760 1586 813 ederunt.
1620 754 1794 810 Futu-

203 879 346 918 rum.
380 861 572 926 Edam,
595 858 743 925 edes,
768 858 908 913 edet.
938 852 1092 909 Plur.
1112 854 1366 914 Edemns,
1389 849 1584 915 edetis,
1608 848 1790 905 edent.

204 952 579 1026 Imperativus.
612 949 718 1016 Es,
744 950 887 1004 edat.
925 945 1078 1000 Plur.
1112 946 1349 1001 Edamus
1369 984 1383 1009 ,
1413 951 1528 998 esto
1548 982 1560 1005 ,
1608 942 1791 996 edant.

205 1041 497 1098 Futurum.
526 1041 677 1106 Esto,
702 1040 849 1105 edat,
874 1036 1082 1092 Pluml.
1105 1038 1355 1099 Edamus,
1388 1042 1582 1097 estote,
1609 1033 1791 1095 edant,

205 1139 284 1190 rel
311 1139 533 1197 edunto,
563 1137 841 1188 eduntote.
870 1130 1162 1201 Uptativus.
1189 1128 1400 1190 Essem,
1429 1140 1599 1189 esses,
1628 1131 1794 1179 esset.

207 1223 421 1280 Plural.
454 1224 730 1290 Essemus,
754 1225 976 1287 essetis,
1007 1230 1205 1276 essent.
1237 1217 1542 1292 [l’rmterito
1567 1216 1796 1287 perfecto

204 1334 256 1380 et
279 1317 834 1397 plusquamperfecto].
863 1318 1106 1373 Edissem
1129 1357 1143 1381 ,
1170 1316 1396 1377 edisses,
1422 1313 1639 1367 edisset.
1674 1308 1801 1364 Plu-

207 1414 309 1473 ral.
340 1414 677 1478 Edissemus,
703 1410 972 1475 edissetis,
1000 1411 1262 1465 odissent.
1288 1403 1563 1479 [Futuro].
1602 1403 1797 1469 Edam,

203 1513 355 1577 edas,
386 1510 532 1565 edat.
567 1504 777 1560 Plural.
808 1503 1070 1567 Edanius,
1102 1501 1298 1563 edatis,
1330 1499 1512 1553 edant.
1562 1494 1801 1565 Conjun-

205 1603 342 1659 ι·ιὶυο
371 1598 578 1675 [modo]
606 1598 815 1661 Edam,
862 1596 1036 1660 edas,
1085 1594 1230 1648 edat.
1280 1588 1489 1644 Plural.
1540 1588 1798 1650 Edamns,

205 1692 402 1757 edatis,
435 1689 616 1746 edant.
642 1686 855 1751 Essem,
886 1700 1057 1749 esses,
1090 1690 1254 1737 esset.
1282 1677 1492 1734 Plurul.
1519 1677 1794 1738 Essemus,

203 1783 417 1849 essetis,
443 1786 646 1836 essent.
667 1777 909 1841 Ederim,
941 1774 1141 1837 oderis,
1165 1771 1359 1827 ederit.
1395 1767 1607 1823 Plural.
1658 1766 1799 1822 Ede-

1897 573 2062 639 viam,
2088 570 2233 645 qum]
2262 578 2454 626 restat.

2438 661 2527 717 DE
2565 659 2935 718 ADVERBIO.

1966 754 2067 810 Fu.
2112 753 2376 819 Tandem,
2409 751 2577 817 Saxo,
2617 753 2706 808 diu
2737 754 2990 809 obserata
3028 767 3125 809 ora
3156 752 3398 820 reclude,
3429 762 3484 807 et

1898 849 2179 917 hucusque
2198 845 2410 901 clausas
2432 844 2815 901 adverbiorum
2840 844 3051 917 regulas
3076 845 3301 900 enuclea
3326 845 3479 900 mihi.
3510 908 3515 912 ,

1896 971 1970 983 --
1999 940 2162 996 Suo.
2194 937 2435 1004 Faciam,
2462 938 2691 994 France.
2722 938 3053 993 Adverbium
3085 948 3169 993 est
3209 954 3335 1008 pars
3361 954 3488 994 ora-

1902 1032 2066 1087 tionis
2082 1044 2297 1103 semper
2326 1031 2490 1086 verbo
2519 1030 2827 1086 coluerens:
2853 1038 2907 1086 et
2938 1032 3038 1085 hoc
3060 1032 3171 1102 agit
3194 1032 3373 1087 verbis
3393 1032 3489 1086 δύο

1900 1124 2094 1187 ditum,
2120 1122 2264 1193 quod
2290 1119 2553 1191 adjectiva
2579 1125 2798 1177 nomina
2829 1123 3166 1193 appellativis
3194 1123 3444 1193 adjuncta
3472 1165 3483 1176 .

1900 1224 1993 1281 ut,
2018 1214 2250 1287 prudens
2277 1214 2435 1268 homo
2462 1212 2749 1280 prudenter
2789 1215 2936 1285 agit,
2985 1214 3114 1285 felix
3155 1216 3232 1269 vir
3266 1214 3489 1283 feliciter

1902 1307 2075 1363 vivit.

1973 1397 2073 1453 Fu.
2115 1397 2388 1454 Advcrbio
2412 1406 2545 1469 quot
2573 1397 2862 1453 accidunt?
2884 1429 2955 1439 --
2978 1397 3145 1455 Saxo.
3169 1396 3296 1454 Tria
3324 1417 3335 1452 :
3368 1414 3492 1469 spc-

1903 1493 2039 1558 cies,
2061 1491 2405 1561 signiﬁcatio,
2433 1490 2626 1563 ﬁgura.

1975 1584 2074 1639 Fn.
2116 1583 2367 1654 Speciem
2396 1585 2590 1655 pande.
2645 1615 2715 1625 -—-
2743 1582 2908 1641 Saxo.
2960 1583 3096 1652 Quia
3146 1594 3272 1640 sunt
3301 1587 3490 1657 primi«

1906 1680 2037 1744 tiva,
2071 1688 2166 1735 aut
2192 1678 2512 1735 derivativa.
2562 1679 2842 1736 Primitiva
2879 1680 3097 1751 quidem
3127 1689 3275 1748 sunt,
3302 1698 3424 1752 qute
3462 1699 3492 1737 τι

1904 1788 1964 1830 se
1988 1770 2165 1844 [ipsis]
2198 1779 2519 1837 nascuntur,
2553 1780 2632 1837 ut,
2685 1789 2810 1838 non,
2868 1774 2965 1836 ita,
3000 1789 3116 1827 ccu.
3160 1771 3490 1840 Derivativa,

205 1874 401 1937 rimus,
433 1869 678 1933 θάθΐίιὶεν
727 1866 957 1923 Oderint.
1000 1863 1267 1926 EdiSSl‘m.
1300 1861 1528 1925 ClliSSOS.
1574 1857 1795 1914 edissel-
1837 1868 1874 1932 Β
1904 1881 2025 1935 qua:
2047 1864 2115 1918 ab
2138 1863 2260 1920 aliis
2282 1863 2553 1918 adverbiis
2581 1872 2902 1927 nascuntur,
2930 1872 3007 1930 ut,
3039 1879 3069 1918 a
3091 1863 3250 1930 clum,
3279 1864 3495 1921 claneu~

205 1962 417 2018 Plural.
438 1962 773 2025 Edissemus,
794 1957 1061 2022 edissctis,
1083 1956 1341 2012 odissent.
1370 1954 1567 2015 Edere,
1594 1951 1796 2017 ederis,

203 2055 401 2110 ederit.
431 2053 581 2107 l’lur.
635 2052 920 2107 Ederimns
940 2091 953 2116 ,
999 2048 1245 2107 ederitis.
1274 2046 1506 2102 ederint.
1542 2044 1801 2114 Ιηβηίιὶιῆ

206 2146 351 2199 modi
383 2152 595 2215 tempus
615 2156 856 2214 prtescns
901 2160 917 2195 :
968 2139 1120 2194 Esse.
1151 2137 1417 2194 Similiter
1442 2136 1795 2209 prmtcritum,

207 2250 340 2289 esse.
382 2233 648 2288 Futurum
678 2250 691 2288 :
724 2249 876 2288 esum
902 2231 966 2286 iri
994 2270 1010 2297 ,
1051 2230 1135 2284 vel
1161 2245 1382 2285 esurum
1408 2244 1548 2283 esse.
1597 2227 1801 2299 Imper-

210 2327 393 2382 sonale
432 2344 449 2381 :
491 2327 658 2383 Estur
682 2325 836 2400 μὴ..
889 2323 1092 2397 editur]
1124 2321 1431 2397 [Praeterito
1483 2319 1799 2393 imperfect]

210 2421 490 2475 edebatur.
542 2418 848 2493 [Prteterito
900 2416 1142 2491 perfect]
1187 2431 1339 2471 esum
1388 2422 1510 2478 est,
1549 2413 1627 2468 rel
1677 2411 1798 2467 fuit.

210 2509 515 2582 [Pro-write
530 2506 1054 2582 plusquarnpcrfect.]
1072 2523 1224 2563 esum
1241 2515 1358 2562 erat
1377 2506 1449 2560 vel
1468 2504 1667 2560 fuerat.
1692 2503 1802 2557 Fu-

208 2608 386 2653 turum
412 2613 431 2651 :
453 2599 664 2655 edetur.
700 2598 907 2670 Supina
939 2612 957 2650 :
991 2598 1198 2653 Edendi
1216 2640 1230 2664 ,
1258 2596 1486 2662 edendo,
1512 2596 1799 2651 edendum.

205 2689 401 2757 Esnm,
433 2706 531 2747 esu
569 2689 703 2766 (AL,
738 2691 955 2757 Essum,
991 2689 1160 2761 essu].

288 2780 421 2837 Volo
447 2798 665 2854 quoque
688 2785 912 2839 verbum
944 2782 1188 2839 neutrale
1210 2798 1307 2859 per
1327 2796 1598 2854 syncopen
1624 2781 1806 2853 prola-

209 2885 327 2933 tum
358 2877 413 2932 in
437 2876 676 2933 secunda
701 2877 829 2932 etin
854 2877 1014 2931 tertia
1040 2891 1293 2947 persona,
1318 2884 1375 2931 et
1400 2876 1453 2929 in
1484 2874 1805 2946 imperfecto

210 2968 371 3041 μη,
400 2966 748 3040 imperativo]
782 2966 983 3022 deficit.
1016 2966 1169 3032 Volo,
1207 2966 1307 3028 vis,
1334 2965 1469 3020 vult.
1510 2965 1660 3019 Plur.
1698 2964 1803 3019 Vo-

211 3059 414 3122 lumus,
448 3056 636 3123 vultis,
671 3057 878 3113 volunt.
912 3055 1201 3118 Volebam,
1265 3054 1505 3119 volebas,
1567 3054 1801 3111 volebat.

218 3149 373 3206 Plur.
395 3149 734 3214 Volebamus,
760 3147 1044 3206 volebatis.
1071 3147 1344 3203 volebant.
1360 3144 1540 3209 Volni,
1560 3147 1801 3211 voluisti,

1902 1958 2012 2013 lum
2050 1978 2061 2013 :
2095 1967 2149 2013 et
2174 1974 2203 2011 a
2224 1975 2383 2029 prope
2410 1999 2424 2024 ,
2473 1958 2715 2029 propius.
2748 1956 2815 2013 Et
2842 1959 2910 2012 ab
2941 1957 3063 2013 aliis
3102 1959 3349 2028 partibus
3372 1976 3496 2015 ora-

1903 2051 2099 2114 tionis,
2143 2058 2203 2104 ut
2234 2065 2265 2104 a
2297 2050 2519 2105 nomine
2548 2047 2796 2116 Latinus,
2828 2049 3020 2106 Latine
3046 2068 3059 2103 :
3094 2049 3319 2115 Tullius,
3361 2050 3492 2106 Tul-

1899 2142 2060 2198 liane.
2088 2144 2314 2200 Averbo
2349 2162 2359 2197 :
2388 2158 2418 2198 a
2438 2159 2620 2214 parco,
2646 2145 2885 2215 parcius.
2911 2143 2953 2198 Α
2978 2145 3198 2200 nomine
3215 2155 3269 2199 et
3290 2148 3486 2201 verbo:

1901 2253 1932 2291 a
1960 2236 2088 2306 pede
2110 2244 2166 2292 et
2200 2244 2342 2290 tento
2363 2277 2378 2301 ,
2427 2234 2783 2306 pedetentim.
2814 2236 2858 2289 Α
2885 2237 3229 2307 pronomine,
3256 2246 3312 2301 ιιι
3333 2254 3362 2291 a
3387 2256 3488 2303 me,

1902 2343 2114 2383 meeum
2141 2325 2294 2399 [ἥδη
2320 2325 2586 2401 meatim].
2619 2327 2700 2389 Ab
2723 2326 2813 2391 ille
2833 2335 2890 2395 et
2914 2329 3020 2394 llic,
3055 2328 3181 2387 illic.
3215 2330 3259 2387 Α
3285 2346 3495 2403 praepo-

1903 2419 2118 2482 sitione,
2154 2426 2212 2475 ut
2239 2419 2309 2474 ab
2329 2435 2412 2484 σε,
2442 2426 2623 2477 extra.

1975 2510 2064 2566 Fr.
2099 2509 2351 2581 Nunquid
2398 2510 2717 2567 adverbium
2757 2528 2856 2584 per
2901 2528 2960 2569 se
2990 2513 3227 2583 positum
3276 2513 3495 2584 plenum

1904 2611 2083 2673 potest
2126 2602 2327 2663 habere
2385 2604 2639 2662 sensum?
2666 2634 2735 2644 ——
2769 2602 2936 2666 ὃλχο.
2987 2602 3100 2659 Non
3128 2613 3338 2678 potest,
3391 2606 3497 2661 nisi

1905 2693 2071 2748 verbo
2098 2692 2183 2748 vel
2225 2694 2512 2764 participio
2544 2693 2806 2767 inungatur
2853 2694 3048 2768 [Edit.,
3101 2697 3370 2771 legatur],
3406 2693 3494 2764 ‘ut,

1907 2786 2032 2839 bene
2061 2783 2194 2853 lego,
2223 2784 2349 2839 bene
2372 2782 2566 2856 legens.

1977 2875 2077 2930 Fs.
2120 2875 2423 2932 Possuntne
2467 2877 2585 2933 aliae
2634 2878 2821 2953 partes
2871 2893 2971 2949 pro
3024 2880 3299 2937 adverbiis
3330 2882 3499 2952 poni?

1908 2999 1978 3009 --
2004 2967 2170 3025 Saxo.
2216 2969 2469 3032 Possunt.
2500 2968 2637 3024 Nam
2672 2971 2889 3025 nomina
2917 2986 3016 3041 per
3050 2971 3293 3027 diversos
3336 2987 3497 3029 casus

1908 3078 2008 3133 pro
2038 3062 2307 3118 adverbiis
2342 3070 2640 3134 ponuntur.

1980 3155 2079 3211 Fu.
2119 3153 2197 3210 Da
2217 3155 2545 3226 exemplum.
2571 3185 2640 3196 ——
2668 3154 2835 3212 Saxo.
2860 3155 3143 3213 Genitivus
3171 3173 3270 3229 pro
3299 3159 3493 3215 adver-

217 3239 407 3295 voluit.
436 3239 590 3295 Plur.
616 3237 924 3306 Voluimus,
947 3238 1218 3304 voluistis,
1254 3238 1577 3302 voluerunt,
1606 3237 1685 3292 vel
1708 3254 1801 3293 vo-

1908 3249 1998 3304 bio
2017 3248 2257 3319 ponitur,
2288 3254 2349 3304 ut
2376 3218 2581 3312 llomic,
2604 3246 2872 3304 utCiecro
2901 3266 2914 3302 :
2945 3246 3125 3304 Roma:
3149 3218 3213 3304 ne
3238 3250 3326 3305 sit.
3352 3249 3495 3306 Dati-

215 3331 386 3388 luere.
412 3331 723 3397 Volueram,
745 3330 1017 3399 volueras,
1050 3332 1316 3386 voluerat.
1357 3327 1570 3386 Plural.
1604 3330 1801 3387 Volue-

215 3425 777 3491 ramus,-volueratis,
809 3425 1111 3481 voluerant.
1147 3423 1375 3492 Volam,
1423 3425 1594 3488 voles,
1636 3425 1801 3480 volet.

216 3517 373 3572 Plur.
399 3516 680 3581 Volemus,
723 3516 914 3573 voletis
934 3556 950 3580 ,
977 3515 1177 3572 volent.
1210 3513 1523 3589 [Optativo].
1576 3513 1803 3581 Vellem,

218 3610 409 3674 velles,
438 3607 619 3664 vellet.
653 3604 865 3664 Plural.
890 3607 1185 3670 Vellemus,
1210 3608 1441 3672 velletis,
1464 3607 1680 3663 vellent.
1706 3607 1810 3663 Vo-

220 3699 461 3765 luissem,
492 3698 774 3766 voluisses,
804 3699 1082 3756 voluisset.
1135 3696 1347 3754 Plural.
1398 3697 1807 3764 Voluissenius,

221 3790 550 3857 voluissetis,
598 3789 913 3847 voluissent.
951 3789 1155 3855 Velim,
1193 3789 1350 3856 velis,
1386 3790 1539 3846 velit.
1591 3787 1804 3843 Plural.

224 3882 481 3947 Velimus,
502 3881 702 3950 velitis,
720 3882 907 3939 velint.
924 3881 1149 3947 Vellem,
1171 3882 1357 3948 velles,
1374 3880 1553 3938 vellet.
1590 3878 1801 3936 Plural.

219 3974 519 4040 Vcllemus,
548 3973 779 4037 velletis,
811 3974 1032 4032 vellent.
1068 3974 1339 4031 Voluerim
1366 4015 1381 4041 ,
1421 3974 1676 4038 volueris,
1714 3990 1809 4027 vo-

220 4062 407 4119 luerit.
451 4063 606 4119 Plur.
640 4065 1002 4128 Volnerimus,
1036 4065 1317 4122 volueritis
1335 4054 1362 4131 ,’
1377 4065 1671 4122 voluerint.
1702 4066 1810 4122 Vo-

220 4155 445 4212 luissetn
466 4197 481 4221 ,
522 4158 788 4215 voluisses
810 4197 825 4223 ,
856 4157 1139 4214 voluisset.
1169 4156 1381 4215 Plural.
1408 4156 1805 4225 Voluissemus,

220 4249 552 4313 volnissetis,
603 4250 919 4306 voluissent.
966 4247 1221 4319 Volnera,
1270 4251 1526 4317 volueris,
1556 4252 1806 4308 voluerit.

222 4340 382 4397 Plur.
402 4339 763 4406 Voluerimus,
779 4340 1079 4406 volueritis,
1094 4341 1382 4398 voluerint.
1400 4341 1564 4413 lnﬁn.
1581 4342 1782 4416 [modo]
1794 4384 1807 4409 ,

220 4450 455 4508 praesens
484 4448 501 4486 .'
534 4432 705 4489 Velle.
735 4430 1075 4489 Prwteritum
1108 4449 1126 4490 :
1157 4434 1412 4502 voluisse.
1459 4432 1813 4507 Participium

222 4542 458 4599 prirsens
484 4540 501 4577 :
534 4525 740 4581 volens.

299 4617 391 4673 Sic
410 4618 728 4674 declinanda
750 4627 874 4674 sunt
902 4636 913 4670 :
948 4616 1105 4683 Nolo,
1124 4633 1231 4673 non
1264 4618 1365 4684 vis,
1396 4634 1503 4673 non
1527 4617 1672 4681 vult;
1708 4619 1811 4673 nisi

223 4711 372 4783 quod
408 4709 528 4765 nolo
551 4710 929 4781 imperativum
964 4709 1148 4774 habet,
1178 4719 1259 4774 ut,
1288 4707 1418 4774 noli,
1449 4708 1627 4763 nolite.
1655 4707 1812 4774 Malo,

228 4801 421 4867 mavis,
449 4800 674 4865 mavult,
709 4807 765 4854 et
790 4800 1020 4869 reliqua.
1040 4798 1284 4854 immitis
1308 4812 1368 4854 es
1396 4800 1451 4853 in
1494 4815 1615 4862 me,
1655 4799 1819 4871 290

226 4895 459 4950 France.
484 4893 624 4950 Ecce
652 4892 812 4963 quale
836 4908 972 4947 onus
995 4890 1300 4962 imposuisti
1323 4890 1475 4958 mihi,
1512 4892 1714 4947 ducens
1732 4909 1818 4948 me

226 5006 328 5063 per
355 5005 549 5061 aspera
574 4997 630 5056 et
652 4989 890 5061 spinosa.
924 4988 1144 5050 Dimitte
1169 5002 1257 5048 me
1287 4986 1507 5049 tandem
1527 4987 1819 5057 aliquando

231 5083 526 5153 respirare.

303 5174 402 5243 Fs.
430 5173 731 5244 Dimittam.
754 5172 983 5245 etjuxta
1010 5169 1298 5244 Virgilium
1326 5169 1535 5245 (Eclog.
1574 5186 1651 5233 ix,
1684 5167 1773 5239 65)
1800 5190 1811 5222 ;

733 5349 747 5363 .
772 5346 785 5360 .
812 5348 822 5358 .
849 5345 861 5359 .
887 5308 994 5371 Ego
1013 5308 1104 5359 hoc
1123 5315 1175 5360 te
1202 5307 1328 5358 fasce
1355 5306 1549 5358 levabo.

228 5443 281 5464 -
328 5414 489 5471 Suo.
522 5414 641 5476 Etsi
669 5413 771 5470 hoc
796 5413 947 5468 levas
972 5455 986 5479 ,
1026 5413 1191 5469 timeo
1220 5428 1287 5468 ne
1319 5412 1461 5469 aliud
1486 5411 1748 5485 imponas.

305 5525 404 5583 Fu.
436 5525 555 5589 Noli
584 5526 804 5587 timidus
840 5542 962 5585 esse

488 5677 499 5688 .
531 5674 544 5688 .
575 5675 585 5688 .
613 5678 623 5689 .
655 5677 667 5690 .
699 5639 851 5693 Labor
875 5642 1042 5698 omnia
1067 5641 1245 5693 vincit

486 5701 737 5769 Improbus
763 5704 809 5751 ⁸³.

311 5860 336 5891 ι
378 5847 521 5920 Virg.
556 5865 570 5906 ι
603 5848 799 5923 Georg.
835 5848 954 5905 H5.

1908 3355 2006 3395 vus
2034 3353 2052 3392 :
2082 3339 2301 3410 vesperi,
2323 3337 2474 3394 sorti.
2508 3335 2765 3407 Virgilius
2787 3335 2997 3412 (Georg.
3028 3355 3102 3405 Iv,
3140 3339 3262 3407 l65)
3297 3358 3311 3394 :

1905 3457 2032 3507 Sunt
2054 3454 2234 3518 Quibus
2257 3453 2318 3505 ad
2341 3460 2526 3518 [tortam
2550 3451 2676 3516 (AL,
2702 3454 2888 3517 portas]
2909 3453 3089 3505 cecidit
3110 3458 3330 3508 custodia
3353 3458 3496 3523 sorti.

1906 3560 2262 3619 Accusativus
2306 3579 2320 3615 :
2355 3558 2581 3615 Romam
2629 3576 2786 3633 pergo
2834 3559 2963 3633 [vel]
3006 3559 3253 3616 Athenas.
3285 3560 3493 3627 Teren-

1934 3674 1946 3709 l
2004 3674 2013 3684 υ
2049 3674 2060 3708 :

1909 3665 1930 3710 ι
1954 3673 2017 3712 αδ
2155 3742 2276 3810 quid
2300 3750 2376 3804 tu,
2394 3741 2610 3802 indocte,
2629 3740 2885 3792 Athenas?

1909 3848 2209 3905 Ablativus.
2238 3844 2439 3921 [Unde]
2469 3844 2728 3914 Virgilius
2757 3842 2922 3914 (Ecl,
2954 3860 3055 3910 vn,
3096 3842 3150 3919 l)
3181 3859 3198 3899 :

2036 3960 2184 4011 Forte
2201 3960 2295 4009 sub
2318 3964 2491 4020 arguta
2521 3958 2815 4006 consederat
2844 3956 2963 4006 ilice
2988 3951 3223 4018 Daplmit'

1982 4064 2080 4118 Fn.
2123 4060 2404 4130 Quomodo
2430 4061 2664 4117 discerni
2701 4069 2881 4130 potest
2918 4066 3099 4114 utrum
3128 4058 3346 4114 nomina
3377 4060 3493 4115 sint

1912 4158 1990 4214 sic
2014 4155 2342 4225 composita,
2383 4169 2450 4208 an
2480 4152 2772 4208 adverbia?
2800 4181 2871 4191 -—
2905 4150 3068 4206 Suo.
3108 4150 3242 4206 Cum
3280 4151 3498 4205 nomina

1912 4248 2031 4305 loco
2053 4248 2432 4303 adverbiorum
2454 4244 2814 4314 accipiuntur,
2837 4243 3496 4309 manentimleclinabilia,

1914 4339 2040 4397 licet
2063 4341 2292 4397 diversis
2322 4338 2618 4411 iungantur
2645 4338 2862 4393 casibus
2883 4378 2899 4403 ,
2926 4349 3007 4403 nt,
3040 4337 3261 4393 sublime
3286 4336 3487 4403 volans,

1913 4434 2131 4490 sublime
2153 4432 2397 4498 volantis,
2422 4430 2644 4486 sublime
2669 4429 2887 4496 volanti,
2905 4441 3013 4487 etc.
3032 4430 3088 4485 Si
3122 4446 3252 4485 vero
3276 4431 3494 4485 nomina

1918 4538 2066 4591 sunt,
2107 4525 2479 4588 declinantur,
2537 4531 2626 4589 ut,
2672 4522 2768 4577 hoc
2818 4522 3041 4578 sublime
3072 4523 3288 4589 volans,
3338 4524 3497 4593 lmjm

1881 4613 2153 4676 rsublimis
2187 4618 2433 4683 volantis,
2454 4616 2573 4670 huic
2605 4615 2814 4670 sublimi
2847 4613 3045 4670 volanti
3063 4657 3076 4679 ,
3105 4625 3213 4670 etc.

1988 4712 2084 4766 Fn.
2122 4710 2260 4766 Num
2291 4710 2409 4766 alia:
2442 4718 2623 4781 partes
2657 4723 2757 4779 pro
2793 4709 3066 4764 adverbiis
3093 4711 3410 4781 ponuntur?
3432 4740 3502 4751 —-

1919 4802 2082 4860 Saxo.
2114 4803 2412 4859 Ponuntur.
2452 4801 2586 4857 Nam
2607 4802 2685 4857 vel
2720 4802 3050 4872 coniunctio,
3094 4810 3169 4866 et,
3197 4816 3309 4872 per,
3348 4809 3403 4855 et
3429 4818 3502 4869 er

1917 4896 2347 4969 prazpositioncs.
2378 4910 2477 4964 pro
2499 4892 2648 4948 valde
2670 4895 3035 4963 accipiuntur,
3065 4901 3122 4948 nt
3144 4892 3333 4950 Cicero
3360 4913 3370 4947 :
3414 4892 3502 4948 Vel

1918 5004 2167 5059 magnum
2202 4987 2416 5052 bellum,
2443 5002 2543 5057 pro
2568 4986 2722 5043 valde
2772 5002 3045 5058 magnum.
3081 4986 3353 5052 Excelsus,
3405 5003 3503 5058 pro

1920 5082 2074 5138 valde
2098 5082 2296 5137 celsus.

2502 5196 2591 5252 DE
2620 5196 2915 5264 FlGUBlS.

1994 5308 2090 5364 Fu.
2144 5308 2357 5379 Figura
2407 5308 2788 5383 adverbiorum
2823 5321 2955 5381 quot
3009 5313 3169 5371 sunt?
3210 5341 3281 5353 --—
3332 5312 3518 5373 Suo.

1922 5401 2075 5456 Tres.
2107 5399 2366 5471 Simplex,
2395 5411 2476 5469 ut,
2506 5403 2620 5461 diu.
2653 5403 2983 5475 Composita,
3012 5414 3092 5472 ut,
3118 5406 3369 5462 interdiu.
3398 5404 3473 5461 De
3494 5436 3514 5447 -

1923 5495 2240 5562 composita,
2275 5492 2324 5549 id
2351 5503 2436 5549 est
2462 5536 2475 5559 ,
2499 5510 2621 5567 quae
2652 5512 2681 5550 a
2713 5497 3027 5567 compositis
3054 5497 3389 5559 derivantur,
3424 5506 3504 5563 ut,

1922 5583 1992 5638 ab
2019 5584 2249 5649 indocto,
2278 5583 2513 5651 indocte,
2546 5601 2575 5642 a
2603 5586 2960 5653 misericorde,
2987 5588 3427 5652 misericorditer.

1996 5675 2091 5729 Fu.
2135 5672 2474 5745 Signiﬁcatio
2499 5674 2877 5738 adverbiorum
2902 5695 3022 5749 qua:
3058 5689 3142 5737 est
3172 5678 3325 5754 [Μιη
3370 5674 3503 5753 quot
