4106 6488
473 246 575 303 887

1304 236 1367 290 Β.
1412 234 1473 290 F.
1506 229 1732 287 ALBlNl
1769 224 1901 281 SEU
1941 220 2219 278 ALCUINI
2258 218 2545 276 OPERUM
2580 216 2763 273 PARS
2799 214 2908 271 ΥΠ.

3662 203 3767 264 883

471 364 680 436 species
706 355 936 431 habet]?
971 385 1043 397 -—
1081 353 1249 411 Saxo.
1304 348 1645 423 Signiﬁcatio
1677 345 2062 436 adverbiorum
2092 340 2141 399 Λ
2287 354 2592 436 perparce;
2606 430 2612 436 Δ
2639 335 2731 392 Sic
2786 347 3004 406 quoque
3034 330 3339 405 jurativum
3369 338 3471 387 est.
3503 328 3765 401 Virgilius

474 431 720 517 diversas
775 454 986 524 species
1032 451 1217 508 habet.
1270 446 1413 504 Sunt
1441 446 1587 502 enim
1639 440 1805 515 [Ed.,
1856 431 2064 504 autem]

472 548 816 623 temporalia,
860 553 921 601 ut
966 544 1188 616 pridem,
1237 555 1437 611 nuper,
1482 533 1885 591 nudiustertius.
1926 527 2066 582 Sunt

471 660 595 716 qua:
621 656 863 713 praesens
890 646 1102 694 tantum
1149 644 1364 706 tempus
1392 630 1726 702 signiﬁcant,
1762 634 1850 689 ιιι,
1903 638 2063 685 nunc,

471 743 686 806 prtesto.
726 731 886 795 Sunt,
918 744 1042 797 qua:
1082 725 1453 797 praeteritum,
1481 728 1568 783 nt,
1615 720 1751 782 heri,
1800 716 2063 770 hesterno.

475 805 776 891 Suut,qutn
799 820 1061 882 futurum,
1085 826 1146 871 ιιι
1168 832 1309 876 cras,
1332 811 1597 884 perendie.
1624 807 1764 862 Sunt
1789 805 1893 860 alia
1917 817 2067 858 com-

476 913 665 970 munia
720 910 1056 966 diversorum
1115 916 1440 975 temporum,
1493 908 1585 960 ut.
1644 897 1788 961 aliut,
1840 893 2055 961 dudum,

475 1001 814 1077 [quondam].
841 998 1131 1063 Praeteriti,
1159 995 1421 1051 utllorat.
1452 991 1594 1065 (Sat.
1631 989 1667 1052 l,
1690 1006 1729 1053 ι,
1754 993 1858 1042 sat.
1894 983 1950 1050 8)
1978 999 1991 1034 :

601 1113 728 1165 Olim
750 1118 955 1162 truncus
975 1122 1109 1160 erant
1130 1106 1356 1165 ﬁculnus,
1386 1103 1561 1153 inutile
1586 1100 1792 1161 lignum.

483 1219 797 1282 Praesentis,
826 1226 887 1271 ut
914 1214 1196 1288 [Virgilius
1222 1209 1435 1284 (Georg.
1466 1223 1525 1274 ιι,
1557 1204 1685 1277 405)
1710 1200 1729 1276 ]
1762 1221 1777 1258 :

597 1329 667 1377 Ac
684 1329 783 1389 jam
803 1327 918 1375 olim
939 1337 1076 1376 seras
1101 1325 1262 1387 posuit
1287 1334 1397 1373 cum
1423 1322 1569 1371 vinea
1592 1315 1813 1367 frondes.

475 1434 741 1490 Futurum
768 1430 909 1486 idem
938 1428 1089 1501 Virg.
1116 1427 1273 1500 (.‘En.
1305 1442 1364 1488 ιι,
1395 1424 1522 1496 207)
1553 1441 1563 1477 :

690 1546 877 1598 Forsan
897 1550 947 1596 et
971 1545 1078 1593 hac
1101 1542 1214 1592 olim
1235 1538 1518 1590 meminisse
1540 1535 1746 1599 juvabit.

476 1662 695 1718 Dudum
750 1674 766 1712 :
805 1649 1140 1726 prieteritum
1167 1687 1181 1712 ,
1242 1645 1334 1718 [ut
1371 1640 1660 1698 Terentius
1711 1636 1882 1710 (And.
1928 1632 2021 1687 III
2050 1674 2064 1696 ,

478 1772 568 1824 iv,
611 1751 769 1825 3)]:

602 1844 713 1907 Ego
731 1838 914 1890 dudum
937 1833 1162 1887 nonnihil
1184 1831 1369 1881 veritus
1392 1839 1521 1875 sutn.

474 1948 766 2008 Prmsentis
787 1943 1071 2018 [Virgilius
1100 1937 1256 2011 (:En.
1284 1952 1344 1998 ιι,
1380 1929 1543 2004 105)]
1588 1949 1600 1983 :

600 2060 757 2124 quue
779 2054 951 2108 audire
972 2062 1050 2104 sat
1070 2060 1183 2112 est;
1208 2051 1307 2111 iam
1331 2047 1513 2096 dudum
1533 2044 1715 2093 sumite
1742 2053 1928 2104 pinnas.

474 2164 791 2235 Quondam;
840 2158 1177 2231 prmteritum
1231 2171 1244 2206 :
1303 2149 1585 2218 Quondam
1611 2148 1711 2218 fuit
1739 2147 1842 2199 ista
1865 2145 1921 2198 in
1965 2145 2092 2197 hac‘

472 2254 740 2331 republica
782 2252 947 2307 uirtus
982 2248 1118 2320 (Cic.
1148 2261 1163 2300 ι
1195 2241 1381 2307 Catil.,
1409 2241 1487 2314 δ).
1520 2238 1767 2293 Praesens
1801 2234 2060 2305 Virgilius

476 2348 637 2425 (τΕη.
668 2362 731 2412 ιι,
754 2342 882 2414 567)
910 2361 921 2394 ε

605 2458 855 2522 Quondam
883 2457 1030 2504 etiam
1054 2453 1193 2502 victis
1216 2450 1343 2499 redit
1365 2450 1414 2496 In
1443 2445 1702 2508 praecordia
1731 2445 1900 2492 virtus.

473 2567 746 2623 Futurum
783 2579 796 2617 :
830 2561 1053 2631 Tempus
1086 2557 1182 2612 erit
1208 2552 1472 2628 quondam
1502 2563 1550 2603 ι.
1582 2548 1845 2604 Similiter
1888 2561 1954 2599 ex
1994 2558 2065 2598 eo

477 2658 778 2731 composita
803 2672 816 2721 ;
861 2651 1169 2724 aliquando,
1205 2645 1500 2719 nequando,
1531 2656 1651 2713 qua:
1682 2641 1734 2694 in
1760 2636 2060 2708 pcnultimo

477 2749 608 2823 μὴ.
639 2740 1084 2816 antcpcnultima]
1122 2748 1406 2795 accentum
1435 2737 1656 2799 habent,
1688 2748 1756 2786 ne
1780 2731 1898 2784 dua:-
1936 2742 2059 2798 par-

471 2821 556 2899 tes
583 2850 860 2913 putentur.
889 2837 995 2892 Sed
1023 2834 1256 2906 quando,
1310 2840 1367 2886 et
1412 2827 1673 2901 quomodo
1696 2867 1709 2885 .
1741 2823 1897 2895 291
1933 2821 2054 2886 ubi,

472 2932 614 2988 unde
634 2931 766 3003 [Al.,
788 2926 971 3000 unde],
996 2944 1123 2997 qua,
1160 2941 1284 2995 quo,
1324 2918 1711 2989 interrogativa
1754 2921 2052 2976 acuuntur;

474 3002 701 3079 relativa
722 3025 1019 3092 gravantur
1051 3030 1149 3087 per
1184 3026 1371 3068 omnes
1400 3009 1635 3081 syllabas
1666 3026 1679 3059 :
1714 3013 1768 3061 et
1790 3011 1916 3059 sunt
1943 3002 2059 3075 [eo-

472 3112 618 3185 rum]
644 3110 959 3189 differentiae
980 3114 1231 3175 quatuor.
1259 3102 1375 3169 Quo
1390 3102 1457 3155 ad
1473 3100 1670 3153 locum.
1694 3094 1815 3160 Ubi,
1838 3096 1890 3149 in
1915 3095 2053 3150 loco.

477 3202 628 3259 Unde
648 3242 665 3264 ,
699 3186 929 3255 deloco.
990 3194 1111 3262 Qua
1136 3234 1151 3259 ,
1181 3208 1279 3263 per
1308 3192 1503 3247 locum.
1565 3186 1791 3253 Quando
1844 3199 2061 3254 quoque

474 3311 575 3367 pro
610 3291 813 3348 causali
867 3286 1249 3357 conjunctione
1302 3282 1609 3351 accipitur;
1664 3275 1851 3349 Virgil.
1900 3274 2055 3346 (Διἠ.

474 3385 743 3459 1,265);

603 3501 698 3553 ilic
720 3500 828 3562 tibi,
850 3496 987 3549 labor
1008 3496 1165 3558 enim,
1185 3492 1378 3557 quando
1401 3492 1505 3541 haec
1523 3498 1574 3541 te
1597 3500 1715 3562 citra
1741 3486 1996 3562 remordet

1592 3552 1735 3614 (ιιι,
1757 3548 2057 3605 momordit).

476 3664 704 3736 Quando
727 3679 828 3737 pro
845 3662 1093 3737 quoniam
1115 3668 1316 3729 posuit.
1347 3654 1454 3712 Sed
1488 3661 1543 3711 et
1580 3653 1687 3708 alia
1715 3660 1841 3707 sunt
1867 3648 2061 3703 localia

475 3765 710 3829 quatuor
736 3753 1070 3813 diﬁcrentias
1089 3749 1366 3807 habentia.
1406 3745 1487 3801 Ad
1518 3746 1695 3800 locum
1724 3761 1734 3795 :
1759 3744 1884 3803 huc,
1908 3738 2054 3792 illuc.

478 3848 538 3904 in
564 3848 704 3915 loco,
729 3847 815 3902 hic
843 3845 973 3900 illic.
1003 3844 1078 3898 De
1098 3842 1217 3897 loco
1248 3858 1260 3895 :
1288 3841 1430 3903 hinc,
1452 3835 1620 3901 illinc,
1651 3835 1791 3899 inde,
1825 3840 1879 3885 et
1900 3847 1966 3885 ex
1996 3844 2061 3885 eo

474 3940 777 4012 composita
814 3958 829 3993 :
864 3936 1107 4001 subinde,
1138 3933 1383 4005 perinde,
1415 3928 1626 3992 exinde,
1669 3925 1910 3997 proinde,
1941 3937 2062 3993 quae

475 4033 657 4087 omnia
684 4030 1042 4101 penultimam
1081 4024 1208 4099 [Με.
1230 4064 1245 4088 ,
1299 4016 1802 4093 antepenultimam]
1839 4022 2061 4070 acuunt.

478 4122 583 4177 Per
611 4122 790 4177 locum
831 4137 844 4173 :
875 4120 996 4185 hac,
1024 4117 1166 4173 illac.
1199 4114 1337 4171 Sunt
1363 4126 1577 4184 quoque
1602 4125 1633 4165 a
1659 4125 1865 4164 versum
1889 4116 1944 4162 et
1965 4122 2066 4161 no-

480 4212 625 4268 mine
660 4219 715 4266 et
748 4210 1066 4281 pronomine
1109 4206 1408 4276 composita
1463 4202 1619 4277 [Ms.,
1650 4208 1778 4256 sunt
1818 4199 2062 4270 quamam

481 4318 643 4358 unam
671 4302 773 4357 loci
798 4300 1250 4371 signiﬁcationem
1278 4296 1553 4353 habentia.
1578 4293 1658 4349 Ad
1681 4293 1876 4357 locum,
1904 4289 2059 4363 etc.].

478 4397 562 4451 Ad
586 4396 761 4451 locum
794 4414 806 4448 :
838 4393 1095 4457 Horsum,
1122 4392 1389 4457 deorsum,
1420 4405 1653 4453 sursum,
1674 4388 2057 4449 sinistrorsum,

2082 3064 2132 3127 ϐ

2174 428 2385 502 (Eclog.
2420 444 2498 495 ix,
2529 428 2620 497 50)
2655 446 2670 482 :

2293 546 2376 593 Sic
2408 531 2604 606 quoque
2623 542 2848 604 Cyrneas
2870 540 3057 605 fugiant
3080 539 3309 591 examina
3335 544 3495 588 taxos.

2166 646 2287 703 Alia
2317 646 2567 717 optativa,
2612 653 2694 711 ut,
2738 645 2962 709 utinam,
2997 644 3143 714 quod
3190 642 3551 713 compositum
3583 648 3761 695 estex

2168 737 2246 791 uti
2278 746 2334 791 et
2364 735 2508 790 enim
2541 732 2675 807 [Al.,
2708 732 2879 806 nam].
2912 733 2958 787 0
3001 742 3055 788 et
3076 734 3142 788 si.
3174 731 3435 802 Virgilius
3464 748 3478 785 :
3533 728 3689 784 Adsis
3729 744 3761 782 o

2168 829 2403 884 tandem.
2441 828 2588 884 Idem
2615 825 2771 898 (.En.
2800 842 2875 890 νι,
2912 825 3035 897 187)
3068 845 3079 880 ;

2292 941 2344 1052 gi
2367 953 2495 1050 pun;
2520 952 2577 1051 ἴε
2602 940 2742 989 nobis
2765 938 2851 987 ille
2877 950 3061 987 aureus
3082 939 3262 988 arbore
3281 950 3448 988 ramus

2339 1016 2365 1052 s
2390 1016 2456 1051 en
2489 1016 2515 1049 ιι
2548 1040 2558 1051 .

2339 1016 2416 1052 su:
2427 1016 2558 1051 110³1..

2167 1085 2286 1140 Alia
2309 1085 2585 1147 hortativa,
2612 1090 2690 1148 ut,
2717 1084 2823 1149 eia,
2843 1084 2925 1138 aie
2954 1082 3087 1155 [.»\I.,
3118 1081 3267 1155 age].
3298 1083 3417 1139 Alia
3443 1083 3714 1138 remissior:
3741 1097 3760 1136 :

2168 1176 2505 1248 pedetentim,
2526 1174 2806 1247 paulatim,
2836 1174 3049 1229 sensim.
3078 1173 3198 1228 Alia
3226 1174 3621 1245 congregatim,
3652 1173 3758 1229 loci

2169 1280 2225 1326 et
2255 1268 2516 1342 temporis
2566 1269 2896 1332 communia,
2928 1275 3021 1332 ιιι,
3075 1265 3257 1333 simul,
3285 1283 3428 1333 una;
3479 1266 3535 1321 in
3564 1266 3757 1322 eodem

2170 1360 2289 1416 loco
2313 1368 2370 1415 et
2407 1361 2599 1415 eodem
2628 1366 2894 1430 tempore.
2921 1358 3042 1413 .Alia
3069 1358 3369 1423 discretim,
3387 1368 3469 1425 ut,
3496 1375 3758 1426 seorsum,

2170 1470 2338 1517 secus,
2364 1452 2647 1523 separatim
2673 1493 2687 1518 ,
2716 1460 2943 1513 secreto,
2993 1450 3239 1521 utrinque
3283 1447 3498 1522 {divise}
3520 1448 3761 1520 singilla-

2170 1545 2287 1609 tim,
2329 1543 2575 1612 bifariam
2596 1583 2610 1607 ,
2655 1542 3019 1612 omnifariam.
3051 1541 3171 1595 Alia
3196 1581 3211 1605 ,
3250 1541 3647 1608 similitudinis,
3678 1552 3762 1609 ιιι,

2170 1652 2286 1699 ceu,
2315 1635 2467 1705 quasi
2488 1631 2646 1699 velut,
2677 1630 3032 1697 velut,veluti,
3065 1632 3164 1697 sic,
3192 1632 3371 1697 sicuti,
3397 1641 3485 1697 ut,
3516 1632 3618 1687 uti.
3640 1632 3763 1688 Alia

2095 1701 2144 1764 Β
2170 1701 2437 1782 ordinalia
2459 1765 2474 1789 ,
2496 1734 2554 1779 ut
2576 1765 2591 1788 ,
2632 1722 2843 1787 deinde,
2872 1724 3141 1788 continuo,
3176 1731 3439 1793 protinus,
3479 1731 3758 1793 printerea.

2166 1819 2284 1874 Alia
2312 1818 2588 1882 intensira,
2617 1825 2696 1879 ut,
2739 1815 2891 1870 valde
2913 1855 2929 1881 ,
2974 1816 3212 1879 nimium,
3240 1830 3457 1886 prorsus
3476 1855 3491 1881 ,
3527 1815 3762 1884 penitus,

2168 1910 2400 1964 omnino.
2429 1907 2547 1962 Alia
2573 1909 2951 1976 comparativa.
2978 1914 3059 1970 ut,
3096 1906 3264 1977 magis
3282 1946 3297 1973 ,
3322 1922 3498 1961 minus
3520 1947 3535 1966 ,
3573 1906 3749 1971 ocius,

2165 2001 2311 2072 quod
2336 2016 2366 2055 a
2394 2000 2583 2055 Graeco
2609 1999 2887 2053 derivatur
2919 2001 3070 2058 ὠκύς.

2236 2091 2335 2146 ιεἰι.
2365 2089 2650 2161 Nunquid,
2682 2105 2802 2160 qua:
2836 2090 2904 2143 ab
2933 2090 3055 2144 aliis
3087 2090 3425 2156 derivantur,
3454 2089 3759 2162 primitivu-

2166 2200 2285 2238 rum
2308 2183 2759 2252 signiﬁcationem
2786 2180 2868 2236 vel
2889 2182 3205 2250 qualitatem
3224 2184 3480 2239 servant?
3498 2213 3567 2225 -η
3590 2180 3758 2238 Suo.

2166 2275 2397 2330 Servant
2422 2275 2629 2345 utique,
2656 2282 2717 2329 ut
2743 2289 2774 2329 a
2796 2272 2991 2339 Tullio,
3016 2272 3288 2339 Tulliane;
3318 2289 3349 2327 a
3380 2289 3615 2344 corpore,
3640 2288 3763 2329 cor-

2163 2369 2456 2437 poraliter;
2500 2369 2567 2424 ab
2597 2366 2738 2433 alio,
2770 2366 2956 2432 aliter;
2992 2382 3019 2419 a
3063 2382 3270 2438 gra'co,
3310 2381 3518 2438 graece;
3555 2382 3587 2421 a
3627 2367 3757 2433 viro,

2165 2458 2416 2513 viriliter.

2232 2548 2273 2603 F
2281 2566 2331 2603 ιι.
2360 2550 2714 2620 Prosequere.
2740 2581 2807 2591 —-
2829 2550 2996 2606 Saxo.
3023 2550 3142 2605 Alia
3169 2560 3297 2607 sunt
3325 2551 3643 2616 nurneralia,
3673 2559 3757 2616 ut,

2162 2640 2232 2696 ab
2284 2657 2387 2696 uno
2427 2640 2624 2707 semel;
2667 2657 2696 2695 a
2731 2642 2934 2697 duobus
2975 2641 3090 2707 bis,
3121 2658 3242 2715 ([11:13
3275 2642 3389 2698 sola
3417 2641 3760 2712 inrequaliter

2161 2730 2529 2803 proferuntur.
2562 2729 2757 2786 Cinteri
2784 2745 2914 2784 vero
2945 2730 3158 2786 numeri
3196 2745 3228 2785 a
3267 2728 3493 2786 vocibus
3529 2730 3642 2786 suis
3678 2730 3759 2785 fa-

2163 2825 2312 2880 ciunt
2340 2821 2615 2887 adverbia,
2648 2828 2729 2887 ut,
2759 2835 2791 2876 a
2822 2831 2946 2886 tres,
2981 2830 3095 2888 ter;
3120 2838 3152 2878 a
3172 2832 3418 2895 quatuor,
3452 2832 3673 2894 quater;
3702 2832 3760 2879 ct

2160 2920 2239 2973 sic
2267 2918 2438 2974 decies
2474 2916 2728 2992 [millies].
2758 2916 2879 2973 Alia
2904 2917 3314 2973 demonstrativa
3333 2958 3347 2984 ,
3380 2926 3467 2981 ut,
3497 2935 3591 2982 en,
3621 2935 3757 2974 ecce.

2160 3008 2278 3063 Alia
2318 3007 2720 3078 interrogation,
2750 3016 2811 3063 ut
2830 3050 2845 3073 ,
2874 3025 2989 3073 cur,
3016 3025 3211 3080 quare,
3240 2996 3599 3075 quamobrem.
3640 3008 3759 3064 Alia

2163 3102 2419 3171 negativa,
2442 3107 2518 3165 ut,
2540 3117 2666 3162 non,
2687 3099 2855 3166 haud,
2874 3116 3164 3171 nunquam,
3187 3102 3402 3156 minime
3421 3111 3525 3168 est,
3542 3100 3759 3171 quando

2162 3194 2281 3249 dure
2306 3202 2487 3263 partes
2514 3206 2613 3264 pro
2635 3192 2721 3249 his
2747 3192 3109 3262 accipiuntur,
3136 3201 3217 3257 ut,
3250 3191 3397 3246 nullo
3425 3192 3606 3259 modo,
3640 3192 3758 3249 uul-

2161 3287 2395 3343 latenus.

2235 3378 2332 3432 Fs.
2375 3377 2629 3450 Nunquid
2666 3378 2952 3442 adverbia,
2995 3392 3294 3450 synonyma
3318 3376 3403 3434 vel
3430 3376 3755 3450 polyonyma

2162 3479 2389 3543 possunt
2416 3469 2569 3525 esse?
2593 3500 2665 3510 ——
2694 3468 2859 3525 Saxo.
2891 3468 3143 3526 Possunt.
3184 3467 3325 3526 Sunt
3347 3485 3637 3539 synonyma
3655 3512 3669 3535 ,
3701 3471 3755 3526 id

2163 3570 2268 3625 est,
2296 3562 2423 3616 dum
2452 3560 2636 3615 multa:
2663 3574 2827 3615 voces
2860 3575 3023 3615 unam
3050 3574 3166 3615 rem
3201 3560 3540 3631 signiﬁcant;
3572 3568 3666 3627 ut,
3692 3579 3758 3618 en

2165 3672 2296 3708 erce.
2337 3654 2405 3709 Et
2428 3670 2563 3723 pene
2596 3654 2649 3708 in
2690 3653 2941 3709 omnibus
2977 3652 3462 3724 signiﬁcationibus
3492 3653 3754 3711 invenies.

2167 3743 2496 3816 Polyonyma
2516 3786 2531 3811 ,
2562 3754 2652 3807 ιιι,
2682 3745 2803 3811 ubi,
2832 3761 2966 3817 quo,
2989 3760 3128 3816 qua,
3154 3747 3445 3816 quomodo,
3475 3760 3597 3815 quae
3628 3755 3759 3802 sunt

2167 3835 2463 3900 inﬁnitiia,
2491 3843 2546 3890 et
2572 3836 2954 3906 interrogativa
2976 3842 3032 3891 et
3054 3833 3296 3891 relativa.
3335 3833 3403 3903 0,
3434 3851 3646 3910 quoque
3667 3838 3756 3893 di,

2165 3944 2352 3985 versas
2378 3928 2541 3986 habet
2562 3928 3008 4001 signiﬁcationes.
3039 3927 3137 3983 Est
3159 3928 3479 3987 adverbium
3503 3931 3756 3988 vocandi.

2165 4018 2424 4091 Virgilius
2450 4018 2605 4093 (in.
2634 4038 2676 4085 ι,
2702 4017 2827 4090 528)
2862 4037 2876 4073 :

2293 4133 2341 4184 Ο
2366 4136 2561 4195 regina,
2587 4144 2762 4183 novam
2788 4132 2866 4183 cui
2885 4130 3102 4184 condere
3126 4129 3325 4196 Jupiter
3348 4133 3548 4186 urbem.

2165 4240 2262 4294 Est
2283 4237 2605 4294 admirandi.
2636 4235 2912 4293 Iuvenalis
2942 4236 3112 4311 (Sat.,
3133 4253 3190 4306 ι,
3216 4236 3341 4311 157)
3375 4257 3388 4293 :

2291 4348 2331 4401 Ο
2352 4349 2509 4413 qualis
2529 4348 2782 4400 lactes.....

480 4424 562 4451 nu
586 4424 761 4451 lucum
794 4424 806 4448 ε
838 4424 1070 4448 uuroum
1122 4424 1363 4446 ucuroum
1420 4424 1653 4453 ou-oum,
1674 4424 2057 4449 οισησηνισκηυ,

480 4489 833 4548 dextrorsum.
865 4434 1333 4540 Italiam’versum.
1364 4431 1719 4551 I’Stquorsum,
1756 4477 1808 4531 id
1828 4484 1931 4541 est,
1955 4490 2062 4546 quo
2092 4424 2141 4481 υ
2165 4461 2263 4517 Est
2289 4461 2600 4534 indignandi
2623 4503 2638 4527 ι
2668 4468 2758 4529 ιη,
2792 4459 2836 4517 ο
2860 4462 3129 4533 tempora!
3161 4477 3191 4519 0
3224 4464 3429 4519 mores!
3454 4464 3553 4520 Est
3573 4473 3629 4521 et
3656 4481 3756 4537 ope

480 4593 719 4634 versum.
750 4576 869 4633 Alia
903 4560 1254 4640 dehor'tativa,
1302 4583 1381 4638 ut,
1428 4589 1520 4636 ne,
1553 4571 1697 4640 quod
1731 4584 1831 4639 pro
1862 4582 2059 4637 neque,

482 4678 536 4723 et
554 4682 653 4739 pro
674 4683 802 4733 non,
826 4676 883 4723 et
917 4682 1018 4740 pro
1046 4666 1202 4723 valde
1225 4665 1507 4735 accipitur.
1538 4661 1730 4718 Cicero
1780 4678 1793 4713 :
1844 4656 1926 4713 Ne
1955 4657 2063 4713 dici

481 4760 691 4831 quidem
713 4777 841 4834 opus
870 4771 965 4826 est,
997 4775 1117 4832 pro,
1143 4775 1305 4829 neque
1334 4756 1460 4811 dici.
1494 4754 1716 4809 Terent.
1765 4751 1848 4806 Ne
1884 4750 2062 4805 dicam

480 4853 625 4919 dolo,
653 4870 769 4923 pro,
796 4872 897 4908 non
928 4854 1122 4907 dicam.
1154 4851 1297 4906 Idem
1329 4870 1341 4905 :
1373 4847 1456 4904 Ne
1491 4846 1586 4902 illa
1614 4844 1762 4901 illum
1784 4842 1928 4898 haud
1950 4858 2063 4896 mo-

483 4946 577 5010 rit,
613 4960 730 5015 pro,
759 4945 907 5000 valde
938 4945 1048 4999 illa.
1074 4942 1193 4997 Alia
1227 4939 1585 5010 conﬁrmativa
1616 4952 1634 4991 :
1663 4936 1920 5009 profecto,
1954 4935 2061 4989 sci-

484 5040 627 5103 licet,
665 5038 872 5108 quippe,
921 5035 1182 5099 eidelicet,
1234 5049 1435 5103 nempe.
1467 5031 1819 5095 inveniuntur
1848 5042 2065 5098 quoque

485 5131 605 5186 dum
629 5139 811 5201 partes
832 5142 929 5198 pro
955 5127 1039 5181 his
1066 5125 1213 5196 poni,
1244 5132 1320 5186 ιιι,
1352 5122 1568 5197 quidni,
1596 5139 1692 5177 cur
1721 5139 1784 5176 ne
1807 5161 1821 5185 ,
1853 5120 1927 5175 sic
1955 5130 2060 5184 est,

484 5220 611 5293 quid
657 5221 794 5275 istic.
833 5220 982 5283 Alia,
1027 5217 1284 5290 jurativa,
1316 5224 1397 5281 ιιι,
1425 5214 1625 5287 edepol
1643 5256 1656 5280 ,
1691 5225 1932 5277 wcastor,
1959 5212 2064 5285 [cr-

485 5310 608 5383 cle],
640 5310 840 5366 medius
865 5310 1043 5379 lidius.
1095 5306 1196 5365 Per
1232 5322 1449 5380 quoque
1493 5306 1800 5379 praepositio
1846 5321 1946 5375 pro
1978 5304 2065 5361 his

486 5401 772 5472 accipitur,
802 5410 861 5456 ut
888 5399 1144 5473 Virgilius
1167 5398 1319 5473 (.En.
1356 5416 1411 5463 χ,
1440 5399 1567 5472 596)
1597 5417 1610 5452 :

612 5513 709 5565 Per
727 5520 799 5573 te,
824 5526 913 5577 per
934 5516 1018 5576 qui
1042 5519 1094 5562 te
1118 5512 1266 5563 talem
1290 5524 1538 5574 genuere,
1561 5520 1810 5573 parentes.

491 5599 585 5654 Est
613 5613 827 5669 quoque
854 5615 946 5666 per
969 5598 1423 5653 conﬁrmativam.
1455 5597 1742 5653 Terentius
1780 5615 1792 5651 :
1833 5598 1907 5652 Tu
1937 5616 2063 5669 quo-

564 5711 592 5741 ⁸
634 5707 778 5781 Virg.
812 5708 947 5782 apud
980 5709 1337 5765 Priscianum.

2167 4552 2335 4609 tandi.
2367 4552 2626 4626 Virgilius
2653 4572 2666 4608 :

2289 4668 2435 4719 Adsis
2448 4682 2479 4720 o
2498 4670 2693 4721 tandem
2717 4669 2865 4734 (Hs...
2887 4678 3126 4736 tantum.

2162 4773 2222 4829 ιιι
2274 4775 2396 4831 aliis
2445 4791 2662 4847 quoque
2711 4777 2897 4834 multis
2943 4778 3216 4834 adverbiis
3261 4778 3505 4835 invenies
3553 4779 3759 4837 multas

2164 4866 2588 4938 signiﬁcationes
2631 4869 2688 4924 in
2742 4883 2849 4925 una
2893 4868 3191 4943 eademque
3252 4885 3415 4938 voce;
3477 4872 3753 4943 quomodo

2164 4959 2329 5014 etiam
2352 4974 2384 5013 a
2410 4960 2686 5015 contrario
2704 4959 2759 5015 in
2787 4960 3015 5017 diversis
3039 4961 3261 5017 vocibus
3288 4977 3451 5017 unam
3481 4960 3752 5034 signiﬁca—

2164 5051 2365 5107 tionem
2386 5092 2399 5116 ,
2429 5059 2519 5116 ut,
2548 5050 2865 5125 aliquando,
2906 5052 3030 5108 olim
3052 5094 3067 5117 ,
3098 5053 3328 5119 dudum,
3371 5055 3471 5109 cito
3490 5095 3504 5121 ,
3534 5072 3752 5127 propere

2167 5143 2312 5217 [Ed.,
2340 5143 2546 5216 prope],
2571 5143 2824 5207 celeriter,
2853 5154 3108 5199 actutum.

2235 5234 2334 5291 Fu.
2374 5236 2456 5292 An
2481 5236 2890 5292 convenientius
2927 5246 3313 5308 praeponuntur
3349 5238 3633 5305 adverbia,
3665 5240 3750 5294 vel

2164 5328 2575 5401 subponuntur?
2602 5359 2674 5370 —-
2698 5328 2861 5385 Saxo.
2903 5328 3184 5386 Manifeste
3218 5330 3397 5401 aptius
3431 5345 3752 5401 praeponun-

2166 5432 2276 5486 tur,
2298 5419 2569 5492 quomodo
2592 5419 2857 5491 adjectiva
2885 5421 3125 5488 nomina,
3151 5428 3234 5486 ut,
3264 5420 3429 5476 bonus
3451 5421 3602 5476 homo
3625 5420 3752 5477 bene

2166 5512 2304 5583 agit;
2333 5512 2480 5581 fortis
2507 5513 2791 5582 imperator
2817 5510 3022 5581 fortiter
3046 5523 3265 5583 pugnat.
3303 5511 3507 5568 Tamen
3536 5526 3748 5584 prtepoc

2165 5613 2310 5659 sterc
2344 5604 2689 5659 im'eniuntur
2715 5602 2838 5673 poni
2890 5602 3085 5673 multa,
3126 5613 3322 5674 praeter
3360 5604 3748 5677 monosyllaba,
