4106 6520
246 324 355 381 889

1354 308 1831 368 DIDASCALICA.
1865 339 1933 349 ——
1972 308 2110 365 CBA
2121 308 2452 366 BIMATICA.

3437 308 3544 366 890

247 456 334 511 ut,
363 460 486 510 non,
516 444 666 507 dum,
696 457 782 505 en,
814 455 928 494 cur.
959 432 1393 493 Demonstrativa
1433 444 1648 500 quoque
1678 436 1731 483 et
1758 428 1841 483 in-
1871 425 1924 485 Δ
1948 427 2271 493 dicendum;
2317 428 2442 494 sed,
2481 427 2595 498 lego
2638 436 2687 481 et
2712 426 2884 481 scribo
2914 466 2930 492 ,
2975 426 3134 482 doceo
3176 436 3227 481 et
3264 429 3443 486 discis.
3485 429 3547 491 Si

247 538 583 610 terrogativa
610 543 668 590 et
685 532 974 597 hortativa,
998 537 1053 583 et
1084 524 1475 591 similitudinis,
1506 522 1753 578 vocativo
1793 528 1850 575 et

249 629 487 702 optativa
523 625 781 683 adverbia
824 629 1232 694 praeponuntur,
1276 623 1371 683 ut,
1402 633 1468 671 en
1490 655 1505 680 ,
1540 630 1689 677 ecce,
1728 628 1845 678 cur,

245 736 413 793 quare
430 760 445 787 ,
464 720 572 784 eia,
597 732 714 789 age,
742 732 836 770 ceu
853 755 868 780 ,
891 711 1077 784 quasi,
1102 711 1231 765 heus
1248 750 1263 775 ,
1291 717 1518 762 utinam.
1546 704 1628 760 En
1654 703 1845 768 babes,

248 809 483 876 France,
510 807 578 864 de
605 804 863 861 adverbio
888 802 1041 858 satis.

321 902 425 958 Fa.
484 899 603 956 Non
664 898 843 962 satis;
903 908 1197 966 pausemus
1252 897 1436 946 tamen
1498 887 1568 943 ad
1628 886 1843 942 horam.

244 1026 322 1044 --
347 996 513 1052 Suo.
541 993 863 1048 Pausemus.

777 1122 867 1179 DE
903 1116 1311 1178 PARTICIPIO.

322 1263 486 1340 292
506 1263 606 1321 Fu.
630 1261 825 1332 Surge,
849 1258 1015 1315 Saxo.
1032 1256 1280 1311 ——Suo.
1307 1253 1446 1322 Quid
1471 1253 1575 1319 vis,
1599 1252 1847 1309 France?

322 1358 424 1416 Fu.
455 1357 528 1414 Ut
552 1355 767 1427 regulas
791 1350 1200 1425 participiorum
1231 1347 1440 1419 pandas
1479 1344 1616 1401 mihi
1660 1343 1842 1400 velim.

247 1481 322 1496 -
351 1449 517 1508 δυο.
552 1446 814 1503 Pandam.
851 1442 958 1500 Sed
996 1440 1086 1498 illa
1119 1454 1250 1510 pars
1282 1451 1474 1509 parum
1513 1435 1644 1507 quid
1684 1434 1850 1492 habet

251 1540 621 1601 obscuritatis.
656 1536 864 1593 Tamen
907 1535 955 1590 si
984 1533 1113 1604 quid
1146 1547 1282 1601 opus
1318 1530 1515 1593 habes,
1549 1529 1844 1598 interroga.

322 1630 424 1687 Fit.
462 1625 649 1685 Primo
677 1619 1123 1693 interrogtndum
1158 1632 1302 1684 reor,
1331 1615 1472 1673 unde
1497 1613 1848 1686 participium

250 1723 459 1780 dictum
506 1721 599 1776 sit.
640 1747 713 1760 ——-
752 1714 918 1771 Suo.
962 1710 1317 1781 Participium
1344 1707 1549 1763 dictum
1574 1712 1690 1769 est,
1718 1704 1847 1775 quia

1950 518 2297 589 participium
2326 517 2447 572 loco
2475 515 2676 588 prioris
2704 515 2856 572 verbi
2886 531 3075 587 ponas,
3108 518 3245 573 bene
3270 519 3389 575 sine
3415 536 3548 578 con-

1939 609 2223 681 junctione
2258 610 2555 683 profertur,
2592 620 2681 675 ut,
2713 608 2886 680 legens
2918 611 3109 675 scribo,
3139 610 3330 668 docens
3360 614 3543 669 discis.

1946 703 2118 774 Igitur
2143 704 2490 775 participium
2520 703 2796 758 inventum
2823 710 2927 767 est,
2953 709 3016 757 ut
3042 702 3097 757 in
3129 704 3466 762 nominativo
3491 717 3547 762 et

1946 791 2196 850 vocativo
2216 792 2335 848 sine
2354 792 2737 864 conjunctione
2752 791 3062 863 proferatur
3081 808 3205 849 cum
3227 794 3334 851 alio
3352 798 3546 863 verbo,

1946 892 2027 949 ut,
2054 882 2231 956 legens
2258 885 2420 939 doceo
2424 925 2451 963 ,
2481 899 2613 955 pro,
2644 883 2764 956 lego
2794 892 2851 939 et
2875 884 3046 941 doceo
3077 905 3092 941 :
3123 893 3202 954 et,
3233 886 3406 960 legens
3436 890 3545 961 fac,

1946 990 2066 1046 pro,
2090 973 2207 1046 lege
2230 984 2286 1031 et
2306 974 2410 1038 fac,
2434 990 2556 1046 qua:
2578 975 2777 1046 positio
2808 976 3149 1032 intransitiva
3174 985 3278 1033 est.
3310 979 3414 1035 hoc
3438 990 3544 1047 est,

1948 1068 2121 1138 ipsam
2147 1068 2389 1124 ostendit
2414 1068 2469 1123 in
2502 1082 2562 1122 se
2590 1083 2809 1124 manere
2839 1082 3143 1138 personam.
3168 1068 3386 1143 Obliqui
3417 1086 3548 1129 vero

1948 1172 2111 1214 casus
2136 1158 2549 1228 participiorum
2574 1158 2643 1213 ad
2669 1158 2774 1214 hoc
2796 1165 2924 1213 sunt
2944 1159 3125 1223 utiles,
3153 1161 3299 1229 quod
3326 1176 3430 1217 non
3460 1176 3548 1218 so-

1948 1251 2062 1306 lum
2082 1250 2201 1307 sine
2221 1249 2603 1320 conjunctione
2628 1248 3000 1320 proferuntur,
3026 1252 3120 1307 sed
3141 1252 3306 1307 etiam
3327 1252 3392 1307 ad
3411 1253 3547 1311 alias

1952 1350 2233 1399 transeant
2268 1356 2562 1412 personas;
2604 1348 2685 1408 ut,
2716 1341 2951 1397 docentis
2988 1343 3182 1414 potior,
3216 1344 3425 1400 docenti
3464 1363 3549 1402 re-

1947 1432 2202 1506 spondeo,
2236 1433 2505 1488 docentem
2532 1433 2715 1497 audio,
2737 1430 2829 1486 illo
2853 1431 3068 1487 docente
3086 1432 3271 1489 didici.

2020 1523 2120 1580 Fu.
2156 1524 2301 1592 Quot
2323 1520 2579 1579 accidunt
2604 1523 2894 1593 participio
2920 1520 3055 1595 [Al.,
3080 1524 3348 1580 accedunt
3376 1529 3545 1597 parti-

1948 1614 2265 1689 cipiis]?—
2288 1613 2453 1671 Suo.
2496 1611 2625 1669 Sex.
2664 1612 2872 1679 Genus,
2903 1631 3058 1670 casus
3095 1632 3164 1671 ex
3200 1618 3436 1687 nomine,
3472 1622 3547 1675 sis

1948 1706 2219 1779 gniﬁcatio
2242 1746 2258 1773 ,
2298 1715 2501 1778 tempus
2548 1719 2617 1761 ex
2662 1707 2868 1773 verbo,
2914 1722 3164 1765 numerus
3187 1748 3203 1777 ,
3246 1708 3423 1782 ﬁgura
3474 1725 3545 1768 ex

250 1822 467 1890 partem
494 1808 730 1868 nominis
759 1814 1076 1877 partemque
1107 1799 1260 1856 verbi
1292 1804 1472 1890 tenet,
1510 1803 1577 1890 et
1606 1794 1843 1851 medium
1877 1781 1921 1841 Β
1949 1807 2201 1869 unoque,

252 1888 398 1965 inter
423 1918 490 1960 ea
515 1901 693 1957 locum
722 1897 915 1962 habet,
945 1903 1001 1949 et
1024 1906 1241 1964 semper
1276 1890 1333 1945 in
1358 1888 1693 1945 derivatione
1730 1896 1844 1953 est;

250 1996 400 2072 quod
431 1993 581 2052 nulla
614 1990 717 2047 alia
742 2004 870 2061 pars
902 1983 1166 2045 orationis
1201 1980 1393 2047 habet,
1419 1979 1548 2072 dum
1574 1978 1694 2033 alia:
1720 1992 1847 2049 par-

255 2070 337 2146 tes
371 2084 683 2159 primitivas
710 2079 914 2137 habent
940 2075 1150 2148 species
1171 2115 1186 2140 ,
1214 2072 1359 2127 unde
1397 2070 1733 2133 derivantur,
1767 2076 1847 2134 ut,

255 2196 289 2237 a
314 2196 456 2251 rege,
484 2174 684 2246 regalis
713 2189 727 2227 :
755 2187 788 2227 a
812 2169 945 2234 mei,
976 2183 1130 2222 meus
1158 2183 1171 2219 :
1199 2180 1230 2220 a
1269 2164 1437 2233 ferveo
1455 2202 1471 2229 ,
1507 2162 1783 2225 fervesco;
1816 2175 1848 2215 a

256 2285 448 2344 prope,
473 2266 698 2339 propius
730 2280 742 2317 :
788 2262 857 2317 ab
881 2274 980 2327 ex,
1020 2265 1197 2313 extra.
1228 2254 1516 2323 Participia
1548 2268 1677 2308 vero
1706 2267 1851 2309 sem-

257 2377 358 2434 per
383 2374 416 2417 a
447 2356 626 2415 verbis
652 2354 989 2417 derivantur,
1020 2355 1075 2405 et
1102 2345 1565 2417 comparationem
1593 2354 1701 2399 non
1731 2358 1853 2412 pos-

254 2462 386 2512 sunt
406 2450 633 2514 habere.
666 2447 726 2504 Si
754 2451 1161 2518 comparantur,
1193 2446 1475 2495 transeunt
1500 2438 1555 2492 in
1583 2438 1803 2493 nomina
1832 2455 1846 2491 :

252 2553 350 2610 ut,
392 2554 582 2599 amans
614 2536 685 2594 ab
729 2551 850 2591 amo
884 2532 1051 2590 verbo
1086 2529 1330 2585 veniens.
1371 2526 1429 2583 Si
1464 2525 1602 2583 facis
1638 2543 1846 2592 amans,

250 2631 542 2700 amantior,
585 2626 1018 2693 amantissimus,
1072 2637 1272 2679 nomen
1321 2628 1437 2686 est,
1480 2634 1675 2674 carens
1711 2626 1848 2674 tem-

288 2743 407 2785 ore.

249 2745 420 2873 poli:
464 2813 575 2871 Sed
612 2811 755 2868 unde
792 2819 1028 2879 agnosco
1070 2819 1139 2860 an
1181 2817 1379 2860 nomen
1408 2802 1481 2859 sit
1512 2802 1596 2858 vel
1629 2801 1849 2873 perlici-

248 2911 401 2982 pium
436 2906 564 2965 talis
594 2903 794 2962 dictio?
817 2931 884 2942 —
919 2883 1086 2955 διιο.
1118 2895 1195 2952 Ex
1232 2910 1455 2951 casuum
1484 2894 1849 2950 circumstan-

252 3005 348 3060 tia.
378 2999 518 3057 Nam
536 2995 889 3069 participium
932 3003 1117 3049 casum
1157 2988 1242 3044 sui
1285 2987 1436 3043 verbi
1462 2988 1731 3058 sequitur,
1763 2996 1844 3052 ut,

253 3113 374 3154 amo
398 3092 585 3157 illum,
609 3105 795 3145 amans
819 3085 988 3141 illum.
1019 3079 1227 3137 Nomen
1265 3094 1396 3134 vero
1425 3078 1470 3134 si
1502 3076 1625 3143 tiet,
1655 3092 1844 3133 casum

2020 1891 2121 1947 Fs.
2160 1890 2305 1960 Quot
2343 1906 2545 1963 genera
2582 1893 2788 1949 habet?
2813 1923 2886 1934 —
2914 1892 3083 1951 Suo.
3114 1894 3373 1962 Quatuor.
3405 1896 3548 1955 Mas-

1949 1980 2221 2048 eulinum,
2258 1990 2340 2048 ut,
2375 1992 2604 2038 amatus.
2636 1982 3009 2050 Femininutn,
3043 1993 3127 2051 ut,
3170 1996 3371 2043 amata.
3402 1988 3548 2044 Neu-

1947 2076 2120 2137 trum,
2153 2079 2233 2138 ut,
2265 2079 2525 2127 amatum.
2556 2072 2748 2129 Omnis
2776 2076 3021 2146 generis,
3052 2082 3135 2143 ut,
3160 2076 3245 2131 hic
3269 2086 3325 2132 et
3352 2076 3463 2135 ltwc
3491 2090 3549 2137 et

1948 2162 2046 2217 hoc
2069 2180 2276 2218 amans.
2301 2162 2435 2220 Nam
2465 2179 2751 2221 commune
2779 2166 2943 2221 duum
2974 2182 3236 2237 generum
3263 2177 3321 2225 et
3345 2171 3548 2242 spica:-

1947 2270 2182 2311 nomena
2212 2254 2344 2329 [Al.,
2376 2256 2661 2330 epicenon]
2710 2258 2763 2312 in
2812 2260 3100 2330 partietpio
3144 2261 3406 2329 inveniri,
3450 2280 3548 2320 na-

1949 2354 2073 2402 tura
2100 2348 2217 2419 ipsa
2240 2348 2515 2419 prohibet.
2547 2347 2688 2406 Cum
2714 2352 2861 2407 enim
2890 2352 3058 2407 verba
3079 2392 3095 2419 ,
3128 2368 3194 2409 ex
3225 2357 3422 2425 quibus
3448 2374 3545 2414 na—

1949 2448 2177 2495 scuntur
2201 2440 2509 2512 participia,
2540 2443 2749 2514 pariter
2779 2443 3031 2501 omnibus
3051 2442 3353 2517 iungantur
3378 2464 3543 2521 gene-

1949 2537 2134 2603 ribus,
2157 2544 2247 2601 ut,
2277 2535 2400 2608 legit
2433 2539 2528 2603 vir,
2572 2537 2696 2610 legit
2731 2539 2966 2610 femina,
3007 2539 3132 2612 legit
3173 2547 3493 2618 mancipium
3526 2564 3545 2602 :

1948 2630 2261 2685 necessario
2300 2629 2684 2700 participium,
2733 2630 2879 2701 quod
2924 2647 2991 2687 ex
3046 2647 3115 2689 eo
3158 2636 3547 2707 proﬁciscitur,

1947 2719 2150 2776 eisdem
2190 2721 2479 2790 generibus
2518 2722 2837 2777 associatur.
2877 2722 2945 2778 Et
2988 2738 3149 2779 omne
3192 2726 3542 2799 participium

1948 2812 2004 2865 in
2032 2827 2129 2866 ans
2148 2810 2233 2866 vel
2256 2811 2309 2865 in
2332 2828 2445 2875 ens,
2465 2827 2708 2884 praesens
2732 2822 2789 2869 et
2806 2816 3142 2883 praeteritum
3164 2817 3545 2888 imperfectum

1948 2903 2063 2957 sive
2108 2901 2269 2956 trium
2297 2915 2556 2970 generum
2585 2910 2706 2968 est;
2737 2912 2826 2970 ut,
2865 2905 2951 2958 hic
2982 2914 3038 2962 et
3077 2907 3190 2961 Itth
3216 2917 3272 2964 et
3300 2908 3399 2965 hoc
3427 2912 3551 2969 lau-

1947 2993 2103 3058 dans,
2143 2992 2333 3046 docens
2352 3033 2366 3057 ,
2397 2992 2569 3063 legens
2588 3034 2603 3060 ,
2626 2994 2870 3050 audiens.
2905 2995 2962 3051 Si
2993 3011 3120 3053 vero
3158 2998 3213 3054 in
3251 3017 3313 3056 us
3344 3002 3545 3059 liniun-

1948 3092 2057 3151 tur,
2087 3084 2364 3155 praaterita
2394 3085 2477 3139 vel
2506 3084 2709 3153 futura,
2735 3088 2955 3145 mobilia
2983 3098 3109 3145 sunt
3134 3107 3233 3163 per
3257 3094 3357 3150 tria
3384 3110 3548 3166 gene—

252 3185 488 3244 verbalis
526 3180 660 3257 [Αι.,
690 3174 968 3248 verbialis]
998 3172 1232 3228 nominis
1272 3168 1535 3239 sequitur,
1571 3177 1650 3233 ut,
1695 3183 1846 3221 ama-
1871 3160 1917 3225 C
1950 3191 2007 3230 ra
2026 3215 2040 3241 ,
2071 3182 2129 3231 ut
2151 3186 2393 3242 amatus,
2424 3187 2625 3243 amata,
2656 3186 2913 3233 amatum.
2939 3160 3248 3248 Amaturus,
3273 3160 3545 3255 amulum,

249 3287 337 3334 tor
358 3275 531 3342 illius,
559 3273 640 3329 sic
664 3268 931 3327 dicimus:
958 3281 1142 3321 amans
1167 3261 1332 3317 illius.
1358 3260 1522 3317 Vides
1547 3258 1699 3330 quod
1718 3272 1846 3329 par—

250 3370 495 3441 ticipium
524 3360 857 3424 accusativo,
880 3371 1078 3413 nomen
1107 3353 1345 3426 genitivo
1364 3350 1631 3423 jungitur.
1661 3348 1767 3406 Sed
1790 3357 1848 3405 et

247 3457 535 3535 participia
560 3464 776 3526 tempus
800 3449 1128 3521 signilieant.

320 3548 424 3607 Fu.
450 3544 704 3618 Nunquid
730 3558 837 3598 non
864 3539 1115 3611 qumdam
1143 3537 1361 3593 nomina
1388 3548 1606 3605 quoque
1635 3543 1845 3605 tempus

250 3637 597 3714 signiﬁcant,
628 3644 689 3688 ut
717 3646 921 3695 annus,
964 3627 1199 3692 mensis,
1239 3625 1388 3690 dies,
1435 3626 1604 3691 hora,
1644 3634 1702 3681 et
1739 3626 1846 3682 alia

254 3731 422 3791 multa
435 3728 540 3784 μ-
554 3724 721 3782 Suo.
740 3721 1081 3793 Signiﬁcant.
1101 3718 1207 3774 Sed
1226 3716 1609 3788 interestquod
1624 3719 1844 3772 nomina

252 3824 339 3881 iila
365 3818 504 3878 nihil
525 3816 672 3873 aliud
698 3813 1029 3885 significant,
1054 3811 1157 3866 nisi
1184 3810 1360 3879 ipsum
1383 3817 1598 3878 tempus
1626 3822 1724 3880 per
1748 3822 1842 3863 se:

249 3910 540 3987 participia
566 3908 749 3979 itaque
771 3905 1040 3961 actionem
1066 3901 1152 3958 vel
1181 3901 1488 3972 passionem
1529 3900 1582 3953 in
1605 3898 1849 3969 quolibet

250 4018 501 4078 tempore
542 4000 662 4057 fieri
699 3999 1103 4059 demonstrant,
1130 4009 1237 4047 non
1268 3992 1443 4064 ipsum
1480 3998 1693 4062 tempus
1723 4009 1737 4045 :
1778 3991 1848 4047 Et

248 4099 398 4172 quod
411 4094 759 4170 participium
780 4088 1096 4161 exsequitur
1120 4101 1297 4150 casus,
1322 4097 1459 4154 quos
1482 4090 1537 4138 et
1562 4082 1751 4149 verba,
1777 4097 1845 4137 ex

249 4189 450 4263 quibus
477 4191 776 4244 nascuntur
805 4196 821 4236 :
846 4189 903 4237 et
930 4177 1073 4252 quod
1104 4174 1393 4231 verborum
1422 4173 1845 4244 signiﬁcationes

249 4281 485 4347 habent,
512 4286 568 4334 et
606 4276 749 4350 quod
785 4289 885 4347 pro
910 4271 1076 4328 verbo
1102 4275 1397 4340 ponuntur.
1440 4264 1594 4323 Unde
1623 4265 1844 4336 quidam

247 4371 594 4449 participium
627 4368 855 4425 verbum
904 4361 1121 4420 casuale
1167 4360 1478 4449 nominant;
1529 4358 1656 4449 quia
1699 4358 1845 4427 quod

245 4446 417 4525 verbo
439 4477 541 4536 per
561 4477 621 4519 se
645 4460 830 4523 deest,
862 4457 916 4511 id
942 4461 1028 4511 est
1051 4466 1208 4509 casus
1225 4492 1240 4516 ,
1268 4446 1511 4522 possidet
1542 4448 1596 4502 in
1622 4446 1845 4518 partici-

246 4562 358 4633 pio.
398 4556 526 4613 Ideo
566 4555 619 4611 in
659 4548 1063 4609 constructione
1099 4560 1197 4615 per
1219 4543 1479 4633 ebliquos
1514 4555 1708 4606 casus,
1748 4538 1840 4595 ubi

246 4630 474 4709 verbum
498 4647 652 4719 jungi
678 4660 785 4701 non
816 4650 1015 4715 potest,
1046 4630 1389 4711 participium
1424 4634 1549 4690 loco
1570 4633 1723 4689 verbi
1751 4648 1842 4688 su-

244 4746 360 4811 bit;
392 4752 454 4800 ut
487 4742 653 4797 bonus
689 4736 891 4812 [homo]
934 4732 1243 4807 loquebatur
1276 4744 1293 4783 :
1328 4730 1449 4784 boni
1489 4727 1716 4783 hominis
1763 4725 1842 4781 Io-

244 4836 454 4909 quentis
500 4829 792 4886 orationem
833 4826 1041 4891 audivi;
1084 4823 1218 4878 bona
1253 4820 1453 4877 homini
1494 4818 1726 4890 loquenti
1759 4834 1840 4872 re-

244 4925 471 4999 spondi;
507 4923 699 4977 bonum
740 4917 1001 4981 hominem
1036 4914 1329 4986 loquentem
1362 4912 1575 4977 audivi;
1614 4920 1671 4965 tu
1711 4911 1840 4965 bone

246 5021 405 5075 homo
432 5014 675 5087 loquere;
698 5027 732 5066 a
760 5009 893 5064 bona
915 5006 1122 5063 homine
1148 5004 1387 5077 loquente
1408 5002 1595 5057 didici.
1623 4999 1737 5075 [Et]
1772 5015 1841 5056 ex

245 5128 316 5171 eo
345 5106 710 5167 nominativus
746 5111 803 5159 et
824 5102 1105 5158 vocativus
1128 5098 1261 5154 recti
1287 5113 1448 5155 casus
1471 5095 1839 5161 nominantur,

247 5201 378 5278 quia
404 5215 503 5273 per
529 5213 588 5256 se
611 5194 791 5252 verbis
809 5192 966 5266 jungi
994 5198 1239 5262 possunt.

320 5297 420 5354 Fu.
461 5295 635 5365 Quam
670 5290 961 5348 utilitatem
998 5286 1162 5343 habet
1191 5285 1532 5358 participium
1570 5285 1625 5339 in
1669 5285 1843 5340 nomi-

250 5395 437 5452 nativo
464 5400 521 5450 et
540 5388 820 5452 vocativo,
851 5386 899 5441 si
938 5384 1019 5440 sic
1048 5381 1197 5437 verbi
1233 5380 1357 5437 loco
1393 5380 1625 5450 obliquis
1644 5377 1843 5450 junga-

250 5486 377 5545 tur?
398 5514 469 5526 —-
498 5483 665 5539 Suo.
696 5478 852 5546 Quod
887 5478 1051 5532 verba
1092 5474 1208 5530 sine
1246 5469 1627 5542 conjunctione
1658 5470 1715 5526 in
1744 5485 1843 5524 no-

238 5577 516 5639 minativo
542 5582 599 5630 et
620 5571 870 5629 vocativo
898 5565 1223 5639 conjungere
1253 5571 1427 5636 potes.
1465 5562 1600 5619 Nam
1628 5560 1839 5618 diversa

223 5665 424 5727 "verba
445 5665 563 5723 sine
590 5660 970 5734 conjunctione
998 5658 1133 5715 recti
1161 5655 1318 5729 [Δίκη
1348 5652 1516 5726 recte]
1547 5651 1700 5723 juugi
1733 5669 1840 5708 non

253 5767 516 5842 possunt,
543 5765 633 5827 ut,
665 5754 809 5827 lego,
838 5751 1038 5820 scribo;
1069 5749 1155 5807 vel
1191 5749 1371 5815 doceo,
1399 5746 1589 5813 discis,
1624 5760 1730 5801 non
1761 5754 1844 5801 cst

1872 4518 1919 4577 D

1944 3275 2267 3321 amaturum.

2013 3357 2113 3413 Ftt.
2150 3357 2321 3414 Casus
2362 3360 2775 3431 participiorum
2822 3378 3035 3434 expone
3079 3366 3232 3422 mihi.
3268 3398 3336 3409 -—
3374 3369 3541 3427 Saxo.

1944 3448 2118 3507 Casus
2138 3450 2553 3521 participiorum
2578 3466 2672 3508 sex
2703 3463 2849 3518 sunt,
2876 3455 3018 3510 sicut
3037 3463 3092 3511 et
3114 3458 3413 3515 nominum.
3436 3461 3549 3518 Nec

1944 3548 2071 3597 sunt
2096 3541 2314 3595 inventa
2345 3541 2633 3612 participia
2659 3541 2715 3597 in
2746 3543 2929 3614 aliquo
2957 3560 3088 3601 casu
3115 3546 3441 3616 deﬁcientia,
3473 3553 3548 3609 si-

1943 3640 2037 3689 cut
2062 3632 2225 3705 293
2257 3648 2356 3689 nec
2386 3634 2605 3690 nomina
2630 3635 2850 3690 mobilia
2878 3635 2963 3691 vel
2991 3653 3047 3691 tn
3074 3637 3211 3695 duas
3234 3641 3545 3702 desinentes

1944 3731 2324 3780 consonantes.
2355 3722 2487 3793 Quae
2513 3726 2659 3781 enim
2696 3725 2987 3797 deﬁciunt,
3018 3729 3125 3786 ﬁxa
3155 3742 3311 3801 sunt;
3341 3744 3429 3803 ut,
3461 3738 3545 3808 fas
3646 3734 3648 3737 ’

1946 3811 2194 3887 [ditione]
2221 3814 2364 3869 tabo.

2016 3905 2115 3960 Fu.
2156 3904 2439 3974 Quomodo
2466 3907 2808 3965 declinantur
2834 3913 3244 3984 participia?—
3269 3914 3433 3975 Saxo.
3462 3919 3546 3975 Ad

1944 3997 2355 4054 similitudinem
2392 4000 2674 4055 nominum
2716 4000 2770 4056 itt
2811 4018 2903 4057 ens
2939 4003 3337 4077 desinentium,
3368 4011 3453 4067 vel
3488 4013 3544 4069 iu

1945 4105 2008 4145 us
2037 4088 2341 4145 mobilium.

2016 4179 2116 4235 Fit.
2156 4177 2423 4251 Tempora
2463 4183 2874 4255 participiorum
2913 4187 3149 4257 qualiter
3185 4194 3449 4248 currunt?
3474 4226 3542 4238 —

1947 4270 2113 4328 Suo.
2142 4270 2439 4343 Partieipia
2468 4272 2758 4344 conjuncta
2786 4275 3019 4345 habent,
3053 4262 3195 4338 sicui
3219 4284 3387 4339 verba
3416 4285 3541 4343 inﬁ-

1945 4365 2135 4429 nitiva,
2164 4364 2219 4420 id
2241 4373 2342 4431 est,
2368 4382 2607 4436 pmsens
2629 4375 2844 4440 tempus
2870 4368 3067 4444 [Edit.,
3096 4377 3382 4443 praesentis
3407 4385 3543 4435 tem-

1943 4454 2115 4527 poris]
2164 4465 2219 4511 et
2267 4457 2600 4527 praeteritum
2654 4458 3055 4530 imperfectum.
3102 4463 3234 4520 Item
3276 4469 3537 4537 praeterit.

1944 4546 2171 4619 perfect.
2217 4555 2274 4603 et
2339 4547 2854 4621 plusquamperfect.
2927 4554 3157 4623 pariter,
3206 4564 3268 4610 ut
3308 4574 3322 4611 :
3365 4556 3541 4628 legens

1941 4638 2133 4704 scribo,
2157 4637 2329 4710 legens
2353 4639 2677 4706 scribebam;
2698 4639 2861 4697 lectus
2887 4643 2987 4713 fui,
3016 4642 3180 4700 lectus
3204 4645 3432 4717 fueram.

2013 4731 2111 4786 Fn.
2148 4732 2233 4787 An
2275 4746 2341 4788 ex
2389 4732 2539 4787 omni
2584 4731 2977 4804 signiﬁcatione
3016 4737 3309 4797 verborum
3355 4740 3539 4798 omnia

1943 4832 2187 4893 tempora
2210 4822 2558 4879 inveniuntur
2584 4823 2638 4877 in
2663 4823 3004 4894 participiis?
3022 4855 3093 4866 -—
3119 4824 3285 4883 Suo.
3318 4828 3536 4901 Nequa-

1942 4930 2127 4985 quam.
2156 4913 2292 4970 Nam
2316 4931 2439 4971 cum
2466 4915 2706 4986 quinque
2729 4917 2842 4972 sint
2868 4918 3157 4974 verborum
3182 4919 3534 4992 signiﬁcatio-

1943 5020 2061 5071 nes,
2093 5006 2294 5072 activa,
2312 5005 2551 5076 passiva,
2574 5013 2790 5075 neutra,
2816 5010 3144 5076 communia,
3176 5010 3530 5082 deponentia;

1944 5096 2229 5168 participia
2268 5097 2336 5152 ab
2380 5096 2573 5152 activis
2626 5097 2845 5166 quidem
2889 5106 2946 5154 et
2990 5100 3201 5157 neutris
3251 5102 3534 5171 praesentis

1947 5188 2210 5259 temporis
2231 5188 2578 5243 inveniuntur
2598 5196 2654 5243 et
2672 5187 2868 5254 futuri;
2900 5198 2960 5244 ut
2983 5206 3190 5257 amans,
3213 5202 3487 5248 amaturus
3511 5205 3531 5243 :

1944 5293 2090 5338 stans
2111 5322 2125 5347 ,
2162 5290 2398 5337 staturus
2430 5293 2448 5331 :
2486 5278 2582 5335 sed
2619 5281 2902 5350 praesentis
2942 5282 3283 5354 participium
3317 5292 3373 5340 et
3405 5284 3534 5340 sub-

1946 5375 2239 5431 stantivum
2268 5373 2490 5427 verbum
2519 5389 2666 5439 sum,
2690 5374 3026 5444 praeteritum
3063 5372 3363 5445 perfectum
3401 5391 3530 5446 pro-

1943 5465 2198 5531 ferimus;
2242 5470 2333 5530 ut,
2374 5479 2561 5518 amans
2606 5463 2722 5535 fui,
2754 5463 2932 5533 fuisti,
2974 5463 3105 5532 fuit,
3150 5480 3283 5537 pro,
3327 5467 3531 5535 amavi,

1945 5557 2214 5623 amavisti,
2247 5556 2476 5618 amavit;
2516 5564 2572 5610 et
2606 5557 2687 5613 sic
2725 5572 2823 5628 per
2864 5572 3054 5613 omnes
3090 5557 3280 5614 modos
3308 5556 3363 5613 in
3395 5568 3535 5615 tem-

1945 5666 2076 5723 pore
2106 5648 2381 5722 pratterito
2405 5646 2648 5718 perfecto
2676 5657 2732 5703 et
2766 5647 3313 5719 plusquamperfecto.
3346 5648 3532 5720 Itaque

1944 5742 2089 5813 quod
2135 5739 2285 5798 deest
2335 5738 2657 5798 naturaliter
2691 5738 2920 5810 simplici
2962 5738 3196 5796 dictione
3222 5779 3236 5803 ,
3279 5739 3530 5812 impletur
