4106 6488
449 379 547 437 891

1279 370 1337 425 Β.
1380 369 1442 425 F.
1481 365 1707 423 ALBlNl
1748 362 1878 419 SEU
1917 358 2195 416 ALCUINI
2232 359 2518 418 OPERUM
2559 357 2738 415 PARS
2777 353 2887 411 Ἧι.
2924 362 2925 365 ‘

3616 345 3724 404 893

444 500 715 574 junctum
748 492 977 552 ratione.
1016 485 1366 545 Inveniuntur
1402 492 1581 536 tamen
1625 479 1678 532 in
1715 473 2035 563 quibusdam
2065 472 2117 539 Α
2141 486 2333 527 amans
2361 489 2374 525 :
2398 471 2585 537 habeo,
2608 470 2788 534 habes,
2812 468 3035 529 habens,
3070 464 3387 534 interposita
3417 478 3451 515 η
3475 462 3727 517 secunda:

451 556 661 652 neutris.
684 583 970 661 participia
998 578 1270 653 praeterita
1289 618 1305 643 ,
1332 585 1391 633 ut
1410 616 1424 641 ,
1454 588 1484 628 a
1514 589 1657 627 caeno
1684 556 1929 626 ccenatus
1959 585 1972 621 :
2007 579 2040 620 a

451 680 684 757 prandeo
708 691 939 750 pransus
976 693 987 728 :
1023 689 1053 731 a
1076 671 1257 743 placeo
1289 667 1521 739 placitus
1556 683 1568 718 :
1605 681 1634 717 ει
1662 661 1799 717 nubo
1828 668 1994 731 nupta
2022 677 2037 715 :

454 755 664 846 apateo
692 784 905 844 passus.
938 763 1193 836 virgilius
1224 761 1378 834 (Jun.
1403 775 1443 825 I,
1473 755 1600 827 tsi)
1634 773 1649 812 ε

640 880 871 932 ὺιιιιδιιι
893 876 1071 935 Iliades
1107 876 1262 938 passis
1281 906 1299 939 η

456 963 512 1021 id
538 971 641 1029 est,
669 960 947 1031 dispersis.
976 956 1065 1016 Fit
1090 969 1307 1027 quoque
1330 968 1361 1007 a
1390 952 1565 1021 patior
1600 963 1791 1025 passus
1822 966 1835 1003 :
1867 963 1899 1004 a
1917 947 2045 1019 juro

451 1054 669 1127 iuratus
702 1070 716 1107 :
749 1052 817 1112 ab
846 1048 1099 1109 adsuesce
1123 1048 1379 1101 adsuetus
1413 1061 1425 1096 :
1457 1058 1487 1096 a
1512 1040 1678 1099 titubo
1705 1041 1969 1101 titubatus
1992 1046 2048 1093 et

458 1148 588 1204 talia
615 1144 816 1207 multa;
848 1151 937 1207 ut,
966 1142 1257 1205 discessus,
1282 1137 1555 1203 interitus,
1588 1134 1775 1197 obitus,
1810 1149 2046 1197 occasus,

458 1251 644 1315 potus,
672 1247 880 1296 enectus
922 1235 1073 1310 [Ed.,
1109 1230 1391 1303 senectus].
1426 1230 1625 1286 Neutra
1670 1240 1886 1299 quoque
1921 1240 2047 1295 pas-

460 1334 612 1397 siva,
658 1346 779 1402 qua:
817 1327 1056 1400 quinque
1100 1332 1260 1391 sunt,
1306 1323 1472 1378 trium
1511 1329 1814 1390 temporum
1852 1319 2052 1381 habent

460 1422 781 1495 participia;
810 1428 888 1486 ιιι,
915 1418 1141 1490 gaudeo,
1164 1415 1430 1488 gaudens,
1457 1413 1695 1487 gavisus,
1726 1411 2000 1482 gavisurus
2029 1422 2051 1462 :

461 1514 654 1580 audeo,
683 1512 903 1577 audens,
928 1526 1111 1572 ausus,
1136 1522 1368 1563 ausurus
1397 1503 1600 1570 :soleo,
1623 1502 1818 1562 solens.
1844 1501 2050 1565 solitus,

462 1604 716 1666 soliturus
766 1618 783 1656 :
828 1602 933 1672 lio,
974 1602 1143 1670 ﬁcus,
1192 1598 1398 1669 foetus,
1441 1596 1686 1666 futurus;
1738 1591 2056 1659 differentiae

463 1711 653 1762 causa,
682 1710 753 1751 ne
773 1695 820 1750 si
848 1692 1087 1765 {acturus
1114 1692 1405 1755 diceretur,
1434 1704 1467 1753 ει
1489 1686 1629 1757 facio
1657 1685 1825 1746 verbo
1845 1690 2059 1753 putare-

467 1799 575 1854 tur,
607 1787 752 1862 quod
782 1788 890 1849 vim
912 1785 1144 1843 activam
1175 1782 1357 1847 halm,
1381 1778 1538 1849 cuius
1564 1778 1838 1860 passivum
1857 1775 1929 1847 ﬁo
1951 1781 2054 1834 est.

471 1879 609 1936 Fida
634 1894 878 1951 quoque,
906 1876 1103 1946 ﬁdens,
1132 1874 1295 1944 ﬁsus,
1335 1871 1534 1942 ﬁsurus
1572 1868 1718 1923 facit.
1759 1866 1806 1921 Α
1845 1866 2057 1938 passiva

468 1970 863 2043 significatione
889 1969 996 2029 duo
1028 1980 1245 2038 quoque
1273 1963 1493 2026 veniunt
1522 1959 1809 2042 participia
1827 1999 1842 2024 ,
1869 1966 2060 2031 prsete-

468 2064 638 2122 ritum
667 2069 722 2119 et
750 2060 1022 2125 futurum;
1060 2064 1150 2122 ut,
1183 2064 1392 2111 amatus
1411 2093 1425 2120 ,
1456 2051 1750 2114 notandus;
1780 2065 1879 2120 pro
1909 2046 2062 2115 cujus

467 2151 725 2224 pricsenti
755 2164 896 2220 saepe
922 2145 1262 2208 necessitatis
1296 2157 1458 2204 causa
1497 2147 1749 2199 auctores
1786 2137 2061 2215 prseterito

470 2243 553 2306 uti
578 2241 945 2305 inveniuntur.
971 2238 1016 2297 A
1041 2237 1315 2298 communi
1359 2233 1524 2294 verba
1556 2238 1791 2310 quatuor
1833 2246 2064 2291 nascun-

471 2346 562 2397 tur
580 2333 897 2405 participia;
931 2339 985 2390 et
1013 2347 1119 2393 non
1148 2331 1370 2393 mirum,
1394 2327 1519 2397 quia
1549 2325 1779 2385 activam
1807 2324 1972 2383 habet
1992 2322 2065 2378 si-

472 2426 875 2500 gnificationem
897 2433 951 2489 et
970 2423 1242 2497 passivam
1266 2434 1555 2481 commune
1578 2417 1824 2483 verbum.
1851 2417 1917 2477 Et
1942 2417 2064 2478 ideo

472 2522 758 2590 utriusque
778 2516 1190 2587 signiﬁcationis
1212 2515 1377 2575 habet
1397 2509 1718 2591 participia;
1748 2508 1957 2573 activis,
1981 2515 2061 2573 ιιι,

473 2612 763 2668 criminum
800 2616 857 2665 et
891 2608 1271 2671 criminaturus
1306 2620 1324 2659 :
1354 2603 1575 2675 pessime
1596 2643 1609 2668 ,
1642 2610 1732 2666 ut,
1759 2601 2065 2660 criminatus

473 2714 530 2759 ct
557 2701 939 2769 criminandus.
975 2698 1083 2758 Sed
1109 2698 1418 2752 criminatus
1455 2694 1508 2749 in
1536 2700 1766 2771 utraque
1795 2689 2068 2750 invenitur

476 2794 895 2868 significatione.
940 2790 1230 2856 Sciendum
1274 2797 1358 2848 est
1404 2787 1536 2851 tibi,
1576 2799 1610 2840 ο
1644 2783 1878 2843 France!
1924 2781 2069 2852 quod

476 2888 660 2955 omnia
703 2884 988 2958 participia
1027 2884 1083 2953 in
1119 2882 1219 2945 dus
1260 2878 1563 2939 desinentia
1607 2875 1797 2938 eadem
1839 2882 2069 2945 possunt

480 2994 601 3042 esse
629 2985 685 3034 et
717 2977 957 3041 nomina.

552 3071 653 3135 Fu.
694 3071 765 3135 Et
797 3069 1067 3141 quomodo
1106 3081 1359 3137 possum,
1388 3078 1421 3117 ο
1449 3062 1622 3118 Saxo!
1652 3060 1822 3129 scire,
1864 3074 1931 3113 an
1963 3058 2073 3112 sint

480 3164 703 3225 nomina
731 3162 813 3228 vel
842 3160 1165 3232 participia?
1195 3188 1267 3199 --
1308 3156 1474 3213 Sttio.
1507 3155 1641 3209 Dum
1680 3153 1896 3208 nomina
1922 3157 2068 3214 sunt,

485 3258 744 3323 amittunt
780 3262 1022 3326 tempora
1044 3293 1059 3323 ,
1089 3260 1150 3308 ιιι
1186 3250 1314 3308 olim
1351 3248 1447 3304 tibi
1492 3247 1602 3301 dixi
1646 3265 1658 3300 :
1693 3255 1780 3308 ut,
1810 3242 2074 3303 docendus

484 3366 604 3407 sum
635 3346 981 3418 participium
1004 3352 1088 3398 est
1122 3362 1134 3397 :
1164 3342 1233 3395 ad
1264 3340 1551 3395 docendam
1591 3336 1898 3391 rhetoricam
1938 3334 2076 3398 veni,

490 3454 686 3499 nomen
728 3444 833 3493 est.
877 3436 919 3501 Α
964 3434 1253 3505 deponcnti
1301 3432 1464 3488 trium
1508 3438 1809 3499 temporum
1854 3426 2081 3480 veniunt

490 3532 805 3606 participia;
829 3528 1115 3600 praesentis
1137 3535 1191 3581 et
1210 3524 1470 3597 praeteriti
1492 3520 1792 3593 imperfect.
1817 3535 2034 3595 sequens
2059 3530 2079 3569 :

490 3622 754 3703 praeteriti
793 3620 1018 3701 perfect.
1060 3626 1115 3674 et
1154 3613 1661 3689 plusquamperfect.
1704 3621 1910 3667 secutus
1944 3622 1961 3661 :
1992 3607 2080 3663 fu-

495 3716 623 3779 turi,
655 3724 948 3772 secuturus.
974 3710 1080 3771 Sed
1108 3709 1249 3782 apud
1280 3708 1530 3779 antiques
1549 3722 1614 3765 ex
1639 3703 1940 3776 bujusmodi
1960 3718 2079 3759 ver-

492 3810 580 3867 bis
606 3808 891 3880 participia
918 3804 1182 3878 praeteriti
1222 3801 1481 3875 temporis
1509 3809 1617 3855 tam
1650 3798 1881 3853 activam
1916 3810 2081 3867 quam

493 3902 769 3971 passivam
806 3883 1252 3967 signiﬁcationem
1290 3892 1543 3949 habentia
1594 3890 1959 3955 inveniuntur,
2001 3894 2080 3953 ut,

493 3992 805 4057 meditatus,
851 3988 1175 4053 auxiliatos,
1222 3985 1548 4055 amplexatus
1576 4024 1589 4049 .
1639 3980 2081 4045 adminiculatus,

496 4085 779 4155 utriusque
805 4079 1216 4154 significationis
1243 4086 1466 4150 possunt
1489 4092 1631 4132 esse.

566 4175 664 4231 Fn.
700 4174 965 4231 Numeros
998 4171 1407 4244 participiorum
1442 4168 1645 4241 profer.
1676 4199 1748 4209 -—
1776 4166 1942 4228 Suo.
1972 4166 2085 4225 Nu-

498 4268 634 4325 meri
661 4265 1067 4338 participiorum
1095 4264 1201 4319 duo
1220 4270 1363 4318 sunt.
1391 4260 1712 4333 Singularis,
1740 4270 1817 4326 ut,
1851 4275 2085 4314 currens.

499 4361 765 4427 I’luralis,
799 4367 885 4424 ut,
914 4366 1199 4415 currentes.
1230 4356 1298 4411 Et
1336 4357 1481 4412 sicut
1514 4370 1617 4408 non
1655 4353 1913 4419 deficiunt
1951 4352 2091 4415 casi—

499 4454 621 4517 bus,
654 4451 732 4507 sic
761 4466 861 4505 nec
890 4449 1129 4511 numeris
1156 4446 1419 4505 defectiva
1450 4445 1689 4501 invenies
1715 4444 2016 4515 participia.

573 4543 672 4598 Fu.
700 4541 911 4613 Figura:
942 4539 1351 4610 participiorum
1379 4537 1521 4597 unde
1550 4536 1805 4591 veniunt?
1825 4564 1894 4574 ——
1918 4534 2085 4589 Suo.

504 4636 547 4690 Λ
580 4634 760 4689 verbis
787 4646 1024 4701 semper,
1050 4637 1109 4688 ut
1134 4630 1203 4684 ab
1223 4630 1407 4703 eﬁcio,
1433 4626 1669 4684 efﬁciens
1695 4644 1707 4679 :
1742 4626 1809 4682 ab
1835 4624 2087 4695 intelligo,

507 4724 832 4793 intelligens.
860 4720 993 4776 Nam
1016 4736 1113 4791 per
1143 4735 1202 4777 se
1240 4733 1514 4791 nunquam
1552 4716 1892 4787 componitur
1925 4715 2095 4791 parti-

504 4818 726 4888 cipium,
756 4813 859 4873 nisi
890 4813 1040 4892 prius
1065 4821 1420 4883 componatur
1448 4811 1565 4883 ejus
1591 4810 1835 4866 verbum.
1863 4808 1921 4863 Si
1947 4809 2093 4865 enim

508 4910 623 4980 ipsa
671 4914 1068 4988 componuntur
1109 4920 1207 4986 per
1251 4920 1340 4969 se,
1384 4911 1666 4960 transeunt
1712 4902 1765 4960 in
1816 4901 2094 4967 nominum

510 5002 649 5068 vim;
678 5009 756 5065 ut,
786 5014 964 5064 noceo,
990 5012 1212 5061 nocens;
1235 4996 1483 5052 inuocem
1504 5009 1700 5055 nomen
1726 5002 1826 5058 est,
1850 4995 2097 5048 innocen-

511 5093 615 5149 tior
644 5091 848 5153 faciens
880 5106 896 5145 :
942 5090 1111 5162 sapio,
1148 5090 1387 5159 sapiens;
1431 5087 1681 5161 insipiens
1723 5084 2094 5159 [insipientior]

515 5203 711 5245 nomen
738 5194 841 5246 est.
873 5182 1149 5253 Simplicia
1179 5182 1323 5237 enim
1350 5195 1537 5245 eorum
1557 5187 1783 5259 possunt
1800 5188 1857 5238 et
1879 5178 2098 5235 nomina

512 5288 571 5340 et
602 5276 885 5357 participia
924 5290 1048 5341 esse
1081 5291 1094 5328 :
1138 5272 1435 5349 composita
1465 5287 1594 5333 vero
1626 5280 1835 5339 tantum
1878 5271 2099 5337 nomina

516 5384 657 5431 0386.

590 5461 689 5524 Fs.
732 5459 947 5524 Memini
971 5468 1022 5517 te
1048 5457 1253 5517 dixisse
1282 5457 1461 5521 omnia
1492 5458 1777 5533 participia
1805 5473 1926 5515 esse
1954 5456 2101 5527 deri-

523 5555 696 5612 vativa
724 5568 755 5607 α
777 5552 977 5616 verbis.
1016 5549 1187 5608 Velim
1215 5548 1355 5610 scite
1378 5562 1408 5612 β
1443 5549 1636 5622 quibus
1662 5549 1994 5621 temporibus
2017 5546 2103 5607 vel

523 5648 696 5705 modis
724 5646 833 5709 sint
866 5642 1146 5707 derivata?
1182 5668 1246 5695 —.-.-
1285 5640 1451 5705 Suo.
1492 5640 1573 5696 Ab
1610 5640 1902 5701 indicativo
1942 5641 2104 5704 modo

2122 4594 2170 4656 D

2132 4634 2169 4661 ν
2195 4634 2336 4690 senti
2368 4641 2630 4701 correptae
2659 4641 2859 4688 essent.

2141 577 2387 632 persona:
2414 561 2620 615 ultimis
2651 559 2867 626 litteris.
2897 556 2950 609 In
2985 556 3143 610 tertia
3171 564 3224 610 et
3252 564 3445 623 quarta
3467 567 3725 626 coniuga-

2140 653 2288 709 tione
2332 668 2362 706 ο
2409 665 2671 707 conversa
2710 650 2763 703 iu
2797 664 2887 701 ens
2927 647 3065 700 fiunt
3102 643 3419 716 participia,
3458 642 3621 721 294
3646 651 3726 707 ιιι,

2140 742 2276 814 lego,
2306 742 2519 813 legens;
2548 740 2728 805 audio,
2758 738 3000 793 audiens.
3030 736 3294 792 Prmteriti
3323 735 3583 806 temporis
3607 750 3731 805 par-

2142 835 2325 906 ticipia
2352 843 2407 890 et
2434 832 2600 889 futuri
2630 832 2852 887 veniunt
2882 847 2912 886 a
2948 831 3143 901 supino
3165 829 3332 885 verbo
3361 845 3394 882 ιι
3432 826 3606 892 finito,
3638 828 3734 881 aii-

2144 928 2256 984 dita
2277 945 2301 982 s
2326 928 2379 983 in
2402 926 2710 999 praeterito;
2735 941 2824 979 rus
2845 924 2899 978 in
2922 922 3105 977 futuro
3128 939 3142 977 :
3166 928 3245 980 ut.
3269 931 3472 986 amata,
3499 926 3731 983 amatus,

2146 1030 2426 1077 amaturus
2458 1036 2473 1071 :
2504 1027 2729 1081 coenatu,
2760 1025 3024 1080 cmnatus,
3049 1022 3361 1069 cmnaturus
3386 1029 3399 1065 :
3426 1009 3733 1074 criminatu,

2147 1112 2487 1174 criminatus,
2512 1109 2899 1165 criminaturus
2915 1125 2927 1159 :
2944 1106 3145 1167 locutu,
3177 1103 3405 1166 locutus,
3433 1100 3734 1156 locuturus.

2150 1202 2394 1259 Mortuus
2424 1202 2596 1257 solum
2626 1216 2655 1255 a
2692 1199 2891 1253 morior
2923 1198 3030 1252 duo
3059 1213 3094 1250 u
3121 1195 3303 1251 habet.
3349 1193 3566 1248 Passiva
3599 1191 3737 1264 (AL,

2148 1292 2458 1368 participia]
2500 1308 2632 1349 vero
2667 1290 2845 1345 futura
2874 1288 3097 1343 veniunt
3141 1302 3169 1340 a
3200 1284 3435 1357 genitivo
3471 1284 3740 1355 participii

2150 1385 2436 1464 priesentis
2467 1382 2757 1454 temporis,
2784 1382 2851 1436 tis
2880 1380 2937 1435 in
2964 1379 3061 1436 dus
3091 1389 3349 1433 conversa
3368 1414 3383 1440 ,
3414 1384 3504 1440 ut,
3533 1389 3741 1438 amans,

2153 1480 2401 1542 amantis,
2435 1475 2718 1532 amandus.

2229 1569 2325 1636 Fn.
2366 1567 2412 1625 Ο
2436 1569 2481 1624 si
2508 1567 2774 1623 voluisses
2808 1562 3063 1634 colligere
3098 1557 3399 1616 diﬁiciliora
3426 1557 3590 1612 verba
3619 1571 3745 1612 cum

2156 1660 2434 1733 praeterito
2470 1655 2711 1730 perfecto
2748 1664 2803 1711 et
2831 1653 2983 1727 [Ms.,
3018 1651 3073 1724 ιι]
3119 1650 3313 1721 supino
3345 1656 3401 1705 et
3437 1649 3746 1723 participio,

2160 1768 2321 1824 quam
2342 1750 2706 1810 necessarium
2728 1755 2872 1804 esset
2887 1747 2901 1801 !
2916 1775 2985 1786 -
3000 1743 3164 1802 Saxo.
3179 1742 3559 1801 Necessarium
3581 1751 3747 1811 esset,

2093 1834 2137 1899 Β
2163 1848 2255 1904 sed
2284 1846 2501 1907 modum
2528 1843 2696 1900 nostri
2726 1840 2836 1898 ludi
2870 1840 3173 1902 excederet.

2232 1938 2331 2001 FB.
2370 1938 2571 1997 Tamen
2603 1934 2782 2004 aliqua
2816 1930 3001 2002 profer
3038 1928 3361 2004 [difﬁciliora
3382 1926 3571 2002 verba]
3600 1946 3613 1982 :
3642 1941 3743 1997 cae-

2162 2042 2279 2093 tera
2312 2030 2521 2092 facilius
2544 2026 2793 2096 coniicio.
2817 2055 2891 2066 —
2917 2024 3082 2083 Ssxo.
3111 2023 3351 2078 Faciam.
3384 2022 3540 2082 Amo.
3580 2036 3743 2085 amas,

2162 2123 2356 2188 amavi,
2381 2129 2637 2187 amatum,
2662 2125 2890 2179 amatus.
2919 2114 3107 2181 Necto,
3126 2114 3306 2179 nectis,
3332 2113 3513 2177 πρωὶ,
3538 2128 3748 2174 nexum,

2164 2233 2359 2281 nexus,
2390 2222 2446 2271 et
2479 2228 2547 2269 ex
2583 2228 2648 2275 eo
2688 2209 3142 2281 frequentativum
3177 2225 3329 2263 nexo.
3371 2206 3438 2262 Et
3475 2205 3543 2260 do
3564 2246 3579 2271 ,
3609 2204 3754 2269 dedi,

2163 2310 2370 2372 datum.
2401 2307 2648 2370 daturus,
2671 2321 2703 2359 a
2732 2303 2884 2361 brevi
2908 2303 3128 2373 ubique.
3157 2299 3287 2366 Oro,
3327 2299 3494 2366 oravi,
3522 2307 3752 2361 oratum,

2166 2407 2431 2462 oraturus.
2461 2394 2615 2461 Seco,
2652 2393 2818 2459 secui,
2844 2403 3065 2457 sectum,
3098 2401 3353 2453 secturus.
3389 2387 3556 2451 Neco,
3583 2388 3754 2452 necui,

2166 2500 2393 2556 uectum,
2425 2499 2669 2550 necturus
2692 2507 2711 2542 :
2738 2502 2770 2549 ιι
2799 2502 2923 2541 neco
2950 2500 3164 2557 quoque
3191 2493 3427 2537 necatum
3460 2480 3756 2544 invenitur,

2167 2581 2259 2637 sed
2294 2590 2508 2638 necatus
2528 2621 2543 2645 ,
2574 2576 2721 2636 ferro
2748 2576 2989 2645 occisus,
3022 2575 3254 2641 dicitur;
3294 2584 3471 2631 nectus
3495 2587 3628 2627 vero
3652 2572 3759 2625 alio

2166 2670 2407 2744 quolibet
2433 2670 2613 2729 modo,
2646 2666 2797 2723 Plico
2833 2675 2890 2724 et
2914 2666 3133 2738 plicari,
3165 2674 3220 2720 et
3246 2665 3406 2735 plicui
3439 2662 3609 2719 facit:
3642 2663 3761 2717 ideo

2167 2772 2222 2821 et
2256 2763 2506 2835 plicatam
2535 2769 2591 2816 et
2616 2759 2854 2831 plicitum
2880 2757 3181 2823 invenitur;
3224 2753 3301 2812 ita
3329 2763 3387 2810 et
3412 2770 3481 2810 ex
3521 2770 3587 2810 eo
3612 2768 3762 2809 com—

2167 2856 2341 2929 posita
2373 2874 2384 2910 :
2412 2854 2637 2926 explica,
2660 2850 2888 2923 duplica,
2912 2850 3141 2922 implico,
3168 2848 3452 2919 dupliciter
3470 2845 3761 2916 proferun-

2170 2957 2278 3005 tur.
2311 2947 2445 3007 Nam
2477 2944 2580 3001 lavi
2608 2953 2663 3001 et
2690 2944 2803 3009 cavi
2829 2953 2885 3000 et
2914 2942 3021 3013 {avi
3050 2940 3368 2997 differentia
3394 2954 3558 3001 causa
3582 2956 3615 2992 a
3641 2937 3758 2990 lon—

2171 3053 2292 3111 gam
2320 3037 2373 3103 in
2403 3054 2473 3091 au
2500 3042 2734 3100 mutant,
2759 3041 2836 3098 ut,
2854 3032 3017 3088 lauta
3042 3040 3099 3087 et
3124 3030 3331 3093 lautus;
3363 3040 3524 3084 caqu
3552 3036 3606 3083 et
3632 3044 3762 3082 cau-

2175 3140 2295 3197 tus;
2318 3130 2472 3201 fautu
2494 3136 2548 3183 et
2573 3127 2752 3198 {autus
2780 3125 3004 3189 faciunt,
3033 3124 3158 3195 quia
3187 3121 3351 3176 latum
3371 3163 3386 3188 ,
3414 3128 3470 3177 et
3502 3130 3677 3176 catum
3712 3126 3770 3172 et

2101 3201 2146 3265 (δ
2180 3223 2348 3295 fatum
2376 3221 2510 3283 alias
2541 3221 2743 3276 habent
2771 3215 3210 3287 significationes.
3245 3212 3366 3278 Sto,
3390 3222 3520 3277 stas,
3546 3220 3765 3276 slatum,

2177 3324 2436 3369 staturum
2456 3352 2472 3377 ,
2503 3311 2659 3382 longa
2685 3327 2716 3363 α
2747 3324 2871 3365 cum
2898 3307 2952 3362 in
2993 3304 3303 3361 nominibus
3327 3302 3457 3375 [Αι.,
3490 3301 3764 3371 omnibus]

2178 3407 2248 3464 ab
2276 3419 2339 3460 eo
2368 3403 2626 3459 derivatis
2647 3401 2844 3471 ubique
2870 3397 3164 3463 brevietur,
3200 3405 3261 3452 ut
3298 3406 3481 3458 status,
3508 3391 3713 3455 stabilis
3745 3406 3761 3443 .-

2180 3506 2239 3553 ut
2268 3495 2522 3553 Lucanus
2550 3492 2629 3566 (ι,
2659 3492 2786 3566 240)
2815 3511 2828 3546 :
3738 3482 3741 3483 ⁷

2523 3641 2535 3653 .
2558 3641 2575 3656 .
2598 3640 2613 3656 .
2642 3641 2656 3654 .
2682 3604 2894 3673 Quorum
2917 3608 3041 3653 stata
3063 3605 3283 3665 tempora
3305 3598 3464 3654 ustus.

2180 3709 2335 3775 Juno,
2372 3709 2507 3781 juri,
2540 3709 2749 3779 jutum,
2796 3706 2953 3778 longa
2988 3722 3043 3763 tt.
3087 3704 3239 3763 Unde
3276 3704 3513 3774 adjutus,
3556 3700 3768 3767 Sterno,

2182 3800 2365 3867 stravi,
2390 3809 2637 3862 stratum,
2662 3805 2943 3856 straturus.
2974 3793 3111 3860 Edo,
3133 3794 3246 3860 edi.
3275 3811 3442 3860 esum,
3463 3809 3677 3859 esurus;
3702 3806 3768 3845 ex

2183 3910 2292 3966 quo
2331 3890 2505 3950 esurio
2545 3889 2782 3964 [esui-is].
2827 3887 2996 3958 Eruo,
3035 3887 3197 3951 eruis,
3232 3897 3462 3955 erutum,
3502 3894 3771 3949 eruturus.

2186 3992 2305 4058 Cio,
2326 3993 2447 4058 ciui,
2483 3991 2663 4055 citum,
2687 3992 2910 4045 citurus.
2949 3987 3154 4053 Moveo,
3184 3988 3340 4051 mori,
3362 3996 3582 4050 metunt,
3607 3994 3779 4042 motu-

2188 4099 2296 4139 rus.
2340 4081 2527 4146 Sedeo,
2561 4082 2690 4146 sedi,
2722 4098 2937 4145 sessum,
2970 4094 3243 4143 sessurus;
3282 4079 3424 4148 quod
3453 4077 3692 4149 geminat
3730 4094 3775 4140 s,

2189 4192 2257 4232 ne
2284 4176 2402 4232 duae
2433 4185 2614 4247 partes
2641 4180 2916 4245 putentur.
2948 4170 3144 4237 Faveo,
3169 4171 3294 4242 fovi,
3326 4172 3513 4241 fatum,
3548 4169 3770 4240 (statim.

2190 4268 2379 4333 Facio,
2421 4267 2541 4337 feci,
2573 4266 2795 4337 factum,
2818 4263 3077 4333 facturus.

2263 4358 2331 4414 Et
2357 4357 2749 4413 observandum
2777 4364 2861 4410 est
2887 4354 3010 4417 tibi,
3039 4374 3071 4409 υ
3099 4352 3305 4415 France
3324 4392 3339 4417 ,
3377 4351 3519 4421 quod
3559 4368 3697 4423 pene
3724 4352 3775 4407 in

2192 4450 2445 4513 omnibus
2483 4448 2665 4504 verbis
2706 4462 2824 4518 qua:
2865 4449 3112 4504 minuunt
3152 4445 3384 4516 syllabas
3415 4446 3467 4501 in
3507 4446 3782 4515 praeterito

2194 4540 2455 4613 perfecto,
2483 4555 2697 4609 semper
2716 4539 3040 4611 penultimas
3061 4540 3395 4609 producunt,
3420 4539 3549 4597 licet
3569 4540 3623 4595 in
3643 4556 3781 4610 pra:-

2268 4726 2366 4781 Fu.
2410 4725 2562 4782 Unde
2593 4726 2695 4783 hoc
2735 4725 2831 4784 fit?
2856 4756 2930 4767 --
2969 4725 3132 4779 Suo.
3166 4725 3235 4783 Ut
3268 4734 3617 4796 compensent
3652 4734 3785 4781 tem-

2194 4820 2421 4891 poribus
2443 4819 2586 4889 quorl
2613 4819 2771 4876 deest
2790 4820 2841 4877 in
2882 4819 3124 4888 syllabis,
3165 4828 3244 4884 ut,
3267 4834 3404 4883 sero,
3434 4820 3558 4884 sevi,
3590 4827 3784 4882 satum,

2196 4921 2428 4971 saturus,
2455 4911 2596 4969 unde
2622 4919 2805 4969 sertas.
2838 4908 2989 4975 Sino,
3013 4910 3130 4974 sivi,
3154 4910 3333 4973 situm,
3364 4910 3580 4968 siturus.
3613 4906 3783 4974 Pono,

2196 5003 2373 5074 posui,
2410 5003 2658 5073 positum,
2696 5001 2981 5073 positurus.
3021 4999 3174 5067 Lino,
3213 5001 3325 5068 livi,
3362 5002 3534 5067 litum,
3579 5001 3779 5063 lituras.

2206 5092 2306 5157 Eo,
2332 5092 2423 5158 ivi,
2447 5093 2600 5157 itum.
2628 5092 2816 5152 iturus.
2846 5090 3035 5157 Rideo,
3071 5092 3179 5154 risi,
3222 5093 3406 5159 risum,
3440 5091 3660 5151 risurus.
3698 5090 3785 5154 Vi-

2201 5183 2320 5249 deo,
2348 5184 2470 5250 vidi,
2499 5185 2687 5247 visum,
2732 5184 2960 5248 visurus.
2994 5182 3188 5246 Ardea,
3222 5184 3350 5247 arsi,
3389 5200 3589 5249 unum.
3631 5200 3785 5245 arsu-

2205 5290 2313 5327 rus.
2350 5273 2588 5338 Mordeo,
2617 5272 2898 5338 momordi,
2927 5290 3179 5339 morsum,
3222 5289 3512 5337 mersuras.
3554 5272 3785 5340 Pendeo,

2202 5367 2442 5440 pependi,
2471 5383 2709 5437 pensum,
2743 5364 2950 5438 [pansa]
2978 5384 3255 5438 petiturus.
3300 5365 3528 5434 Tondeo,
3569 5370 3788 5433 totondi,

2206 5469 2432 5521 tonsum,
2474 5456 2673 5530 [tonsa]
2714 5468 2981 5513 tonsuras.
3024 5456 3296 5531 Spondeo,
3328 5460 3600 5531 spopondi,
3640 5478 3793 5530 spon-

2207 5566 2343 5613 sum,
2381 5565 2667 5619 sponsarus
2710 5564 2727 5603 :
2766 5548 2911 5618 quod
2939 5565 2964 5603 s
2996 5549 3047 5603 in
3076 5550 3308 5607 secunda
3338 5551 3536 5606 amittit
3572 5552 3790 5622 syllalza.

2207 5641 2443 5711 Gaudeo,
2493 5642 2697 5710 studeo,
2729 5641 2949 5710 frondea
2989 5641 3136 5715 [Ed.,
3170 5641 3383 5717 [unde],
3417 5643 3680 5703 solendeo.
3711 5645 3789 5697 fs-

524 5735 807 5811 pimsentis
820 5732 1075 5809 temporis
1101 5730 1237 5791 ﬁunt
1261 5732 1542 5807 participia
1566 5732 1870 5803 praiscntia,
1897 5740 1943 5786 ct
1964 5746 2116 5787 smn-
2211 5736 2359 5791 ciunt
2387 5734 2577 5806 supina
2605 5752 2616 5786 :
2648 5732 2933 5797 conditum,
2971 5733 3245 5799 studitum,
3282 5734 3322 5806 [ι
3335 5734 3594 5799 auditum,
3620 5733 3789 5807 splen-

524 5830 698 5904 νει-ιιι
742 5845 839 5883 ans
884 5826 962 5883 vel
1012 5824 1063 5882 in
1104 5842 1193 5881 ens
1235 5824 1520 5894 desinunt,
1565 5834 1621 5880 ut
1652 5824 1719 5885 ab
1754 5842 1890 5891 amo,
1934 5844 2077 5881 amas

2214 5827 2401 5891 duum,
2434 5824 2555 5880 licet
2588 5824 2862 5883 rarissime
2893 5841 2921 5880 a
2948 5826 3152 5886 neutris
3182 5823 3430 5887 secundae
3465 5826 3788 5900 cnn‘ugatio-
