4106 6506
281 374 393 434 893

1378 375 1845 433 DIDASCALICA.
1883 409 1951 419 —
1984 377 2461 437 GRAMMATICA.

3451 386 3561 443 89‘-

276 492 367 547 uis
398 490 589 562 supina
628 487 712 546 vel
757 489 1039 562 participia
1083 487 1358 556 invenias;
1402 498 1465 544 ut
1493 489 1662 556 calca,
1701 500 1866 560 tepea,
1897 494 1946 553 Α
1972 501 2317 545 commentum
2346 504 2365 543 :
2392 492 2658 562 adipiscar
2687 492 2955 565 adeptum.
2986 493 3193 561 Tunda,
3219 497 3417 564 tutudi,
3441 508 3556 553 tuu-

272 582 489 647 lwrrea,
533 584 715 648 rubea,
756 581 948 654 polleo,
990 590 1046 637 et
1081 589 1277 637 uetera
1319 580 1470 637 talia.
1511 580 1621 638 Sed
1649 597 1754 636 non
1786 589 1869 636 est

273 683 414 740 opus
448 670 546 726 tibi
586 678 649 725 ut
681 669 1037 742 quadriformi
1070 669 1286 726 tramite
1324 684 1423 742 per
1464 670 1673 741 singula
1703 670 1866 726 verba

272 776 513 818 curram.
544 761 757 819 Poteris
787 779 855 819 ex
895 762 1105 832 supinis
1129 763 1412 835 participia
1450 763 1749 834 intelligere
1780 762 1866 817 vel

273 867 342 909 ex
366 852 669 924 participiis
693 856 906 925 supina.

342 943 443 1000 Fu.
482 944 611 1011 Fac,
638 955 697 1001 ut
728 947 937 1019 placeat
962 954 1164 1011 tamen,
1204 955 1267 1004 ut
1302 947 1619 1004 obscuriora
1649 964 1867 1021 semper

268 1036 498 1106 pandas.
525 1066 598 1081 --
627 1037 793 1095 Suo.
833 1038 880 1094 A
914 1050 1089 1110 patec,
1132 1041 1298 1112 potui,
1338 1055 1557 1111 passum
1598 1042 1860 1098 nascitur.

271 1126 435 1195 Heio,
464 1130 616 1198 misti,
648 1131 893 1198 mictum,
937 1140 1011 1197 et,
1054 1133 1252 1203 minga,
1297 1134 1494 1199 minati,
1540 1134 1786 1201 mictum,
1826 1153 1861 1191 n

267 1222 554 1298 euphonia:
594 1238 758 1280 causa
800 1224 1055 1280 amittens
1088 1242 1100 1278 :
1130 1232 1185 1280 et
1211 1224 1336 1283 inde
1370 1224 1645 1283 micturus.
1679 1225 1861 1283 Flecto

267 1313 420 1384 (his,
432 1315 614 1388 ﬂexo),
636 1315 833 1388 [ﬂexis]
856 1317 1001 1387 ﬂexi,
1025 1314 1215 1382 ﬂexus,
1234 1315 1494 1371 ﬂeturus.
1516 1314 1676 1385 Fluo,
1701 1318 1856 1387 ﬂuxi,

267 1407 544 1483 [ﬂuxum],
583 1408 844 1465 ﬂuxurus.
881 1407 1125 1475 Obsoleo,
1163 1407 1407 1473 obsolevi,
1433 1408 1754 1477 obsoletum,
1788 1412 1858 1471 ab

266 1505 358 1559 abs
380 1513 437 1559 et
462 1502 575 1559 oleo
602 1503 980 1573 compositum,
1014 1499 1168 1574 [non]
1203 1516 1235 1556 a
1264 1500 1426 1557 solea.
1458 1499 1505 1556 Α
1530 1518 1703 1569 careo,
1732 1517 1856 1561 cas-

264 1611 381 1663 sus,
401 1595 676 1656 cariturus
702 1595 999 1654 invenitur.
1026 1593 1209 1655 Habeo
1232 1591 1436 1668 [habui]
1463 1593 1730 1661 habitum,
1759 1595 1860 1651 ha-

261 1686 493 1745 biturus.
525 1685 691 1750 Cado,
733 1686 916 1751 cecidi,
957 1701 1166 1754 casum,
1207 1701 1453 1746 casurus.
1494 1682 1660 1753 Cedo,
1697 1688 1851 1755 cessi,

260 1790 501 1843 cassum.
548 1791 823 1834 09330708.
856 1773 1079 1850 [Fadio]
1116 1776 1247 1848 fodi,
1292 1775 1496 1836 fessum
1536 1775 1847 1850 [iussurus].

1970 597 2147 635 surus.
2182 579 2357 647 Ralla,
2410 583 2540 647 rasi,
2577 580 2806 657 [rasum]
2855 601 3097 641 rasurus.
3146 584 3338 653 Credo,
3385 590 3556 643 credi-

1967 678 2101 736 tum,
2135 672 2450 727 crediturus.
2480 671 2650 738 Cado,
2690 690 2871 730 casum
2916 693 2949 731 α
2990 675 3273 748 producta.
3312 678 3370 734 in
3406 681 3555 735 omni

1967 760 2112 818 enim
2138 763 2331 832 supino
2355 771 2408 819 et
2447 764 2735 835 participio
2774 767 3037 836 prieteriti
3081 769 3343 840 temporis
3368 788 3401 825 a
3428 785 3554 841 pro-

1967 852 2183 909 ducitur
2211 853 2263 909 in
2308 853 2628 924 penultima,
2673 858 2917 928 exceptis
2949 857 3133 915 datum
3169 866 3225 915 et
3250 869 3465 926 statum,
3496 869 3552 917 et

1965 953 2160 998 satum.
2187 943 2233 998 F
2237 944 2382 1012 inda,
2406 946 2526 1017 ﬁdi,
2570 947 2778 1017 ﬁssum,
2808 950 3053 1019 ﬁssurus.
3084 950 3125 1005 A
3170 952 3384 1009 comedo
3411 969 3548 1024 quo-

1964 1047 2069 1103 que
2124 1048 2402 1093 comesum
2460 1046 2517 1093 et
2579 1047 2876 1094 comestum
2946 1040 3237 1098 invenitur.
3291 1040 3549 1111 Ostende,

1964 1132 2226 1179 ostentum
2276 1125 2362 1183 vel
2407 1135 2697 1193 ostensum,
2739 1138 3065 1193 ostensurus.
3113 1131 3318 1203 Mergo,
3365 1151 3545 1200 mersi,

1961 1229 2211 1281 mersum,
2263 1232 2553 1274 mersuras.
2616 1216 2804 1290 Terga,
2852 1221 2977 1276 tersi
3021 1232 3240 1294 tersum,
3286 1233 3542 1280 tersurus.

1962 1303 2174 1379 Pungo,
2199 1308 2508 1379 pupugivel
2534 1313 2723 1382 partui,
2745 1321 3019 1384 punctum.
3052 1313 3185 1385 Ago,
3216 1316 3318 1387 egi,
3344 1326 3543 1379 actum.

1960 1406 2196 1453 acturus.
2245 1398 2455 1471 Pango,
2480 1403 2676 1474 pepigi,
2720 1413 2955 1475 pactum,
3012 1414 3069 1465 ct
3110 1421 3179 1465 ex
3215 1422 3280 1462 eo
3313 1408 3543 1480 impiugo

1961 1485 2219 1561 [impegi].
2252 1487 2446 1562 Finge,
2471 1491 2628 1561 ﬁnxi,
2672 1492 2873 1563 ﬁctum.
2907 1491 3152 1567 Stingua,
3198 1495 3383 1561 stinxi,
3413 1498 3546 1553 stiu—

1957 1589 2129 1646 ctum;
2159 1590 2215 1635 ct
2235 1596 2304 1636 ex
2342 1596 2408 1637 eo
2439 1586 2736 1656 exstinguo.
2766 1585 2937 1657 Ango,
2964 1584 3142 1660 [anxi]
3181 1599 3415 1653 auctum,
3449 1608 3546 1645 an-

1954 1683 2143 1723 xurus.
2176 1667 2339 1741 Cago,
2382 1672 2549 1744 coegi,
2596 1684 2856 1729 coactum.
2919 1674 3079 1737 Velia.
3136 1679 3271 1744 rexi,
3322 1691 3542 1735 rectum.

1957 1755 2165 1825 Psalle,
2188 1760 2347 1832 psalli
2390 1762 2543 1831 facit,
2575 1763 2732 1835 cujus
2758 1782 2863 1823 nec
2906 1769 3157 1841 supinum
3186 1786 3287 1827 nec
3314 1772 3536 1844 partici-

259 1866 417 1935 Dcdi,
434 1871 620 1930 datum
640 1885 655 1936 ;
675 1868 894 1937 credidi,
913 1869 1212 1936 creditum;
1239 1870 1411 1940 capio,
1440 1870 1571 1941 cepi,
1594 1878 1839 1942 captum;

1953 1852 2104 1923 pium
2150 1852 2276 1925 legi.
2320 1852 2488 1922 Velio,
2531 1857 2687 1925 uulsi,
2733 1858 2956 1916 vulsum.
2992 1861 3162 1923 Pella,
3195 1863 3392 1936 pepuli,
3417 1866 3540 1938 pul-

256 1962 409 2025 capi,
440 1968 700 2032 emptum,
730 1958 886 2029 cujus
922 1974 1162 2030 praesens
1194 1960 1354 2031 coepio
1383 1960 1437 2015 in
1464 1976 1565 2018 usu
1592 1976 1698 2020 non
1731 1957 1843 2029 est;

257 2052 449 2124 sopiri,
479 2054 746 2123 sapitum;
777 2052 976 2124 peperi,
1001 2059 1238 2123 partum,
1265 2052 1561 2125 pariturus,
1597 2061 1654 2109 et
1686 2068 1753 2109 ex
1782 2044 1849 2110 eo

259 2142 535 2213 parturio;
576 2144 738 2207 orior,
788 2151 961 2207 ortus.
1002 2150 1222 2201 arturus
1267 2142 1399 2215 [Al.,
1435 2142 1697 2216 oriturus]
1738 2161 1752 2199 :
1791 2153 1848 2201 et

258 2236 480 2302 moriar,
519 2244 766 2292 mortuus
812 2250 828 2291 :
876 2235 979 2296 bac
1008 2235 1183 2295 solum
1221 2251 1320 2307 per
1357 2234 1468 2291 duo
1509 2253 1544 2294 u
1572 2236 1850 2309 profertur

259 2325 621 2403 [moriturus].
647 2328 894 2397 Quatior,
908 2343 1183 2398 quassum,
1204 2329 1345 2384 unde
1370 2328 1844 2399 frequentativum,

254 2437 468 2493 quasso,
496 2438 734 2493 quassas.
767 2420 1033 2485 Percutio,
1055 2423 1310 2493 percussi,
1347 2437 1725 2492 percussurus,
1749 2438 1852 2495 per

250 2512 361 2570 duo
382 2529 432 2568 s.
458 2511 592 2579 Uro,
614 2514 744 2579 ussi,
776 2529 1032 2581 ussuros;
1071 2513 1265 2583 foroin,
1297 2514 1450 2584 farsi,
1482 2512 1709 2581 farsum,
1738 2514 1850 2571 iar-

249 2618 445 2670 surus;
476 2604 671 2672 sarcio,
699 2606 858 2671 sarsi,
883 2619 1117 2670 sursum,
1136 2620 1423 2672 sarsurus;
1459 2607 1653 2679 patior,
1682 2605 1847 2680 [poti-

248 2693 388 2768 tus],
414 2694 720 2766 potiturus;
755 2694 967 2769 [arguo]
999 2697 1172 2767 argui,
1202 2706 1473 2772 argutum,
1506 2698 1556 2754 id
1588 2707 1691 2764 est,
1717 2716 1849 2755 con-

248 2788 475 2856 victum,
499 2796 809 2859 arguturus.
840 2787 957 2847 Ilua
982 2787 1165 2862 [ruis],
1207 2790 1411 2846 ruitum
1433 2789 1587 2864 [Ms.,
1616 2791 1842 2866 rutum],

247 2878 525 2945 ruiturus;
542 2877 746 2952 loquar,
772 2879 1035 2947 locutum,
1060 2879 1359 2937 locuturus.
1389 2880 1585 2946 Fruar,
1609 2882 1843 2939 fructum

249 2970 404 3038 facit,
447 2970 610 3037 sicut,
643 2981 812 3037 struo,
854 2980 1138 3037 structum,
1184 2971 1347 3049 295
1387 2980 1710 3030 structurus.
1741 2972 1845 3028 Ca-

250 3060 359 3126 luo,
391 3061 446 3118 id
482 3068 568 3117 est
610 3060 841 3134 decipio,
883 3061 1044 3126 colui,
1087 3061 1343 3118 caluitum
1388 3062 1542 3137 [Ms.,
1579 3062 1840 3138 calutum]

248 3153 544 3211 secundum
569 3154 810 3227 regulam
836 3155 995 3211 debet
1020 3154 1201 3211 facere
1231 3172 1243 3209 :
1270 3169 1339 3211 ex
1360 3170 1425 3212 eo
1445 3157 1722 3212 derivatur
1750 3172 1841 3213 ca-

246 3244 470 3303 lumnia.
525 3245 663 3314 Neo,
707 3247 838 3314 neri,
881 3256 1091 3315 notum,
1132 3254 1362 3305 acturus
1398 3246 1548 3323 [Al.,
1586 3258 1835 3315 uentum,

245 3338 558 3414 uenturus].

312 3429 607 3487 Sciendum
639 3445 856 3504 quoque
895 3431 997 3488 tibi
1043 3439 1129 3489 est
1176 3430 1319 3503 quod
1358 3447 1503 3502 saepe
1548 3448 1611 3488 ea
1658 3433 1824 3487 verba

238 3535 365 3593 qua
389 3521 446 3577 in
474 3522 752 3594 praeterito
780 3523 1024 3594 perfecto
1044 3540 1073 3579 υ
1095 3532 1489 3580 consonantem
1518 3534 1831 3590 assumunt,

245 3612 299 3669 in
326 3613 561 3669 secunda
580 3621 637 3668 et
659 3614 821 3670 tertia
847 3629 1078 3685 persona
1107 3630 1401 3687 syncopam
1427 3616 1727 3687 patiantur,
1750 3626 1829 3683 ut,

246 3719 363 3769 nos,
392 3703 528 3768 novi,
560 3702 747 3759 uenisti
778 3702 858 3759 vel
886 3706 1037 3761 necti.
1078 3704 1230 3769 Amo,
1272 3706 1533 3771 amovisti,
1560 3706 1645 3760 vel
1683 3722 1834 3760 mna-

239 3794 314 3849 sti
349 3806 369 3847 :
404 3801 463 3850 et
484 3793 542 3850 in
567 3793 762 3865 plurali
813 3793 1157 3868 [amavistis],
1194 3796 1276 3851 vel
1310 3798 1559 3862 amastis,
1595 3796 1830 3869 [amave-

239 3884 392 3958 runt]
419 3884 503 3941 vel
530 3895 799 3941 ansarsmt.
846 3886 939 3943 llla
966 3901 1099 3943 vero
1141 3904 1261 3958 quae
1293 3888 1347 3944 in
1389 3889 1649 3960 praesenti
1680 3906 1707 3944 υ
1736 3890 1834 3944 lia-

240 3976 377 4033 bent
400 3987 811 4043 consonantem,
844 3994 951 4035 non
990 3988 1221 4049 possunt
1250 3979 1304 4035 in
1334 3981 1611 4050 Iit-atterite
1636 3995 1830 4053 synco-

239 4083 371 4140 pam
399 4068 542 4141 pati;
571 4080 648 4134 ut,
698 4069 840 4136 lavo,
867 4069 1089 4132 Iurasti:
1127 4087 1288 4127 nemo
1314 4072 1469 4138 dicit,
1496 4072 1619 4128 luti
1644 4072 1726 4129 vel
1755 4074 1830 4128 la-

240 4161 365 4227 stis,
392 4159 478 4217 vel
513 4160 714 4216 larunt.
740 4160 855 4226 lca,
887 4163 979 4229 ici,
1005 4162 1189 4228 ictum,
1226 4164 1461 4228 ictus-us;
1487 4162 1621 4236 [vel]
1650 4164 1830 4219 brevis

239 4256 260 4311 i
290 4255 345 4310 in
371 4255 624 4326 timenti
655 4263 710 4312 et
753 4256 1063 4326 praeterito;
1111 4256 1245 4329 [vel]
1299 4256 1477 4327 maga,
1524 4266 1608 4325 ut,
1638 4260 1826 4329 quievi,

233 4346 536 4417 quieturus.
585 4343 837 4420 [Lingua]
888 4346 1039 4417 liqui,
1084 4346 1233 4413 lictu,
1263 4347 1517 4412 (ictum;
1563 4357 1711 4405 otes
1734 4365 1825 4416 ea,

240 4436 452 4511 reliqui,
501 4437 787 4512 [relictum]
841 4439 1140 4496 relicturus.
1197 4438 1378 4507 Vinea,
1420 4443 1541 4508 sici,
1574 4442 1825 4498 uicturus.

1866 3199 1915 3266 C

1948 1962 2086 1999 sum.
2117 1945 2236 2012 Ala,
2268 1946 2401 2015 alui,
2427 1949 2587 2005 alitus
2616 1950 2702 2007 vel
2726 1951 2889 2009 altus.
2917 1952 3088 2021 Tollo,
3115 1956 3329 2023 sustuli,
3356 1958 3539 2014 subla-

1948 2047 2081 2104 tum,
2106 2037 2430 2095 sublaturus.
2457 2039 2639 2109 Canto,
2656 2045 2874 2115 compsi,
2903 2057 3188 2118 comptum,
3211 2059 3534 2119 compturus.

1947 2126 2134 2196 Dema,
2160 2129 2383 2203 dempsi,
2418 2134 2685 2206 demptum
2718 2133 3094 2213 [dempturus].
3126 2139 3419 2198 Sciendum
3453 2152 3541 2199 est

1948 2220 2045 2311 tibi
2075 2222 2219 2293 quod
2267 2222 2574 2296 bujusmodi
2614 2229 2975 2300 positionibus
3008 2232 3309 2295 litterarum
3338 2237 3539 2311 ubique

1947 2309 2089 2365 inter
2114 2329 2166 2365 m
2188 2321 2244 2369 et
2264 2323 2374 2369 tum
2396 2331 2430 2386 p
2457 2317 2768 2389 ponendum
2796 2328 2899 2376 est.

2024 2399 2210 2469 Voma,
2248 2406 2447 2474 vomui,
2487 2409 2756 2468 vomitum.
2784 2407 2998 2483 Prema,
3042 2416 3231 2487 pressi,
3270 2432 3533 2488 pressum,

1944 2511 2242 2566 pressurus.
2271 2496 2439 2565 Cana,
2467 2501 2668 2569 cecini;
2717 2518 2786 2558 ex
2820 2518 2909 2567 eo.
2956 2506 3161 2576 accino,
3192 2511 3420 2580 accinui,
3448 2530 3539 2567 ac-

1945 2596 2173 2642 centum.
2203 2588 2453 2656 Succino,
2477 2603 2801 2650 succentum.
2821 2591 3038 2664 Tcmna,
3061 2602 3268 2672 tempsi,
3285 2610 3537 2673 templum

1948 2675 2077 2749 [Al.,
2102 2688 2431 2753 contempno,
2446 2686 2751 2756 contempsi,
2784 2689 3178 2765 contemptum].
3201 2692 3355 2760 Creo,
3378 2694 3534 2762 crevi,

1946 2777 2182 2837 cretum;
2220 2785 2287 2827 ex
2314 2786 2380 2828 eo
2409 2783 2464 2828 et
2488 2774 2556 2829 da
2583 2776 2769 2844 verbo,
2809 2780 2965 2834 credo
2992 2783 3354 2861 componitur,
3378 2785 3536 2856 quasi

1945 2872 2154 2921 certum
2171 2868 2259 2923 do.
2278 2867 2432 2937 Lino,
2465 2868 2585 2944 [lini
2601 2871 2679 2945 et]
2704 2872 2826 2941 lioi;
2852 2876 2936 2932 vel
2952 2876 3106 2943 linia,
3122 2878 3298 2946 litum,
3316 2881 3529 2941 (iturus.

1945 2955 2235 3013 Sciendum
2250 2964 2487 3031 estquod
2502 2970 2612 3019 tam
2641 2965 2798 3037 μὴ,
2822 2968 3027 3043 tamen]
3053 2970 3205 3026 litum
3224 2982 3279 3029 et
3302 2973 3457 3042 itum,
3476 2983 3537 3031 et

1943 3066 2016 3108 ex
2034 3068 2102 3108 eo
2117 3056 2444 3127 composita,
2465 3059 2660 3127 obitus,
2674 3063 2996 3132 praeteritus,
3020 3066 3270 3131 etsitum,
3296 3076 3352 3122 et
3376 3085 3532 3140 quea,

1943 3145 2169 3217 quitum,
2185 3157 2282 3203 eta
2305 3164 2353 3205 cs
2368 3168 2419 3216 o,
2445 3152 2629 3219 citum,
2652 3168 2683 3207 a
2703 3170 2922 3225 nequeo,
2944 3158 3207 3229 nequitus,
3231 3160 3535 3232 corripiunt

1941 3240 2293 3310 penultimas,
2335 3244 2479 3314 quod
2506 3242 2559 3298 in
2590 3243 2711 3300 aliis
2748 3247 2957 3316 supinis
2985 3256 3042 3303 et
3062 3249 3384 3323 participiis,
3411 3267 3535 3322 qua:

1941 3346 1972 3385 a
2000 3333 2301 3401 przeteritis
2346 3334 2401 3390 in
2444 3337 2491 3390 vi
2519 3337 2936 3394 terminantibus
2962 3356 3070 3396 non
3120 3340 3404 3411 invenies;
3450 3353 3531 3411 ut,

1942 3427 2140 3492 amavi,
2166 3436 2407 3495 amatus;
2434 3429 2592 3496 moui,
2629 3440 2836 3498 matus;
2863 3432 3055 3502 cupitvi,
3085 3434 3354 3506 cupitum;
3395 3438 3531 3503 neri,

1940 3526 2138 3570 aetum.
2171 3516 2400 3590 Rumpo,
2430 3519 2570 3591 rupi,
2599 3529 2832 3591 ruptum.
2872 3518 3059 3590 νει-το,
3092 3520 3249 3595 [rersi
3276 3523 3384 3598 vel]
3413 3541 3533 3581 ver-

1935 3611 2005 3675 ri,
2052 3627 2281 3677 uersum,
2341 3629 2606 3668 versuras.
2679 3614 2897 3681 Qutero,
2943 3617 3184 3683 quiesivi,
3228 3621 3528 3688 quwsitum.

1935 3698 2097 3766 Reor,
2146 3710 2333 3766 ratus;
2379 3717 2586 3768 exsero,
2637 3706 2869 3769 exserui,
2919 3715 3204 3772 easertum,
3231 3718 3529 3763 exsarturus

1933 3791 2080 3866 [Ms.,
2108 3792 2308 3859 Exora,
2355 3794 2560 3861 curui,
2608 3805 2867 3865 exortum,
2911 3796 3070 3869 etc.].
3104 3796 3266 3864 Meto,
3311 3799 3527 3863 messui,

1931 3901 2178 3951 messum,
2230 3902 2518 3941 messurus.
2563 3884 2741 3953 Mitto,
2781 3888 2926 3951 misi,
2977 3889 3218 3954 missum,
3268 3890 3527 3945 missurus

1931 3991 2031 4047 per
2060 3977 2167 4032 duo
2190 3993 2265 4043 ss,
2293 3992 2417 4032 cum
2444 3977 2565 4033 misi
2590 3992 2688 4049 per
2712 3991 2880 4032 unum
2916 3976 3111 4033 debeat
3151 3979 3338 4035 scribi.
3371 3978 3524 4045 Peto,

1929 4070 2106 4142 petivi,
2132 4071 2373 4143 petitum,
2401 4070 2554 4144 longa
2583 4073 2898 4143 penultitna.
2925 4072 2967 4129 Τ
2969 4091 3089 4139 exa,
3114 4076 3281 4141 texui,
3302 4084 3523 4131 textum.

1934 4159 2107 4228 Nero,
2158 4164 2342 4230 necui,
2393 4180 2605 4219 nexum.
2660 4162 2879 4231 Farcio,
2920 4165 3072 4236 farsi,
3106 4166 3341 4236 fartum;
3385 4166 3527 4221 unde

1930 4250 2154 4321 fartores
2177 4268 2196 4307 .'
2220 4252 2361 4310 sicut
2385 4270 2417 4309 a
2451 4255 2646 4322 surcio,
2671 4256 2832 4321 sarsi,
2859 4266 3086 4321 sartum,
3115 4266 3363 4313 sartores.
3394 4259 3530 4313 Seu-

1929 4344 2025 4411 tio,
2073 4346 2235 4410 sensi,
2285 4362 2513 4401 sensum.
2561 4344 2790 4416 Rsucia,
2831 4350 3000 4415 rausi,
3050 4366 3289 4404 raucum.
3344 4348 3523 4421 Sapio,

1929 4438 2087 4507 sepsi,
2122 4448 2346 4509 septum.
2380 4436 2567 4507 Venia,
2595 4442 2733 4505 ueni,
2760 4452 2989 4509 uetitum,
3022 4454 3290 4498 venturus.
3332 4442 3524 4521 Paria,

234 4530 455 4598 Cresco,
483 4532 640 4597 crevi,
670 4542 891 4602 cretum,
920 4543 1177 4589 creturus.
1225 4532 1365 4600 Scia,
1413 4536 1560 4602 sciui,
1609 4539 1822 4603 scitum,

1943 4528 2126 4599 peperi,
2152 4538 2387 4600 partum,
2408 4540 2679 4602 parturus.
2711 4531 2855 4596 Scio,
2885 4533 3035 4599 sciri,
3077 4534 3292 4600 scitum,
3334 4539 3526 4604 penul-

234 4625 507 4691 sa'turus;
540 4633 597 4680 et
633 4641 702 4681 ex
728 4639 795 4681 eo
821 4628 1008 4681 scissa.
1042 4625 1095 4680 Ν
1100 4644 1238 4692 asco,
1268 4629 1409 4693 novi,
1438 4639 1643 4695 notum,
1672 4639 1827 4684 uotu-

240 4730 354 4771 m.
400 4713 646 4787 Ignosco,
671 4716 970 4786 ignoturus.
1004 4714 1194 4781 Pasca,
1219 4720 1360 4788 pavi,
1388 4730 1618 4791 pastum,
1649 4733 1829 4791 pastu-

240 4823 356 4866 rtts.
386 4807 565 4873 Disce,
597 4806 867 4874 discitum,
912 4807 1218 4863 disciturus.
1250 4808 1445 4876 Porca,
1486 4828 1670 4882 parsu,
1698 4829 1826 4883 par-

240 4915 420 4958 surus.
465 4896 736 4966 Puclscar,
767 4909 999 4971 pactum,
1026 4909 1297 4971 pacturus.
1330 4898 1673 4971 Proﬁciseor,
1702 4919 1825 4972 prs-

240 4990 462 5062 lectum,
499 4986 854 5061 profecturus.
887 4986 1254 5061 Eapergiscar,
1302 4992 1603 5062 praeterito,
1644 5008 1829 5063 exper-

241 5091 417 5143 remt
445 5078 641 5156 [εάίιη
667 5080 965 5153 expergitus
1011 5079 1176 5155 sum],
1217 5092 1542 5154 experrecta,
1586 5100 1828 5153 experre-

240 5184 445 5231 cturus.
488 5170 803 5236 Nanciscor,
856 5182 1043 5227 nactus
1086 5187 1224 5239 sum,
1272 5182 1505 5238 nactum,
1554 5182 1826 5239 nactum,

242 5266 449 5336 absque
474 5279 529 5317 n.
572 5259 811 5334 Pangar,
834 5273 1039 5335 pactus,
1063 5271 1337 5335 pactums.
1389 5262 1613 5336 Fingor,
1648 5264 1826 5334 ﬁctus,

240 5358 487 5429 ﬂeturus.
519 5356 749 5429 Tangar,
800 5369 990 5423 tactus,
1022 5369 1282 5418 tacturus.
1315 5360 1542 5432 Jungor,
1582 5362 1822 5432 junctus,

235 5451 545 5526 junctum.
614 5447 662 5503 Ε
665 5465 856 5520 ungor,
922 5449 1157 5519 functus,
1214 5451 1512 5521 functurus.
1572 5452 1823 5526 Plangor,

232 5529 507 5611 planctus.
540 5540 739 5612 Angor,
776 5550 995 5606 auctus;
1044 5543 1306 5613 praeteriti
1355 5544 1697 5615 participium
1747 5544 1825 5601 fa-

241 5635 413 5693 ciunt.
443 5633 536 5689 Sic
561 5642 618 5689 et
642 5634 888 5701 ulciscar,
915 5633 1058 5690 ultus
1085 5653 1102 5690 :
1132 5635 1370 5704 Irascor,
1409 5638 1581 5693 iratus
1607 5655 1645 5694 :-
1665 5638 1824 5709 Defu-

241 5727 405 5781 tiscor
430 5721 582 5797 [Ms.,
628 5725 949 5799 deﬁciscor],
979 5728 1233 5798 defessus,
1282 5728 1337 5786 id
1372 5740 1477 5797 est,
1526 5731 1820 5803 fatigatus;

244 5834 370 5873 nutu
417 5832 445 5871 a
470 5817 658 5887 deﬁcio
683 5817 911 5887 defectus
944 5817 999 5872 lit
1030 5819 1396 5892 participium.
1441 5820 1823 5878 Comminiscor

1929 4619 2061 4673 tima
2084 4620 2285 4690 ubique
2310 4620 2494 4691 longa,
2540 4629 2601 4677 ut
2635 4621 2870 4686 auditus,
2901 4625 3155 4688 munitus,
3202 4625 3520 4688 arcessitus;

1929 4709 2033 4765 nisi
2068 4710 2119 4765 iu
2150 4712 2554 4781 praenominatis
2591 4711 2747 4784 [Hs.,
2776 4713 3144 4785 pruenotatis].
3178 4711 3406 4785 Sepelio,
3437 4731 3521 4769 se-

1926 4799 2104 4869 pelivi,
2133 4801 2389 4871 sepultus,
2414 4802 2737 4872 sepulturus.
2772 4802 2943 4871 Salia,
2970 4803 3109 4860 salui
3140 4804 3290 4878 [Ἀθη
3315 4805 3516 4878 salici],

1927 4890 2143 4946 saltum.
2175 4891 2322 4949 Salio
2354 4909 2385 4949 a
2411 4895 2545 4963 sale,
2569 4897 2746 4961 salivi,
2792 4897 3011 4964 salsum,
3042 4898 3313 4965 salsurus;
3338 4899 3519 4955 Parti-

1929 4985 2130 5056 cipium
2160 5001 2377 5058 quoque
2399 5003 2471 5043 ex
2514 5003 2581 5045 eo
2623 4990 2962 5062 praeteritum
2988 5000 3090 5055 est,
3122 4990 3308 5046 salitus
3331 5000 3385 5046 et
3407 4991 3518 5045 sul-

1929 5098 2018 5135 sus
2046 5079 2155 5153 [vel
2198 5081 2410 5156 sallus].
2441 5082 2652 5150 Ambio,
2702 5084 2917 5151 ambiri,
2948 5084 3237 5146 ambitum:
3261 5092 3318 5140 et
3348 5100 3417 5140 ex
3450 5097 3517 5139 eo

1929 5172 2155 5229 ambitus
2179 5188 2398 5240 nomen,
2420 5182 2669 5245 correpta
2695 5175 3011 5246 penultima.

1999 5264 2165 5337 296
2191 5266 2288 5321 Fu.
2336 5266 2447 5323 Cur
2493 5267 2642 5323 hoc?
2667 5297 2739 5309 —
2766 5265 2934 5323 Suo.
2965 5266 3104 5334 Quia
3133 5266 3311 5323 ambio
3359 5267 3428 5321 ab
3453 5283 3513 5320 eo

1927 5360 2095 5416 verba
2130 5361 2487 5431 compositum
2524 5367 2627 5416 est.
2657 5359 2793 5417 Nam
2816 5359 3055 5416 verbalia
3098 5359 3317 5415 nomina
3360 5376 3393 5413 a
3427 5374 3516 5414 sc-

1929 5448 2103 5507 cuuda
2156 5452 2427 5508 venientia
2483 5452 2863 5525 coniugatione
2912 5450 3263 5523 penultimam
3312 5450 3515 5507 habent

1926 5547 2179 5609 brevem;
2209 5553 2288 5610 ut,
2313 5545 2542 5611 habitus,
2586 5545 2835 5600 monitus.
2867 5543 3269 5600 Memorandum
3296 5557 3518 5613 quoque

1928 5640 2025 5697 tibi
2047 5646 2150 5706 est,
2177 5639 2557 5711 impersonalia
2580 5640 2789 5710 supinis
2811 5647 2868 5696 et
2892 5637 3193 5711 participiis
3218 5637 3505 5698 deiecisse,

1928 5732 2029 5787 nisi
2062 5731 2234 5797 raris;
2268 5740 2326 5786 ut
2363 5746 2394 5787 a
2440 5732 2649 5803 panitet
2688 5730 2980 5803 pmnitens,
3007 5730 3151 5785 unde
3176 5738 3231 5784 et
3265 5729 3513 5798 partiren-

1927 5822 2000 5877 tia
2016 5840 2035 5892 ;
2064 5831 2119 5879 et
2140 5838 2170 5879 a
2193 5821 2309 5880 licet
2332 5822 2549 5882 licentia
2573 5832 2628 5882 et
2665 5823 2845 5882 licitus
2874 5842 2885 5878 :
2922 5831 2977 5879 et
3003 5842 3033 5879 a
3064 5822 3207 5886 libet,
3237 5821 3429 5880 libens.
