4106 6482
496 283 603 338 895

963 388 1052 444 DE
1091 383 1629 444 CONJUNCTIONE.

565 503 664 558 Fs.
707 500 861 556 Nunc
888 499 1022 554 ordo
1053 498 1288 568 partium
1331 496 1537 567 ﬂagitat
1568 503 1627 550 ut
1668 495 1734 552 de
1764 495 2094 566 coniunctio-

495 613 565 653 ne
592 597 760 652 dicas.
782 625 854 634 —
883 591 1051 648 Saxo.
1087 591 1410 662 Coniunctio
1438 601 1521 645 est
1548 605 1677 660 pars
1719 589 1982 643 orationis
2006 589 2090 642 in-

497 685 858 752 declinabilis,
885 683 1227 753 coniunctiva
1255 691 1310 736 et
1338 681 1703 752 signiﬁcativa
1735 680 1892 753 [Ms.,
1919 679 2096 735 consi-

498 776 855 853 gniﬁcativa],
898 775 1130 831 aliarum
1176 775 1415 845 partium
1460 774 1570 827 vim
1612 782 1668 827 et
1697 771 2093 827 ordinationem

500 874 908 930 demonstrans.

561 961 668 1019 'Fn.
709 961 989 1030 Quomodo
1012 958 1122 1014 vim
1148 965 1203 1013 et
1230 955 1631 1012 ordinationem
1659 953 2093 1010 demonstrans?

503 1084 577 1096 -—
603 1053 771 1110 Suo.
798 1050 945 1116 Vim,
985 1049 1202 1121 quando
1231 1048 1440 1117 aliquas
1485 1060 1575 1101 res
1614 1044 1773 1100 simul
1800 1043 2092 1115 signiﬁcat,

499 1154 584 1212 ut,
606 1154 656 1202 et
678 1145 796 1216 pius
815 1152 863 1198 et
879 1141 1032 1212 fortis
1055 1141 1155 1213 fuit
1174 1137 1396 1194 /Eneas.
1422 1137 1852 1201 Ordinationem,
1878 1135 2098 1206 quando

503 1235 953 1307 consequentiam
1003 1234 1308 1304 aliquarum
1361 1231 1700 1286 demonstrat
1753 1245 1973 1294 rerum;
2016 1236 2094 1292 ut,

501 1333 550 1388 si
594 1329 851 1396 ambulat,
897 1336 1167 1392 movetur;
1212 1327 1460 1396 sequitur
1495 1324 1641 1380 enim
1672 1322 2098 1378 ambulationem

505 1432 707 1481 motus.

577 1515 677 1571 Fit.
717 1513 861 1582 Quot
897 1510 1151 1569 accidunt
1198 1510 1609 1584 coniunctioni?
1636 1507 1892 1564 —SAxo.
1925 1507 2055 1562 Tria
2083 1525 2095 1560 :

507 1611 697 1680 ﬁgura,
743 1618 800 1664 et
828 1609 1058 1678 species,
1098 1616 1152 1662 et
1180 1607 1334 1662 ordo.
1375 1604 1575 1676 Figura
1604 1603 1856 1672 simplex,
1888 1610 1948 1656 ut
1977 1619 1989 1655 :
2021 1610 2099 1667 at,

506 1713 578 1770 et,
607 1703 717 1759 sed.
744 1701 1078 1772 Composita,
1108 1709 1201 1755 ut:
1233 1709 1410 1769 atque,
1437 1699 1650 1761 etenim,
1691 1696 1944 1750 sedenim.
1973 1693 2100 1749 Hmc

507 1794 654 1848 enim
679 1807 745 1847 es
773 1801 999 1847 accentu
1025 1791 1321 1860 composita
1346 1804 1464 1844 esse
1493 1795 1812 1843 noscuntur.

581 1883 684 1939 Fs.
749 1884 827 1939 Da
876 1884 1178 1954 specierum
1222 1897 1438 1952 quoque
1483 1880 1771 1936 rationem.
1813 1909 1884 1918 —
1933 1877 2100 1933 Suo.

510 1976 747 2046 Species,
783 1991 920 2047 quas
957 1975 1196 2029 Donatus
1225 1981 1551 2044 potestatem
1603 1970 1869 2034 nominat,
1912 1983 2104 2022 secun-

509 2070 638 2124 dum
669 2084 793 2124 eum
821 2069 1060 2139 quinque
1097 2074 1225 2122 sunt
1258 2084 1271 2119 :
1297 2063 1624 2136 copulativa,
1667 2061 1957 2133 expletiva,
1984 2074 2107 2114 cau-

511 2162 662 2225 salis,
694 2160 1042 2231 disiunctiva,
1079 2157 1381 2213 rationalis.
1423 2156 1730 2211 Secundum
1768 2152 2106 2207 Priscianum

508 2254 712 2326 plures.
735 2253 842 2310 Sed
860 2254 944 2309 hte
968 2253 1203 2324 quinque
1219 2251 1428 2320 species
1440 2248 1765 2321 principales
1780 2256 1926 2312 sunt,
1950 2247 2110 2300 alias-

511 2365 617 2421 que
645 2352 700 2406 in
735 2367 794 2407 se
820 2350 1161 2407 continentes
1194 2348 1424 2420 species.

586 2441 685 2496 Fu.
752 2439 937 2496 Pande
991 2438 1328 2511 singularum
1377 2438 1622 2508 exempla
1686 2435 2111 2507 specierum.—

515 2535 682 2592 Ssxo.
724 2533 1048 2605 Copulativw
1091 2540 1238 2599 sunt,
1283 2547 1403 2602 quae
1448 2531 1706 2603 copulant
1756 2539 1866 2585 tam
1918 2531 2106 2592 verba,

513 2645 677 2701 quam
712 2642 926 2694 sensus,
949 2635 1044 2682 ut:
1071 2636 1143 2693 et,
1176 2643 1299 2698 que,
1325 2635 1403 2692 at,
1431 2635 1610 2696 atque,
1639 2643 1722 2688 ac,
1753 2633 1854 2678 ast.
1891 2623 2112 2693 οἰήια-

513 2725 663 2778 etiam
689 2731 837 2788 sunt,
867 2738 989 2793 quae
1019 2723 1268 2794 quamvis
1306 2722 1574 2778 dictiones
1617 2721 1870 2792 iungant,
1919 2734 2112 2775 sensus

516 2812 627 2887 [ΑΙ.
677 2814 865 2887 sensu]
898 2825 1079 2870 tamen
1129 2813 1468 2884 disiungunt,
1513 2820 1568 2867 et
1612 2828 1777 2866 unum
1827 2827 1858 2866 e
1903 2812 2113 2866 duobus

513 2924 637 2965 esse
661 2909 991 2981 signiﬁcant,
1016 2918 1116 2964 ut:
1167 2906 1263 2971 vel,
1290 2925 1368 2974 ve,
1411 2924 1497 2972 ne,
1537 2921 1653 2972 nec,
1705 2922 1890 2975 neque,
1949 2902 2109 2977 [aut].

515 3003 808 3074 Expletivce
839 3012 965 3058 sunt
999 3019 1120 3074 qua:
1163 3003 1249 3058 vel
1279 3004 1481 3058 bonum
1519 3001 1602 3054 vel
1650 3001 1850 3056 malum
1898 3000 2118 3070 explent

1319 276 1376 331 Β.
1418 275 1480 329 F.
1522 273 1750 328 ALBINI
1790 272 1921 330 SEU
1961 269 2238 328 ALCUINI
2277 267 2564 328 OPERUM
2601 268 2784 325 PARS
2827 266 2932 323 ΠΙ.

3683 259 3791 315 896

2123 389 2173 446 Α
2203 381 2341 436 Sunt
2371 395 2586 452 quoque
2626 377 3039 449 coniunctiones
3067 372 3396 434 dubitatira‘,
3422 380 3482 424 ut
3509 385 3522 422 :
3562 386 3646 433 ne,
3673 386 3792 434 nec,

2195 490 2352 528 anne.
2385 471 2645 544 Virgilius
2685 468 2840 542 (/En.
2883 485 2981 532 ιιι,
3013 465 3112 532 59;
3147 482 3198 519 ιιι
3220 506 3234 529 ,
3273 463 3393 531 liti)
3423 482 3435 516 :

2441 583 2656 645 Eloquar
2680 594 2741 630 sn
2761 581 3018 645 sileam...
3038 577 3062 626 ?

2443 632 2722 696 iust'ititene
2747 648 2882 704 prius
2906 643 3078 701 mirer,
3106 638 3293 688 belline
3319 632 3517 686 labores
3540 636 3564 686 τ

2197 751 2337 807 Sunt
2385 749 2540 823 [Ms.,
2589 747 2748 820 ﬁunt]
2801 747 3005 802 easdem
3061 743 3470 812 inlerrogaliva’,
3521 748 3581 795 ut
3618 739 3794 812 (/En.

2195 842 2449 914 x,668):

2381 973 2574 1024 Duxisti
2591 971 2616 1020 ‘l

2197 1055 2362 1111 Fiunt
2385 1067 2441 1111 et
2468 1053 2717 1119 electivte,
2764 1049 2982 1123 quando
3009 1065 3078 1104 ex
3123 1047 3357 1102 diversis
3387 1048 3550 1102 rebus
3593 1045 3802 1116 aliquid

2198 1148 2438 1218 eligitur,
2476 1155 2571 1201 ut:
2620 1145 2772 1200 Dives
2798 1160 2907 1198 esse
2933 1141 3068 1206 volo,
3109 1156 3270 1211 quam
3306 1155 3523 1209 pauper.
3555 1137 3718 1192 Fiunt
3744 1145 3806 1193 et

2198 1237 2537 1308 adjunctivre,
2587 1251 2712 1292 cum
2769 1233 2954 1288 verbis
3001 1228 3362 1298 subiunctivis
3411 1227 3804 1297 adiunguntur,

2199 1340 2302 1385 ut:
2356 1330 2438 1395 si,
2492 1345 2633 1394 cum,
2662 1337 2739 1392 ut,
2799 1324 2951 1390 dum,
2994 1332 3273 1392 quatenus.
3325 1320 3436 1376 Ut:
3485 1321 3544 1375 Si
3598 1321 3804 1385 venias,

2201 1421 2342 1492 facio
2365 1435 2382 1473 .-

2327 1513 2444 1566 Cum
2473 1511 2643 1562 laetam
2672 1506 2821 1562 rituls
2845 1520 2935 1573 pro
2957 1505 3210 1569 frugibus,
3236 1505 3340 1567 ipsa
3361 1505 3533 1554 venito
3552 1504 3614 1552 ιε

2204 1596 2269 1651 Ut
2294 1597 2459 1666 prosit
2490 1596 2622 1660 tibi,
2653 1594 2795 1664 facio
2821 1607 2840 1645 :

2267 1687 2416 1738 unua
2433 1698 2629 1748 quoque
2647 1695 2699 1736 et
2717 1683 2851 1734 bello
2875 1693 3066 1746 passus,
3092 1681 3210 1730 dum
3231 1677 3470 1728 conderet
3495 1675 3669 1724 urbem
3695 1675 3758 1735 Ir,

2208 1793 2480 1858 Quatenus
2515 1789 2569 1843 id
2597 1787 2819 1844 libenter
2856 1785 3021 1854 facio.
3063 1782 3301 1839 Possunt
3325 1788 3382 1836 et
3412 1781 3495 1834 lia:
3524 1780 3654 1849 ipsa:
3677 1794 3808 1834 cau-

2205 1883 2347 1939 sales
2373 1897 2511 1937 esse.

2278 1978 2376 2031 Fs.
2411 1977 2518 2031 Sed
2547 1975 2693 2030 unde
2718 1973 2889 2030 sciam
2914 1973 2981 2027 ad
3004 1985 3169 2042 quam
3195 1968 3434 2039 speciem
3463 1965 3801 2037 pertineant?

2207 2100 2276 2109 —
2302 2071 2466 2126 Suo.
2498 2066 2835 2133 Adjunctivae
2874 2079 3000 2119 cum
3031 2059 3369 2118 dubitatione
3409 2055 3753 2129 proferuntur
3783 2070 3802 2110 :

2210 2161 2452 2219 causales
2475 2175 2599 2215 cum
2646 2157 3024 2220 afﬁrmatione,
3056 2162 3150 2209 ut:
3184 2153 3307 2208 Eris
3329 2152 3534 2216 doctus,
3562 2152 3608 2204 si
3642 2148 3806 2218 legas.

2210 2256 2371 2327 297
2408 2254 2570 2319 Sunt,
2601 2269 2721 2323 quae
2760 2250 3172 2307 diminutionem
3197 2244 3525 2318 signiﬁcant.
3554 2251 3614 2298 ut
3646 2241 3809 2314 (:En.

2210 2363 2283 2415 Iv,
2315 2344 2441 2417 527)
2467 2363 2478 2398 :

2336 2435 2541 2492 Saltem,
2563 2436 2603 2484 si
2629 2446 2724 2495 qua
2759 2433 2876 2481 mihi
2903 2430 3130 2492 (soboles)
3153 2427 3219 2478 de
3241 2435 3292 2478 te
3309 2433 3536 2484 suscepta
3559 2424 3749 2475 fuisset.

2830 905 3057 958 Tantone
3078 917 3158 953 me
3195 905 3400 952 crimine
3424 904 3622 965 dignum

2213 2543 2379 2598 Fiunt
2433 2549 2489 2596 et
2539 2540 2861 2594 continuata:
2908 2537 3068 2609 [Ms.,
3127 2531 3564 2605 continuantur];
3616 2542 3718 2586 ut:
3766 2532 3820 2587 si

2213 2633 2470 2697 ambulat,
2529 2641 2798 2694 movetur;
2847 2631 3130 2684 continuat
3187 2628 3334 2682 enim
3391 2624 3820 2681 ambulationem

2213 2735 2413 2783 motus.
2445 2725 2538 2780 Ha:
2566 2733 2624 2782 et
2643 2726 2762 2780 alia:
2792 2726 3005 2796 species
3043 2724 3098 2779 in
3125 2723 3410 2778 Prisciano
3445 2722 3816 2791 reperiuntur,

2215 2837 2336 2892 qua:
2375 2829 2554 2875 tamen
2599 2819 2842 2874 incidere
2875 2827 3104 2888 possunt
3135 2816 3188 2870 in
3235 2816 3525 2885 praedictas
3553 2816 3815 2885 quinque.

2216 2913 2325 2970 Sed
2350 2927 2495 2968 nunc
2519 2913 2635 2968 haec
2670 2911 2874 2967 habeto
2903 2913 2970 2965 de
2999 2908 3494 2977 coniunctionibus.

2687 3025 2773 3079 DE
2811 3021 3364 3080 PRAZPOSITIONE.

520 3110 763 3187 sensum,
819 3104 881 3150 ut
925 3109 938 3148 :
965 3093 1198 3166 quidem,
1223 3093 1485 3187 equidem,
1513 3091 1699 3147 saltem
1722 3090 1855 3166 [Al.,
1883 3090 2109 3164 saltim],
2138 3103 2184 3164 ο
2286 3115 2388 3172 FB.
2413 3116 2735 3187 pmposmo
2766 3115 2897 3187 quid
2923 3115 3319 3171 est?_sno'
3374 3113 3511 3170 pars
3547 3115 3816 3171 orationis

519 3186 778 3251 videlicet,
816 3202 1139 3257 quanquam,
1161 3184 1420 3255 quamvis,
1449 3199 1672 3254 quoque,
1699 3191 1894 3246 autem,
1920 3197 2077 3252 porro
2094 3222 2109 3245 ,

517 3277 736 3341 scilicet,
780 3287 972 3329 tamen.
1002 3271 1259 3329 Causales
1287 3281 1435 3338 sunt,
1480 3289 1602 3342 qua:
1633 3287 1852 3327 causam
1898 3277 2117 3325 antece-

521 3370 743 3423 dentem
769 3367 1098 3437 signiﬁcant,
1145 3373 1204 3420 ut
1233 3383 1245 3419 :
1281 3365 1462 3420 doctus
1488 3381 1625 3429 sum,
1657 3381 1778 3418 nam
1808 3363 1943 3435 legi;
1972 3363 2014 3417 si
2038 3361 2116 3417 sol

519 3471 619 3525 est,
641 3461 758 3531 jam
799 3461 957 3513 lueet.
1003 3459 1178 3514 Causa
1201 3459 1347 3514 enim
1378 3457 1599 3513 luminis
1645 3457 1724 3513 sol
1747 3465 1849 3511 est.
1879 3456 1947 3510 Et
1991 3463 2120 3510 sunt

521 3557 637 3612 haec
667 3574 679 3608 :
712 3554 793 3618 Si,
820 3555 937 3618 etsi,
962 3554 1190 3617 etiamsi,
1217 3551 1497 3624 siquidem,
1525 3550 1761 3621 quando,
1787 3548 2120 3622 quandoqui-

519 3648 662 3712 dem,
685 3648 993 3718 quinetiam,
1020 3653 1300 3718 quatenus,
1326 3647 1431 3711 sin,
1458 3659 1570 3710 seu,
1600 3645 1707 3698 sive
1749 3642 1940 3716 [neve],
1971 3659 2123 3696 nam-

527 3761 646 3813 que,
696 3743 773 3810 ni,
815 3744 916 3798 nisi
949 3743 1074 3816 [nisi
1119 3742 1212 3815 si],
1263 3743 1424 3807 enim,
1455 3741 1666 3807 etenim,
1727 3758 1813 3806 ne,
1867 3740 2119 3805 sedenim,

521 3837 746 3901 interea,
787 3836 1144 3907 quamobrem,
1185 3835 1497 3905 prwsertim,
1528 3835 1674 3896 item,
1718 3833 1962 3903 itemque,
1992 3841 2125 3885 cete-

526 3944 666 3992 rum,
708 3927 967 3999 alioquin,
993 3937 1264 3997 praeterea.
1298 3924 1608 3979 Rationales
1637 3933 1782 3989 sunt,
1811 3938 1931 3993 qua:
1957 3923 2126 3976 ratio-

526 4035 650 4076 nem
675 4020 754 4075 rei
784 4020 1037 4084 reddunt,
1063 4029 1122 4073 ut
1148 4037 1162 4077 ξ
1203 4020 1301 4083 ita,
1331 4019 1531 4088 itaque,
1557 4018 1828 4088 quoniam,
1859 4016 2020 4078 enim,
2048 4023 2126 4067 et-

525 4112 688 4176 enim,
733 4112 1011 4174 enimvero,
1058 4111 1200 4182 quia,
1249 4125 1432 4181 quare,
1473 4118 1808 4180 quapropter,
1854 4107 2123 4178 quoniam,

526 4201 758 4271 quidem,
813 4202 1021 4273 quippe,
1065 4217 1207 4272 ergo,
1236 4201 1352 4256 ideo
1381 4199 1611 4273 [igitur],
1640 4201 1861 4262 scilicet,
1890 4207 2128 4269 propter-

528 4310 592 4347 ea
628 4290 933 4363 [videlicet].

601 4383 702 4438 Fu.
765 4381 911 4439 Ordo
959 4381 1401 4452 coniunctionum
1453 4398 1510 4436 ιιι
1555 4397 1662 4452 quo
1705 4382 1827 4437 est?
1859 4411 1930 4423 -—
1959 4379 2126 4436 Saxo.

2219 3207 2649 3264 indeclinabilis.

2290 3299 2391 3354 Fu.
2430 3297 2569 3366 Quid
2621 3298 2786 3354 habet
2823 3296 3026 3354 ollicii?
3063 3328 3134 3339 -——
3173 3297 3338 3354 Saxo.
3395 3297 3466 3353 Ut
3511 3297 3632 3351 aliis
3682 3312 3827 3367 prie.

2221 3400 2456 3463 ponatur
2515 3391 2767 3462 partibus
2828 3389 2914 3447 vel
2969 3389 3342 3462 appositione,
3406 3389 3491 3445 vel
3549 3390 3825 3460 composi-

2221 3486 2391 3542 tione.

2294 3578 2394 3636 Ρη.
2427 3577 2777 3650 Appositione
2797 3580 3114 3650 quomodo?
3134 3611 3202 3620 —
3221 3578 3390 3635 Suo.
3421 3577 3654 3646 Quando
3692 3579 3826 3634 foris

2223 3674 2520 3743 apponitur
2545 3673 2803 3737 dictioni;
2829 3681 2886 3728 et
2932 3675 3059 3739 hoc,
3084 3673 3306 3728 nomine
3332 3670 3417 3725 vel
3465 3673 3820 3743 pronomine;

2225 3778 2356 3818 casu
2391 3764 2705 3819 accusativo
2731 3763 2814 3819 vel
2845 3765 3105 3828 ablativo,
3136 3771 3196 3818 ut
3243 3780 3258 3817 :
3291 3764 3359 3817 ad
3387 3761 3647 3818 hominem
3663 3781 3680 3829 ;
3711 3766 3820 3828 vel,

2226 3853 2291 3907 ab
2315 3854 2525 3908 homine
2557 3869 2574 3907 :
2601 3855 2673 3908 ad
2693 3855 2868 3920 illum,
2892 3857 2957 3909 ab
2986 3855 3103 3909 illo.

2297 3944 2398 4000 Fs.
2415 3943 2699 4010 Quomodo
2715 3960 2815 4017 per
2833 3946 3286 4017 compositionem
3301 3947 3395 4000 ?—-
3411 3944 3578 4000 Saxo.
3600 3945 3829 4014 Quando

2227 4053 2351 4092 cum
2381 4036 2502 4092 aliis
2526 4038 2776 4108 partibus
2799 4036 3194 4111 [componitur]
3227 4037 3278 4090 in
3311 4053 3474 4090 unam
3511 4037 3825 4099 dictionem,

2229 4142 2290 4187 ut
2316 4132 2535 4187 nomine
2559 4128 2716 4204 [Ms.,
2749 4130 3003 4202 nomini],
3037 4145 3136 4200 per
3159 4145 3350 4184 omnes
3395 4145 3594 4184 casus:
3627 4140 3706 4192 ut,
3749 4132 3825 4183 in-

2231 4225 2438 4288 doctus,
2463 4222 2685 4289 indocti,
2699 4223 2929 4285 indocto,
2946 4222 3239 4284 indoctum,
3256 4221 3486 4282 indocte,
3505 4222 3571 4275 ab
3594 4221 3814 4274 indocto.

2229 4317 2544 4374 Pronomini
2570 4333 2678 4370 non
2703 4316 3068 4386 componitur.
3123 4315 3305 4370 Verbo
3334 4315 3697 4384 componitur,
3739 4321 3815 4376 ut,

2232 4410 2451 4474 induco,
2476 4405 2680 4479 expleo.
2705 4406 3002 4475 Participio
3033 4419 3132 4476 per
3164 4405 3557 4459 derivationem
3590 4404 3674 4459 vel
3703 4419 3824 4459 con-

531 4477 668 4544 Qma
698 4476 820 4530 ³1³³⁵
850 4484 999 4568 sum?
1049 4492 1171 4545 qua:
1213 4489 1429 4544 semper
1457 4483 1867 4568 "mmnumur’
1898 4485 1996 4529 m:
2045 4484 2121 4568 {ut
2157 4461 2207 4522 Β
2230 4499 2568 4568 sequentiam
2597 4496 3020 4566 compositorum
3061 4497 3372 4556 verborum,
3417 4503 3498 4558 ut,
3555 4495 3825 4558 inducens,

530 4579 635 4634 ast,
660 4578 772 4634 aut,
803 4584 885 4633 ac,
915 4566 1012 4632 vel,
1057 4584 1169 4632 nec,
1199 4583 1384 4638 neque,
1433 4568 1499 4632 si,
1538 4567 1684 4639 quia,
1715 4576 1995 4638 quatenus,
2021 4565 2127 4632 sin,

533 4679 650 4729 seu,
685 4663 812 4727 sive,
843 4662 897 4716 ni
930 4660 1122 4734 [nam].
1156 4660 1289 4714 Alite
1335 4669 1730 4731 supponuntur,
1762 4669 1857 4713 ut:
1895 4661 2127 4731 quidem,

531 4771 755 4827 quoque,
808 4765 1005 4808 autem.
1051 4753 1186 4808 Aliae
1237 4768 1374 4823 pene
1429 4768 1619 4808 omnes
1666 4753 2036 4809 indill‘ercnter
2075 4761 2133 4808 et

531 4849 773 4920 praeponi
803 4857 858 4904 ct
885 4863 1109 4920 supponi
1138 4856 1384 4916 possunt,
1419 4857 1517 4901 ut:
1553 4863 1692 4917 ergo,
1738 4846 1919 4916 igitur.
1971 4845 2129 4900 luve-

535 4943 759 4998 niuntur
795 4956 1014 5012 quoque
1042 4956 1183 5009 saepe
1217 4937 1630 5007 coniunctiones
1663 4940 1714 4993 in
1745 4939 1973 4994 aliarum
2004 4955 2133 4994 con-

530 5036 872 5109 iunctionum
903 5042 1228 5103 potestatem
1263 5033 1516 5098 transire,
1565 5041 1626 5087 ut
1658 5049 1670 5084 :
1716 5031 1795 5086 vel
1824 5031 2133 5086 distinctiva

537 5127 849 5197 coniunctio
878 5142 978 5197 pro
1007 5125 1314 5196 copulativa
1351 5127 1590 5194 ponitur,
1623 5133 1684 5178 ut
1709 5123 2018 5180 Terentius.
2046 5163 2090 5176 ..
2115 5163 2129 5176 .

552 5218 640 5272 Vel
669 5235 778 5283 rex,
823 5233 946 5288 pro,
999 5218 1160 5272 etiam
1213 5234 1323 5270 rex.
1373 5217 1725 5270 Inveniuntur
1768 5229 1984 5285 quoque
2018 5212 2136 5268 alia:

540 5316 722 5382 partes
769 5322 868 5378 pro
927 5308 1309 5378 coniunctione
1357 5307 1517 5376 poni;
1584 5306 1823 5369 nomina,
1874 5312 1974 5357 ut:
2030 5320 2134 5374 qua

541 5401 740 5456 causa?
758 5417 863 5473 qua
884 5401 1054 5471 gratia
1072 5401 1096 5454 ?
1113 5417 1270 5471 quam
1294 5401 1355 5453 ob
1379 5400 1527 5451 rem?
1553 5398 1806 5462 Verbum,
1834 5405 1919 5460 ut;
1943 5412 2133 5465 quam-

543 5497 640 5558 vis,
673 5502 726 5549 et
752 5493 869 5548 licet
897 5508 996 5563 pro
1028 5510 1327 5565 quanquam
1366 5492 1620 5562 Virgilius
1669 5489 1822 5561 (.En.
1856 5508 1932 5555 λι,
1965 5488 2090 5560 548)
2119 5503 2132 5541 :

615 5609 785 5660 Dirsm
810 5609 1058 5670 equidem,
1083 5608 1200 5658 licet
1223 5620 1361 5658 arma
1385 5607 1520 5668 milii,
1550 5615 1853 5668 mortemque
1896 5607 2132 5655 minetur.

621 5775 644 5800 ι
695 5759 859 5830 \'irg.,
902 5759 1079 5832 liclog.
1111 5775 1198 5826 ιιι,
1235 5759 1320 5810 77.

2229 4590 2463 4661 explens.
2492 4589 2762 4643 Adverbio
2794 4603 3009 4657 quoque
3036 4602 3130 4655 per
3179 4586 3626 4656 compositionem
3653 4584 3830 4657 iungi-

2231 4695 2341 4748 tur,
2367 4691 2450 4749 ut,
2479 4681 2716 4754 perinde,
2743 4683 2951 4745 abhinc,
2980 4682 3242 4750 deinceps.
3277 4681 3412 4735 Nam
3439 4689 3494 4734 et
3521 4679 3622 4753 [in]
3652 4680 3827 4750 seipsa

2231 4774 2389 4846 [Δίκη
2421 4776 2473 4828 in
2501 4771 2876 4844 semetipsam]
2921 4787 3018 4842 per
3066 4771 3516 4842 compositionem
3569 4772 3824 4836 nectitur,

2230 4878 2313 4933 ut,
2346 4868 2632 4937 imperitus
2654 4863 2806 4937 [.ils.,
2837 4861 3287 4935 imperterritus].
3328 4863 3473 4918 Loco
3510 4862 3672 4917 etiam
3703 4878 3828 4916 con-

2227 4959 2527 5029 iunctionis
2575 4958 2809 5013 causalis
2840 4954 3036 5029 [Edit.,
3068 4955 3324 5028 casualis]
3353 4955 3490 5011 solet
3525 4956 3717 5026 accipi.
3747 4965 3825 5022 ut,

2231 5068 2315 5122 per
2344 5050 2601 5105 desidiam
2621 5048 2839 5103 malitiae
2863 5056 3176 5113 nascuntur,
3197 5047 3251 5102 id
3271 5055 3376 5104 est.
3392 5061 3556 5102 causa
3574 5045 3821 5114 desidiae;

2234 5142 2490 5198 similiter
2515 5149 2727 5212 propter
2751 5146 2807 5194 et
2829 5138 2892 5194 ob
2917 5139 3044 5208 poni
3071 5143 3318 5208 possunt.

2305 5233 2405 5288 Fu.
2465 5230 2522 5288 Si
2567 5246 2804 5300 unquam
2860 5236 3243 5299 supponuntur
3286 5229 3824 5300 praepositiones?—

2236 5325 2400 5382 Ssxo.
2450 5323 2649 5387 Etiam,
2679 5322 2775 5376 sed
2805 5336 2951 5376 raro.
2997 5319 3065 5376 Et
3110 5321 3216 5375 hoc
3254 5319 3539 5389 euphonia:
3566 5335 3752 5384 causa,
3776 5319 3826 5375 id

2236 5425 2338 5480 est,
2369 5411 2568 5487 [boum]
2602 5412 2941 5475 sonoritatis,
2967 5418 3028 5465 ut
3058 5411 3111 5464 in
3140 5410 3573 5480 pronominibus,
3606 5425 3824 5474 mecum,

2236 5519 2425 5571 tecum,
2455 5522 2654 5570 secum,
2699 5504 2989 5566 nobiscum,
3043 5502 3327 5556 vobiscum.
3377 5501 3484 5556 Sed
3532 5511 3584 5556 et
3621 5501 3825 5572 poetica

2239 5599 2566 5655 auctoritate
2599 5599 2652 5653 in
2680 5597 2870 5651 metris
2898 5604 3229 5666 praepostere
3272 5594 3398 5664 poni
3443 5609 3535 5650 cas
3568 5593 3822 5663 invenies,

2313 5755 2338 5794 ι)
2386 5752 2726 5825 Virg.,£n.,
2766 5770 2815 5822 ι,
2847 5752 2898 5808 9.
