4106 6530
357 425 458 481 δίη

1488 421 1962 478 DIDASCALICA.
2001 454 2072 464 —-—
2110 423 2586 484 GRAMMATICA.

3528 426 3636 486 898

360 548 446 595 ut:
470 539 644 596 Mar-ia
667 540 842 595 omnia
865 542 1088 608 circum,
1113 549 1167 594 et
1190 537 1262 595 ibi
1288 534 1464 593 ﬁnalis
1491 533 1696 607 syllaba
1716 534 1947 600 acuitur,
1981 536 2027 596 Α
2057 551 2123 606 ge
2175 545 2228 593 te
2270 536 2406 611 [Al.,
2459 536 2821 610 succingere].
2848 568 2919 578 -—
2941 536 3105 594 Sno.
3147 537 3353 595 Dicam.
3380 538 3462 594 Ad
3476 539 3640 610 juxta

357 647 429 687 ne
459 645 654 687 nomen
681 638 922 701 putetur.

429 722 529 778 Fa.
588 722 801 779 Habent
849 721 1264 795 praepositiones
1305 729 1568 777 accentus
1613 735 1713 790 per
1763 718 1856 774 se?
1881 746 1952 758 -—

359 813 527 872 Suo.
564 816 774 871 Habent
813 823 1035 871 acutum
1088 806 1374 870 accentum
1412 814 1466 868 in
1511 813 1636 878 ﬁne,
1671 819 1781 867 tam
1810 810 1952 881 apud

356 909 602 975 Graecos,
628 924 790 979 quam
819 910 962 979 apud
1012 908 1268 973 Latinos;
1312 907 1403 977 qui
1434 913 1614 961 tamen
1646 904 1698 959 in
1730 918 1950 976 gravem

357 1015 575 1071 semper
617 1000 873 1064 vertitur,
917 999 1045 1070 quia
1093 997 1407 1069 praepositio
1459 997 1662 1067 ubique
1705 993 1952 1064 sequenti

356 1090 580 1148 dictioni
609 1106 704 1146 seu
734 1107 830 1162 per
859 1091 1274 1161 appositionem,
1307 1103 1403 1144 seu
1460 1104 1560 1160 per
1607 1085 1955 1157 compositio-

356 1199 481 1239 nem
509 1183 838 1248 adnectitur,
862 1191 918 1235 et
941 1182 1097 1252 quasi
1126 1197 1237 1234 una
1261 1195 1391 1252 pars
1418 1195 1542 1235 cum
1565 1195 1628 1234 ea
1649 1177 1948 1248 profertur.

354 1272 709 1331 Inveniuntur
761 1286 978 1344 quoque
1031 1271 1444 1343 praepositiones
1491 1270 1547 1326 in
1598 1268 1776 1324 media
1826 1268 1952 1340 poni

357 1362 618 1428 dictione,
646 1372 728 1430 ut,
759 1380 864 1436 qua
887 1364 954 1418 de
985 1379 1062 1428 re,
1085 1379 1242 1434 quam
1267 1361 1329 1416 ob
1361 1378 1494 1425 rem,
1531 1377 1635 1431 qua
1664 1361 1719 1414 in
1746 1368 1914 1429 parte.

432 1454 534 1509 Fu.
587 1454 672 1509 An
720 1469 917 1509 omnes
967 1452 1382 1525 prtt'positiones
1433 1448 1954 1519 componuntur?—

353 1545 523 1603 Suo.
557 1545 816 1612 Quaedam
848 1553 998 1610 sunt,
1025 1551 1085 1597 ut
1107 1558 1385 1613 nunquam
1418 1548 1840 1612 componantur,
1869 1546 1950 1603 ut,

351 1638 524 1710 apud,
549 1655 698 1708 erga,
723 1638 879 1704 citra,
904 1637 1068 1703 circa,
1090 1645 1262 1702 extra,
1283 1636 1446 1705 infra,
1469 1637 1653 1706 juxta,
1670 1649 1798 1704 pene
1819 1631 1950 1706 ML,

351 1725 536 1800 pone],
559 1743 740 1798 prope,
791 1727 1103 1791 secundum,
1136 1726 1299 1791 ultra,
1333 1741 1512 1796 supra,
1542 1724 1770 1778 circiter.
1798 1722 1955 1790 Qua:-

351 1820 479 1876 dam
505 1827 633 1874 sunt
660 1834 782 1888 qua:
811 1833 1090 1889 nunquam
1118 1826 1462 1889 separantur,
1494 1824 1573 1881 ut,
1600 1833 1716 1881 con,
1741 1815 1813 1877 di,
1846 1815 1949 1889 dis,

2056 628 2324 698 signiﬁcat
2357 630 2410 684 in
2448 630 2859 700 compositione,
2917 629 2999 684 vel
3050 630 3405 700 appositione,
3453 639 3532 689 ut.
3568 631 3640 685 ad

2055 737 2287 778 currum.
2317 720 2612 793 pro,juxta
2641 737 2894 785 currum;
2940 723 3008 775 ad
3054 721 3290 793 Trojam,
3322 736 3441 793 pro,
3483 723 3643 792 juxta

2055 810 2294 880 Trojam.
2344 809 2630 884 Signiﬁcat
2675 827 2890 883 quoque
2937 823 3156 878 contra;
3201 812 3272 866 ad
3317 811 3467 866 illum
3511 811 3644 867 mihi

2053 918 2230 974 pugna
2277 913 2378 968 est,
2424 905 2528 960 hoc
2553 911 2658 968 est,
2688 911 2879 959 contra
2925 902 3095 958 illum.
3149 900 3427 973 Accipitur
3453 911 3507 958 et
3541 915 3643 972 pro

2054 1012 2219 1066 usque
2245 1011 2262 1046 ξ
2292 997 2361 1051 ad
2389 997 2580 1052 bellum
2603 996 2900 1064 Persicum,
2929 998 3035 1054 hoc
3062 1004 3171 1063 cst,
3219 1013 3392 1067 usque
3415 998 3638 1053 bellum.

2057 1083 2136 1142 0b
2161 1096 2215 1143 et
2237 1104 2332 1158 pro
2363 1098 2416 1144 et
2444 1099 2628 1143 contra
2673 1098 2727 1143 et
2756 1089 2956 1152 circum
2995 1087 3292 1158 signiﬁcat;
3327 1096 3386 1142 ut
3422 1107 3433 1140 :
3463 1086 3640 1143 haud-

2055 1197 2323 1252 quaquam
2347 1181 2408 1236 ob
2456 1182 2719 1248 meritum,
2771 1183 2824 1236 id
2851 1190 2955 1248 est,
2981 1197 3083 1253 pro
3107 1183 3321 1238 merito.
3357 1179 3434 1237 οι
3460 1182 3640 1246 unius,

2057 1281 2239 1327 contra
2291 1274 2451 1327 unius
2493 1291 2510 1327 :
2538 1274 2835 1338 obambulo,
2875 1275 3306 1329 circumambulo.
3341 1274 3446 1330 Per
3481 1285 3646 1331 estet

2055 1362 2264 1429 localis,
2288 1371 2348 1419 ut
2381 1381 2394 1418 :
2426 1362 2534 1419 Per
2581 1366 2807 1420 medium
2850 1365 3046 1435 forum.
3093 1365 3189 1422 Est
3223 1375 3278 1422 et
3306 1365 3640 1440 temporalis,

2055 1461 2117 1506 ut
2147 1468 2161 1506 :
2199 1450 2302 1508 Per
2326 1453 2557 1510 medium
2576 1454 2736 1509 diem.
2765 1454 2863 1512 Est
2886 1455 3196 1524 etjurandi,
3227 1465 3285 1510 ut
3316 1475 3329 1511 :

2181 1586 2282 1636 Per
2303 1592 2372 1648 te,
2392 1601 2485 1649 per
2503 1591 2589 1649 qui
2607 1595 2659 1639 te
2685 1589 2834 1639 talem
2857 1601 3085 1651 genuere
3110 1597 3344 1654 parentes
3367 1593 3411 1640 ⁸.

2053 1685 2310 1742 Adverbii
2339 1704 2554 1758 quoque
2581 1689 2733 1744 ualde
2759 1692 2868 1746 vim
2895 1694 3106 1748 obtinet
3157 1691 3310 1766 [Ms.,
3347 1695 3637 1771 continet].

2057 1779 2376 1837 Terentius:
2405 1781 2675 1839 Perscitus
2688 1801 2840 1855 puer,
2867 1786 2921 1841 id
2941 1794 3044 1852 est,
3075 1787 3231 1843 valde
3252 1790 3439 1846 scitus.
3463 1790 3644 1848 Abne-

349 1925 428 1975 re,
453 1925 528 1976 se,
557 1926 630 1964 an
659 1872 810 1984 [λίς-κ,
842 1872 974 1980 cmi.
1004 1908 1140 1964 Alia:
1168 1872 1308 1980 pene
1335 1922 1527 1965 omnes
1553 1881 1949 1977 componuntur

2054 1872 2327 1942 gationem
2379 1889 2598 1945 quoque
2654 1877 2926 1949 signiﬁcat
2985 1881 3041 1936 in
3099 1883 3511 1954 compositione,
3558 1894 3641 1950 ut,

347 2011 406 2059 et
425 2013 771 2075 separantur.
805 2002 874 2059 Et
900 2003 1022 2058 alia:
1048 2009 1175 2058 sunt
1195 2017 1315 2072 qua:
1346 2002 1400 2056 in
1431 1998 1820 2071 compositione
1839 1996 1952 2053 col-

349 2096 600 2153 Iisionem
635 2097 918 2168 patiuntur
949 2113 981 2152 a
1007 2096 1366 2168 consequenti
1411 2094 1609 2161 vocali,
1635 2102 1715 2159 ut,
1763 2110 1948 2164 coago,

351 2206 606 2260 coargue,
629 2198 833 2255 coarto,
865 2206 1098 2261 eoaque.
1130 2189 1265 2245 Alia:
1297 2197 1424 2244 sunt
1470 2203 1590 2259 qum
1642 2203 1948 2244 consonan-

353 2287 463 2335 tem
487 2280 520 2334 ά
544 2294 645 2351 pro
674 2282 925 2351 sequenti
941 2280 1116 2337 vocali
1140 2289 1445 2343 assumunt,
1466 2288 1698 2346 ut,emo,
1726 2279 1947 2343 redimo;

358 2387 476 2440 ego,
511 2371 723 2443 redigo;
753 2371 965 2444 prodes,
1000 2373 1230 2442 prodest.
1256 2370 1512 2439 Quasdam
1542 2385 1831 2442 syncopam
1855 2383 1951 2438 pa-

351 2463 586 2529 tiuntur,
617 2471 700 2530 ut,
729 2480 893 2535 supra
913 2479 1014 2536 pro
1035 2479 1254 2536 supera,
1284 2472 1435 2518 extra
1455 2479 1556 2536 pro
1572 2469 1784 2527 extera,
1805 2461 1892 2532 inf
1890 2477 1949 2515 ra

351 2572 453 2628 pro
482 2559 678 2615 infera.
706 2557 813 2615 Sed
857 2570 914 2614 et
950 2558 1183 2616 diversis
1214 2561 1389 2616 modis
1432 2559 1846 2632 pmpositiones
1895 2558 1950 2612 in

347 2651 841 2722 compositionibus
870 2651 1009 2706 alias
1042 2657 1230 2722 partes
1275 2659 1656 2722 corrumpunt,
1713 2658 1770 2704 et
1818 2650 1951 2720 ipsa:

345 2748 798 2812 corrumpuntur,
825 2741 972 2812 quod
993 2743 1191 2813 saepius
1216 2754 1324 2798 est.
1365 2756 1532 2812 quam
1573 2742 1838 2814 exemplis
1868 2743 1950 2796 in—

352 2831 557 2901 digeat.

418 2922 518 2978 Fu.
555 2923 862 2981 Possuntne
883 2928 1296 2998 prazpositiones
1322 2928 1378 2983 in
1406 2928 1545 2985 alias
1567 2929 1802 2985 transire
1825 2944 1949 3000 par-

349 3019 463 3074 tes?
492 3049 564 3058 —
593 3017 762 3074 Saxo.
796 3018 1054 3076 Possunt.

417 3109 515 3164 Fu.
548 3109 625 3164 Da
655 3111 924 3183 exempla.
951 3144 1023 3154 —-
1051 3112 1218 3171 Suo.
1270 3114 1418 3181 Post,
1479 3116 1800 3189 praepositio
1838 3125 1944 3171 est.

348 3199 608 3274 Virgilius
631 3199 844 3276 (Georg.
879 3221 962 3270 tu,
992 3205 1120 3280 215)
1154 3225 1169 3262 :

536 3310 653 3363 Post
675 3322 895 3366 montem
914 3318 1192 3379 oppositum
1217 3333 1231 3380 ;

343 3395 541 3449 transit
575 3395 628 3450 in
657 3397 994 3456 adverbium.
1017 3399 1166 3464 idem
1201 3399 1358 3474 (/En.
1391 3418 1430 3469 ι,
1462 3402 1626 3476 MO):

474 3506 594 3559 Post
617 3510 734 3558 mihi
759 3523 853 3560 non
877 3511 1024 3562 simili
1049 3526 1194 3575 paena
1225 3517 1481 3565 commissa
1500 3515 1668 3568 luetis.

342 3610 480 3666 Ante
520 3616 849 3683 prmpositio.
885 3616 1034 3688 Virg.
1060 3615 1272 3690 (Georg.
1305 3637 1347 3686 ι,
1383 3619 1510 3692 125)
1539 3640 1552 3676 :

471 3724 604 3776 Ante
629 3726 801 3779 Jovem
826 3729 946 3779 nulli
968 3732 1264 3795 subigebant
1283 3747 1398 3784 arva
1417 3733 1605 3798 coloni;

345 3827 546 3882 transit
581 3828 634 3881 in
667 3827 982 3885 adverbium
1017 3847 1030 3886 :

469 3940 619 4001 Ante,
648 3948 701 3990 et
730 3941 980 3993 Trinacria
1007 3947 1272 3997 tentandus
1297 3960 1467 4000 remus
1489 3951 1538 4000 in
1572 3951 1721 4002 unda.

348 4017 442 4075 Sic
469 4037 651 4094 supra,
678 4035 880 4090 contra,
913 4043 1094 4098 prope,
1121 4038 1409 4089 transeunt
1437 4033 1490 4088 in
1521 4035 1801 4091 adverbia.

423 4111 522 4166 Fu.
564 4111 622 4168 Si
653 4114 775 4170 alias
807 4122 992 4186 partes
1022 4118 1076 4171 in
1121 4123 1534 4191 praepositiones
1562 4125 1797 4181 transire
1823 4141 1950 4196 pos-

349 4202 753 4259 suntP-Suo.
775 4203 1027 4263 Possunt.
1053 4208 1189 4265 Nam
1215 4213 1472 4268 adverbia
1499 4228 1642 4289 sape
1663 4223 1949 4272 transeunt

346 4292 402 4347 in
448 4295 884 4365 praepositiones,
936 4307 998 4353 ut
1039 4318 1052 4354 :
1104 4303 1274 4373 pridie
1301 4302 1596 4360 Kalendas.
1629 4305 1812 4362 Pridie
1842 4309 1947 4364 hoc

344 4384 464 4440 loco
507 4387 824 4458 prmpositio
865 4399 966 4444 est.
1029 4389 1338 4448 Subtracta:
1374 4411 1594 4467 quoque
1632 4399 1945 4455 nominibus

344 4475 672 4545 quibusdam
705 4477 826 4535 loco
851 4480 1235 4538 adverbiorum
1265 4485 1473 4541 faciunt
1494 4489 1712 4544 nomina
1741 4490 1940 4561 accipi,

344 4575 428 4675 ut,
449 4567 606 4623 domo
629 4571 798 4638 venio,
829 4587 947 4643 pro,
980 4589 1011 4628 a
1037 4574 1219 4631 domo.
1249 4575 1317 4631 Et
1346 4595 1358 4632 :
1387 4579 1600 4636 domum
1623 4597 1704 4649 eo,
1728 4596 1846 4653 pro,
1871 4584 1941 4640 ad
1968 4613 2020 4675 Β

345 4658 588 4716 domum.

414 4751 515 4808 Fu.
559 4752 835 4828 Separata:
874 4761 1285 4832 prtepositiones
1313 4765 1511 4834 quibus
1554 4767 1773 4826 casibus
1821 4769 1943 4833 iun-

343 4846 582 4918 guntur?
599 4878 670 4888 —
699 4848 866 4905 Suo.
890 4852 1219 4910 Accusativo
1241 4868 1295 4909 et
1315 4856 1568 4914 ablativo.

413 4938 584 5011 293
617 4939 720 5027 Fu.
757 4940 1069 5000 Accusativi
1100 4949 1516 5028 praepositiones
1542 4967 1664 5022 qum
1702 4955 1944 5010 sunt?—

343 5026 512 5086 Ssxo.
541 5026 921 5105 monosyllaba;
949 5036 1072 5092 bas:
1101 5026 1201 5103 Ltd,
1231 5040 1317 5107 ob,
1341 5058 1456 5112 per,
1483 5055 1622 5115 post,
1654 5048 1749 5110 cis,
1768 5058 1940 5105 trans.

344 5119 666 5191 llissyllabae
697 5141 709 5178 :
734 5125 911 5196 Apud,
935 5139 1076 5195 ante,
1110 5131 1264 5198 citra,
1292 5133 1458 5198 circa,
1490 5151 1634 5205 erga,
1663 5147 1833 5203 extra,
1856 5140 1940 5194 in-

341 5219 446 5277 ter,
475 5210 640 5280 intra,
654 5212 839 5284 juxta,
861 5233 1042 5289 prope,
1065 5235 1222 5290 pone,
1269 5231 1483 5292 prceter,
1513 5236 1746 5296 propter,
1779 5228 1941 5296 ultra,

344 5317 530 5373 usque,
556 5320 731 5374 penes.
763 5304 1111 5380 Trissyllabae
1136 5329 1148 5366 :
1182 5312 1410 5381 circiter,
1434 5316 1734 5383 adversum,
1759 5335 1946 5376 secun-

343 5394 495 5450 dum.

414 5485 517 5542 Fu.
553 5487 692 5546 Num
715 5491 941 5563 singula:
971 5505 1151 5553 certas
1171 5497 1373 5553 habent
1408 5497 1837 5568 signiﬁcations
1850 5504 1946 5557 ?—-

346 5573 514 5634 Suo.
548 5579 662 5635 Non
691 5593 890 5649 certas,
917 5586 1012 5642 sed
1039 5587 1304 5644 diversas.
1352 5590 1458 5644 Sed
1490 5591 1706 5664 longum
1734 5604 1816 5654 est
1851 5612 1946 5650 ea-

345 5687 467 5728 rnm
498 5674 924 5744 signiﬁcationes
944 5681 1254 5750 explanare.

417 5765 515 5821 Fn.
556 5766 656 5823 Dic
680 5779 881 5839 tamen,
913 5781 970 5828 et
989 5785 1191 5844 quanta
1218 5779 1480 5836 brevitate
1503 5782 1698 5851 possis,
1729 5779 1943 5839 succin-

416 5891 443 5918 ι
480 5876 645 5951 Virg,
687 5879 813 5939 Ain.
848 5898 900 5947 χ,
929 5883 1049 5939 597.

2054 1963 2310 2034 perﬁdus.
2366 1964 2497 2021 Post
2557 1969 2902 2038 componitur
2964 1979 3020 2026 et
3074 1982 3393 2043 separatur,
3455 1983 3511 2030 et
3563 1975 3644 2032 lo-

2053 2070 2176 2109 cum
2228 2056 2518 2128 signiﬁcat.
2571 2056 2828 2130 Virgilius
2881 2057 3094 2133 (Georg.
3146 2079 3230 2129 in,
3271 2064 3398 2134 213)
3453 2085 3465 2120 :
3515 2066 3644 2124 Post

2001 2194 2007 2201 .
2051 2156 2280 2201 montem
2336 2149 2650 2218 oppositum.
2703 2148 2984 2220 Signiﬁcat
3021 2163 3078 2209 et
3125 2161 3359 2226 tempus,
3400 2168 3482 2225 ut,
3525 2168 3645 2232 post

2049 2237 2276 2293 multum
2351 2248 2575 2311 tentpus.
2645 2240 2736 2296 Cis
2787 2242 3016 2299 localem
3077 2247 3240 2303 habet
3291 2248 3646 2320 signiﬁcatio-

2050 2347 2196 2398 nem,
2251 2341 2332 2399 ut,
2383 2334 2456 2389 cis
2491 2334 2739 2406 Alpinum
2767 2333 3020 2392 Galliam.
3069 2338 3136 2394 Et
3172 2355 3274 2410 pro
3323 2341 3467 2398 ultre
3491 2343 3641 2400 acci-

2050 2424 2217 2495 pitur,
2250 2435 2332 2492 ut,
2359 2427 2434 2481 cis
2460 2426 2739 2496 deﬁnitum
2767 2437 2992 2501 tempus,
3019 2431 3123 2486 hoc
3156 2441 3259 2497 est,
3285 2433 3449 2489 ultra.
3480 2435 3551 2491 Et
3573 2451 3644 2492 ex

2050 2531 2136 2582 eo,
2161 2519 2319 2573 citra.
2345 2517 2515 2573 Trans
2535 2521 2884 2589 componitur
2909 2532 2963 2577 ct
2987 2535 3294 2595 separatur,
3319 2534 3399 2592 ut,
3415 2526 3644 2598 transfe-

2052 2627 2135 2677 ro,
2157 2621 2215 2668 et
2248 2621 2395 2668 trans
2428 2609 2657 2668 Padum.
2689 2614 2757 2669 Et
2786 2615 2840 2670 in
2865 2619 3256 2688 compositione
3297 2635 3440 2692 saepe
3471 2638 3506 2676 n
3531 2630 3588 2677 et
3615 2639 3643 2678 s

2051 2703 2278 2768 amittit,
2307 2710 2387 2768 ut,
2419 2705 2662 2768 traduco,
2688 2707 2859 2770 trado,
2889 2719 3063 2764 trano.
3090 2709 3157 2764 Et
3183 2726 3286 2781 pro
3307 2728 3463 2784 super
3489 2713 3646 2782 poni-

2052 2802 2176 2862 tur;
2204 2803 2282 2860 ut,
2305 2808 2684 2867 transgressus,
2711 2799 2765 2852 id
2791 2808 2894 2863 est,
2924 2815 3326 2874 supergressus.
3380 2805 3533 2875 Apud
3565 2804 3646 2861 io-

2052 2903 2176 2945 cum
2201 2887 2490 2958 signiﬁcat,
2518 2898 2599 2954 ut,
2626 2890 2784 2959 apud-
2810 2891 3180 2948 Numantiam.
3207 2894 3343 2952 Ante
3387 2896 3563 2952 locum
3589 2905 3650 2954 et

2052 2987 2269 3050 tempus
2297 2979 2590 3048 signiﬁcat,
2622 2989 2701 3046 ut,
2734 2991 2857 3035 ante
2866 2982 3117 3053 januam,
3147 2994 3268 3043 ante
3293 3002 3513 3044 annum.
3543 2988 3647 3045 De-

2051 3071 2303 3128 rivantur
2329 3087 2395 3128 ex
2431 3087 2497 3128 eo
2526 3073 2794 3144 antiquus,
2824 3075 3179 3146 antiquarius,
3212 3078 3448 3134 nomina.
3495 3075 3647 3133 Citra

2050 3181 2190 3237 pene
2219 3165 2468 3224 eamdem
2497 3164 2950 3236 signiﬁcationem
3003 3167 3168 3223 habet
3195 3184 3358 3238 quam
3411 3171 3512 3228 cis.
3538 3171 3646 3227 nisi

1974 3243 2020 3305 C
2055 3259 2198 3328 quod
2229 3258 2466 3329 propriis
2493 3258 2803 3314 nominibus
2849 3260 2948 3326 cis,
2997 3268 3053 3316 et
3095 3261 3433 3332 appellativis
3486 3263 3646 3328 citra,

2054 3351 2251 3421 sacpius
2274 3351 2514 3423 praeponi
2555 3351 2727 3407 solet:
2755 3351 2829 3407 cis
2867 3351 3137 3419 Rhenum;
3182 3355 3257 3408 cis
3284 3352 3441 3425 Alpes
3468 3368 3485 3405 :
3510 3354 3647 3409 citra

2052 3441 2248 3511 forum.
2275 3442 2342 3496 Et
2374 3457 2406 3496 a
2437 3442 2532 3509 cis,
2562 3442 2700 3498 citra
2728 3442 3034 3510 derivatur;
3081 3461 3112 3499 a
3137 3445 3294 3511 citra,
3325 3446 3486 3513 citer,
3511 3447 3647 3503 cite-

2051 3537 2188 3601 rior,
2218 3536 2534 3592 citissinius.
2571 3536 2746 3602 Circa,
2796 3536 2901 3593 loci
2945 3546 3002 3594 et
3051 3537 3331 3608 temporis,
3361 3554 3461 3608 pro
3480 3537 3638 3608 juxta

2050 3625 2270 3696 ponitur
2297 3625 2450 3698 μη,
2489 3626 2726 3699 positum
2757 3628 3073 3701 invenitur],
3107 3637 3165 3682 ut
3193 3631 3334 3683 circa
3364 3629 3645 3702 templum,

2052 3725 2110 3771 et
2137 3719 2279 3772 circa
2302 3719 2481 3788 uiginti
2504 3735 2692 3774 annos.
2717 3717 2927 3774 Circum
2949 3721 3290 3792 componitur
3313 3730 3370 3776 et
3412 3723 3640 3794 apponi-

2053 3815 2167 3875 tur,
2196 3816 2274 3875 ut,
2299 3808 2632 3879 circumfero,
2663 3812 2862 3865 circum
2889 3829 3056 3868 mare.
3090 3809 3314 3868 Circiter
3341 3815 3408 3870 ad
3435 3822 3650 3887 tempus

2049 3899 2224 3956 solum
2248 3901 2500 3970 pertinet,
2534 3909 2614 3969 ut,
2641 3903 2847 3957 circiter
2870 3901 3144 3959 Kalendas
3163 3902 3478 3961 Ianuarias.
3498 3906 3648 3978 Erga

2048 4004 2156 4044 non
2179 3992 2539 4061 componitur,
2561 4001 2616 4047 et
2638 3993 2894 4049 allectum
2938 3996 3235 4068 signiﬁcat,
3270 4005 3349 4064 ut,
3380 3998 3544 4052 bonus
3567 4009 3648 4053 est

2047 4096 2173 4152 erga
2220 4083 2560 4153 propinquos.
2591 4083 2791 4140 Contra
2841 4097 3128 4158 separatur
3167 4097 3223 4142 et
3253 4090 3598 4160 componitur
3628 4110 3643 4145 :

2049 4181 2232 4227 contra
2261 4172 2601 4242 adulterium,
2631 4184 2685 4232 et
2737 4178 3061 4234 contradico.
3104 4179 3278 4234 Extra
3332 4183 3644 4252 apponitur,

2047 4269 2130 4329 ut,
2157 4273 2306 4320 extra
2329 4281 2428 4320 me.
2461 4264 2632 4333 Inter,
2655 4277 2969 4339 utrumque,
3003 4279 3088 4335 ut,
3118 4271 3259 4326 inter
3299 4274 3523 4340 amicos,
3565 4273 3647 4329 in-

2046 4352 2342 4421 tervallum,
2376 4356 2653 4428 interpres,
2703 4357 2854 4427 cujus
2882 4359 3112 4431 simplex
3165 4361 3220 4417 in
3270 4377 3372 4419 usu
3400 4379 3509 4423 non
3535 4373 3640 4422 est.

2045 4443 2114 4498 Et
2135 4445 2205 4502 ab
2231 4447 2287 4500 in
2311 4447 2453 4501 inter
2472 4456 2528 4502 et
2553 4451 2694 4504 intra
2729 4459 3053 4515 nascuntur;
3085 4469 3115 4506 a
3143 4453 3240 4510 sub
3263 4456 3472 4522 subter,
3495 4470 3524 4511 a
3544 4473 3642 4528 pro

2046 4545 2288 4608 propter,
2313 4554 2342 4592 a
2371 4540 2446 4594 cis
2473 4541 2634 4609 citra,
2654 4544 2720 4598 ab
2741 4561 2807 4600 ex
2823 4554 3007 4612 extra,
3030 4562 3060 4600 a
3083 4563 3192 4618 pra:
3226 4558 3443 4618 praeter.
3474 4550 3646 4605 Juxta

2045 4646 2146 4703 pro
2163 4651 2322 4705 prope
2343 4635 2584 4705 ponitur,
2617 4644 2696 4702 ut,
2719 4637 2883 4706 juxta
2909 4646 2981 4704 te,
3026 4639 3081 4694 id
3123 4649 3230 4704 est,
3255 4650 3423 4710 prope
3446 4650 3520 4696 te.
3550 4639 3648 4698 Se-

2044 4728 2276 4781 cundum
2301 4728 2434 4784 duas
2464 4730 2627 4784 habet
2654 4724 3080 4802 signiﬁcationes
3105 4753 3118 4787 :
3146 4734 3548 4802 proximitatem
3587 4744 3644 4792 et

2042 4818 2445 4874 aemulationem
2493 4822 2830 4876 :secundum
2866 4840 2987 4878 eum
3035 4827 3207 4888 sedeo,
3253 4838 3308 4880 et
3354 4827 3644 4884 secundum

2043 4923 2214 4962 mores
2243 4908 2359 4979 ejus
2403 4911 2535 4965 vivo.
2589 4911 2716 4968 Ιίωο
2744 4913 2811 4968 de
2833 4917 3308 4985 praepositionibus
3346 4922 3641 4978 accusativi

2045 5014 2228 5069 casus,
2264 5017 2384 5073 quze
2413 5002 2742 5062 diﬁiciliores
2787 5006 3134 5071 videbantur,
3187 5008 3331 5066 dicta
3372 5013 3468 5068 tibi
3495 5013 3643 5069 suni-

2045 5095 2212 5148 ciant.

2117 5203 2216 5259 Fu.
2258 5204 2564 5263 Sullicinnt.
2598 5208 2704 5267 Sed
2732 5213 2799 5269 ad
2843 5214 3140 5271 ablativum
3180 5225 3234 5274 te
3259 5225 3427 5275 totum
3459 5217 3644 5276 l‘cr.--

2048 5294 2214 5352 δυο.
2244 5298 2480 5355 Ablativi
2509 5305 2924 5374 praepositiones
2947 5311 3335 5383 monosyllaba:
3359 5313 3443 5369 hac
3469 5326 3596 5371 sunt
3622 5335 3636 5371 :

2045 5388 2113 5454 Α,
2139 5388 2224 5454 ab,
2250 5389 2364 5456 abs,
2397 5408 2444 5457 e,
2468 5409 2553 5458 ex,
2585 5395 2671 5460 de,
2693 5413 2812 5466 pro,
2833 5414 2964 5469 pra,
2986 5416 3125 5455 cum.

2117 5501 2216 5556 Fu.
2260 5503 2439 5571 Quare
2487 5523 2594 5562 non
2651 5509 2929 5578 addidisti,
2989 5514 3453 5574 clamI—Saxo.
3506 5519 3642 5586 Quia

2047 5595 2223 5666 magis
2250 5599 2569 5655 adverbium
2601 5613 2704 5665 est,
2731 5606 3049 5673 qualitatem
3073 5609 3409 5679 signiﬁcans,
3441 5611 3540 5684 [et]
3563 5615 3645 5668 tli-

2049 5687 2314 5742 minuitur
2330 5703 2519 5746 contra
2546 5698 2988 5766 pra'positionum
3011 5710 3296 5769 naturam;
3319 5701 3476 5768 clam,
3497 5704 3644 5759 clan-

2049 5783 2245 5838 culum.
2275 5786 2341 5840 Et
2366 5788 2483 5843 sine
2512 5805 2641 5846 casu
2675 5794 2908 5864 proferri
2949 5806 3154 5866 potest,
3199 5808 3278 5868 ut,
3307 5801 3442 5857 bona
3467 5814 3644 5876 aperte

2055 5897 2202 5961 facit,
2237 5902 2375 5953 mala
2403 5900 2560 5958 clam.
