4106 6492
523 351 622 410 899

1368 344 1429 399 Β.
1470 342 1534 399 F.
1572 334 1799 396 ALBINI
1837 332 1973 393 εει)
2008 324 2286 386 Αιειξικι
2321 322 2606 381 OPEltUM
2640 321 2822 378 PARS
2862 318 2963 375 VII.

3688 311 3796 366 900

594 470 697 524 Fs.
734 467 978 537 Sequere
999 462 1491 521 caeteras—Sno.
1518 453 1835 517 Dissrllaha:
1860 470 1874 507 :
1903 464 2103 510 ceram,
2132 445 2182 506 Λ
2209 449 2265 495 ει
2306 440 2501 510 absque
2524 438 2773 510 negativa
2801 442 2950 497 sunt,
2993 442 3073 498 ut,
3101 431 3214 486 sine
3240 427 3472 495 homine,
3499 435 3577 493 et,
3606 426 3803 496 absque

516 564 716 637 palam,
743 560 878 626 sine,
899 558 1112 632 absque,
1141 569 1314 613 tenus.

587 651 691 712 Fn.
724 649 1029 709 Potestates
1051 648 1386 722 singularum
1435 658 1663 714 expone.
1690 635 1957 692 -ι-οδιιιο.
1989 632 2033 689 Α
2057 640 2113 687 ει

520 750 586 806 ab
623 757 680 807 et
721 748 813 803 abs
851 753 909 802 et
930 761 957 800 e
985 751 1039 799 et
1061 758 1126 798 ea:
1150 740 1395 796 eamdem
1424 736 1538 792 fere
1565 726 1977 803 signiﬁcationis
2000 724 2113 779 vim

519 844 743 899 habent.
771 838 909 896 Nam
936 845 994 892 et
1038 835 1262 899 locales,
1296 839 1351 886 et
1376 825 1728 898 temporales,
1758 832 1814 879 et
1840 815 2114 875 ordinalcs

520 934 773 991 similiter
802 929 1171 992 inveniuntur,
1198 932 1280 991 ut,
1314 930 1391 977 est
1420 937 1453 975 α
1489 914 1667 982 deme,
1716 930 1749 970 α
1794 911 1897 975 die,
1952 923 1987 963 a
2022 916 2113 970 te;

523 1029 605 1085 sic
631 1034 689 1083 et
709 1033 926 1081 caetera.
960 1021 1069 1077 Sed
1091 1036 1123 1074 ιι
1148 1027 1202 1077 ει
1221 1034 1250 1073 e
1281 1016 1480 1087 sapius
1524 1004 1950 1068 consonantibus
1977 1014 2117 1074 prm-

519 1127 820 1192 ponuntur,
865 1123 947 1181 ut,
999 1129 1031 1168 α
1072 1107 1287 1182 templo,
1320 1124 1347 1162 e
1378 1102 1624 1160 culmine.
1658 1098 1779 1155 Alia
1823 1104 2115 1163 utrumque

524 1219 580 1267 et
603 1208 880 1266 vocalibus
898 1213 954 1261 et
974 1200 1420 1264 consonantibus,
1450 1194 1787 1267 oppositione
1815 1197 1872 1244 et
1897 1200 2117 1256 compo-

526 1586 761 1649 asporto.
799 1573 886 1629 E1:
927 1583 1142 1643 quoque
1179 1582 1281 1640 pro
1333 1573 1481 1620 extra
1532 1558 1662 1632 poni
1723 1554 2015 1617 invenitur,
2036 1556 2117 1614 ut,

526 1646 770 1732 excludo,
818 1681 920 1739 pro
966 1660 1284 1719 extracludo
1314 1677 1327 1712 :
1362 1652 1556 1719 Exsul,
1585 1650 1663 1724 [id
1688 1646 1816 1719 est],
1843 1652 2001 1700 extra
2026 1656 2119 1697 so-

527 1766 661 1820 lum.
694 1734 852 1817 Modo
877 1771 979 1829 pro
996 1752 1147 1809 ualde
1167 1744 1494 1823 [adverbio],
1526 1752 1606 1807 ut,
1644 1738 1899 1800 excelsus,
1932 1734 1984 1789 id
2011 1738 2114 1797 εει,

527 1853 685 1911 valde
708 1823 907 1908 celsus:
937 1847 1097 1904 Modo
1114 1842 1439 1916 privativum
1467 1845 1553 1892 est
1575 1833 1661 1890 vel
1684 1828 2011 1889 inteusivum
2030 1823 2115 1879 vel

526 1946 910 2020 perfectivum,
933 1948 1013 2005 ut,
1035 1936 1287 2007 εει-πεῖρε,
1310 1930 1551 1994 extendo,
1578 1925 1783 1998 expleo.
1820 1921 1865 1977 E
1893 1922 1947 1977 in
1969 1934 2118 1975 com-

527 2018 799 2114 positione
823 2031 1151 2106 privativum
1176 2032 1262 2081 est
1286 2023 1371 2078 vel
1394 2019 1723 2077 intcnsivum
1750 2021 1807 2069 et
1832 2027 1932 2083 pro
1966 2018 2119 2065 extra

529 2102 917 2202 accipitur,nt,
947 2120 1135 2179 enodes
1156 2116 1353 2181 trunci,
1381 2128 1594 2175 enarra,
1617 2108 1805 2164 educo.
1832 2102 2119 2158 Derivatur

527 2228 600 2282 ab
615 2192 729 2289 abs,
748 2222 971 2289 absque.
1003 2214 1139 2269 Nam
1167 2228 1286 2284 que,
1308 2207 1526 2280 quando
1543 2201 1711 2275 299
1730 2200 1839 2254 vim
1863 2206 1918 2253 et
1950 2192 2119 2265 signi-

529 2316 842 2374 ﬁcationem
871 2304 1268 2377 coniunctionis
1297 2316 1404 2356 non
1428 2297 1613 2361 habet,
1643 2291 1848 2365 syllaba
1876 2295 1981 2351 est,
2012 2300 2121 2340 non

530 2423 659 2481 pars
681 2403 966 2467 orationis,
994 2385 1266 2470 quomodo
1288 2392 1341 2447 in
1370 2391 1579 2460 ubique,
1600 2384 1852 2453 undique,
1877 2380 2118 2449 denique,

529 2475 727 2574 itaque,
757 2498 959 2568 utique,
986 2502 1218 2561 uterque,
1252 2486 1576 2558 plerumque,
1608 2486 1663 2533 et
1692 2475 1812 2531 ideo
1840 2480 2120 2527 accentum

531 2565 640 2652 non
662 2565 898 2650 mutant.
932 2585 1008 2641 De
1030 2584 1205 2657 prima
1252 2577 1457 2651 syllaba
1503 2571 1708 2628 additio
1737 2565 1994 2639 syllabica
2015 2570 2121 2625 est,

531 2702 642 2745 non
662 2680 992 2753 conjunctio,
1016 2648 1077 2731 ut
1120 2675 1172 2729 in
1201 2648 1523 2743 pronomine
1545 2680 1603 2719 ce
1629 2669 1686 2717 ει
1713 2668 1837 2725 met,
1864 2664 1918 2712 et
1944 2664 2011 2711 te.
2044 2648 2123 2708 De

532 2744 948 2834 memorativum
977 2775 1085 2831 est,
1110 2772 1165 2818 et
1194 2758 1547 2821 intensivum,
1574 2761 1629 2808 et
1656 2748 1986 2822 privativum
2012 2757 2027 2799 :
2058 2744 2125 2797 de

532 2868 762 2929 homine,
788 2860 1027 2922 detraho,
1079 2856 1283 2910 desum.
1321 2849 1429 2904 Pro
1453 2849 1506 2903 in
1534 2842 1873 2916 appositioue
1901 2842 1958 2893 ει
1981 2850 2126 2892 com-

532 2957 801 3031 positione
826 2951 1014 3009 loculis
1040 2945 1173 3021 [est]
1194 2955 1251 2999 et
1279 2936 1592 3011 temporalis
1616 2954 1629 2988 :
1652 2950 1745 3006 pro
1767 2929 1981 3002 templo,
2005 2942 2127 2989 pre—

531 3018 699 3103 ;videe.
734 3045 799 3100 Et
825 3043 943 3100 loco
970 3058 998 3095 ε
1020 3018 1079 3095 et
1094 3018 1273 3107 super,
1295 3033 1382 3087 vel
1407 3037 1550 3095 ante,
1582 3025 1664 3083 vel
1694 3023 1764 3078 ad
1789 3021 1872 3078 vel
1900 3021 1955 3075 in
1984 3018 2129 3075 acci-

534 3142 680 3212 pitur
716 3157 728 3193 :
763 3135 1054 3195 Prominet,
1084 3129 1207 3203 [pro
1232 3125 1453 3188 eminet,
1476 3120 1561 3175 vel
1588 3116 1714 3190 pro]
1736 3110 2120 3184 supereminet.

539 3234 646 3289 Pro
672 3232 820 3288 curia
862 3229 1016 3299 signa
1060 3202 1215 3280 sociis
1260 3215 1409 3281 dare,
1459 3213 1515 3269 id
1555 3221 1661 3277 est,
1712 3216 1837 3264 ante
1891 3202 2120 3261 curiam.

542 3324 727 3397 Virgil.
750 3319 844 3396 (1E
850 3336 904 3375 η.
927 3335 981 3384 v,
999 3314 1161 3386 500):

805 3433 928 3485 Tum
947 3431 1117 3482 validis
1140 3429 1296 3478 ﬂexos
1312 3426 1566 3475 incurvant
1590 3417 1775 3469 viribus
1798 3423 1942 3465 arens

807 3494 904 3548 Pro
925 3508 983 3545 se
1005 3495 1218 3556 quisque
1240 3490 1352 3549 viri,

540 3608 597 3663 id
614 3614 721 3670 est,
746 3602 814 3659 ad
840 3615 969 3657 suas
987 3599 1153 3655 vires.
1179 3594 1289 3650 Pro
1318 3588 1636 3652 testimonio,
1679 3584 1733 3641 id
1760 3590 1863 3648 est,
1896 3580 1950 3636 in
1974 3576 2128 3633 testi-

542 3667 803 3757 monium.
836 3694 902 3750 Et
929 3707 1028 3764 pro
1056 3686 1427 3757 interjcctionc
1452 3679 1740 3749 accipitur,
1765 3680 1847 3739 ut,
1876 3667 2006 3744 proh
2032 3669 2129 3722 do-

538 3790 647 3858 lor,
669 3796 729 3845 et
748 3760 1213 3844 circumﬂectitur.
1244 3773 1367 3831 Prw
1397 3774 1449 3827 in
1496 3767 1835 3841 appositione
1858 3760 1946 3818 vel
1974 3775 2128 3817 com—

540 3851 813 3957 positione
839 3875 1134 3937 invenitur,
1159 3878 1235 3934 ct,
1260 3866 1329 3921 ad
1352 3863 1435 3920 vel
1454 3864 1519 3917 ob
1545 3860 1624 3915 vel
1660 3875 1837 3929 super,
1867 3853 1954 3909 vel
1977 3851 2129 3909 ualde

545 3944 629 4030 vel
656 3983 776 4027 ante
796 3966 1083 4041 signiﬁcat.
1116 3961 1335 4018 Terent.
1376 3975 1389 4012 :
1415 3949 1713 4023 Contempsi
1743 3948 1894 4001 illum
1918 3944 2003 4000 hic
2016 3959 2130 4015 pra:

546 4080 648 4128 me,
668 4063 774 4117 hoc
794 4067 900 4123 εει,
927 4055 995 4111 ad
1017 4048 1477 4122 comparationem
1503 4041 1629 4097 mei.
1661 4039 1793 4094 item
1823 4034 1921 4105 :ftt
1938 4035 2132 4089 misera

544 4122 656 4227 pne
682 4122 893 4213 amere,
910 4148 963 4201 id
993 4152 1097 4209 εει,
1120 4142 1191 4198 ob
1210 4151 1474 4195 amorem.
1502 4131 1769 4187 Prwsidee
1806 4126 1889 4200 [id
1914 4122 2024 4198 εει]
2042 4139 2135 4178 su-

547 4219 830 4316 persedeo.
859 4233 1214 4299 Prtevalidus,
1245 4229 1400 4286 valde
1438 4225 1667 4281 validus.
1714 4219 1983 4285 Pra’dice,
2007 4223 2135 4270 ante

548 4307 691 4392 dico.
721 4329 854 4388 Cant
884 4326 1195 4402 praepositio
1218 4332 1301 4379 est
1326 4318 1651 4391 copulativa,
1670 4324 1750 4381 ut,
1772 4329 1893 4368 cum
1913 4307 2134 4364 ducibus

550 4426 704 4481 vado.
735 4423 801 4480 Et
826 4432 1101 4491 nunquam
1127 4413 1487 4485 componitur,
1514 4407 1639 4478 quia
1669 4422 1765 4461 con
1798 4404 1850 4458 in
1878 4402 1994 4473 cjtts
2016 4400 2134 4455 loco

552 4517 606 4574 in
635 4515 1024 4587 compositione
1044 4508 1302 4581 ponitur;
1334 4512 1417 4569 ut,
1449 4514 1725 4562 concurro,
1764 4493 2039 4549 contraire.
2069 4489 2136 4545 Et

552 4608 829 4667 sciendum
881 4612 965 4659 est
1011 4602 1155 4673 quod
1184 4615 1282 4653 con
1331 4604 1387 4649 ct
1425 4595 1481 4646 in
1534 4600 1659 4645 tunc
1686 4594 1895 4642 mutant
1921 4583 2034 4639 nia
2060 4598 2135 4647 in,

548 4699 769 4775 quando
793 4697 821 4751 b
867 4694 948 4750 vel
974 4671 1138 4747 ιιι-νει
1165 4706 1198 4759 p
1224 4686 1488 4756 sequitur,
1516 4691 1591 4745 ut,
1638 4675 1905 4739 contbure,
1938 4671 2138 4738 imbue,

550 4795 863 4856 comminus,
894 4784 1160 4849 immunis,
1208 4777 1481 4851 compello,
1512 4771 1743 4845 impelle.
1768 4768 1921 4824 Tune
1952 4783 1984 4819 η
2009 4779 2140 4820 eon-

552 4894 772 4944 vertunt
795 4883 847 4939 in
878 4886 1165 4950 sequentes
1188 4877 1571 4932 consonantes,
1598 4858 1815 4935 quando
1840 4857 1859 4910 Ι
1886 4856 1971 4912 vel
2003 4872 2029 4908 r
2055 4868 2141 4909 se-

552 4981 761 5053 quitur,
792 4982 874 5039 ut,
903 4948 1117 5032 collido,
1137 4964 1310 5030 illide,
1354 4957 1605 5029 corripio,
1650 4954 1817 5007 irrue.
1846 4948 1977 5002 Cum
2003 4960 2138 5015 quo-

553 5036 660 5144 que
685 5036 1026 5140 postponitur
1053 5055 1373 5130 quibusdam
1425 5044 1834 5121 pronominibus
1860 5036 2141 5108 euphonia:

1140 5190 1153 5215 ,
1214 5157 1406 5206 terum,
1463 5153 1659 5201 secum,
1704 5130 2006 5193 nobiscum,
2050 5140 2141 5179 eo-

557 5260 849 5322 biacum,et
869 5242 1291 5318 antepcnultima
1308 5239 1360 5293 in
1386 5236 1469 5291 bis
1494 5233 1768 5292 elevatur;
1794 5225 1912 5280 aliis
1928 5228 2146 5292 postpo-

558 5351 665 5409 sita
689 5345 918 5406 acuitur,
936 5315 1017 5403 ut,
1041 5351 1283 5409 quocum,
1302 5323 1797 5400 quacum,quicum,
1813 5315 2139 5387 quibuscum.

561 5443 753 5501 Coram
803 5438 869 5492 ad
920 5446 1181 5506 personas
1208 5425 1464 5497 pertinet,
1501 5429 1582 5479 ut,
1610 5430 1790 5469 coram
1821 5426 1921 5471 me,
1965 5417 2035 5471 te,
2063 5420 2139 5459 se.

564 5498 756 5588 Palam
778 5529 846 5583 ad
874 5498 1055 5580 omnia
1080 5520 1362 5587 accipitur,
1392 5521 1472 5575 ut,
1501 5508 1676 5580 palam
1716 5501 1975 5559 omnibus.
2015 5498 2142 5553 Sine

639 5699 661 5727 ιι
696 5682 867 5754 Virg,
892 5678 1086 5754 Georg.
1126 5690 1209 5734 ιιι,
1235 5671 1322 5724 55.

637 5758 664 5797 1³
700 5750 830 5809 Ihitl.
845 5795 858 5817 ,
896 5750 1019 5804 402.

638 5841 660 5868 ε
700 5810 906 5899 Virgil”.
934 5817 1144 5875 IEIICid.
1178 5831 1218 5880 t,
1242 5810 1363 5867 666.

2212 528 2441 586 homine.
2470 529 2539 585 Et
2559 529 2672 584 sine
2694 526 2994 597 anteposita
3024 530 3300 594 gravatur,
3329 527 3415 585 ut;
3438 515 3552 574 sine
3595 515 3803 575 duo".

2210 616 2515 693 Postposita
2537 621 2777 686 acuitur,
2801 616 2992 690 Virgil.
3018 615 3173 690 (Λιίι.
3194 626 3249 681 x,
3279 610 3373 686 31)
3396 626 3412 667 :

2337 733 2386 784 Si
2408 733 2515 782 slne
2543 742 2663 794 pace
2686 737 2789 781 tua.

2219 838 2391 895 Tenus
2420 838 2791 911 postponitur,
2837 845 2894 892 ut
2938 837 3223 900 hactenus,
3250 842 3306 890 et
3330 831 3567 908 genitivo
3588 844 3810 905 quoque

2207 929 2478 1001 jungitur,
2510 935 2570 984 ut
2611 945 2625 983 :

2310 1084 2326 1100 .
2354 1084 2366 1096 .
2395 1083 2408 1097 .
2431 1046 2637 1097 (Irarum
2662 1051 2809 1097 tenus
2829 1055 2858 1095 a
2880 1048 3051 1094 mento
3070 1041 3286 1107 palearia
3305 1039 3580 1106 pendent'.

2215 1148 2357 1205 Ecce
2384 1149 2552 1205 habes
2580 1147 3016 1219 prtepositiones.

2286 1241 2385 1297 Fu.
2416 1240 2599 1296 llabee
2625 1249 2898 1310 utcunque
2924 1256 2938 1295 :
2961 1238 3058 1295 sed
3078 1252 3185 1292 non
3206 1236 3380 1292 habeo
3406 1236 3691 1307 utriusque
3713 1248 3817 1291 ca-

2217 1348 2311 1389 sus
2337 1341 2571 1403 quatuor
2592 1345 2926 1387 communes.
2948 1358 3022 1371 -
3042 1328 3209 1384 Saxo.
3237 1326 3378 1394 Quid
3424 1328 3493 1383 de
3533 1326 3641 1381 illis
3658 1340 3817 1396 quae-

2219 1423 2320 1489 ris,
2344 1423 2448 1479 nisi
2482 1422 2626 1493 quod
2651 1422 2893 1477 Donatus
2915 1419 3071 1486 dixit,
3096 1419 3243 1489 quod
3267 1417 3578 1473 accusativo
3600 1426 3727 1471 sunt
3752 1415 3814 1469 its

2217 1522 2276 1570 et
2292 1515 2410 1579 sub,
2435 1514 2564 1569 dum
2595 1513 2662 1569 ad
2698 1512 2874 1567 locum
2908 1512 2986 1567 ire
3016 1510 3251 1580 aliquem
3286 1527 3300 1563 :
3332 1516 3444 1563 tum
3490 1506 3815 1571 ablativum,

2219 1621 2342 1662 cum
2364 1607 2418 1661 in
2441 1607 2561 1663 loco
2590 1622 2711 1662 esse
2734 1606 2969 1676 aliquem
3014 1603 3324 1674 signiﬁcant
3350 1600 3505 1673 με...
3532 1598 3814 1671 signiﬁco—

2219 1696 2393 1775 mus],
2437 1708 2522 1763 ut,
2565 1698 2621 1753 in
2664 1696 2844 1752 urbem
2874 1694 3028 1760 vado,
3059 1694 3113 1747 in
3139 1691 3265 1746 urbe
3291 1707 3429 1745 sum.
3466 1688 3575 1745 Sub
3604 1687 3817 1744 culmen

2146 1798 2193 1863 Β
2216 1806 2301 1856 eo,
2328 1791 2426 1846 sub
2454 1790 2683 1847 culmine
2700 1807 2838 1845 sunt.

2288 1883 2389 1939 Fu.
2424 1883 2541 1939 Hoc
2568 1882 2767 1954 placet,
2799 1880 2894 1936 sed
2919 1880 3044 1952 plus
3077 1893 3285 1948 quaero.
3316 1906 3386 1917 —
3409 1876 3575 1929 Suo.
3608 1872 3747 1940 Quid
3775 1886 3809 1928 a

2216 1992 2306 2035 me
2328 1976 2554 2049 quaeris,
2586 1975 2632 2031 si
2657 1974 2754 2030 tibi
2780 1973 3024 2028 Donatus
3048 1987 3156 2027 non
3179 1968 3412 2026 suilicit?

2292 2068 2391 2123 Fu.
2425 2065 2545 2122 Non
2576 2080 2605 2118 a
2634 2074 2689 2117 te
2718 2072 2867 2118 tanta
2906 2061 3248 2131 quaesissem,
3301 2058 3346 2113 si
3392 2055 3634 2110 Donatus
3678 2054 3811 2109 mihi

2218 2158 2519 2218 suﬂ‘ecisset
2545 2154 2705 2227 [Ms.,
2751 2152 3063 2225 suiliceret].
3088 2180 3161 2194 -—
3184 2151 3351 2207 Suo.
3374 2147 3510 2203 Nam
3539 2147 3617 2213 iu,
3643 2146 3689 2201 si
3717 2162 3816 2218 pro

2217 2264 2407 2310 contra
2428 2251 2514 2307 vel
2546 2248 2615 2303 ad
2644 2263 2662 2302 :
2694 2254 2748 2302 et
2770 2245 2887 2309 sub,
2916 2244 2960 2298 si
2991 2257 3091 2315 pro
3132 2250 3254 2296 ante
3301 2238 3386 2294 vel
3424 2252 3523 2308 pro
3546 2252 3640 2306 per
3661 2234 3822 2305 poni-

2221 2355 2333 2411 tur,
2361 2341 2669 2400 accusativo
2684 2337 2952 2410 jungitur,
2981 2342 3060 2398 ut,
3085 2333 3139 2389 in
3175 2332 3399 2395 hostem,
3421 2329 3525 2384 hoc
3552 2336 3657 2390 εει,
3686 2342 3824 2382 con-

2223 2448 2307 2492 tra
2334 2437 2567 2491 hostem.
2592 2430 2684 2495 Et,
2707 2430 2763 2483 in
2784 2427 2997 2498 puppim
3023 2422 3224 2479 rediere
3247 2429 3405 2485 rates,
3427 2433 3530 2492 pro
3549 2433 3561 2472 :
3590 2417 3659 2472 ad
3682 2432 3823 2489 pup—

2222 2542 2356 2599 pun.

2319 2610 2421 2666 Sub
2445 2615 2605 2665 lucem
2630 2616 2873 2663 exornant
2895 2605 3019 2671 (AL,
3049 2602 3337 2668 exponens)
3359 2598 3567 2651 calathis
3586 2592 3639 2662 δ,

2224 2735 2346 2794 pm,
2373 2727 2498 2774 ante
2520 2718 2717 2772 lucem.
2752 2714 2819 2769 Et
2842 2731 2853 2767 :

2446 2848 2460 2863 .
2481 2848 2493 2861 .
2518 2847 2532 2863 .
2556 2845 2569 2860 .
2594 2848 2607 2860 .
2632 2847 2647 2862 .
2670 2846 2682 2861 .
2708 2810 2813 2861 Sub
2832 2813 3026 2858 noctem
3048 2817 3165 2858 cura
3184 2808 3413 2855 recursat
3429 2803 3476 2864 ε,

2224 2921 2341 2979 pro,
2365 2920 2460 2976 per
2477 2911 2710 2958 noctem.
2739 2899 2805 2955 In
2828 2899 2987 2954 modo
3008 2897 3061 2952 in
3083 2893 3472 2966 compositione
3492 2890 3820 2964 privativum

2225 3006 2333 3065 est,
2379 3003 2461 3059 ut.
2508 2993 2760 3064 injustas,
2810 2988 3076 3060 improbus
3105 3000 3125 3039 .'
3156 2985 3315 3040 modo
3357 2982 3708 3047 intensivum,
3736 2989 3821 3046 ut,

2226 3087 2493 3158 imprime,
2512 3084 2717 3137 incuso.
2738 3079 2847 3135 Sub
2865 3086 2949 3135 est
2968 3086 3023 3133 et
3039 3074 3249 3142 localis,
3266 3083 3345 3138 ut,
3362 3073 3542 3137 subeo,
3561 3071 3818 3142 subpone.

2148 3166 2197 3231 (ἶ
2228 3178 2327 3235 list
2347 3184 2400 3232 et
2426 3168 2829 3238 diminutivum,
2859 3177 2937 3234 ut,
2985 3167 3252 3232 subridee,
3304 3165 3359 3219 id
3396 3172 3503 3228 εει,
3546 3160 3825 3234 paululum

2231 3269 2414 3335 rideo;
2440 3265 2735 3322 subtristis.
2762 3264 2827 3318 Et
2852 3262 2906 3316 in
2929 3266 3243 3331 sequentem
3268 3262 3443 3312 mutat
3470 3254 3499 3308 ὁ
3520 3268 3826 3309 consonan—

2229 3370 2362 3425 tem,
2392 3358 2437 3414 si
2473 3375 2519 3425 c,
2564 3357 2649 3412 vel
2680 3357 2718 3424 f,
2744 3372 2795 3427 g,
2821 3371 2892 3416 m,
2920 3351 3007 3406 vel
3045 3366 3080 3421 p
3122 3349 3386 3419 sequitur,
3420 3354 3480 3399 ut
3517 3343 3821 3407 succumbo,

2228 3453 2445 3522 suffero,
2469 3444 2973 3519 suggere,submitto
3002 3439 3212 3513 (Forte,
3235 3432 3820 3505 summitte],suppeno.

2231 3544 2424 3615 Super,
2456 3544 2499 3597 si
2527 3556 2623 3611 pro
2656 3554 2816 3608 supra
2836 3536 3080 3608 ponitur,
3105 3531 3476 3587 accusativum
3505 3534 3607 3591 est,
3632 3536 3713 3591 nt,

2421 3658 2557 3707 Saeva
2576 3651 2760 3703 sedens
2781 3662 2932 3712 super
2956 3659 3089 3698 mm
3115 3648 3167 3707 α,

2230 3766 2285 3821 id
2327 3773 2432 3828 est,
2486 3776 2669 3831 supra.
2723 3755 2783 3813 Si
2826 3757 2892 3810 de
2933 3754 3016 3811 vel
3059 3755 3116 3808 in
3167 3751 3475 3824 signiﬁcat,
3523 3746 3821 3805 ablativum

2230 3868 2335 3923 est,
2373 3866 2432 3911 ut
2474 3873 2486 3908 :

2447 3945 2601 3998 Iulta
2624 3955 2776 4006 super
2800 3940 2999 3991 Priamo
3025 3938 3249 3998 rogitans
3272 3936 3317 3983 ⁸.

2232 4032 2464 4095 hocest,
2496 4031 2563 4084 de
2591 4026 2829 4081 Priamo.
2855 4024 2988 4077 Item
3016 4038 3028 4074 :

2421 4122 2615 4174 Fronde
2636 4132 2789 4183 super
2804 4117 2945 4167 viridi
2974 4114 2993 4154 ί
3004 4153 3019 4177 ,

2234 4210 2289 4267 id
2336 4218 2440 4275 est,
2489 4208 2544 4263 in
2573 4205 2752 4262 viridi.
2806 4202 2938 4259 Item
2966 4199 3151 4255 subter
3185 4194 3559 4254 accusativum
3608 4202 3716 4257 est,
3764 4198 3821 4246 nt

2234 4306 2413 4362 subter
2434 4313 2655 4358 termes.
2689 4298 2823 4354 Item
2865 4294 3184 4359 ablativum,
3234 4289 3411 4346 subter
3452 4288 3620 4344 densa
3664 4295 3818 4343 testu-

2236 4400 2377 4453 dine.

2169 4520 2214 4581 υ
2306 4489 2407 4544 Fs.
2446 4487 2601 4543 Unde
2646 4485 2899 4541 dicunwr
2918 4478 3164 4551 quaedam
3191 4474 3599 4548 praepositiones
3646 4471 3829 4541 loque-

2239 4581 2416 4635 lares?
2442 4609 2513 4619 -—
2530 4577 2695 4632 Saxo.
2719 4574 2855 4642 Quia
2884 4585 3100 4641 semper
3142 4569 3194 4623 in
3229 4566 3619 4637 compositione
3644 4563 3831 4633 loque-

2238 4672 2325 4737 lis,
2354 4671 2408 4724 id
2429 4676 2514 4724 est
2525 4666 2881 4729 «dictionibus,
2904 4666 3326 4731 mtuponuutur,
3350 4663 3551 4712 etsunt
3575 4670 3671 4710 sex
3697 4674 3711 4708 :
3749 4654 3827 4718 di,

2237 4766 2343 4829 dis,
2392 4779 2463 4825 re,
2503 4776 2558 4813 se
2608 4775 2676 4812 an
2728 4756 2877 4829 [Ms.,
2901 4752 3035 4825 aut],
3067 4768 3186 4818 con,
3218 4757 3301 4814 ut,
3322 4748 3539 4812 diduco,
3567 4746 3829 4809 distraho,

2242 4869 2473 4915 recurro,
2538 4848 2762 4912 recubo,
2809 4844 3117 4924 amplector,
3162 4854 3383 4909 congere
3414 4835 3566 4910 μὴ,
3613 4850 3831 4906 congre-

2239 4943 2400 5015 dior].
2435 4941 2503 4995 Di
2524 4940 2745 5010 quidem
2769 4944 2828 4991 et
2870 4935 2952 4988 dis
2993 4931 3299 5004 scparativa
3318 4936 3471 4991 sunt,
3501 4937 3557 4982 et
3581 4926 3828 4981 eamdem

2239 5033 2690 5107 signiﬁcationem
2714 5028 2915 5084 habent
2942 5023 3213 5095 quomodo
3244 5020 3317 5076 ab
3345 5029 3404 5075 et
3426 5019 3538 5073 abs.
3576 5016 3667 5081 Ut,
3693 5017 3829 5071 diui-

2240 5127 2329 5189 de,
2357 5126 2619 5179 distraho.
2652 5120 2719 5175 Et
2745 5119 2828 5172 dis
2846 5116 3214 5187 componitur,
3252 5111 3473 5183 quat-ide
3511 5109 3827 5178 scqniturc,

2241 5219 2285 5291 ι’,
2314 5236 2369 5288 p,
2396 5235 2443 5283 s,
2472 5228 2490 5270 t
2527 5225 2581 5270 et
2610 5214 2628 5267 i
2674 5214 2793 5267 loco
2821 5208 3190 5271 consonantis,
3213 5213 3295 5269 ut,
3322 5204 3589 5270 discut-re,
3613 5201 3826 5271 ditem,

2241 5310 2505 5379 cii/fundo,
2532 5326 2554 5361 s
2586 5308 2635 5361 in
2667 5306 2695 5375 Ῑ
2718 5312 2920 5358 mutata
2937 5299 3224 5371 euphonia:
3244 5312 3441 5361 causa;
3469 5293 3825 5365 dispute,dis-

2241 5418 2377 5467 scre,
2397 5398 2661 5462 distraho,
2673 5397 2942 5466 disjungo.
2958 5391 3022 5448 .ln
3038 5391 3158 5446 aliis
3177 5387 3602 5445 consonantibus
3618 5384 3673 5438 di
3696 5398 3822 5454 prte-

2242 5498 2457 5569 ponitur
2482 5512 2493 5546 :
2518 5492 2732 5553 diduco,
2756 5487 2957 5558 digere,
2975 5485 3149 5552 dilue,
3177 5482 3403 5547 dimitte,
3422 5479 3580 5535 dirue
3591 5492 3613 5545 ,‘
3631 5484 3689 5533 ει
3704 5474 3822 5531 trhi-

2315 5651 2339 5689 δ
2372 5648 2584 5717 \'irgil.,
2616 5642 2831 5700 Eueid.
2860 5659 2899 5708 ι,
2926 5641 3051 5699 295.

2320 5732 2343 5759 ε
2368 5720 2527 5780 Iliid.,
2559 5717 2682 5771 750.

2318 5790 2338 5828 ί
2378 5788 2558 5862 Virgil.
2592 5786 2774 5857 Eclog.
2806 5802 2846 5855 ι,
2873 5786 2960 5842 81.
