4106 6492
558 430 664 486 903

560 563 763 622 ωςιιιιι,
786 542 844 602 id
867 551 974 610 est,
995 539 1176 612 justus
1198 553 1296 610 per
1322 536 1429 593 duo
1454 553 1507 591 ιι.
1537 533 1645 589 Sed
1676 543 1859 587 tamen
1886 528 2003 581 haec
2029 537 2148 622 om-
2174 526 2221 585 Α

561 612 653 696 nia
676 612 775 709 per
793 651 838 691 te
866 632 1238 706 diphthongon
1268 625 1552 684 scribenda
1575 630 1719 679 sunt.
1749 619 1932 709 Equus
1955 614 2004 709 si
2034 612 2149 668 ani-

563 703 693 784 mal-
714 703 1007 798 signiﬁcat,
1035 735 1133 791 per
1172 718 1471 789 simplicem
1509 731 1537 770 ι
1564 711 1730 769 scribi
1771 708 1953 765 debet.
1982 703 2147 777 [Aula

564 820 758 875 Latine
771 795 975 873 domus
1008 812 1157 885 regia
1183 818 1288 877 est,
1315 818 1371 864 et
1394 822 1492 880 per
1518 823 1552 860 a
1583 803 1861 861 scribitur.
1890 795 2025 852 Aule
2048 807 2150 864 per

563 909 866 981 simplicem
894 923 943 973 e,
973 884 1161 960 Grtece
1196 900 1397 956 atrium
1429 897 1648 953 dicitur.
1684 893 1809 949 Ideo
1853 890 1910 945 in
1942 884 2151 957 psalmo

567 1002 660 1058 ubi
673 977 955 1075 legimus:
982 996 1212 1052 Adorate
1235 992 1521 1049 Dominum
1562 990 1619 1042 in
1657 984 1785 1041 aula
1820 990 2008 1038 sancta
2036 977 2152 1048 ejus

569 1067 798 1166 (Ριαιιῖι.
821 1103 1015 1154 uvm,
1042 1085 1132 1158 2),
1177 1100 1283 1139 non
1314 1082 1574 1155 palatium
1614 1078 1751 1132 aulae
1792 1071 2031 1136 nomine,
2060 1067 2155 1124 sed

568 1162 768 1239 atrium
794 1181 988 1237 Graeco
1016 1175 1277 1232 vocabulo
1307 1174 1467 1230 debet
1503 1166 1777 1240 intelligi.]
1804 1162 1970 1220 Aulea
2006 1176 2104 1234 per
2129 1176 2158 1214 e

568 1276 616 1332 si
644 1274 873 1332 tentoria
903 1269 1191 1342 signiﬁcat.
1220 1265 1375 1324 Unde
1398 1272 1453 1319 et
1476 1263 1531 1318 in
1559 1262 1699 1317 lsaia
1719 1258 1875 1328 juxta
1904 1254 2049 1311 LXX
2078 1254 2159 1308 in-

572 1375 879 1439 terpretes:
919 1362 1101 1417 Dilata
1141 1359 1314 1413 locum
1356 1353 1681 1411 tabernaculi
1720 1350 1829 1416 tui,
1864 1358 1914 1404 et
1958 1360 2162 1403 wssss

569 1470 693 1526 tuas
730 1456 950 1527 conﬁge.
975 1451 1216 1508 Actuarii
1240 1465 1366 1505 cum
1390 1464 1446 1515 ιι,
1479 1445 1533 1501 id
1562 1451 1667 1510 est,
1691 1441 1927 1499 diversis
1951 1438 2163 1493 actibus

575 1549 819 1622 occupati
860 1547 1132 1602 dicuntur.
1175 1540 1376 1596 Actarii
1418 1552 1546 1593 vero
1588 1536 1885 1606 scriptores
1917 1539 2164 1586 actorum

578 1641 917 1713 appellantur
939 1635 1068 1709 [51s.
1104 1633 1261 1705 Reg.,
1289 1630 1648 1688 Actuarius...
1676 1623 1920 1698 dicitur].

649 1754 810 1826 302
849 1750 1007 1825 [Ante
1055 1745 1366 1820 prtepositio
1394 1743 1566 1799 multa
1600 1738 1904 1811 signiﬁcat;
1950 1749 2082 1792 nam
2110 1742 2169 1790 et

580 1822 1101 1916 tempus—signiﬁcat,
1127 1854 1249 1894 cum
1274 1836 1503 1891 dicitur:
1533 1832 1667 1886 Ante
1685 1830 1824 1884 diem
1847 1826 2037 1898 festum
2062 1822 2167 1878 Pa-

578 1941 716 1995 schce
748 1935 926 2010 (Joan.
967 1951 1097 1999 xui,
1128 1933 1204 2003 l).
1242 1932 1311 1985 Et
1341 1925 1684 2000 praesentiam
1722 1922 2026 1992 signiﬁcat,
2066 1924 2163 1973 ut:

580 2032 715 2085 Ante
761 2036 1090 2098 conspectum
1134 2022 1366 2093 gentium
1415 2015 1658 2073 reuelabit
1693 2012 1963 2085 justitiam
2017 2023 2171 2063 suam

585 2120 758 2192 (Psal.
789 2134 954 2184 xcvu,
989 2115 1070 2188 ‘2),
1117 2116 1170 2170 id
1203 2123 1521 2179 est,,cnram
1550 2106 1819 2180 gentibus.
1848 2103 1915 2157 Et
1943 2101 2173 2172 dignita-

583 2222 714 2276 tem,
741 2218 838 2264 ut:
866 2208 1048 2263 Posuit
1072 2203 1327 2276 Ephraim
1351 2210 1472 2257 ante
1504 2198 1789 2253 Manassen
1811 2192 1966 2267 (Gen.
1981 2205 2170 2256 XLVIII,

582 2303 694 2377 20).
729 2302 791 2357 Ει
819 2316 833 2356 :
860 2301 951 2370 qui
978 2310 1091 2370 post
1122 2312 1202 2350 me
1231 2295 1388 2357 venit,
1415 2300 1537 2346 ante
1567 2306 1648 2343 me
1682 2287 1858 2358 factus
1888 2295 1963 2339 est
1987 2281 2170 2357 (Joan.

586 2409 672 2458 xv,
697 2392 811 2463 27),
838 2391 891 2447 id
919 2398 1021 2456 est,
1054 2387 1188 2443 mihi
1212 2381 1514 2457 prmlatus.]

657 2502 861 2573 Argue,
887 2500 1042 2570 argui
1084 2506 1143 2553 et
1167 2506 1411 2567 argutum
1432 2536 1448 2559 ,
1491 2494 1544 2549 id
1575 2500 1687 2559 est,
1715 2490 2043 2555 convictum,
2091 2486 2176 2541 fa‘

587 2595 740 2650 ciunt
760 2601 1067 2663 arguturus.
1092 2589 1244 2655 Amo,
1267 2589 1458 2653 amavi,
1482 2585 1675 2641 amasti
1703 2583 1931 2649 faciunt,
1957 2589 2014 2635 et
2037 2595 2182 2650 saepe

591 2687 680 2740 illa
710 2686 893 2751 verba,
923 2699 1043 2752 qua:
1073 2683 1127 2737 in
1158 2680 1432 2752 praeterito
1460 2678 1703 2749 perfecto
1730 2694 1757 2733 υ
1786 2683 2181 2734 consonantem

590 2785 903 2840 assumunt,
945 2776 999 2829 in
1045 2773 1281 2830 secunda
1308 2779 1364 2827 et
1384 2770 1570 2841 ﬁertia
1606 2784 1837 2840 persona
1887 2779 2181 2839 syncopam

592 2867 892 2938 patiuntur,
924 2873 1012 2930 ut,
1058 2880 1174 2929 nec,
1225 2862 1359 2926 nevi,
1402 2860 1586 2916 nevisti
1626 2859 1712 2915 vel
1740 2859 1895 2915 necti.
1924 2856 2022 2913 Illa
2053 2870 2187 2912 vero

596 2973 717 3029 quae
743 2957 797 3012 in
826 2955 1079 3028 prmsenti
1108 2971 1137 3008 v
1161 2953 1362 3009 habent
1386 2959 1798 3016 consonantem,
1820 2964 1928 3005 non
1955 2954 2184 3019 possunt

596 3051 653 3109 in
672 3048 943 3121 praeterito
964 3060 1255 3118 syncopam
1277 3044 1409 3115 pati,
1432 3052 1509 3104 ut.
1534 3043 1649 3098 lavo
1674 3041 1861 3097 lavasti
1883 3038 2006 3114 [Με.
2024 3038 2185 3113 [ἰείη

594 3140 809 3213 iuvisti],
833 3154 992 3195 nemo
1007 3137 1137 3194 dicit
1158 3154 1171 3190 :
1189 3136 1333 3202 lasti,
1348 3136 1430 3192 vel
1452 3136 1575 3190 lasti
1593 3144 1735 3189 sunt.
1761 3133 2041 3205 Adipiscor
2058 3130 2191 3189 ade-

595 3241 719 3304 ptus
738 3246 857 3285 sum
886 3229 1033 3284 facit.
1065 3228 1295 3283 Accusso
1325 3242 1423 3299 per
1445 3228 1552 3281 duo
1580 3242 1608 3280 c
1637 3235 1693 3282 et
1716 3239 1805 3297 pet
1835 3222 1943 3280 duo
1967 3240 1993 3279 s
2019 3222 2184 3279 scribi
2210 3246 2257 3309 ο

594 3322 773 3377 debet.
802 3319 1005 3375 Accedo
1030 3334 1129 3390 per
1167 3319 1276 3375 duo
1311 3336 1359 3373 c.
1390 3317 1546 3388 Saepe
1592 3315 1658 3372 ab
1693 3315 1980 3387 euphoniae
2021 3328 2187 3370 causa

599 3416 654 3470 in
680 3421 997 3485 sequentem
1026 3412 1357 3467 mutabimus
1383 3408 1512 3484 [Ms.
1540 3409 1697 3481 Reg.,
1722 3404 2041 3479 mutabitur]
2066 3422 2194 3462 con-

598 3515 904 3571 sonantem,
928 3513 988 3560 ut
1016 3503 1220 3575 afﬁcio,
1244 3503 1421 3575 aﬂluo,
1452 3500 1635 3564 allido,
1665 3515 1957 3563 ammoueo,
1988 3512 2189 3562 annuo,

600 3618 829 3672 appono,
858 3600 1079 3670 arripio,
1107 3612 1339 3651 assumo.
1365 3593 1536 3664 Alliga
1570 3608 1667 3663 per
1692 3594 1799 3649 duo
1821 3590 1859 3645 l.
1883 3590 2073 3645 Annua
2094 3603 2194 3658 per

603 3695 711 3751 duo
736 3711 791 3748 η.
819 3692 1028 3763 Apparo
1060 3687 1184 3761 [Με.
1208 3687 1365 3758 Reg,
1391 3684 1641 3757 appareo]
1670 3698 1785 3754 .pcr
1819 3682 1927 3738 duo
1944 3696 1998 3751 p.
2022 3676 2193 3732 Attuli

601 3800 701 3855 per
727 3782 834 3837 duo
875 3790 894 3834 t
923 3778 1089 3836 scribi
1125 3778 1344 3833 debent.
1389 3778 1453 3830 At
1496 3774 1545 3831 si
1581 3773 1892 3844 coniunctio
1920 3779 2005 3827 est
2037 3785 2138 3841 per
2173 3777 2193 3822 t

603 3873 948 3929 scribendum
970 3878 1083 3933 cst;
1109 3868 1155 3922 si
1180 3865 1510 3938 praepositio,
1532 3879 1633 3935 per
1652 3864 1707 3918 d.
1732 3863 1897 3934 Atque
1918 3863 2048 3916 item
2070 3876 2196 3917 con-

595 3965 808 4037 iunctio
844 3962 1139 4033 composita
1181 3974 1278 4030 per
1307 3968 1325 4012 t
1352 3957 1601 4012 similiter
1638 3956 2007 4012 scribendum.
2039 3953 2194 4025 Apud

604 4057 913 4131 praepositio
941 4056 994 4109 in
1035 4053 1069 4108 d
1109 4052 1346 4107 ﬁniatur.
1378 4046 1463 4103 Ab
1491 4057 1613 4101 artu
1660 4046 1918 4109 artubus;
1966 4045 2036 4099 ab
2081 4054 2196 4099 arte

609 4152 838 4207 artibus.
883 4148 1147 4202 Similiter
1172 4146 1242 4199 ab
1280 4158 1409 4197 arcu
1440 4142 1701 4201 arcubus;
1733 4136 1803 4194 ab
1830 4153 1951 4191 arce
1977 4135 2197 4191 arcibus

611 4241 897 4299 dicendum
944 4250 1044 4293 est.
1099 4234 1302 4310 [/Eger
1350 4233 1563 4299 animo;
1614 4228 1873 4302 .Egrotus
1923 4241 2191 4298 corpore:

612 4345 904 4402 utrumque
951 4346 1049 4401 per
1106 4328 1477 4399 diphthongon
1530 4320 1832 4394 scribitur].
1876 4320 2050 4385 Alibi,
2088 4318 2199 4375 alio

613 4431 754 4486 loco.
783 4426 950 4491 Alias,
981 4422 1086 4476 alio
1115 4431 1357 4490 tempore
1386 4415 1676 4487 signiﬁcat.
1708 4412 1815 4467 Aer
1844 4410 2197 4483 dissyllabum

613 4532 717 4587 cst,
748 4529 803 4577 et
832 4534 937 4574 non
968 4516 1131 4571 habet
1158 4511 1422 4583 pluralem
1452 4521 1758 4570 numerum,
1789 4504 1893 4560 nisi
1926 4520 2052 4559 aera
2078 4510 2199 4558 tan-

619 4627 752 4669 tum.
781 4610 885 4667 Ais
928 4602 1354 4677 monosyllabum
1383 4607 1485 4656 est.
1514 4599 1732 4671 Aufero,
1764 4597 1818 4654 id
1851 4603 1962 4663 est,
1991 4595 2195 4666 abfero,
2228 4600 2278 4660 ι)

618 4710 647 4765 b
678 4709 732 4764 in
763 4723 797 4761 u
825 4710 1056 4760 mutata.

688 4820 769 4875 Ad
800 4814 1108 4891 praepositio
1149 4808 1538 4879 corrumpitur,
1569 4806 1615 4862 si
1644 4818 1880 4877 sequens
1912 4800 2137 4857 verbum
2168 4816 2201 4856 a

617 4919 949 4971 consonante
979 4907 1187 4977 incipit,
1214 4913 1315 4959 ut:
1346 4900 1580 4972 apponit,
1618 4897 1882 4953 ammittit.
1925 4893 2123 4950 Alliam
2146 4899 2205 4947 et

618 5008 817 5063 dolium
846 5003 982 5076 peri
1007 4998 1314 5063 scribenda,
1344 5004 1423 5059 ut,
1454 4992 1713 5063 Virgilius
1744 4987 1949 5062 (Eclog.
1977 5002 2044 5052 ιι,
2071 4984 2160 5056 Η)
2186 5003 2198 5039 :

622 5098 761 5156 Allia
795 5074 1191 5169 serpellumque.
1219 5090 1353 5144 Acer
1400 5085 1529 5140 facit
1570 5082 1854 5154 pluraliter
1898 5078 2047 5135 acria
2077 5074 2203 5150 [Ms.

622 5192 778 5261 Reg,
805 5185 960 5259 acri].
993 5185 1142 5239 Acris
1167 5180 1297 5235 facit
1321 5176 1604 5249 pluraliter
1624 5190 1792 5230 acres.

694 5303 981 5379 [Audacter
1004 5296 1255 5354 Latinum
1275 5300 1388 5352 est;
1420 5288 1515 5344 sed
1544 5283 1819 5342 audaciter
1841 5280 2055 5347 melius,
2080 5279 2203 5350 quia

624 5371 837 5453 nomina
868 5408 904 5446 τι
944 5390 1124 5445 littera
1163 5382 1451 5439 terminata
1491 5379 1547 5433 in
1578 5373 1849 5432 adverbiis
1874 5388 1903 5427 ι’
1922 5377 1979 5429 ει
2007 5371 2025 5425 i
2054 5384 2207 5426 assu-

626 5500 797 5558 munt,
827 5497 908 5556 ut,
935 5497 1107 5553 atrox,
1134 5485 1407 5547 atrociter;
1436 5481 1607 5552 ferox,
1639 5473 1902 5546 ferociter.
1946 5468 2176 5524 Accersit
2193 5508 2208 5533 ,

627 5585 717 5655 qui
741 5588 950 5639 evocat.
978 5574 1229 5639 Arcersit,
1255 5574 1345 5643 qui
1368 5565 1660 5639 accussat.)

696 5697 941 5755 Acervus,
973 5702 1067 5759 per
1097 5704 1152 5753 ιι,
1180 5685 1470 5757 cujuslibet
1512 5681 1588 5737 rei
1628 5676 1909 5749 congeries
1935 5681 2042 5739 εει,
2072 5670 2212 5726 forte

632 5788 865 5859 lapidum
896 5778 978 5834 vel
1005 5780 1238 5852 frugum.
1281 5776 1510 5833 Acerbus
1548 5790 1646 5845 per
1675 5774 1704 5825 b
1749 5772 2074 5827 immaturus
2118 5771 2212 5819 aut

635 5892 808 5944 τις-νηΐ.
842 5880 959 5932 Alia
994 5879 1118 5927 sunt
1158 5884 1279 5936 quae
1306 5883 1403 5934 per
1438 5864 1544 5921 (luo
1577 5881 1607 5917 ιι
1638 5862 1972 5926 scribuntur,
2017 5855 2213 5925 quibus

3732 370 3857 428 904

2252 528 2513 572 numerus
2538 523 2755 581 quoque
2794 505 3128 579 syllabarum
3150 496 3367 555 crescit.
3399 493 3660 551 Similiter
3691 491 3855 547 enim

2249 604 2379 679 [Μι.
2407 603 2563 674 Reg.,
2590 599 2768 657 Simili
2798 593 2968 667 enim]
2997 591 3172 649 vocali
3209 587 3413 644 vocalis
3443 584 3694 656 adjuncta
3728 595 3857 637 non

2250 673 2424 753 solum
2452 673 2559 747 non
2582 692 2846 750 cohaeret,
2869 686 2965 741 sed
2982 685 3149 739 etiam
3171 679 3431 755 syllabam
3451 683 3631 742 auget,
3656 680 3741 739 ut,
3761 673 3860 727 in—

2250 802 2473 858 genuus,
2505 782 2729 844 arduus,
2772 779 3015 846 exiguus,
3041 783 3097 828 et
3125 787 3344 834 vacuus,
3371 766 3516 838 quod
3542 779 3642 837 per
3667 780 3696 819 c
3733 775 3860 817 non

2251 856 2394 947 perq
2409 872 2758 930 scribendum
2788 876 2889 923 est.
2908 866 3113 922 Eadem
3135 861 3329 918 divisio
3350 859 3403 914 in
3425 856 3605 914 verbis
3628 865 3866 925 quoque

2252 944 2356 1033 est,
2373 944 2464 1030 tut,
2490 970 2751 1027 metuunt,
2773 954 3034 1021 statuunt,
3059 954 3309 1018 tribuunt,
3343 956 3559 1015 acuunt,
3585 944 3726 1018 quod
3749 958 3866 1016 per

2253 1075 2283 1114 ι
2298 1071 2517 1129 quoque
2538 1069 2647 1110 non
2677 1067 2777 1124 per
2799 1069 2831 1123 q
2853 1046 3198 1106 scribendum
3224 1050 3323 1098 est.

2329 1125 2538 1218 Aspiro,
2564 1144 2785 1215 aspicio,
2813 1141 2932 1195 sine
2962 1138 2998 1192 ά
3037 1134 3323 1193 scribenda
3364 1141 3489 1188 sunt
3514 1144 3612 1203 per
3637 1125 3869 1199 simpli-

2256 1255 2375 1295 cem
2413 1255 2442 1293 s
2476 1236 2606 1311 [Με.
2633 1234 2784 1305 Reg.,
2813 1230 3061 1301 Asspiro,
3087 1226 3320 1297 asspicio
3348 1238 3445 1292 per
3470 1220 3740 1293 duplicem
3770 1218 3822 1292 s]
3844 1260 3864 1282 ,

2257 1331 2386 1388 licet
2411 1310 2534 1386 cum
2558 1329 2628 1383 ad
2657 1322 3044 1398 praepositione
3073 1316 3369 1389 composita
3401 1314 3529 1376 sint,
3554 1310 3681 1383 quia
3710 1310 3869 1382 perit

2261 1424 2336 1480 ibi
2365 1423 2422 1478 d.
2451 1420 2703 1493 Apparet,
2747 1415 2893 1488 quod
2936 1413 3171 1474 videtur,
3199 1422 3298 1480 per
3323 1423 3374 1477 p.
3423 1404 3674 1477 Adparet,
3707 1402 3871 1473 (ιωκί

2260 1514 2582 1584 obsequitur
2600 1526 2699 1581 per
2716 1508 2773 1574 d,
2796 1522 2904 1562 non
2926 1501 3126 1575 regula:
3148 1501 3377 1563 ratione,
3395 1496 3491 1552 sed
3509 1493 3871 1551 discretionis

2264 1622 2452 1665 causa.
2470 1604 2659 1671 Arbor,
2685 1612 2849 1660 omne
2870 1597 3076 1670 lignum
3100 1593 3319 1651 dicitur.
3345 1589 3595 1655 Arbusta,
3619 1601 3728 1643 non
3752 1584 3873 1641 nisi

2267 1698 2567 1757 fructifera.

2338 1791 2541 1857 Avena,
2564 1788 2610 1846 si
2633 1788 2702 1844 ad
2729 1799 2975 1859 germen,
2999 1782 3119 1837 sine
3141 1780 3173 1835 Ιι
3200 1794 3298 1851 ρει·
3320 1795 3348 1834 v
3375 1772 3722 1833 scribendum
3751 1779 3865 1828 est.

2200 1886 2245 1947 Β
2274 1883 2530 1950 Habena,
2570 1882 2616 1937 si
2647 1880 2718 1936 ad
2757 1868 3059 1934 retinacula
3094 1872 3499 1942 iumentorum,
3538 1881 3638 1938 per
3665 1864 3698 1919 Ιι
3732 1872 3792 1918 et
3828 1862 3869 1917 ι

2275 1978 2552 2036 scribitur.
2584 1973 2909 2049 [Advocatur
2928 1968 3155 2024 daturus
3181 1961 3563 2038 patrocinium.
3596 1958 3869 2013 Evocatur

2273 2047 2606 2138 praebiturus
2630 2061 2976 2133 obsequium.
3003 2058 3291 2113 [avocatur
3325 2059 3682 2125 prazstaturus
3704 2047 3863 2103 auxi-

2274 2160 2428 2215 lium.
2460 2157 2756 2227 Adportare
2776 2161 2862 2209 est
2904 2149 3109 2220 aliquid
3154 2145 3389 2203 adferre.
3434 2144 3737 2215 Asportare,
3771 2154 3871 2193 au-

2274 2252 2425 2309 ferre
2449 2249 2678 2321 aliquid.
2708 2247 3051 2317 Comportare
3077 2240 3238 2298 simul
3265 2245 3483 2310 portare
3511 2237 3565 2291 in
3592 2249 3763 2290 unum
3792 2232 3879 2290 lo-

2275 2359 2424 2402 cum.
2458 2339 2750 2410 Deportare
2778 2336 3069 2406 deponere.
3101 2331 3396 2401 Exportare
3432 2322 3669 2396 tollere.]

2348 2432 2544 2488 Album
2591 2438 2818 2494 natura;
2851 2424 3141 2483 candidum
3170 2436 3301 2477 cura
3333 2419 3481 2475 facit.
3509 2414 3876 2490 Munatium,

2277 2526 2373 2582 ubi
2411 2535 2860 2595 quarumcunque
2902 2518 3103 2573 artium
3153 2515 3514 2569 instrumenta
3558 2515 3876 2564 servantur.

2279 2612 2787 2677 Annamentarium,
2814 2610 2905 2665 ubi
2937 2616 3147 2663 tantum
3176 2605 3281 2659 tela
3312 2616 3609 2657 armorum.
3637 2598 3878 2664 Accedit,

2278 2722 2379 2780 per
2404 2723 2434 2762 e
2455 2706 2525 2761 ab
2560 2700 2906 2759 ambulando.
2931 2697 3137 2754 Accidit
3164 2695 3302 2768 peri
3330 2694 3397 2748 ab
3422 2688 3663 2762 eventu.)

2355 2800 2489 2855 Ante
2516 2796 2829 2870 praepositio
2855 2791 3125 2849 interdum
3158 2789 3429 2860 integrum
3458 2783 3589 2856 Uis.
3614 2781 3765 2851 Reg.,
3793 2779 3883 2835 in-

2283 2888 2472 2964 tegra]
2518 2897 2737 2953 manet,
2787 2894 2880 2953 ut,
2927 2880 3216 2944 antecedit,
3262 2877 3541 2933 antevenit.
3598 2872 3881 2928 Interdum

2284 2984 2585 3041 nutatione
2609 2999 2637 3037 e
2663 2983 2717 3036 in
2742 2980 2761 3034 i
2790 2977 3024 3034 litteram
3063 2971 3447 3041 corrumpitur,
3477 2974 3564 3032 ut,
3601 2964 3879 3034 anticipat.

2358 3076 2406 3132 A
2428 3082 2488 3133 et
2512 3075 2597 3131 ab‘
2615 3082 2670 3128 et
2697 3071 2791 3127 abs
2817 3066 3229 3141 praepositiones
3262 3062 3425 3117 unius
3464 3056 3886 3131 signiﬁcationis

2287 3178 2436 3235 sunt,
2463 3177 2526 3224 ιιι
2551 3184 2585 3222 a
2610 3182 2712 3234 me,
2749 3164 2814 3219 ab
2844 3161 3073 3225 homine,
3104 3155 3317 3213 abstuli.
3351 3153 3459 3210 Sed
3488 3151 3554 3208 ab
3583 3150 3885 3222 saepissime

2291 3262 2571 3329 scribitur,
2597 3272 2726 3315 cum
2771 3269 3008 3327 sequens
3034 3252 3259 3308 verbum
3305 3265 3335 3304 a
3364 3245 3536 3303 vocali
3564 3243 3775 3314 incipit,
3812 3252 3887 3297 ne

2290 3354 2455 3412 dictio
2481 3350 2669 3408 multis
2696 3345 3120 3406 consonantibus
3146 3346 3426 3405 oneretur,
3456 3345 3536 3405 ut,
3569 3338 3635 3391 ab
3661 3352 3788 3390 uno.
3820 3333 3885 3388 Si

2290 3459 2422 3500 vero
2443 3459 2473 3500 a
2498 3449 2838 3499 consonante
2858 3454 2989 3511 pars
3006 3435 3272 3493 orationis
3294 3430 3498 3501 incipit,
3524 3446 3559 3482 a
3586 3427 3761 3484 solum
3788 3441 3892 3498 po-

2290 3543 2472 3601 natur,
2495 3541 2576 3600 ut,
2599 3551 2632 3587 a
2657 3532 2842 3603 fratre.
2871 3528 2975 3583 Abs
2997 3536 3177 3581 tamen
3203 3524 3256 3578 in
3280 3517 3667 3590 compositione
3687 3516 3891 3586 saepius

2291 3638 2515 3703 propter
2529 3626 2856 3697 euphoniam
2879 3622 3087 3691 integra
3109 3626 3315 3682 manet,
3330 3624 3392 3671 ut
3408 3613 3500 3669 abs
3516 3620 3585 3680 te,
3600 3608 3886 3675 abscondo,

2292 3702 2488 3779 melius
2512 3726 2690 3782 sonat,
2732 3730 2894 3784 quam
2919 3713 2985 3767 ab
3010 3722 3081 3777 te,
3104 3710 3192 3764 vel
3221 3707 3491 3774 abcondo;
3524 3705 3665 3761 sicut
3692 3702 3889 3759 melius

2293 3819 2453 3869 sonat
2480 3810 2545 3865 ab
2576 3809 2725 3874 urbe,
2750 3821 2913 3877 quam
2941 3802 3036 3858 abs
3062 3803 3205 3857 urbe.

2365 3921 2526 3997 303
2556 3917 2862 3975 Avunculus
2895 3931 2992 3987 per
3021 3913 3128 3970 duo
3153 3930 3209 3979 ιι,
3238 3912 3364 3982 quia
3392 3911 3460 3964 ab
3484 3925 3583 3964 avo
3611 3905 3891 3963 diminuti-

2292 4031 2423 4072 vum
2462 4020 2570 4079 cst,
2599 4027 2668 4066 uo
2716 4008 2924 4081 syllaba
2967 4007 3022 4061 in
3067 4022 3177 4060 uun
3221 4018 3506 4060 conversa.
3543 4000 3723 4065 Alvus,
3767 4014 3888 4065 cum

2292 4114 2541 4162 ventrem
2572 4100 2865 4174 signiﬁcat,
2894 4112 2995 4169 per
3024 4112 3059 4151 u
3092 4095 3433 4168 digammon,
3473 4106 3597 4147 cum
3638 4105 3767 4145 vero
3793 4104 3885 4144 co-

2295 4196 2469 4254 iorem
2498 4193 2628 4270 [ιιι.
2661 4191 2788 4263 Reg.
2813 4188 3005 4245 addit:
3031 4187 3175 4257 quod
3213 4193 3300 4240 est
3328 4180 3506 4255 albus]
3525 4222 3540 4246 ,
3567 4195 3667 4254 per
3695 4180 3722 4234 b
3745 4177 3875 4234 scri-

2296 4290 2463 4347 bitur.
2490 4267 2600 4339 Ara
2626 4298 2753 4339 cum
2790 4281 2961 4336 altare
2999 4274 3287 4347 signiﬁcat,
3318 4273 3438 4329 sine
3464 4271 3498 4326 Ιι
3528 4267 3870 4342 aspiratione;

2297 4396 2425 4438 cum
2458 4392 2591 4434 vero
2620 4374 2801 4431 cubile
2834 4384 3148 4444 porcorum,
3184 4381 3307 4422 eum
3344 4363 3675 4435 aspiratione
3703 4358 3880 4417 scribi-

2301 4482 2409 4529 tur.
2439 4467 2692 4524 .Emulus
2718 4472 2775 4522 et
2802 4463 3028 4519 adimus
3054 4469 3109 4514 et
3134 4474 3372 4514 (erumna
3401 4456 3583 4511 omnia
3612 4469 3711 4525 per
3736 4452 3885 4523 diph.

2301 4565 2542 4633 thongon
2590 4557 2925 4613 scribuntur.
2956 4550 3314 4623 quuimunus
3355 4562 3453 4617 per
3492 4561 3538 4601 at
3576 4561 3808 4616 quoque,
3833 4543 3886 4599 id

2303 4663 2408 4722 est,
2440 4652 2801 4715 ambidexter,
2829 4647 2922 4718 qui
2951 4654 3180 4714 utraque
3209 4657 3373 4697 manu
3414 4648 3599 4696 utatur
3636 4656 3736 4711 pro
3766 4640 3885 4696 des-

2306 4758 2445 4804 tera.
2490 4745 2715 4808 Avarus,
2745 4738 2793 4796 si
2822 4738 3012 4793 vitium
3041 4735 3315 4807 signiﬁcat
3348 4747 3447 4805 per
3477 4747 3530 4786 u.
3576 4730 3635 4787 Si
3680 4733 3887 4801 gentem

2308 4841 2439 4917 [Με.
2472 4839 2600 4910 Reg.
2625 4836 2815 4892 addit:
2841 4832 2985 4905 quod
3028 4838 3113 4886 est
3150 4826 3351 4900 Abari]
3389 4841 3490 4898 per
3533 4826 3561 4882 b
3602 4826 3883 4881 scribatur.

2310 4914 2560 4987 Acclamo
2586 4943 2685 5000 per
2715 4927 2822 4982 duo
2847 4941 2897 4991 c,
2938 4924 2993 4979 id
3034 4928 3148 4983 est.
3175 4935 3300 4975 cum
3346 4917 3483 4974 falso
3530 4914 3762 4987 aliquem
3802 4931 3884 4971 ac-

2311 5038 2491 5082 cusso.
2543 5018 2833 5083 Reclamo,
2882 5016 3119 5087 aliquem
3158 5020 3447 5068 exeuntem
3495 5009 3755 5064 vocitans.
3799 5006 3884 5063 ln-

2309 5115 2506 5177 clamo,
2532 5119 2587 5167 et
2611 5109 2904 5173 succlamo,
2928 5103 3304 5161 murmurandi
3331 5111 3443 5167 est;
3469 5100 3744 5172 perclamo
3762 5097 3883 5172 [Με.

2310 5204 2461 5275 Reg.,
2490 5196 2840 5275 proclamat],
2872 5196 3120 5252 laudandi
3150 5192 3235 5249 vel
3262 5189 3582 5264 deprecandi
3608 5189 3883 5254 exaltatio;

2312 5297 2557 5355 declamo
2607 5293 2748 5369 Uis.
2782 5290 2933 5362 Reg.,
2968 5284 3277 5359 proclamo]
3342 5284 3731 5341 rhetorizandi.
3782 5283 3885 5338 Ex-

2311 5388 2517 5454 clamo,
2556 5385 2773 5456 quando
2817 5396 2919 5451 pro
2954 5379 3158 5435 viribus
3200 5390 3391 5433 vocem
3439 5376 3638 5432 exalto.
3680 5374 3801 5430 Alea
3840 5377 3883 5431 si

2310 5478 2498 5533 ludum
2544 5474 2817 5548 signiﬁcat
2845 5486 2943 5543 per
2970 5485 3030 5535 e;
3070 5468 3114 5525 si
3144 5467 3213 5523 ab
3252 5467 3391 5522 alius
3415 5467 3523 5520 alia
3562 5466 3730 5529 venit,
3758 5479 3844 5534 per
3869 5465 3886 5520 i

2315 5569 2532 5638 legitur.

2385 5659 2589 5715 Amittit
2636 5672 2734 5727 per
2761 5669 2930 5712 unum
2954 5670 3034 5717 ιη,
3066 5651 3118 5707 id
3160 5659 3245 5707 est
3265 5691 3278 5716 ,
3324 5649 3601 5720 relinquit.
3630 5647 3886 5703 Ammittit

2312 5770 2411 5826 per
2441 5754 2547 5809 duo
2576 5767 2651 5816 ιιι,
2694 5750 2749 5805 id
2776 5756 2882 5813 est,
2915 5743 3159 5801 assumit.
3201 5743 3323 5798 Ideo
3371 5742 3585 5795 inmissa
3617 5740 3882 5796 dicendum

2314 5859 2430 5916 est,
2461 5846 2694 5903 ammittc
2725 5855 2790 5909 te,
2825 5841 2900 5898 vel
2927 5840 3147 5895 admitte
3176 5837 3310 5911 {Ms
3344 5836 3502 5908 Reg,
3532 5835 3748 5891 inmissa
3773 5832 3885 5888 dici-
