4106 6524
335 427 446 488 ωε

1311 422 1789 482 ΒΙΒΑΞΕΑΙᾸΟΛ.·
1818 452 1885 462 --
1922 420 2009 475 DE
2050 415 2605 474 ORTHOGRAPHIA-

3497 409 3603 467 906

328 565 450 602 mus
476 546 710 611 animiti,
754 553 811 600 ut
839 542 1100 612 admitte].
1134 541 1350 611 A/Iatim
1376 553 1474 609 per
1500 537 1605 593 duo
1632 537 1675 605 ί,
1720 534 1773 589 id
1806 542 1913 596 est,
1947 543 1992 599 Α
2020 531 2170 587 canis
2195 528 2418 585 dicitur.
2451 527 2721 585 Canomia
2751 541 2850 596 per
2878 522 3247 596 diphthongon
3273 539 3320 579 te
3363 536 3605 580 commu-

327 641 544 706 statim,
580 639 667 694 vel
707 638 857 693 satis.
885 639 1054 709 Agger
1077 651 1173 706 per
1198 642 1304 690 duo
1338 651 1369 702 g
1414 629 1757 689 scribendum
1798 638 1910 695 est,

328 730 546 802 quando
575 738 805 786 stratam
850 728 1153 800 signiﬁcat;
1186 727 1231 783 si
1277 734 1457 779 autem
1491 739 1773 793 campum,
1820 720 1913 775 ubi

325 823 586 878 seminari
612 829 809 893 potest,
837 836 936 890 per
956 837 1122 875 unum
1147 838 1197 890 g.

402 915 659 970 Accentus
704 927 801 985 per
847 914 951 968 duo
993 930 1042 977 c,
1070 913 1161 967 ubi
1199 928 1303 966 vox
1352 911 1560 966 levatur
1589 908 1726 982 [Ms
1763 906 1913 978 Reg..

328 1007 599 1081 elevatur]
625 1008 681 1063 in
706 1007 891 1061 verbo.
921 1005 1122 1077 Angor,
1161 1004 1212 1059 id
1242 1014 1345 1070 est,
1382 1004 1686 1075 angustiam
1715 1000 1912 1072 patior,

328 1110 430 1169 per
466 1116 501 1153 n
523 1108 577 1153 et
606 1115 635 1169 g
667 1098 1007 1154 scribendum
1034 1104 1135 1152 est.
1169 1094 1506 1165 Afripcdem,
1551 1094 1601 1149 id
1631 1101 1735 1157 est,
1767 1091 1913 1146 velo—

326 1205 450 1246 cem
480 1205 577 1261 per
600 1207 634 1243 a
654 1197 708 1244 et
734 1207 761 1242 e
790 1187 986 1243 divisas
1020 1187 1304 1242 dicendum
1332 1194 1436 1241 est.
1466 1183 1655 1238 Allecti
1684 1197 1783 1253 per
1812 1182 1918 1236 duo

328 1282 369 1345 ι,
401 1282 453 1336 id
481 1290 584 1348 est,
607 1282 785 1346 electi,
815 1281 937 1335 inde
960 1279 1136 1351 allegit
1156 1279 1374 1333 dicitur.
1400 1277 1600 1341 Allicit,
1624 1277 1679 1330 id
1705 1282 1806 1340 est,
1835 1276 1919 1329 in-

324 1374 496 1436 vitat,
541 1371 812 1427 similiter.
844 1369 1046 1435 Altilia,
1087 1370 1240 1438 quasi
1272 1367 1504 1431 alatilia,
1550 1367 1604 1420 id
1632 1373 1747 1431 est,
1790 1379 1920 1419 aves

323 1462 608 1532 saginatae.
636 1460 901 1515 Attonitus
933 1473 1032 1529 per
1074 1461 1181 1516 duo
1216 1468 1269 1524 t,
1315 1459 1367 1515 id
1410 1466 1515 1523 est,
1549 1457 1790 1511 intentus
1832 1456 1917 1509 vel

324 1563 553 1624 stupore
577 1551 822 1608 dill'uSus.
844 1550 1068 1622 Attingit
1091 1568 1187 1624 per
1209 1551 1314 1607 duo
1335 1560 1354 1605 t
1377 1551 1667 1608 scribatur.

927 1666 1229 1723 ιιτιΕιιΑ
1266 1666 1329 1722 Β.

405 1784 706 1840 Benedictio
728 1791 783 1839 et
800 1784 975 1838 oratio
997 1793 1016 1837 t
1043 1783 1241 1839 debent
1265 1782 1468 1837 habere
1493 1784 1547 1837 in
1569 1795 1706 1853 pene
1732 1782 1918 1837 ultima

2019 637 2145 677 nem
2173 635 2415 677 muscam
2433 660 2449 686 ,
2479 618 2534 674 id
2562 628 2678 682 est,
2706 617 2885 673 omnis
2910 617 3123 689 generis
3149 629 3390 672 muscam
3428 615 3610 683 signat

2020 710 2147 781 (Ms.
2176 709 2326 781 Κεφ,
2371 708 2692 781 signiﬁcat],
2720 708 2846 780 quia
2882 723 3063 763 annon
3089 706 3279 765 Graece
3322 721 3609 765 commune

2018 803 2246 868 dicitur;
2282 801 2421 855 unde
2450 800 2739 856 cmuobium
2770 798 2892 872 [Ms.
2923 798 3065 864 Sal,
3107 797 3421 874 ctenubt'um]
3460 812 3609 855 com-

2018 892 2198 947 munis
2227 891 2494 946 habitatio
2532 888 2859 961 appellatur.
2887 885 3133 944 Carduus
3172 888 3339 944 trium
3377 886 3611 962 syllaba-

2018 999 2140 1038 rum
2164 992 2268 1049 est,
2301 984 2443 1038 sicut
2470 981 2693 1046 arduus,
2721 979 2924 1050 fatuus,
2962 987 3221 1036 mortuus.
3251 977 3460 1051 Cuspis,
3486 996 3610 1035 cus-

2017 1074 2177 1144 pidis,
2204 1088 2309 1127 non
2345 1085 2560 1142 cuspcs.
2588 1067 2997 1124 Commodamus
3018 1081 3141 1139 qua:
3170 1068 3480 1139 recipimus,
3511 1083 3612 1140 per

2018 1166 2124 1221 duo
2154 1183 2205 1219 m
2252 1166 2544 1223 scribatur.
2580 1163 2915 1227 Mutuamus,
2964 1162 3091 1217 dum
3134 1160 3363 1233 aequalia
3408 1161 3610 1232 recipi-

2020 1272 2158 1311 mus.
2191 1254 2494 1311 Comminus
2523 1268 2621 1324 per
2657 1254 2764 1307 duo
2811 1267 2893 1317 nt,
2936 1252 3139 1305 eminus
3179 1266 3281 1321 per
3322 1267 3489 1311 unum
3528 1268 3608 1309 ιιι.

2019 1344 2324 1401 Comminus
2364 1345 2495 1402 cum
2519 1345 2713 1418 gladiis
2754 1359 3087 1414 pugnamus;
3114 1345 3317 1401 eminus
3341 1359 3465 1400 cum
3493 1344 3612 1403 lan—

2019 1438 2162 1500 ceis;
2189 1438 2319 1508 quia
2346 1438 2479 1494 illud
2506 1452 2537 1490 a
2573 1452 2736 1492 manu
2762 1452 2870 1492 non
2899 1435 3135 1501 recedit;
3170 1434 3276 1492 hoc
3300 1450 3334 1493 ε
3360 1437 3611 1495 manibus

2019 1528 2307 1583 emittitur.
2337 1526 2576 1583 Collocat
2604 1543 2702 1598 per
2725 1529 2829 1583 duo
2850 1528 2872 1581 Ι
2893 1528 3169 1584 scribitur.

2089 1637 2254 1713 305.
2279 1638 2469 1705 Cerno,
2492 1647 2550 1696 et
2573 1655 2751 1695 cresco
2778 1649 2835 1696 et
2864 1640 3032 1712 glisco
3075 1640 3129 1695 in
3170 1655 3338 1699 manu
3366 1642 3611 1712 praeteri-

2021 1739 2135 1786 tum
2164 1730 2467 1801 perfectum
2491 1730 2739 1795 veniunt,
2768 1733 2913 1804 quod
2944 1739 3030 1789 est
3055 1733 3211 1789 crevi.
3245 1729 3413 1805 Cupio
3440 1733 3614 1809 cupiti

2020 1821 2153 1880 facit
2173 1832 2230 1878 et
2259 1825 2419 1894 cupii.
2452 1821 2638 1879 Casses
2681 1822 2816 1879 retia
2856 1825 3135 1891 dicuntur.
3162 1840 3260 1897 per
3287 1823 3394 1883 duo
3418 1843 3445 1883 s
3466 1827 3610 1885 seri-

326 1876 564 1947 syllaba,
588 1889 695 1929 non
716 1891 743 1928 c
765 1882 822 1928 et
846 1874 951 1929 alia
979 1874 1198 1929 similia.
1219 1872 1265 1927 Β
1290 1872 1344 1928 in
1371 1890 1396 1927 s
1424 1880 1666 1928 mutatur
1690 1886 1920 1943 sequen-
1949 1896 1997 1958 Β
2022 1872 3135 1972 ww"?
3162 1872 3249 1897 ¹’”’
3290 1872 3391 1930 ’⁷’Τ
3418 1872 3443 1883 ’
3470 1872 3577 1885 ’“’”

506 1975 524 1987 ,
555 1975 597 1987 Α,
639 1984 653 1987 _
1081 1964 1294 1987 “mw,
1346 1961 1604 1987 ,μείω
1631 1964 1696 1987 ,ι
1730 1964 1894 1987 ΛΜ-
2173 1956 2187 1971 .
2922 1957 2940 1980 ,
2964 1932 3088 1987 quae
3117 1932 3174 1973 in
3208 1919 3475 1976 convrrite
3514 1932 3613 1978 ca»

328 1970 478 2024 tibus
504 1975 524 2020 t
547 1975 602 2022 et
628 1984 674 2031 ε,
702 1973 784 2029 ιιι,
811 1963 1047 2029 sustulit,
1076 1964 1314 2033 suscipit.
1339 1961 1604 2032 Betti/iens
1631 1964 1701 2020 ab
1728 1964 1919 2019 adver—

327 2061 422 2116 bio
448 2059 573 2115 bene
601 2057 960 2126 compositum
989 2070 1088 2126 per
1110 2054 1138 2108 b
1165 2055 1451 2118 scribatur,
1483 2054 1744 2124 veneﬁcus
1769 2070 1799 2108 a
1827 2069 1919 2110 ve-

329 2165 473 2207 neno
502 2164 599 2221 per
642 2167 697 2203 u.
736 2148 826 2202 Bis
855 2146 1169 2203 adverbium
1206 2160 1304 2217 per
1331 2146 1383 2210 b,
1428 2146 1503 2201 ris
1532 2160 1728 2201 nomen
1756 2160 1856 2215 per
1883 2162 1919 2199 ιι

334 2242 678 2300 scribendum
704 2249 788 2297 est
821 2239 950 2314 [Hs.
980 2238 1129 2311 Reg.,
1160 2239 1435 2303 scribitur,
1466 2248 1527 2294 ut
1552 2240 1667 2294 haec
1689 2241 1794 2304 vis,
1821 2240 1921 2293 hu-

328 2333 420 2404 jus
448 2336 548 2403 vis,
579 2337 704 2414 huic
744 2333 854 2405 vil.
885 2334 1000 2389 Bile
1028 2334 1072 2388 si
1106 2332 1175 2388 fel
1217 2331 1488 2404 signiﬁcat
1518 2348 1616 2401 per
1646 2333 1699 2398 b,
1740 2333 1787 2387 si
1822 2333 1919 2386 ab-

327 2423 531 2494 jcctum
559 2424 785 2495 aliquid,
809 2424 954 2494 quod
978 2431 1062 2479 est
1093 2421 1212 2487 vile,
1239 2437 1337 2493 per
1376 2440 1410 2477 ιι
1440 2422 1783 2478 scribendum
1813 2431 1916 2478 est.

332 2516 510 2571 Berna
536 2518 579 2572 si
608 2517 752 2572 domi
778 2515 1017 2586 genitum
1041 2514 1324 2583 signiﬁcat,
1362 2513 1415 2568 id
1442 2521 1545 2577 est,
1575 2512 1918 2568 σηοω-»ιη

331 2623 432 2680 per
453 2609 481 2663 b
509 2607 852 2664 scribendum
883 2615 997 2671 est;
1028 2606 1073 2661 si
1104 2614 1336 2675 tempus,
1375 2612 1437 2660 ut
1466 2621 1621 2660 verna
1650 2612 1916 2675 tempora,

332 2716 432 2773 ρει·
452 2720 485 2756 u
508 2702 672 2757 scribi
698 2708 948 2755 auctores
972 2697 1275 2754 voluerunt.
1301 2695 1538 2751 Berbena
1558 2703 1789 2766 utraque
1813 2709 1863 2762 ε)
1880 2694 1923 2750 Ι‹

333 2795 456 2852 laba
483 2811 515 2850 a
542 2796 571 2849 b
598 2796 840 2865 incipiat.

407 2889 708 2962 [Belzebub,
740 2904 847 2943 non
895 2885 1164 2943 Belzebul.
1212 2883 1407 2951 Belial,
1451 2898 1559 2940 non
1590 2881 1770 2938 Beliar
1809 2881 1918 2937 dici

333 2983 514 3041 debet.
555 2981 849 3052 Baptismut
870 2978 1124 3048 baptismi
1161 2991 1356 3048 genere
1385 2972 1705 3035 masculino,
1737 2981 1793 3027 et
1829 2972 1920 3026 ba-

335 3078 526 3148 ptisma
550 3073 908 3146 baptismatis,
929 3078 987 3126 et
1009 3070 1322 3141 baptismum
1349 3064 1599 3137 baptismi
1618 3062 1754 3138 [Με.
1777 3062 1918 3129 Sat,

338 3171 657 3240 baptismus,
686 3167 978 3239 baptisma,
1003 3163 1133 3237 etc]
1166 3163 1460 3219 invenitur.

2020 2015 2245 2073 nuntur,
2277 2022 2375 2079 per
2392 2023 2423 2061 e
2447 2007 2751 2079 simplicem
2774 2007 3056 2065 scribitur.

2089 2096 2375 2162 Combaro,
2402 2113 2674 2168 comparo,
2701 2112 2953 2169 compono
2980 2111 3083 2171 per
3124 2114 3178 2156 nt
3218 2105 3276 2155 et
3302 2112 3407 2157 non
3448 2113 3551 2175 per
3572 2116 3613 2159 ιι

2017 2190 2361 2247 scribuntur:
2385 2184 2464 2245 sic
2482 2188 2802 2260 complaceo,
2818 2196 3193 2257 commoratus,
3207 2190 3611 2261 comprehendo.

2018 2277 2336 2345 commodat,
2361 2280 2751 2350 computrescit,
2777 2277 3131 2347 commendat,
3149 2295 3445 2345 commune,
3470 2297 3612 2341 eo...

2019 2371 2195 2443 plures
2218 2380 2274 2426 et
2300 2370 2427 2426 talia
2444 2369 2574 2440 (Hs.
2591 2369 2717 2439 Reg.
2739 2370 2920 2425 addit:
2946 2384 3049 2441 per
3065 2370 3417 2431 mscrihenda
3434 2372 3610 2447 sunt].

2017 2460 2266 2518 Camelus
2289 2475 2388 2532 per
2410 2469 2578 2517 unum
2600 2461 2638 2514 ι.
2667 2460 2813 2527 Cela,
2834 2461 2999 2528 telas,
3025 2461 3081 2520 id
3096 2471 3180 2519 est
3194 2462 3489 2533 abscondo,
3514 2481 3613 2538 per

2019 2552 2318 2623 simplicem
2345 2570 2391 2607 e.
2424 2551 2615 2626 lardo,
2641 2553 2820 2618 calas,
2850 2570 2974 2609 cum
3004 2552 3272 2626 picturam
3310 2557 3610 2630 signiﬁcat.

2019 2658 2116 2713 per
2158 2660 2206 2698 te
2248 2643 2621 2714 diphthongon
2675 2643 3021 2700 scribendum
3070 2655 3173 2700 est.
3218 2644 3372 2704 Unde
3417 2647 3615 2708 melius

2020 2732 2339 2807 intelligitur
2380 2733 2567 2790 cwlum
2605 2750 2637 2788 a
2684 2734 2896 2805 pictura
2940 2734 3216 2802 siderum,
3251 2754 3417 2808 quam
3455 2754 3485 2794 a
3526 2758 3617 2798 ce.

2017 2826 2181 2884 tando
2221 2825 2542 2883 mortalibus
2568 2840 2767 2881 arcana
2798 2825 3021 2882 dictum.
3048 2825 3203 2883 Circa
3239 2828 3307 2883 ad
3341 2829 3609 2889 visibilem

2022 2919 2308 2977 materiam
2360 2917 2448 2974 vel
2510 2915 2687 2973 locum
2741 2916 2999 2989 pertinet.
3054 2917 3201 2990 Erga
3251 2921 3320 2977 ad
3370 2922 3611 2981 animum

2021 3018 2257 3082 spectat,
2295 3007 2536 3065 maxime
2577 3023 2703 3063 cum
2743 3006 2978 3079 aliquem
3033 3011 3439 3080 propensiorem
3477 3013 3612 3070 affe-

2019 3111 2165 3159 ctum
2204 3107 2427 3174 generat
2467 3096 2882 3170 proximorum]
2916 3094 3131 3153 Circum
3166 3100 3233 3156 ad
3264 3108 3480 3175 tempus
3527 3121 3612 3162 re-

414 3258 462 3315 B
490 3258 896 3359 Ιὶιιθηξξὶοηιη
978 3268 1094 3359 ηξη.
1114 3250 1439 3359 δθηθίηξθξί
1488 3248 1544 3359 Ψ
1559 3243 1997 3359 fff“_ff‘ff'c
2212 3234 2444 3339 localem
2490 3281 2653 3338 habet
2698 3278 3184 3352 signiﬁcationem,
3213 3291 3276 3339 ut
3306 3303 3321 3337 :
3359 3288 3435 3341 cis
3463 3284 3614 3359 Alpi-

344 3351 404 3408 in
430 3347 851 3421 compositione,
878 3354 941 3400 ut
963 3343 1094 3414 oliui
1126 3358 1236 3399 non
1270 3340 1454 3411 obfui;
1485 3340 1682 3410 διιπενο
1704 3352 1804 3408 pro
1824 3335 1944 3391 sub-

346 3441 486 3512 {ero.
510 3437 559 3494 Β
588 3437 779 3511 quoin
802 3453 827 3492 s
866 3435 1103 3493 transire
1144 3431 1286 3487 solet
1327 3429 1513 3487 multis
1555 3429 1612 3483 in
1653 3427 1813 3492 locis,
1860 3431 1942 3489 ut,

342 3531 561 3597 sustuli,
592 3529 843 3601 suscipio,
868 3535 1133 3591 susteneo,
1161 3522 1463 3595 suspendo;
1506 3535 1609 3591 pro
1639 3518 1862 3583 subtuli,
1890 3525 1945 3572 et

344 3621 616 3693 subcipio,
638 3628 693 3674 et
715 3619 1000 3683 subteneo,
1042 3624 1100 3673 et
1127 3613 1431 3686 subpendo.
1470 3611 1575 3668 Bes
1610 3612 1725 3665 sive
1778 3610 1946 3674 bisse,

346 3711 494 3786 quod
510 3710 786 3784 signiﬁcat
803 3725 901 3765 vni
925 3706 1114 3765 uncias
1134 3722 1234 3779 per
1287 3703 1316 3759 b
1352 3702 1704 3762 scribendum
1738 3699 1947 3757 est.Bi-

343 3820 487 3869 mus,
511 3803 670 3874 quasi
699 3800 976 3867 bihiemis,
1002 3808 1059 3857 et
1086 3799 1214 3854 inde
1249 3797 1491 3855 bimatus
1519 3794 1824 3860 derivatur,
1861 3809 1888 3846 a
1916 3792 1944 3845 b

344 3891 571 3965 incipit;
603 3899 661 3948 et
683 3890 887 3949 biennis
908 3887 1066 3961 quasi
1096 3888 1325 3944 duorum
1347 3899 1635 3942 annorum.
1661 3882 1945 3939 Benivolus

348 3992 409 4041 et
450 3983 729 4055 benignus,
770 3988 829 4038 et
873 3979 1150 4050 beniﬁcus,
1182 3977 1311 4036 licet
1347 3991 1379 4031 a
1427 3977 1556 4032 bene
1579 3975 1840 4031 adverbio
1874 3975 1950 4030 sit

347 4074 734 4147 compositum,
762 4079 949 4128 tamen
982 4085 1080 4142 per
1111 4070 1130 4123 i
1160 4084 1270 4125 non
1301 4081 1401 4141 per
1433 4083 1464 4122 e
1488 4067 1545 4123 in
1573 4065 1811 4123 secunda
1840 4065 1948 4137 syl-

348 4166 471 4223 laba
488 4167 749 4223 scribitur
772 4183 784 4218 :
803 4160 1056 4221 similiter
1078 4168 1135 4217 et
1157 4156 1457 4223 malivolus,
1481 4156 1783 4227 maliﬁcus;
1808 4156 1949 4213 sicut

347 4275 380 4314 ιι
410 4267 546 4332 pace
563 4256 841 4328 paciﬁcus.

418 4350 554 4407 Bibo
578 4365 609 4405 a
637 4357 764 4422 potu
783 4363 881 4419 per
897 4345 1049 4405 duob
1073 4355 1133 4401 et
1155 4344 1287 4402 facit
1302 4344 1636 4416 przcteritum
1653 4342 1778 4396 bibi.
1816 4339 1946 4397 Viro

347 4458 378 4497 a
400 4443 511 4498 vita
539 4456 639 4514 per
658 4440 765 4496 duo
786 4457 814 4495 υ
865 4448 922 4495 ει
948 4439 1109 4497 ambo
1137 4446 1521 4503 consonantes,
1563 4446 1621 4490 et
1644 4433 1779 4490 facit
1807 4448 1947 4505 pm.

346 4533 571 4589 teritum
602 4532 726 4588 vici.
762 4530 995 4597 Birium,
1024 4529 1136 4585 iter
1156 4527 1374 4600 duplex,
1405 4527 1581 4598 prima
1604 4524 1813 4599 syllaba
1839 4540 1868 4578 a
1914 4525 1942 4578 b

346 4622 560 4696 incipit.
576 4622 812 4681 secunda
834 4621 903 4678 ab
918 4639 953 4675 u
973 4628 1330 4678 consonante.
1354 4615 1557 4683 Brevis,
1581 4616 1818 4673 secunda
1842 4614 1949 4686 syl—
1970 4622 2017 4683 ι)

345 4717 467 4773 laba
501 4732 601 4789 per
626 4735 677 4783 υ,
708 4716 833 4773 inde
864 4712 1125 4771 breviter.
1161 4708 1428 4775 Balteuut,
1449 4707 1750 4781 cingulum,
1774 4721 1873 4779 per
1919 4721 1950 4761 e

342 4809 637 4865 scribatur.
671 4805 799 4871 Beo,
825 4805 983 4871 beas;
1015 4802 1142 4859 inde
1170 4800 1352 4856 beatus
1384 4814 1402 4853 .'
1430 4799 1575 4857 sicut
1604 4814 1740 4864 meo,
1769 4812 1938 4861 meas,

345 4899 471 4965 inde
494 4907 730 4953 meatus:
752 4904 809 4953 et
835 4911 978 4961 creo,
1001 4908 1172 4958 creas,
1201 4889 1326 4946 inde
1352 4898 1580 4945 creatus.

943 5003 1243 5061 LITTERA
1283 5003 1346 5058 C.

423 5118 600 5175 Causa
628 5134 726 5192 per
767 5132 932 5174 unum
958 5135 981 5173 s
1006 5118 1294 5174 scribatur.
1328 5131 1353 5159 ι
1377 5116 1590 5172 Circum
1626 5120 1940 5190 przepositio

352 5213 676 5284 quibusdam
706 5213 759 5267 in
789 5212 921 5268 locis
943 5228 992 5265 ιιι
1018 5210 1242 5273 amittit,
1265 5218 1326 5264 ut
1352 5211 1609 5277 circuire;
1636 5212 1688 5266 in
1716 5213 1940 5283 quibus-

355 5307 479 5362 dam
515 5313 724 5368 servat,
753 5311 812 5360 ut
847 5304 1182 5358 circumvenit
1207 5317 1225 5354 :
1254 5303 1307 5359 in
1347 5305 1668 5373 quibusdam
1713 5314 1938 5376 postpo-

356 5399 523 5461 nitur,
550 5406 609 5451 ut
640 5395 918 5467 Virgilius:
946 5392 1120 5448 Maria
1142 5394 1318 5448 omnia
1341 5393 1558 5447 circum.
1583 5393 1819 5450 Caverna
1842 5410 1940 5466 per

358 5505 424 5555 u;
450 5488 665 5542 taberna
692 5499 789 5556 per
810 5484 839 5538 b
862 5483 1151 5539 scribatur.

430 5576 595 5641 Cana,
625 5576 669 5631 si
700 5575 873 5629 locum
902 5571 1166 5644 signiﬁcat
1208 5587 1304 5641 per
1334 5588 1503 5627 unum
1528 5590 1582 5637 η,
1611 5574 1656 5629 si
1694 5589 1938 5645 germen,

2025 3391 2149 3430 nam
2177 3371 2406 3429 Calliam
2432 3386 2450 3424 :
2479 3381 2534 3426 ct
2573 3385 2673 3442 pro
2707 3371 2849 3426 ultra
2877 3371 3174 3442 accipitur;
3205 3382 3304 3430 ut:
3334 3376 3409 3430 cis
3433 3379 3612 3449 prteﬁ-

2025 3466 2191 3520 nilum
2214 3474 2433 3536 tempus,
2465 3462 2570 3518 hoc
2597 3470 2701 3526 est,
2729 3461 2908 3528 ultra;
2929 3477 2997 3517 ex
3024 3479 3091 3518 eo
3115 3460 3269 3519 citra.
3294 3464 3442 3522 Citra
3468 3483 3617 3525 eam-

2026 3559 2149 3616 dem
2195 3573 2331 3630 pene
2358 3557 2809 3629 signiﬁcationem
2838 3556 3001 3612 habet
3031 3558 3172 3629 quod
3199 3559 3294 3615 eis.
3333 3557 3445 3616 Nisi
3474 3563 3618 3633 quod

2024 3649 2261 3721 propriis
2287 3647 2599 3703 nominibus
2634 3650 2743 3711 cis;
2785 3654 2840 3701 et
2885 3646 3222 3718 appellativis
3265 3650 3397 3705 citra
3424 3652 3619 3723 smpius

2026 3738 2265 3810 praeponi
2283 3735 2438 3793 solet.
2464 3734 2553 3791 Cis
2574 3735 2845 3801 Rhenum;
2868 3737 2943 3791 cis
2968 3735 3154 3807 Alpes;
3184 3738 3318 3793 citra
3346 3738 3542 3808 forum,
3565 3752 3622 3797 et

2028 3845 2061 3885 a
2081 3830 2175 3896 eis,
2201 3831 2374 3884 citra:
2397 3842 2429 3882 a
2450 3829 2605 3893 citra,
2629 3828 2776 3892 riter,
2804 3826 3035 3891 citerior,
3064 3829 3365 3885 citissimns.

2099 3922 2320 3978 Circiter
2346 3922 2416 3977 ad
2460 3934 2747 3977 numerum
2778 3920 2953 3976 solum
2996 3923 3253 3991 pertinet,
3280 3932 3341 3978 ut
3370 3944 3380 3975 :
3413 3924 3622 3981 circiter

2028 4018 2131 4072 tria
2160 4016 2361 4082 millia,
2401 4013 2489 4070 vel
2517 4014 2727 4068 circiter
2766 4012 3020 4068 horarum
3065 4014 3263 4070 decem.
3294 4014 3488 4072 Carcer
3525 4019 3619 4073 ubi

2029 4110 2279 4168 homines
2299 4108 2646 4164 clauduntur.
2665 4103 2916 4161 Caret-res
2936 4105 3080 4161 unde
3103 4108 3378 4179 quadriga:
3398 4121 3617 4165 exeunt.

2029 4206 2175 4278 Cepit
2217 4223 2315 4278 per
2352 4202 2655 4276 simplicem
2697 4220 2725 4258 e
2774 4219 2803 4258 a
2853 4204 3136 4274 capiendo.
3197 4203 3359 4278 Carpit
3400 4222 3499 4277 per
3539 4208 3621 4264 di-

2030 4299 2347 4369 phthongon
2361 4311 2408 4351 te
2423 4294 2490 4350 dc
2505 4294 2833 4365 incipiendo.
2854 4292 3031 4365 Ctepta
3044 4310 3143 4365 per
3158 4296 3524 4368 diphthongon
3540 4315 3587 4353 te
3604 4317 3619 4356 :

2032 4390 2243 4462 incepta
2274 4403 2376 4459 per
2404 4386 2703 4457 simplicem
2733 4403 2780 4441 e.
2808 4383 2919 4440 Con
2948 4388 3258 4457 praepositio
3297 4389 3343 4442 si
3366 4388 3434 4445 ad
3456 4388 3621 4462 verba

2034 4496 2064 4535 a
2094 4458 2368 4538 vocalibus
2394 4477 2708 4549 incipientia
2738 4475 2991 4543 accedat,
3021 4492 3054 4531 n
3087 4488 3472 4535 consonantem
3499 4458 3622 4553 pet:-

2041 4572 2141 4635 dit,
2169 4580 2247 4638 ut,
2275 4586 2444 4641 atquo,
2471 4584 2715 4642 eoaque;
2744 4587 2825 4636 eo,
2859 4586 3000 4636 coeo,
3026 4578 3081 4625 et
3109 4571 3333 4643 reliqua.
3358 4571 3415 4629 Si
3441 4583 3621 4633 autem

2041 4666 2107 4721 ad
2138 4665 2302 4721 verba
2325 4678 2357 4718 ιι
2386 4661 2694 4735 digammon
2721 4663 3054 4733 incipientia,
3078 4680 3185 4719 non
3213 4666 3389 4736 perdit
3419 4684 3453 4720 n
3480 4666 3624 4723 litte-

2040 4772 2182 4818 ram,
2210 4764 2294 4818 ut,
2323 4752 2462 4819 volo,
2493 4752 2742 4818 convolo;
2777 4754 2945 4818 uinco,
2973 4756 3237 4811 convinco.
3268 4754 3497 4829 Coquus,
3536 4776 3626 4816 co-

2040 4849 2149 4917 qui,
2188 4844 2362 4915 prima
2388 4842 2594 4915 syllaba
2625 4858 2723 4914 per
2745 4860 2804 4907 c;
2831 4843 3065 4898 secunda
3105 4860 3202 4916 per
3238 4864 3289 4914 q.
3317 4846 3435 4902 Non
3476 4850 3621 4906 enim

2043 4936 2272 4990 dicimus
2295 4949 2575 5005 quoquere,
2620 4933 2714 4988 sed
2743 4946 2998 5002 coquere.
3022 4930 3270 5006 Conjunz
3306 4935 3430 5009 [Μιι.
3462 4937 3620 5010 Reg.,

2041 5023 2255 5099 conjax]
2278 5023 2576 5081 secundum
2600 5022 2905 5093 analogiam
2940 5038 3040 5095 per
3072 5040 3106 5078 n
3132 5026 3476 5084 scribendum
3505 5038 3623 5097 est,

2044 5130 2102 5175 ιιι
2124 5118 2389 5190 conjunx;
2416 5116 2510 5172 sed
2536 5115 2822 5186 euphonim
2844 5130 3009 5171 causa
3038 5132 3071 5171 ιι
3094 5116 3301 5172 tollitur
3318 5127 3374 5175 et
3394 5120 3625 5179 dicimus

2041 5210 2256 5279 conjux.
2292 5206 2333 5261 C
2363 5216 2643 5277 sequente,
2674 5206 2855 5262 nullus
2891 5206 3095 5264 vocalis
3139 5207 3268 5281 [Με.
3297 5209 3444 5282 Reg.,
3479 5214 3623 5271 nulla

2040 5298 2264 5372 vocalis]
2291 5299 2581 5369 aspiratur,
2611 5306 2672 5352 ut
2694 5299 2857 5363 acies,
2879 5315 3012 5361 ecce,
3039 5298 3241 5353 oculus.

2113 5392 2331 5457 Carlebs,
2356 5393 2448 5462 qui
2473 5391 2576 5448 sibi
2602 5392 2706 5446 iter
2731 5388 2860 5445 facit
2886 5392 2953 5446 ad
2974 5390 3171 5446 cmlum
3194 5409 3208 5457 ;
3230 5400 3285 5448 et
3308 5392 3492 5450 caelebs
3514 5409 3628 5451 cm-

2047 5486 2263 5541 lcstium
2287 5482 2490 5539 ducens
2525 5483 2724 5545 vitam;
2754 5489 2809 5535 et
2837 5480 3090 5546 cwlicola,
3121 5482 3211 5552 qui
3242 5484 3440 5539 caelum
3476 5485 3624 5553 colit,

2050 5586 2112 5633 ut
2137 5576 2373 5649 angelus.
2404 5574 2530 5629 Haec
2565 5589 2663 5643 per
2689 5590 2734 5627 re
2758 5572 3125 5643 diphthongon
3164 5575 3448 5630 scribenda
3477 5589 3624 5633 sunt.

361 5670 413 5725 id
440 5676 543 5732 est,
573 5682 741 5720 canna
772 5679 868 5735 per
894 5662 999 5717 duo
1026 5679 1059 5715 η
1086 5660 1376 5716 scribatur.
1404 5659 1678 5732 Cynomia,
1712 5663 1756 5718 si
1789 5679 1886 5734 per
1911 5682 1941 5734 ν
2053 5668 2380 5731 ϐοωιαηειιε,
2428 5668 2580 5737 quasi
2638 5680 2857 5735 compar
2914 5666 3089 5721 :etatis
3114 5708 3127 5729 ,
3182 5674 3238 5721 et
3291 5682 3388 5738 per
3444 5684 3490 5722 ω
3541 5669 3621 5724 di.

360 5758 651 5821 scribatur,
674 5755 924 5810 caninam
954 5766 1194 5808 muscam
1220 5752 1505 5820 signiﬁcat.
1533 5751 1725 5823 (ἔχρισε,
1756 5754 1944 5811 Grrcce
2052 5763 2363 5832 phthongon
2399 5759 2671 5816 scribitur.
2709 5755 2872 5821 Cado,
2900 5760 3083 5823 cecidi,
3119 5773 3149 5811 a
3172 5759 3415 5816 cadendo
3455 5773 3552 5829 per
3578 5767 3626 5815 et

434 5886 459 5916 ι
489 5872 625 5931 Vide
648 5869 1053 5943 grammaticam
1079 5867 1145 5924 de
1169 5866 1655 5937 prtcpositionihus.

846 5965 1122 6026 Parant.
1179 5960 1278 6023 Cl.
3111 5956 3200 6017 29
