4106 6474
557 325 660 384 9οἹ

1359 337 1420 393 Β.
1457 334 1520 393 F.
1561 334 1788 393 ALBINI
1829 331 1962 392 SEU
2001 331 2278 392 ALCUINI
2315 332 2604 392 OPERUM
2640 333 2818 392 PARS
2853 332 2963 390 VII.

3711 335 3814 390 908

537 445 720 515 Credo,
736 444 937 513 ctecidi,
968 460 998 500 a
1023 445 1375 517 percutiendo
1398 461 1496 520 per
1518 463 1564 501 te
1591 445 1966 518 diphthongon
1981 445 2118 502 scri-
2147 452 2198 510 Α
2222 454 2378 502 extra
2406 448 2580 504 solum
2601 458 2701 505 εει.
2721 447 2942 503 Exultat
2973 444 3166 503 melius
3193 446 3310 503 sine
3331 463 3356 502 s
3383 447 3665 514 scribitur,
3688 450 3818 519 quia

538 541 706 598 bitur.
725 540 885 608 Cedo,
915 539 1076 608 cessi,
1107 555 1138 595 a
1164 539 1506 606 declinando,
1537 555 1635 612 per
1657 557 1686 595 ε
1714 539 1992 596 scribitur.
2023 537 2126 594 Ca-

2227 554 2265 593 :c
2285 553 2352 594 ex
2371 555 2401 593 ο
2438 547 2494 594 ει
2520 556 2546 594 s
2577 548 2812 595 constat.
2837 539 2910 594 Αἰ
2916 557 3048 612 quor
3075 553 3294 610 aequora
3319 554 3416 608 per
3454 556 3500 595 te
3523 539 3820 610 diphthon-

540 631 652 699 luo,
680 631 734 688 id
759 640 843 688 est
865 631 1097 702 decipio,
1137 647 1293 702 ρει-ιι
1320 632 1608 697 scribitur;
1643 629 1798 686 Calui
1828 631 2127 688 secundum
2193 645 2334 702 .gon
2371 631 2538 687 scribi
2579 632 2762 698 debet,
2802 632 2929 703 quia
2969 632 3038 687 ab
3076 646 3217 702 aqua
3251 639 3556 687 estnomen
3591 633 3817 688 factum.

539 724 782 798 regulam
810 723 972 780 debet
995 723 1197 788 facere,
1225 730 1281 778 et
1305 722 1502 780 exinde
1529 719 1798 777 calumnia
1827 721 2124 777 derivatur.

1137 833 1440 892 LITTERA
1473 811 1578 890 n.“

611 928 872 985 Dilectum
899 929 968 985 ab
997 927 1262 984 electione
1288 943 1386 999 per
1425 926 1502 982 di.
1546 924 1682 979 Nam
1714 923 1860 995 diligi
1893 922 2134 979 atl'ectio-

544 1021 630 1076 nis
658 1028 773 1087 est,
815 1019 942 1075 inde
969 1019 1187 1075 dilectio
1212 1027 1268 1074 et
1292 1017 1457 1088 diligo
1480 1015 1612 1089 [Ms.
1639 1015 1790 1084 Reg.,
1811 1015 1951 1070 Nam
1985 1014 2136 1086 diligi

543 1112 844 1170 affectionis
885 1121 1000 1179 cst;
1038 1111 1196 1184 deligi
1237 1109 1472 1183 iudicii].
1516 1109 1686 1181 Deligi
1726 1124 1823 1180 per
1849 1109 1945 1174 de;
1977 1107 2136 1178 deligi

538 1203 728 1274 iudicii
754 1212 857 1260 est.
881 1202 1164 1268 Delictum,
1192 1203 1246 1256 id
1266 1211 1368 1268 est,
1400 1208 1705 1272 peccatum,
1739 1200 1792 1255 in
1821 1200 1994 1271 prima
2026 1199 2136 1271 syl-

541 1295 669 1354 laba
693 1311 792 1368 per
809 1313 860 1364 e,
884 1296 938 1352 in
961 1296 1197 1352 secunda
1223 1297 1357 1367 peri
1381 1294 1729 1350 scribendum
1749 1301 1851 1349 est.
1877 1290 2134 1360 Dilectus,

548 1389 600 1445 id
623 1398 707 1446 est
731 1390 951 1455 charns,
981 1395 1191 1444 mutato
1219 1388 1409 1444 ordine
1441 1388 1458 1440 i
1489 1388 1541 1442 in
1571 1386 1749 1457 prima
1778 1384 2007 1457 syllaba,
2036 1393 2088 1437 et
2112 1400 2139 1438 e

550 1481 602 1538 in
654 1483 889 1540 secunda
933 1481 1094 1539 debet
1140 1481 1329 1537 scribi.
1368 1479 1658 1535 Delectatio
1695 1486 1752 1532 et
1790 1475 2040 1542 delector,
2087 1480 2141 1530 et

549 1592 668 1648 qua:
699 1574 1040 1632 declinantur
1077 1586 1146 1630 ex
1179 1573 1280 1639 eis,
1308 1589 1407 1645 per
1436 1589 1464 1627 e
1498 1569 1786 1628 scribenda
1819 1575 1963 1636 sunt,
1990 1576 2047 1623 et
2087 1567 2142 1624 in

546 1667 723 1738 prima
751 1674 808 1722 et
835 1667 889 1723 in
917 1665 1153 1723 secunda
1178 1664 1403 1738 syllaba.

620 1760 761 1816 Deus
788 1775 886 1831 per
907 1757 1076 1816 solam
1102 1775 1151 1814 e.
1177 1757 1397 1813 Daemon
1423 1769 1521 1828 per
1548 1772 1594 1812 ω
1617 1754 1986 1826 diphthongon
2014 1748 2144 1807 scri-

2304 720 2652 794 [Earprobrat,
2693 724 2784 793 qui
2831 730 3227 778 commemorat
3272 740 3392 794 qua:
3418 731 3659 793 praestat.
3709 721 3821 778 0b-

2232 813 2448 885 probrat
2468 854 2483 882 ,
2518 815 2610 886 qui
2641 815 2993 886 obprobrium
3036 814 3166 888 [Ms.
3199 813 3347 885 Reg.,
3373 818 3695 886 opprobrat,
3725 832 3825 888 op-

2231 905 2538 978 probrium]
2579 907 2839 978 objectat,
2869 907 2973 963 hoc
3000 915 3084 962 est
3105 905 3342 980 vitium.]
3376 906 3654 980 Exspectat
3682 925 3826 980 pers

2235 996 2531 1052 scribatur.
2575 997 2948 1068 Exspectatur,
2997 1000 3052 1055 id
3076 1008 3179 1065 est,
3211 1008 3507 1055 venturus:
3535 1011 3823 1072 spectatur,

2235 1090 2331 1162 qui
2370 1091 2589 1148 videtur
2617 1091 2702 1147 vel
2726 1091 2988 1163 probatur
3017 1091 3138 1165 [per
3166 1092 3234 1165 s].
3284 1092 3587 1167 [Exercitus
3617 1092 3826 1150 labori-

2236 1184 2371 1250 bus;
2406 1185 2719 1239 exercitatus
2771 1185 2962 1241 studiis
3015 1185 3156 1258 [sine
3190 1185 3259 1258 s].
3317 1186 3604 1241 Exstruere
3642 1195 3728 1243 est
3772 1205 3830 1242 tn

2240 1275 2410 1331 altum
2439 1283 2650 1332 struere
2697 1275 2828 1350 [Με.
2857 1276 3011 1349 Reg.,
3057 1279 3354 1335 Exstruerc
3383 1287 3467 1334 est
3493 1280 3828 1335 intellectum

2238 1375 2500 1433 statuere,
2549 1368 2849 1442 mendose];
2893 1371 3154 1426 instruere
3197 1373 3372 1427 aciem
3401 1373 3484 1428 vel
3513 1374 3784 1429 actionem
3813 1394 3828 1429 :

2241 1458 2532 1524 adstruere,
2577 1459 2896 1529 adﬁrmare;
2934 1472 3255 1530 construere,
3302 1464 3358 1519 in
3399 1465 3663 1522 struendo
3693 1483 3833 1523 con-

2235 1550 2496 1621 jungere;
2520 1551 2819 1608 substruere
2841 1554 3022 1626 aliqua
3043 1557 3386 1627 supraposita
3408 1558 3833 1615 subtcrstruere.

2241 1639 2549 1697 Eorundem
2575 1651 2631 1698 et
2661 1647 2958 1702 earundem
2996 1650 3281 1719 euphoniae
3324 1665 3489 1707 causa
3528 1666 3626 1722 per
3652 1669 3688 1707 ιι
3724 1669 3835 1708 non

2242 1746 2345 1802 per
2382 1749 2434 1787 m
2477 1735 2765 1792 scribenda
2796 1737 2964 1811 sunt].
3000 1739 3085 1794 Ex
3110 1743 3419 1811 praepositio
3449 1743 3517 1798 ad
3546 1745 3574 1814 f
3593 1743 3835 1800 litteram

547 1854 712 1911 bitur.
735 1818 909 1910 Decus
939 1853 1162 1910 honoris
1184 1858 1295 1920 est;
1324 1818 1483 1905 decor
1510 1818 1718 1905 formai.
1743 1818 2014 1903 Descendo
2039 1859 2137 1916 per
2166 1818 2212 1878 Β
2239 1819 2618 1920 ﬁrmaturum
2641 1826 2828 1920 efﬂuo,
2870 1830 3085 1900 εποάεο,
3128 1832 3309 1903 eilia":
3344 1833 3582 1905 reliqua;
3631 1843 3686 1891 ει
3716 1838 3833 1891 ἲ)ωο

549 1949 809 2004 edicitur.
834 1946 1151 2019 Desperatus
1165 1959 1262 2015 per
1281 1961 1328 1999 e.
1351 1942 1629 2016 Dispersus
1649 1941 1802 2013 peri.
1828 1939 2136 2009 Deficiscor,

549 2039 779 2110 defectus
811 2054 927 2095 sum
964 2035 1112 2094 facit.
1142 2035 1222 2091 De
1248 2034 1663 2091 memorativum
1701 2039 1803 2099 est,
1832 2040 1886 2087 et
1920 2029 2140 2086 intenti—

550 2147 698 2198 vum,
725 2141 781 2188 et
805 2131 1164 2203 privativum;
1192 2126 1258 2182 de
1285 2125 1524 2192 homine;
1551 2124 1803 2191 detraho;
1830 2121 2033 2177 desum.
2063 2120 2141 2176 De

549 2225 859 2300 przepositio
887 2229 978 2280 aut
1004 2222 1166 2294 plena
1194 2219 1246 2276 in
1280 2217 1760 2290 compositionibus
1799 2215 2049 2288 ponitur;
2083 2227 2144 2274 ut

549 2319 826 2385 deducere,
864 2316 1245 2379 demonstrare,
1280 2310 1579 2368 detrudere.
1612 2309 1720 2364 Aut
1747 2309 2093 2380 correptione
2116 2325 2143 2362 e

551 2412 737 2468 littera
760 2408 1148 2479 corrumpitur,
1187 2413 1250 2462 ιιι
1276 2404 1542 2461 deorsum.
1575 2402 1714 2458 Nam
1755 2402 1972 2474 quando
2001 2420 2029 2458 e
2055 2401 2145 2458 lit-

550 2514 668 2563 tera
695 2504 792 2560 ini
816 2501 1042 2570 transit;
1069 2508 1151 2570 ut,

708 2620 840 2671 Aera
863 2618 1064 2670 dimovit
1089 2616 1407 2668 tenebrosum
1429 2618 1483 2666 et
1499 2611 1696 2677 dispulit
1724 2612 1920 2664 umbras
1947 2612 1973 2642 τι
2000 2626 2014 2673 ;

549 2738 658 2782 non
685 2733 769 2781 est
805 2739 836 2779 a
877 2722 1258 2796 praepositione
1300 2719 1386 2787 de,
1430 2719 1526 2777 sed
1554 2735 1586 2775 a
1615 2720 1717 2787 dis,
1745 2728 1840 2787 ut,
1883 2718 2144 2787 distraho,

549 2817 780 2889 disparia
808 2813 934 2888 [Με.
961 2813 1124 2886 Reg.,
1151 2811 1476 2886 dispertior].

621 2909 908 2974 Dissertus,
935 2908 986 2962 id
1007 2915 1112 2973 est,
1137 2905 1421 2978 eloquens,
1451 2921 1550 2978 per
1576 2905 1632 2958 di
1654 2903 1931 2960 scribitur.
1961 2902 2151 2958 Deser-

549 3012 658 3071 tus,
691 3003 746 3059 id
772 3011 857 3059 est
885 2999 1196 3065 derelictus,
1226 3015 1325 3070 per
1353 2999 1438 3053 de.
1475 2996 1714 3062 Delator,
1749 2997 1843 3068 qui
1873 2993 2049 3052 defert
2079 2995 2150 3050 ad

554 3095 918 3154 accusandum
934 3110 1041 3165 per
1061 3094 1126 3150 de
1151 3093 1607 3163 prmpositionem.
1633 3090 1864 3156 Dilator,
1889 3105 2010 3144 cum
2039 3099 2151 3145 tar-

554 3191 686 3247 dare
711 3186 1005 3260 signiﬁcat,
1035 3200 1135 3258 per
1170 3185 1226 3238 di
1248 3183 1686 3255 praepositionem
1715 3181 2009 3237 scribatur.
2045 3180 2147 3235 De-
2170 3185 2219 3249 ο

556 3283 687 3350 luit,
718 3281 772 3338 id
806 3288 892 3337 est
926 3277 1197 3351 purgavit,
1227 3293 1325 3349 per
1347 3277 1438 3330 de.
1468 3274 1657 3342 Diluit,
1687 3274 1743 3329 id
1785 3283 1870 3330 est
1895 3274 2146 3343 imperat,

557 3391 658 3448 per
669 3374 722 3429 di
740 3372 1017 3431 scribitur.
1035 3369 1346 3436 Deduco,de
1363 3369 1537 3423 amico
1559 3367 1931 3439 producendo,
1952 3382 2048 3440 per
2062 3366 2146 3421 de.

561 3468 770 3524 Diduco
791 3474 994 3529 autem,
1017 3464 1069 3519 id
1089 3472 1173 3518 est
1194 3461 1460 3526 distraho,
1481 3476 1582 3532 per
1602 3459 1677 3514 di.
1699 3458 1952 3530 Didymus
1973 3459 2149 3531 prima

558 3563 764 3636 syllaba
784 3560 942 3633 peri,
959 3558 1196 3617 secunda
1220 3571 1319 3630 per
1335 3573 1389 3630 ῃ.
1405 3554 1628 3611 Discedo
1645 3569 1746 3627 per
1771 3553 2151 3611 iscribendum

558 3665 663 3714 est.
2183 3713 2186 3716 .

630 3751 701 3806 Di
733 3749 972 3823 quidem,
1001 3755 1056 3804 et
1082 3747 1164 3804 dis
1193 3743 1498 3816 separativa
1526 3751 1675 3810 sunt,
1703 3749 1762 3798 ει
1788 3741 2035 3798 eamdem
2079 3740 2153 3796 si-

559 3836 958 3915 gniﬁcationem
982 3839 1204 3905 habent,
1227 3838 1499 3909 quomodo
1523 3837 1587 3892 ab
1611 3844 1666 3892 et
1689 3835 1804 3900 abs,
1826 3842 1887 3889 ιιι
1911 3851 1926 3888 :
1950 3832 2148 3900 divido,

559 3933 816 3991 distraho.
844 3932 913 3988 Et
938 3929 1021 3986 dis
1045 3930 1410 4000 componitur,
1438 3927 1655 3998 quando
1681 3924 1928 3996 sequitur
1950 3940 1998 3990 c,
2027 3924 2068 3994 f,
2094 3941 2149 3996 p,

559 4045 606 4095 s,
639 4036 659 4083 t
697 4025 797 4082 eti
834 4024 955 4082 loco
997 4020 1371 4086 consonantis,
1410 4027 1473 4074 ιιι
1518 4017 1768 4082 discutio,
1804 4016 2014 4086 differo,
2045 4014 2153 4085 dif-

563 4117 748 4190 fundo,
770 4133 796 4172 s
824 4117 878 4170 in
906 4114 934 4187 f
954 4120 1160 4168 mutata
1180 4111 1464 4183 euphonia
1489 4124 1674 4173 causa,
1703 4116 1763 4162 ut
1786 4107 2018 4178 disputo,
2043 4106 2153 4162 dis-

562 4228 712 4284 spero
739 4209 863 4284 [Ms.
884 4208 1045 4280 Reg.,
1074 4203 1317 4278 dissero],
1340 4201 1598 4266 distraho,
1629 4199 1898 4270 disjungo.
1936 4197 1993 4253 in
2029 4197 2151 4252 aliis

565 4293 989 4364 consonantibus
1011 4299 1067 4354 di
1103 4298 1458 4371 praeponitur,
1496 4303 1558 4349 ut
1585 4294 1801 4360 diduco,
1829 4292 2032 4364 digere,
2072 4290 2153 4344 di-

564 4399 677 4468 luo,
701 4396 930 4461 dimitto,
967 4393 1155 4460 dirue;
1187 4397 1244 4448 et
1275 4389 1476 4460 ubique
1497 4387 1553 4441 di
1592 4385 1932 4458 producitur,
1957 4388 2156 4454 przeter

563 4490 776 4555 dirimo,
802 4486 1050 4558 disertus.

1057 4571 1220 4646 305
1257 4567 1559 4627 mrem
1592 4567 1659 4623 E.

635 4686 686 4743 Ε
713 4686 768 4743 in
788 4684 1182 4756 compositione
1203 4681 1527 4755 privativum
1557 4686 1664 4746 εει,
1689 4676 1777 4734 vel
1803 4676 2145 4742 intentivum,

564 4790 650 4848 ut,
697 4777 889 4835 enodes
937 4776 1152 4842 trunci;
1177 4789 1389 4831 enarra.
1421 4770 1628 4844 Ecquid
1657 4770 1710 4825 in
1738 4769 1913 4840 prima
1943 4764 2150 4838 syllaba

564 4887 666 4945 per
691 4887 720 4926 c
755 4868 1052 4932 scribatur,
1101 4863 1357 4932 quoniam
1395 4861 1668 4934 signiﬁcat
1708 4858 1922 4931 enquid,
1973 4873 2008 4910 η
2043 4858 2097 4913 in
2124 4875 2151 4912 c

565 4975 852 5020 conversa.
897 4957 1018 5014 Edo
1060 4957 1129 5014 ab
1169 4954 1377 5012 edendo
1419 4953 1549 5009 facit
1576 4967 1654 5020 es,
1695 4961 1792 5007 est.
1833 4951 1981 5016 Esto,
2014 4968 2150 5016 ecce,

567 5051 870 5110 consentio.
916 5046 1268 5120 Ezperyiscor
1307 5052 1365 5100 et
1403 5043 1644 5116 experior
1676 5040 1882 5097 faciunt
1907 5040 2153 5113 praeteri-

569 5153 683 5199 tum
706 5148 950 5213 expertus
983 5151 1125 5193 sum.
1158 5134 1424 5191 Exsilium
1447 5149 1472 5189 ε
1503 5133 1663 5189 debet
1689 5132 1912 5188 habere.
1953 5131 2088 5186 ltem
2117 5147 2155 5185 π

570 5229 769 5288 transit
791 5228 846 5284 in
876 5226 905 5300 f
916 5227 1178 5293 litteram,
1201 5233 1262 5281 ut
1285 5225 1457 5298 eﬂluo,
1499 5224 1714 5294 eﬂ'odio,
1760 5225 1940 5294 e/fero,
1969 5222 2149 5294 efﬁcio.

572 5322 795 5380 Exuuia:
837 5336 937 5395 per
972 5337 1028 5376 ιι.
1071 5318 1324 5375 Excubiis
1361 5333 1458 5390 per
1487 5315 1516 5371 b
1552 5316 1882 5372 scribantur.
1921 5313 2152 5385 Exsequi

573 5430 674 5488 per
703 5430 739 5487 ᾳ
781 5411 1128 5469 scribendum
1171 5420 1276 5466 est.
1326 5407 1637 5481 Emporium
1687 5407 1805 5463 sine
1848 5406 1904 5472 lt,
1961 5405 2152 5461 Latine

576 5512 852 5562 mercatus
879 5502 1287 5573 interpretatur.
1349 5498 1772 5555 Emolamentum
1823 5498 1945 5572 [Με.
1989 5498 2151 5571 Reg.,

577 5590 1023 5668 Emolumentum]
1070 5609 1172 5666 per
1218 5609 1246 5648 e
1292 5592 1571 5649 scribitur.
1621 5590 1923 5648 zEmulatio
1970 5609 2068 5665 per
2110 5609 2155 5648 te

579 5688 921 5748 scribendum
947 5697 1050 5745 est.
1079 5685 1250 5743 Exsul
1295 5686 1480 5745 addita
1526 5703 1551 5743 s
1579 5685 1740 5746 debet
1786 5686 1976 5753 scribi,
2027 5686 2154 5756 quia

647 5816 673 5848 ι
703 5803 848 5875 Virg.
884 5801 1040 5872 κει»,
1065 5814 1120 5871 v,
1146 5798 1271 5858 839.

2242 1912 2364 1968 ideo
2395 1929 2492 1986 per
2523 1917 2629 1972 duo
2649 1918 2678 1988 ί
2693 1920 3000 1975 scribenda.
3041 1921 3126 1975 Ea:
3146 1925 3458 1994 prmpositio
3481 1928 3828 1998 sequentibus

2242 2005 2293 2073 b,
2318 2006 2374 2074 d,
2407 2025 2460 2080 g,
2485 2011 2523 2077 l,
2558 2027 2633 2078 ιη,
2660 2029 2712 2077 n,
2743 2011 2942 2070 litteris
2976 2023 3030 2070 et
3061 2033 3096 2069 u
3120 2018 3217 2072 eti
3243 2017 3362 2074 loco
3395 2021 3825 2088 consonantium,

2242 2115 2278 2154 ω
2307 2099 2545 2156 litteram
2574 2104 2795 2170 amittit,
2827 2115 2888 2161 ut
2916 2125 2929 2161 :
2961 2107 3139 2174 ebibit,
3186 2110 3371 2177 edidit,
3401 2114 3613 2182 egessit,
3655 2113 3830 2178 elusit,

2241 2192 2475 2259 emicuit,
2504 2196 2784 2250 enervavit.
2812 2194 3083 2268 Sequente
3119 2214 3250 2256 vero
3278 2201 3308 2273 ι’
3328 2201 3384 2257 in
3410 2203 3638 2258 eandem
3658 2221 3698 2258 az
3720 2220 3840 2259 mu-

2245 2289 2343 2348 tat,
2397 2293 2458 2338 ut
2499 2285 2734 2355 effando.
2784 2285 3040 2359 Expecto,
3073 2292 3218 2361 quod
3263 2300 3347 2348 est
3381 2295 3627 2363 pectino,
3666 2296 3788 2351 sine
3815 2312 3841 2349 s

2245 2376 2590 2432 scribendum
2615 2386 2719 2434 εει.
2751 2379 2914 2437 Exire
2944 2383 3063 2439 sine
3100 2401 3149 2452 s,
3184 2385 3265 2442 ire
3292 2387 3436 2443 enim
3467 2397 3553 2443 est
3582 2390 3841 2460 simplex,

2245 2481 2300 2529 et
2327 2489 2665 2546 quaecunque
2693 2491 2762 2531 ex
2797 2477 2903 2534 hoc
2935 2477 3260 2547 formantur,
3289 2489 3351 2537 ut
3373 2483 3564 2550 exitus,
3594 2486 3841 2552 exitium,

2245 2565 2478 2622 exitiale.
2505 2565 2798 2635 Exscindo,
2824 2569 3092 2642 exsculpo,
3121 2582 3333 2629 επινυο
3355 2590 3452 2646 ρει·
3477 2593 3502 2630 s
3529 2576 3840 2633 scribenda.

2247 2656 2462 2713 Exsisto
2487 2659 2775 2716 similiter:
2807 2661 3000 2719 sistere
3037 2665 3180 2720 enim
3218 2682 3316 2738 per
3342 2685 3366 2722 s
3396 2666 3644 2726 dicimus.
3692 2669 3844 2724 Exa-

2248 2767 2366 2804 men
2421 2751 2539 2808 sine
2581 2769 2626 2807 s.
2681 2752 2907 2825 Exigua:
2957 2756 3208 2814 similiter
3254 2760 3603 2818 scribendum
3650 2764 3839 2819 sines.

2249 2841 2335 2898 E1:
2362 2859 2461 2915 pro
2486 2856 2637 2901 extra
2669 2847 2945 2906 invenitur
2969 2851 3119 2921 poni,
3144 2860 3205 2907 ut
3225 2854 3472 2922 excludo,
3499 2856 3839 2912 extracludo.

2250 2937 2442 3006 Exsul,
2497 2950 2648 2996 extra
2696 2942 2891 2998 solum.
2945 2944 3102 3001 Modo
3147 2962 3247 3017 pro
3289 2947 3469 3015 valde,
3523 2957 3580 3003 ut
3607 2949 3842 3004 excelsus

2251 3047 2350 3104 pro
2403 3034 2558 3091 valde
2608 3036 2810 3092 celsus.
2882 3036 3038 3095 Modo
3098 3041 3429 3111 privativum
3483 3041 3569 3097 vel
3625 3043 3846 3098 intenti-

2251 3139 2378 3181 vum
2404 3124 2488 3181 vel
2514 3126 2890 3197 perfectivum,
2916 3137 2977 3184 ut
3005 3132 3257 3204 exstirpo,
3295 3133 3534 3202 extendo,
3567 3134 3771 3206 expleo.

2841 3242 3143 3300 LITTERA
3177 3244 3242 3301 ἲ.

2321 3350 2614 3410 Formosus
2656 3354 2774 3411 sine
2802 3373 2835 3410 η
2867 3355 2919 3412 in
2961 3359 3197 3414 secunda
3243 3358 3445 3432 syllaba
3493 3359 3843 3418 scribendum

2248 3453 2351 3508 est,
2382 3453 2443 3499 ut
2463 3446 2773 3513 harenosus,
2800 3445 3102 3518 frondosus,
3133 3468 3386 3523 aquosus,
3411 3452 3677 3508 herbosus.
3711 3450 3847 3510 Par-

2251 3536 2434 3608 ticipia
2473 3552 2604 3593 vero
2646 3538 2852 3595 habent
2877 3557 2931 3606 η,
2983 3549 3062 3607 ιιι,
3110 3551 3315 3611 tonsus,
3345 3554 3550 3612 tunsus,
3592 3564 3844 3618 pransus,

2248 3646 2462 3701 pensus.
2508 3627 2684 3686 Feria:
2730 3648 2946 3703 quoque
2992 3650 3098 3690 non
3141 3636 3298 3707 ferere
3344 3639 3692 3696 scribendum
3734 3653 3841 3698 est.

2250 3718 2471 3788 Flavus,
2513 3723 2664 3794 prior
2702 3725 2910 3796 syllaba
2946 3729 3013 3781 ab
3059 3728 3112 3798 f;
3155 3744 3388 3800 sequens
3429 3732 3500 3786 ab
3527 3749 3561 3786 u
3596 3733 3841 3805 incipiat.

2249 3810 2410 3868 Fides
2431 3812 2554 3870 ﬁdei
2571 3815 2745 3884 prima
2763 3817 2968 3889 syllaba
2983 3819 3182 3877 brevis.
3201 3821 3382 3891 Fides,
3396 3824 3541 3894 ﬁdis,
3559 3826 3624 3882 de
3640 3825 3845 3884 chorda

2248 3912 2482 3974 utraque
2505 3904 2683 3977 longa.
2729 3904 2925 3978 [Fidus
2965 3909 3034 3965 de
3073 3913 3248 3967 amico
3288 3912 3508 3970 dicitur.
3545 3913 3750 3973 Fidelis
3781 3921 3849 3974 de

2251 4010 2427 4052 servo.
2477 3995 2670 4065 Fidus,
2713 3998 3022 4068 ﬁdissimus,
3066 4004 3491 4073 comparativum
3522 4021 3632 4061 non
3659 4007 3844 4075 habet,

2250 4085 2345 4141 sed
2373 4101 2473 4157 pro
2496 4101 2563 4142 eo
2589 4087 2878 4144 dicendum
2919 4099 3006 4145 est
3030 4108 3042 4144 :
3087 4093 3254 4165 magis
3281 4093 3447 4167 ﬁdus,
3481 4097 3656 4151 minus
3681 4096 3839 4167 ﬁdus.

2251 4175 2302 4230 F
2303 4187 2451 4232 astus
2481 4179 2547 4236 de
2598 4183 2853 4252 superbia
2899 4183 3032 4240 facit
3073 4184 3306 4254 fastuum
3338 4187 3635 4258 genitivum
3661 4189 3835 4260 plura.-

2252 4268 2379 4323 lem.
2420 4268 2619 4326 Fastus
2664 4271 2733 4328 de
2773 4272 2929 4338 libris
2979 4275 3240 4346 fastorum
3282 4276 3432 4333 facit.
3474 4275 3657 4351 Fungi
3685 4294 3836 4352 agerc

2252 4372 2368 4431 est;
2414 4364 2650 4438 defungi,
2688 4383 2969 4439 peragere.
3019 4366 3247 4425 Fremor
3287 4381 3372 4427 est
3400 4387 3647 4428 murmur
3672 4374 3840 4430 homi-

2253 4470 2424 4512 num:
2454 4454 2726 4515 Fremitus
2773 4459 3012 4516 ferarum
3043 4469 3144 4517 est.
3188 4460 3239 4516 F
3243 4481 3428 4518 urvum
3471 4466 3685 4537 nigrum
3718 4467 3844 4523 dici-

2172 4552 2227 4614 ,1)
2254 4564 2394 4605 mus.
2424 4547 2654 4605 Flavum
2683 4553 2912 4607 rubeum
2948 4554 3166 4609 dicitur.
3199 4553 3431 4611 Fulvum
3457 4565 3605 4611 certe
3627 4573 3842 4626 aurum,

2256 4642 2343 4696 cui
2384 4642 2453 4697 ad
2487 4642 2738 4699 decorem
2776 4645 3080 4716 splendoris
3109 4647 3190 4702 sui
3219 4647 3403 4720 nigelli
3451 4648 3656 4719 aliquid
3683 4651 3846 4708 adda-

2257 4741 2345 4788 tur
2392 4732 2522 4807 [Ms.
2563 4735 2717 4808 Reg.,
2759 4737 3019 4812 additur].
3051 4736 3222 4794 Foras
3250 4742 3628 4799 masculinum.
3667 4744 3848 4800 tabula

2258 4828 2475 4885 navium
2517 4839 2624 4898 est,
2659 4832 2752 4887 ubi
2784 4835 3019 4903 remiges
3049 4835 3261 4902 sedent,
3291 4845 3349 4891 et
3374 4853 3588 4908 semper
3621 4839 3848 4909 pluralis

2257 4921 2382 4994 est].
2434 4921 2633 4987 Fedus,
2682 4925 2825 4992 quod
2872 4933 2958 4979 est
3007 4924 3284 4992 deformis,
3334 4942 3433 4997 per
3478 4929 3776 4999 simplicem
3821 4945 3849 4983 e

2257 5016 2532 5072 scribitur.
2569 5015 2787 5082 Foedus,
2820 5017 2964 5087 quod
2989 5026 3073 5073 est
3096 5029 3338 5089 pactum,
3375 5035 3472 5091 per
3495 5037 3538 5075 az
3559 5021 3850 5093 diphthon-

2256 5124 2381 5179 gon.
2427 5107 2594 5164 Falso
2642 5126 2838 5165 nomen
2868 5111 3090 5167 ablativi
3125 5127 3308 5177 casus,
3333 5122 3388 5168 et
3411 5115 3635 5171 verbum
3661 5115 3849 5185 prima:

2256 5199 2670 5272 coniugationis,
2710 5210 2763 5257 et
2802 5203 3119 5258 adverbium
3162 5213 3265 5259 εει.
3303 5202 3586 5277 [Flagitia,
3628 5222 3749 5277 quae
3795 5208 3848 5261 in

2255 5293 2422 5347 Deum
2444 5309 2764 5363 peccamus:
2793 5293 3086 5362 Facinora,
3109 5311 3230 5366 quae
3260 5296 3312 5349 in
3343 5296 3638 5351 hominem.
3662 5295 3849 5352 Fimus

2256 5393 2312 5438 et
2341 5385 2553 5454 fumus;
2585 5386 2756 5456 [ames
2781 5396 2836 5442 et
2866 5388 3063 5458 fenum,
3095 5396 3150 5442 et
3176 5387 3246 5457 {el
3271 5387 3538 5458 pluralem
3566 5404 3847 5444 numerum

2255 5491 2363 5532 non
2387 5477 2632 5552 habent].

2327 5566 2517 5623 Fulcio
2544 5578 2598 5624 et
2635 5569 2809 5640 fulgeo
2841 5573 3072 5625 eundem
3115 5568 3318 5625 habent
3359 5572 3662 5641 perfectum
3703 5573 3849 5641 fulsi.

2259 5661 2307 5717 F
2342 5663 2523 5719 littera
2558 5664 2610 5718 in
2642 5664 2880 5734 speciem
2913 5663 3143 5735 ﬁgurata
3187 5673 3268 5721 est
3311 5663 3590 5736 cujusdam
3630 5663 3847 5732 litterae,
