4106 6558
283 403 392 460 909

1269 399 1738 457 DIDASCALICA.
1778 431 1848 441 -ι
1886 398 1974 455 DE
2012 396 2574 459 OR'l'llOGRAPlIlA.

3452 396 3555 452 910

281 539 407 596 qua:
433 521 701 593 digamma
728 516 1057 583 nominatur,
1097 517 1222 588 quia
1246 518 1383 572 duos
1408 517 1588 587 apices
1616 532 1685 573 ex
1714 531 1868 586 gam-
1901 518 1946 575 Λ
1975 522 2290 567 remanente
2353 512 2407 564 in
2473 507 2767 565 novissima
2828 506 3054 580 syllaba.
3124 506 3305 564 Hiems
3361 509 3480 567 sine
3524 528 3558 579 p

283 633 374 673 ma
399 615 579 672 littera
606 612 809 669 habere
839 610 1105 665 videatur.
1142 608 1225 662 Ad
1255 610 1414 678 hujus
1451 609 1570 664 soni
1610 607 1865 663 similitu-

282 706 470 762 dinem
496 722 522 760 v
546 706 938 760 consonantem
969 698 1088 754 loco
1112 697 1228 768 ejus
1252 698 1426 753 nostri
1458 706 1776 768 posuerunt,
1806 705 1870 752 ιιι

286 808 483 865 votum,
512 797 657 867 virgo
672 811 691 862 ;
712 808 813 865 pro
838 790 1029 857 fotum,
1059 790 1214 862 ﬁrgo.

361 885 661 951 Festueam,
714 899 823 940 non
872 880 1121 939 fistucam
1165 880 1351 936 dicito.
1396 876 1633 951 Forﬁces
1672 897 1867 937 secun-

284 983 414 1039 dum
443 978 826 1054 etymologiam
853 976 960 1034 sia
1006 975 1097 1032 filo
1146 976 1422 1042 dicuntur,
1463 975 1491 1046 f
1523 976 1762 1047 ponitur,
1811 986 1873 1030 ut

285 1074 519 1146 forﬁces,
563 1086 684 1143 quae
725 1079 851 1127 sunt
892 1078 1185 1127 sartornm.
1217 1069 1274 1125 Si
1301 1086 1328 1124 a
1348 1069 1459 1143 pilo
1485 1084 1583 1139 per
1601 1088 1655 1141 p,
1683 1078 1745 1125 ut
1764 1069 1873 1139 for-

285 1167 447 1240 pices,
480 1180 599 1237 qum
632 1173 760 1221 sunt
797 1172 1098 1220 tonsorum.
1144 1161 1204 1219 Si
1250 1163 1317 1219 ah
1366 1161 1679 1234 accipiendo
1707 1179 1802 1234 per
1822 1181 1870 1230 e,

289 1269 349 1315 ut
378 1259 627 1330 forcipes,
657 1272 724 1316 eo
748 1257 895 1330 quod
926 1256 1159 1313 formum
1201 1257 1441 1328 capiunt,
1485 1272 1604 1327 qua:
1633 1265 1761 1313 sunt
1797 1255 1876 1312 fa—

287 1350 534 1407 brorum.
579 1346 838 1406 Formum
874 1350 1023 1405 enim
1064 1347 1273 1419 antiqui
1314 1346 1572 1403 dixerunt
1604 1346 1874 1419 qualidum

288 1441 413 1515 [διε.
461 1441 617 1515 Reg.,
659 1437 946 1514 calidum];
985 1441 1127 1495 unde
1153 1448 1208 1495 ει
1236 1439 1506 1496 formosus
1545 1438 1754 1513 [Faris,
1794 1441 1877 1511 fa-

288 1545 400 1601 tur,
424 1551 455 1590 a
483 1531 675 1601 fando;
706 1541 761 1590 et
786 1549 896 1589 non
922 1533 1086 1588 habet
1108 1532 1341 1604 primam
1364 1530 1694 1604 personam].
1720 1529 1878 1585 Fiiea:

289 1627 510 1694 dicitur,
558 1627 651 1697 qui
698 1623 1014 1683 felicitatem
1053 1624 1164 1681 dat.
1217 1621 1395 1690 Felix,
1432 1624 1526 1694 qui
1565 1622 1877 1680 felicitatem

289 1718 509 1790 accipit.
537 1715 714 1784 Filex,
741 1732 841 1790 per
861 1731 1021 1788 quem
1049 1717 1209 1771 datur
1229 1714 1480 1772 felicitas.
1505 1714 1700 1788 Finge,
1723 1716 1876 1785 ﬁnxi,

287 1813 492 1884 ﬁctum,
521 1810 742 1882 ﬁeturus
763 1809 913 1867 facit.
943 1807 1140 1875 Findo,
1164 1807 1282 1879 ﬁdi,
1300 1806 1526 1879 fissurus
1554 1807 1702 1864 facit.
1723 1807 1876 1880 Figo,

1969 604 2135 660 scribi
2162 605 2343 667 debet,
2374 603 2499 657 licet
2520 601 2723 673 sumpsi
2751 616 2846 671 per
2865 618 2899 671 p
2918 601 3212 667 scribatur,
3238 609 3458 675 propter
3478 605 3559 675 psi

1969 694 2216 752 Graecam
2261 694 2521 761 litteram,
2567 693 2722 765 cujus
2748 696 3072 764 putestatcm
3094 711 3128 765 p
3155 702 3210 749 ct
3234 711 3258 750 s
3283 695 3338 751 in
3363 694 3560 753 Latino

1971 785 2192 840 habent.

2044 874 2241 931 Haurit
2269 892 2365 949 per
2392 878 2425 932 lt
2448 878 2613 934 scribi
2636 878 2825 945 debet;
2867 879 3015 933 audit
3040 878 3157 934 sine
3182 880 3235 935 h.
3263 878 3561 952 [Ilerbcscit

1974 984 2123 1040 ager,
2159 985 2283 1027 cum
2326 970 2550 1026 herbam
2586 979 2841 1042 generat;
2890 971 3030 1026 sicut
3067 970 3350 1037 adolescit,
3382 980 3437 1027 ct
3465 988 3565 1043 pu-

1972 1060 2168 1129 bescit,
2200 1077 2325 1117 cum
2359 1062 2522 1133 spica:
2548 1062 2821 1133 proximat
2857 1059 2986 1135 [Με.
3016 1060 3173 1134 Reg.,
3202 1061 3561 1136 proximam].

1975 1153 2030 1208 If
2069 1154 2329 1225 aspiratio
2370 1162 2499 1210 ante
2541 1155 2755 1212 vocales
2801 1170 2992 1212 omnes
3034 1156 3163 1226 poni
3203 1164 3410 1228 potest;
3444 1167 3568 1228 post

1976 1256 2338 1303 consonantes
2386 1256 2567 1305 autem
2613 1258 2847 1320 quatuor
2890 1249 3268 1306 tantummodo
3314 1252 3563 1321 ponitur,

1975 1354 2026 1406 c,
2072 1347 2116 1408 t,
2162 1357 2215 1413 p.
2262 1357 2311 1407 r,
2350 1348 2413 1395 ut
2438 1341 2625 1408 habeo,
2676 1342 2845 1409 heres,
2901 1342 3092 1410 hiems,
3137 1343 3292 1398 homo
3353 1345 3564 1411 humus,

1976 1430 2260 1489 Chremetis
2306 1432 2431 1507 [Με.
2477 1433 2634 1508 Reg.,
2680 1431 2970 1510 Chremes],
3013 1435 3235 1504 Tharso,
3270 1436 3565 1511 Philippus,

1978 1526 2220 1583 Rhodus.
2267 1527 2321 1583 II
2365 1529 2487 1584 ideo
2513 1528 2792 1585 vocalibus
2831 1530 3173 1587 extrinsecus
3218 1530 3569 1597 adscribitur,

1977 1628 2039 1676 ut
2072 1620 2253 1677 minus
2294 1628 2482 1688 sonet;
2537 1622 2963 1677 consonantibus
2998 1630 3180 1677 autem
3217 1622 3569 1688 intrinsecus,

1978 1723 2041 1771 ut
2068 1714 2361 1786 plurimum
2403 1723 2617 1771 sonent.
2664 1714 2907 1781 Habenn,
2940 1731 3060 1786 quae
3086 1716 3227 1787 regit
3255 1730 3355 1787 per
3384 1714 3413 1770 b
3448 1731 3571 1771 cum

1982 1807 2347 1879 aspiratione;
2394 1827 2578 1875 avena,
2608 1825 2729 1880 qua:
2761 1808 3031 1881 significat
3059 1810 3249 1864 tibiam
3283 1807 3367 1863 vel
3402 1809 3575 1880 stipu-

288 1904 388 1977 βτί
413 1903 562 1963 facit.
577 1903 740 1976 306
768 1901 985 1969 Fundo,
1022 1901 1239 1973 fundas,
1270 1916 1300 1958 a
1328 1900 1621 1958 fundando.
1659 1900 1875 1971 Fundo,
1909 1901 1956 1962 Β
1980 1902 2087 1958 lam
2117 1917 2216 1974 per
2240 1920 2266 1958 υ
2292 1902 2410 1959 sine
2453 1904 2803 1976 aspiratione.
2854 1900 3048 1968 Hiscit,
3077 1902 3129 1957 id
3155 1911 3260 1968 est,
3291 1917 3353 1958 os
3377 1901 3571 1974 aperit.

290 1995 496 2066 fundis,
511 2009 542 2050 a
556 1992 850 2052 fundendo.
868 1991 1028 2050 Ferio
1039 2000 1095 2049 et
1108 1995 1340 2065 percutio
1357 2009 1523 2049 unum
1534 1993 1736 2051 habent
1748 2011 1880 2066 prae-

291 2088 538 2153 teritum,
566 2086 621 2143 id
640 2093 745 2154 est,
765 2086 1018 2157 permissi,
1035 2094 1091 2142 et
1112 2086 1215 2141 hoc
1229 2100 1329 2157 per
1342 2088 1449 2143 duo
1467 2102 1492 2141 s
1511 2086 1878 2155 scribendum,

291 2180 436 2236 sicut
452 2195 571 2247 ατο,
595 2180 727 2235 ussi.
744 2175 907 2247 Fero,
929 2180 1056 2253 fers,
1075 2179 1174 2252 fert
1195 2178 1346 2246 facit,
1362 2179 1678 2238 differentiae
1697 2197 1881 2251 causa,

294 2270 353 2327 in
381 2275 618 2346 secunda
644 2280 700 2328 et
726 2274 888 2330 tertia
916 2289 1175 2347 persona,
1219 2289 1289 2329 ne
1324 2274 1368 2331 si
1394 2274 1543 2345 feris,
1583 2275 1702 2346 ferit
1742 2276 1886 2333 dice-

296 2353 469 2431 retur,
512 2365 657 2437 quod
699 2380 729 2420 a
775 2365 930 2436 ferio,
978 2362 1124 2435 feris,
1172 2364 1296 2437 ferit
1347 2375 1632 2438 putaretur
1677 2368 1882 2423 venire.

294 2449 440 2510 Fero
468 2462 522 2511 et
550 2452 678 2509 tollo
707 2452 915 2511 faciunt
951 2455 1287 2527 praeteritum
1332 2456 1452 2512 tuli.
1491 2453 1662 2513 Furio
1709 2466 1764 2512 et
1803 2458 1886 2512 in-

294 2542 448 2601 sanio
480 2560 649 2601 unum
676 2545 881 2603 habent
903 2547 1264 2620 prteteritum,
1300 2549 1542 2604 iusanivi.
1590 2546 1758 2605 Facio
1787 2550 1889 2605 im-

293 2636 600 2709 perativum
624 2636 755 2694 facit
777 2638 886 2710 fac,
914 2636 1231 2695 differentia:
1274 2653 1458 2707 causa,
1495 2655 1563 2696 ne
1587 2640 1632 2697 si
1661 2640 1778 2711 face
1806 2639 1889 2696 di-

292 2743 474 2794 ceres,
520 2728 666 2799 quod
708 2744 739 2785 a
788 2728 1006 2786 nomine
1051 2737 1337 2801 putaretur
1377 2730 1588 2798 venire,
1631 2732 1774 2803 quod
1804 2740 1889 2787 est

294 2818 411 2890 fax.
446 2818 710 2877 Similiter
732 2819 840 2888 dic,
879 2820 982 2875 duc
1010 2829 1065 2875 et
1093 2820 1176 2891 fer
1204 2819 1545 2895 [differentias
1569 2821 1755 2896 causa]
1788 2837 1889 2894 ρει·

293 2924 593 2981 apocopam
628 2910 1003 2981 proferuntur;
1035 2927 1159 2966 nam
1181 2912 1227 2968 si
1254 2912 1390 2980 dice,
1422 2911 1577 2981 duce,
1608 2911 1718 2984 fere
1742 2914 1890 2970 dice-

296 3019 501 3074 remus,
534 3005 681 3063 aliud
701 3004 1009 3079 signiticare
1036 3015 1374 3077 putaremur.

887 3117 1187 3176 LITTERA
1226 3120 1292 3176 G.

370 3209 663 3287 [Gaudium
710 3205 875 3268 animi
906 3221 990 3268 est
1030 3210 1249 3278 lictitia;
1282 3207 1547 3268 exultatio
1571 3207 1735 3269 etiam
1764 3227 1888 3269 ver-

298 3309 497 3366 borum
540 3316 704 3379 atque
730 3305 1149 3380 membrorum]
1191 3301 1393 3362 Gnatus
1427 3321 1524 3377 per
1549 3323 1579 3378 g
1605 3318 1713 3361 ειη
1759 3307 1895 3362 scri-

298 3403 570 3468 bendum,
594 3401 737 3457 sicut
755 3417 974 3473 gnavus,
999 3399 1126 3471 quia
1152 3408 1208 3455 ct
1228 3400 1281 3454 in
1303 3400 1694 3470 compositione
1724 3399 1893 3470 ipsam

298 3494 504 3551 retinet
530 3509 563 3565 g
591 3490 722 3567 [Ms.
754 3490 908 3565 Reg.,
955 3492 1072 3563 ipsa
1112 3490 1380 3547 retinetur
1418 3488 1497 3565 g],
1543 3498 1605 3544 ut
1642 3501 1891 3560 agnatus,

300 3588 544 3660 ignavus.
607 3581 897 3658 [Gremiunt
956 3581 1231 3652 interius;
1284 3584 1433 3639 sinus
1486 3582 1726 3638 exterius
1786 3588 1891 3637 est.

305 3677 431 3735 Gith
472 3686 825 3751 monoptoton
852 3686 909 3733 et
939 3674 1203 3750 pluralem
1234 3691 1520 3734 numerum
1549 3690 1658 3731 non
1688 3674 1891 3742 habet;

304 3780 389 3829 est
415 3779 599 3828 autem
639 3769 820 3826 neutri
862 3768 1098 3841 generis,
1126 3776 1182 3824 et
1209 3781 1306 3840 per
1332 3781 1520 3822 omnes
1541 3781 1702 3822 casus
1728 3765 1898 3821 decli-

303 3861 511 3936 natur].
550 3858 785 3929 Gnarus,
835 3860 891 3916 id
930 3867 1035 3926 est,
1083 3858 1294 3925 doctus,
1343 3857 1640 3929 perfectus,
1691 3858 1893 3914 sciens.

303 3958 544 4026 Gnarus,
585 3958 763 4026 fortis,
804 3958 985 4030 agilis.
1024 3956 1230 4023 Garrit,
1267 3957 1539 4014 subtiliter
1566 3965 1894 4013 murmurat.

306 4048 590 4119 Garrulus,
609 4051 893 4118 verbosus,
915 4051 1133 4122 loquax.
1154 4048 1341 4115 Gestit,
1364 4049 1500 4117 vult,
1526 4052 1695 4121 cupit,
1720 4060 1893 4124 optat,

307 4139 599 4198 desiderat.
650 4139 861 4210 Gestat,
919 4141 975 4198 id
1018 4148 1121 4206 est,
1166 4147 1366 4212 portat.
1414 4138 1689 4197 Gloriosus
1727 4157 1757 4198 a
1789 4141 1898 4199 fre-

305 4232 532 4304 quentia
568 4234 835 4292 claritatis
871 4235 1069 4294 dicitur
1090 4251 1103 4288 :
1128 4246 1227 4304 pro
1263 4248 1314 4299 c,
1341 4249 1394 4305 g,
1424 4231 1607 4289 littera
1653 4248 1899 4292 commu-

306 4332 423 4382 tata
468 4334 571 4383 est.
624 4324 968 4391 Grandwvus,
999 4325 1155 4397 quasi
1183 4324 1405 4395 grandis
1447 4339 1583 4391 atvo,
1634 4324 1762 4381 ideo
1800 4341 1900 4398 per

306 4414 417 4471 duo
455 4430 492 4470 ιι
530 4416 809 4472 scribitur.
860 4413 1116 4473 Gratulor
1160 4429 1262 4486 pro
1304 4415 1539 4488 gaudeo,
1590 4425 1648 4472 et
1692 4417 1898 4489 gratias

305 4523 437 4581 ago.

901 4577 1201 4635 LITTERA
1238 4577 1306 4635 II.

382 4670 568 4729 Habeo
594 4687 625 4729 a
653 4674 886 4731 tenendo
914 4689 1038 4730 cum
1062 4674 1395 4745 aspiratione
1439 4676 1732 4745 scribitur;
1766 4679 1896 4734 abeo

309 4779 347 4822 a
375 4765 675 4822 recedendo
717 4765 834 4822 sine
880 4765 1232 4836 aspiratione,
1277 4773 1334 4823 et
1366 4776 1451 4822 est
1478 4768 1838 4839 compositum
1864 4784 1894 4825 a

313 4855 526 4912 duobus
572 4856 794 4928 integris
820 4856 885 4913 ab
910 4865 1066 4913 eteo.
1108 4855 1329 4924 Hiatus,
1374 4859 1487 4915 oris
1526 4859 1734 4930 apertio
1774 4876 1900 4917 cum

314 4946 666 5018 aspiratione.
710 4944 929 5002 Gltiatus
958 4961 1055 5018 per
1085 4963 1113 5000 c
1140 4954 1196 5001 et
1223 4946 1258 5001 h
1288 4961 1386 5003 vas
1411 4948 1699 5019 significat.
1726 4948 1900 5021 Hymo

312 5056 415 5094 nus
452 5054 552 5111 per
577 5039 611 5094 Ιι
635 5040 981 5096 scribendum
1008 5048 1112 5095 est.
1142 5038 1241 5114 [Hi
1267 5048 1323 5095 et
1349 5040 1430 5095 his
1457 5042 1774 5111 pronomina
1801 5057 1902 5115 per

316 5145 481 5184 unum
510 5130 530 5183 i
554 5127 911 5202 scribuntur.]
948 5127 1131 5197 Haud,
1171 5130 1313 5200 quod
1341 5128 1631 5203 [Hs.lleg.,
1660 5131 1898 5206 quando]

314 5222 632 5280 adverbium
680 5232 765 5278 est
809 5223 1074 5295 negandi,
1123 5223 1158 5279 d
1218 5224 1399 5279 littera
1455 5227 1801 5293 terminatur,
1848 5236 1903 5283 et

316 5314 594 5384 aspiratur
623 5314 674 5369 in
704 5315 918 5385 capite;
971 5317 1186 5386 quando
1231 5324 1412 5371 autem
1443 5317 1750 5387 conjunctio
1794 5319 1905 5374 dis-

309 5402 554 5471 iunctiva
588 5415 692 5472 est,
723 5413 784 5461 ut
825 5415 918 5460 aut
956 5421 1055 5476 per
1090 5415 1108 5459 t
1145 5406 1382 5461 litteram
1424 5407 1541 5463 sine
1578 5409 1905 5478 aspiratione

319 5493 612 5551 scribatur.
655 5493 895 5565 Hujusce
938 5510 1036 5566 per
1063 5512 1089 5549 c
1114 5495 1353 5550 litteram
1395 5498 1737 5553 scribendum
1781 5508 1904 5566 est;

321 5587 530 5657 antiqui
575 5588 720 5643 enim
766 5588 1178 5659 pronominibus
1217 5606 1273 5644 ce
1309 5590 1596 5657 addebant,
1644 5600 1705 5646 ut
1745 5593 1908 5659 hicce,

322 5678 513 5745 illicce,
550 5680 743 5734 isticce.
771 5678 925 5736 Unde
951 5681 1227 5735 subtracta
1257 5682 1446 5737 eadem
1475 5684 1767 5739 novissima
1805 5685 1913 5757 syl-

326 5768 449 5824 laba
471 5785 528 5824 ce
558 5770 806 5827 relictum
846 5778 930 5825 est
970 5771 1072 5837 hic,
1104 5771 1234 5838 illic,
1276 5773 1415 5826 istic.
1460 5772 1701 5830 Accentu
1730 5783 1911 5830 tamen

1921 4640 1975 4703 ι)

1981 1991 2293 2066 Hippocrita
2322 1993 2533 2062 Gnece,
2564 1995 2617 2050 in
2645 1995 2839 2052 Latino
2865 1995 3171 2052 simulator.
3217 1993 3391 2065 Hippo
3427 1994 3574 2051 enim

1980 2084 2170 2143 Graece
2196 2086 2413 2155 falsum,
2445 2088 2916 2162 chrisisjudicium
2946 2088 3360 2161 interpretatur.

2587 2200 2891 2258 LlTTERA
2927 2200 2950 2258 ι

2055 2269 2296 2343 Inclytus
2338 2270 2589 2330 Graecum
2633 2289 2831 2330 nomen
2871 2284 2984 2342 est;
3036 2288 3162 2330 nam
3203 2271 3379 2347 clyton
3431 2276 3577 2347 quod

1982 2359 2182 2430 Graeci,
2207 2361 2399 2419 Latine
2421 2362 2716 2436 gloriosum
2746 2365 2952 2422 dicunt.
2982 2362 3163 2422 Idiota
3189 2364 3441 2425 Graecum
3470 2377 3576 2435 est,

1984 2453 2175 2511 Latine
2226 2456 2530 2528 imperitus.
2581 2455 2928 2513 Intervallum
2983 2472 3082 2530 per
3138 2458 3247 2515 duo
3292 2457 3313 2513 ι
3355 2458 3575 2517 dicitur.

1984 2545 2311 2621 Interpretar
2370 2563 2470 2621 per
2513 2549 2813 2622 simplicem
2843 2568 2871 2606 e
2899 2558 2958 2607 et
3005 2551 3215 2617 omnia,
3262 2568 3384 2624 qua:
3420 2554 3489 2610 ab
3515 2570 3582 2614 eo

1985 2648 2136 2706 sunt,
2170 2640 2502 2696 scribuntur.
2552 2640 2706 2698 Inter
2747 2643 3058 2714 praepositio
3084 2644 3139 2699 in
3169 2659 3276 2699 una
3320 2660 3453 2702 voce
3494 2661 3584 2704 se—

1987 2742 2191 2803 quente
2241 2731 2405 2808 [lego]
2448 2743 2692 2791 mutatur
2717 2737 2771 2792 in
2797 2735 2835 2803 ι,
2865 2745 2924 2791 ιιι
2948 2736 3233 2810 intellego;
3264 2738 3318 2794 in
3346 2739 3466 2797 aliis
3497 2739 3583 2797 in-

1988 2832 2201 2897 tegrum
2248 2836 2450 2896 manet,
2491 2838 2553 2884 ut
2597 2829 2871 2887 interittts.
2926 2830 2993 2885 Id
3033 2847 3334 2903 pronomen
3381 2835 3453 2890 ab
3491 2851 3580 2905 eo,

1986 2916 2132 2990 quod
2152 2924 2260 2985 est,
2289 2918 2358 2986 is,
2384 2935 2470 2986 ea,
2509 2919 2587 2987 id,
2629 2936 2729 2992 per
2752 2920 2789 2976 d
2819 2921 3098 2979 scribitur.
3136 2922 3211 2990 It,
3252 2924 3395 2995 quod
3423 2925 3483 2982 fit
3512 2925 3585 2983 ab

1987 3026 2068 3074 eo,
2107 3010 2173 3076 is,
2203 3011 2263 3077 it,
2292 3026 2389 3082 per
2418 3012 2752 3069 tscribatur.
2779 3013 2956 3083 Iacet,
2983 3017 3074 3088 qui
3103 3019 3268 3074 cadit.
3297 3017 3458 3088 Jeeit,
3489 3024 3583 3093 qui

1991 3100 2160 3155 mittit
2187 3102 2464 3172 quodlibet
2506 3101 2731 3161 missile.
2783 3104 2967 3178 Impar
3003 3122 3102 3178 per
3144 3125 3197 3162 m
3237 3110 3584 3169 scribendum

1991 3202 2097 3249 εει.
2125 3191 2329 3267 Implco
2375 3211 2473 3266 por
2511 3214 2563 3252 m
2599 3213 2707 3253 non
2734 3214 2831 3269 per
2859 3217 2914 3256 η.
2950 3199 3133 3273 Ipsum
3163 3205 3340 3261 neutri
3370 3209 3587 3277 generis

1920 3271 1967 3334 C
1996 3286 2287 3343 dicendum
2308 3297 2412 3357 est,
2445 3305 2555 3346 non
2590 3292 2769 3363 ipsud,
2814 3300 2874 3350 ut
2912 3271 3064 3362 illud,
3115 3297 3278 3367 istud,
3315 3271 3589 3371 quomodo

1996 3378 2128 3454 [Ms.
2156 3381 2309 3455 Reg.,
2330 3384 2614 3461 quoniam]
2636 3396 2849 3444 veteres
2877 3389 3271 3447 nominativum
3302 3396 3587 3451 masculini

1994 3479 2215 3549 generis
2264 3495 2371 3538 non
2417 3481 2609 3555 ipsud,
2659 3483 2755 3539 sed
2805 3483 2952 3556 ipsus
3000 3485 3272 3541 dicebant.
3326 3487 3481 3544 Unde
3532 3490 3587 3545 in

1992 3569 2324 3643 Evangelio:
2358 3571 2552 3631 Omnia
2583 3592 2675 3647 per
2695 3576 2866 3647 ipsum
2895 3576 3040 3647 facta
3064 3586 3206 3643 sunt,
3237 3578 3289 3633 id
3314 3586 3422 3646 est,
3451 3578 3585 3635 Ver-

1993 3661 2145 3719 bum.
2188 3663 2487 3721 Idemidem
2527 3681 2625 3737 per
2659 3683 2692 3721 η
2737 3668 2792 3722 in
2839 3668 3009 3739 priori
3053 3668 3173 3726 loco
3214 3671 3584 3741 scribendum,

1992 3755 2122 3811 licet
2150 3759 2222 3813 sit
2244 3759 2312 3814 ab
2335 3758 2472 3813 idem
2499 3768 2553 3813 et
2576 3758 2758 3814 itidem
2808 3760 3189 3831 compositum.

2066 3848 2266 3904 Inlexit
2310 3851 2354 3907 si
2396 3866 2495 3921 per
2522 3868 2570 3917 e,
2617 3851 2827 3906 seduxit
2850 3851 3160 3924 signiﬁcat;
3192 3852 3236 3908 si
3265 3868 3363 3926 per
3387 3870 3423 3909 ιι
3449 3853 3589 3909 inlu-

1996 3948 2337 4004 strationem.
2391 3946 2662 4003 Incestum
2706 3947 3053 4005 scribendum
3096 3956 3199 4014 est,
3248 3948 3375 4004 licet
3410 3952 3591 4008 veniat

1996 4037 2065 4093 ab
2113 4040 2336 4093 incasto.
2384 4035 2636 4105 Innixus,
2680 4039 3063 4110 procumbens.
3112 4038 3346 4094 Inneatus
3393 4039 3592 4111 ligatus

1998 4129 2234 4197 dicitur;
2266 4130 2546 4202 indegena,
2586 4131 2711 4186 inde
2750 4140 2942 4198 natus;
2991 4132 3187 4199 incola,
3234 4132 3453 4190 aliunde
3484 4133 3592 4191 Ve-

1997 4219 2206 4288 niens;
2266 4220 2681 4293 intempestivum
2736 4232 2953 4280 veteres
3008 4226 3262 4282 dixerunt
3311 4225 3599 4298 inopoan

1999 4330 2161 4380 num;
2186 4315 2542 4386 tempestivum
2563 4324 2923 4387 oportunum;
2946 4328 3263 4390 oportunum
3287 4335 3319 4376 a
3349 4328 3593 4392 tempore

2001 4405 2218 4462 dicitur.

2071 4497 2231 4571 307
2251 4498 2341 4555 Sic
2359 4504 2376 4522 ⁶
2393 4501 2731 4557 inmutun'tas
2747 4511 3071 4559 nocturnum
3088 4511 3301 4577 tempus
3314 4512 3395 4562 est
3408 4547 3423 4572 ,
3439 4507 3584 4577 quod

1998 4605 2106 4644 non
2126 4598 2211 4645 est
2231 4600 2526 4658 maturum,
2544 4594 2595 4649 id
2613 4604 2717 4661 est,
2737 4604 3088 4666 Oportunum,
3104 4606 3164 4651 ut
3177 4606 3372 4670 agatur
3382 4599 3589 4670 aliquid

1999 4681 2295 4753 vigilando,
2329 4684 2473 4755 quod
2504 4685 2668 4741 etiam
2695 4686 2857 4759 vulgo
2884 4688 2990 4744 diei
3035 4686 3195 4747 solet.
3226 4689 3364 4747 hora
3401 4689 3590 4750 inpor-

2002 4780 2135 4828 tuna
2166 4774 2184 4794 *
2209 4787 2258 4829 ο.

2071 4864 2306 4933 Iuvenis,
2341 4868 2607 4939 juvenior,
2641 4871 3029 4942 superlativum
3061 4889 3165 4930 non
3200 4874 3384 4942 habet,
3416 4883 3475 4931 ut
3501 4891 3588 4933 se-

2002 4973 2126 5023 nex,
2160 4960 2355 5013 senior.
2387 4959 2575 5016 Solent
2601 4974 2780 5018 autem
2803 4964 3021 5035 juvenis
3047 4975 3099 5022 et
3121 4966 3304 5022 senior
3326 4967 3395 5023 ad
3419 4982 3479 5024 se
3509 4968 3595 5025 in-

2001 5048 2175 5104 vicem
2204 5050 2311 5105 dici
2336 5052 2508 5122 major
2533 5061 2588 5108 et
2613 5055 2810 5110 minor.
2842 5054 3066 5128 Inpingo
3099 5056 3231 5112 facit
3255 5061 3590 5129 prieteritum

2001 5140 2302 5210 perlectum
2355 5141 2559 5214 inpinxi
2614 5153 2668 5201 et
2710 5146 2902 5219 inpegi.
2949 5148 3044 5203 Ira
3098 5150 3381 5217 repentino
3423 5152 3594 5209 animi

2004 5236 2151 5283 motu
2182 5229 2441 5290 nascitur.
2467 5231 2753 5290 Iracundia
2778 5250 2972 5307 perpes
2995 5246 3079 5294 est
3102 5239 3313 5295 vitium.
3348 5239 3594 5309 Invidus,

2005 5320 2095 5390 qui
2121 5322 2324 5378 invidet
2345 5322 2561 5383 dicitur.
2592 5324 2917 5394 Invidiosus,
2941 5331 3031 5400 qui
3058 5331 3319 5388 invidiam
3340 5334 3592 5391 sustinet.

2005 5411 2073 5467 In
2105 5415 2413 5485 pne-positio
2451 5417 2496 5471 si
2528 5420 2827 5491 composita
2870 5422 2962 5487 sit,
2985 5432 3042 5479 et
3068 5441 3101 5494 p
3141 5434 3236 5479 aut
3265 5424 3294 5479 ὁ
3322 5425 3403 5482 vel
3432 5442 3484 5481 in
3510 5443 3597 5482 se-

2007 5514 2221 5575 quatur,
2259 5525 2293 5563 n
2331 5510 2385 5565 iu
2417 5528 2468 5565 m
2513 5514 2806 5581 convertit,
2837 5523 2896 5569 ut
2929 5516 3218 5588 improbus,
3263 5518 3468 5582 imbuit,
3498 5519 3596 5573 int-

2010 5607 2198 5663 mutat,
2249 5599 2458 5671 impius.
2524 5602 2749 5672 Quoties
2782 5620 2912 5662 vero
2956 5625 2989 5679 g
3035 5610 3301 5679 sequitur,
3352 5609 3496 5665 illam
3543 5625 3596 5663 nt

2011 5689 2232 5756 amittit,
2282 5697 2342 5747 ut
2390 5691 2629 5765 ignarus,
2677 5697 2909 5770 ignotus,
2959 5716 3084 5758 nam
3128 5719 3327 5773 gnarus
3355 5711 3412 5759 et
3443 5711 3597 5758 notus

2015 5779 2288 5848 simplices
2316 5790 2463 5839 sunt.

399 5896 426 5927 ι
454 5884 627 5944 Verba
653 5885 930 5944 asteriscis
949 5886 1201 5944 conclusa
1218 5885 1487 5943 habentur
1508 5902 1696 5959 supra,
1716 5896 1844 5945 tom.
1868 5889 1909 5957 Ι,
1953 5890 2008 5946 in
2033 5890 2379 5964 Expositione
2399 5897 2589 5971 psalmi
2616 5916 2806 5975 cxvm,
2831 5919 2883 5960 v.
2915 5904 3036 5974 H7,
3065 5909 3165 5963 col.
3200 5908 3320 5967 (itii.
