4106 6480
504 370 600 430 9H

1089 484 1387 542 LITTERA
1424 487 1487 542 Κ.

570 579 809 651 Kartago
837 588 891 634 et
920 576 1175 635 Kalendae
1210 594 1307 650 per
1336 579 1365 633 h’
1393 580 1680 636 scribenda
1704 587 1846 634 sunt.
1874 578 2083 634 Caetera

500 688 598 742 per
622 692 649 728 c
678 673 887 728 melius.

1088 783 1386 840 ιιττειιΑ
1420 782 1481 839 L.

571 901 721 957 Liber
741 900 854 957 sive
881 901 1143 967 codicem,
1172 899 1285 954 sive
1311 898 1640 963 libertatem,
1679 895 1793 953 sive
1820 896 2081 952 corticem

496 993 785 1066 signiﬁcet,
813 991 995 1047 omnia
1019 1007 1117 1063 per
1141 990 1170 1044 b
1193 989 1526 1046 scribuntur.
1556 986 1800 1058 Largitas
1829 985 2082 1041 humani-

496 1089 623 1142 tatis
650 1095 764 1152 est;
805 1085 1019 1158 largitio
1060 1083 1395 1140 ambitionis.
1438 1080 1774 1136 Libidinosus
1802 1096 1833 1134 a
1859 1078 2084 1135 libidine

493 1195 591 1252 per
616 1180 667 1233 b.
692 1178 906 1234 Lioidus
937 1194 967 1234 a
991 1177 1161 1233 livore
1179 1191 1288 1247 .pcr
1316 1192 1343 1228 υ
1369 1173 1717 1230 scribendum
1746 1177 1850 1226 est.
1886 1167 2080 1242 [Lepus

494 1271 695 1328 animal
719 1278 834 1337 est;
867 1266 1335 1341 leposjucunditas
1363 1263 1673 1335 voluptatis.
1706 1262 1859 1319 Unde
1879 1272 1935 1318 et
1958 1276 2079 1333 gra-

495 1378 608 1425 tum
638 1366 842 1438 aliquid
882 1364 1118 1436 lepidum
1164 1358 1440 1433 dicimus.]
1487 1357 1672 1413 Limen
1715 1358 1912 1413 mdium
1951 1366 2075 1423 est;

489 1461 639 1517 limes
668 1459 972 1530 regionum.
1019 1454 1187 1527 Loqui
1230 1452 1466 1531 hominis
1493 1459 1608 1515 est;
1644 1448 1853 1521 obloqui
1890 1450 2077 1505 obtre-

491 1552 735 1618 ctatoris,
766 1550 907 1606 sicut
928 1547 1139 1618 objecit,
1169 1543 1376 1617 obpom't
1411 1540 1533 1615 [Ms.
1579 1541 1738 1613 Reg.,
1769 1539 1957 1606 obicit,
1985 1556 2075 1611 op-

488 1648 679 1722 ponit].
723 1645 951 1717 Adloqui
990 1642 1115 1716 [ld.,
1144 1637 1378 1712 Alioqui]
1407 1636 1787 1709 persuadentis
1828 1645 1914 1693 est
1949 1636 2076 1692 hor-

490 1742 766 1812 tantisque
788 1738 877 1794 vel
897 1736 1162 1810 jubentis.
1193 1732 1386 1805 Eloqui
1418 1729 1654 1787 oratoris
1676 1738 1778 1787 est.

557 1832 877 1889 Laurentius
904 1837 961 1886 et
987 1827 1096 1882 alia
1135 1824 1361 1882 nomina
1387 1836 1509 1894 quae
1545 1821 1943 1878 nominativum
1972 1835 2069 1877 ca-
2102 1848 2147 1910 Β

486 1944 607 1986 sum
630 1923 959 1996 singularem
981 1920 1037 1977 in
1057 1919 1139 1975 ius
1166 1918 1406 1981 mittunt,
1423 1913 1719 1988 genitivum
1743 1911 2072 1984 singularem

485 2029 543 2077 et
592 2014 984 2076 nominativum
1033 2008 1298 2082 pluralem
1352 2006 1409 2062 in
1456 2004 1727 2074 duplicem
1767 2001 1808 2057 ii
1837 2001 2070 2067 habent;

486 2107 789 2166 vocativum
834 2098 1247 2175 singularemin
1288 2095 1591 2166 simplicem
1617 2093 1635 2148 i
1664 2101 1759 2149 aut
1787 2093 1869 2157 ie,
1897 2100 1960 2146 ut
1988 2091 2073 2146 hic

483 2200 697 2272 impius,
728 2197 886 2268 hujus
910 2172 1080 2264 impii,
1103 2207 1133 2246 ο
1162 2172 1340 2260 impie.
1364 2186 1537 2242 Luceo
1562 2192 1619 2242 et
1644 2183 1797 2255 lugeo
1822 2185 1877 2239 in
1903 2197 2073 2239 unum

485 2291 785 2363 perfectum
817 2285 1127 2350 deveniunt,
1161 2287 1223 2338 ut
1246 2278 1381 2335 laxi.
1431 2275 1566 2333 Lino
1602 2275 1732 2332 facit
1768 2272 2073 2347 perfectum

482 2384 615 2440 linui
654 2390 710 2438 et
752 2379 917 2435 linivi.
966 2375 1144 2432 Latus
1170 2388 1270 2447 per
1304 2388 1350 2427 te
1389 2369 1760 2442 diphthongon
1792 2364 2068 2431 scribitur,

483 2478 608 2549 quia
656 2474 839 2532 laetitia
869 2488 898 2527 a
925 2467 1212 2525 latitudine
1254 2470 1447 2522 vocata
1476 2469 1579 2519 est.
1629 2458 1847 2532 Leprosi
1871 2473 1905 2513 a
1942 2472 2075 2549 pru-

484 2546 594 2628 ritu
627 2569 795 2626 nimio
822 2562 990 2636 ipsius
1019 2557 1219 2617 scabiei
1250 2556 1379 2613 dicti
1405 2562 1556 2617 sunt,
1580 2550 1702 2608 ideo
1726 2565 1825 2622 per
1847 2566 1881 2621 p
1905 2546 2072 2604 scribi

484 2665 703 2720 debent.
734 2658 894 2730 Lego,
930 2654 1093 2727 legas,
1129 2653 1195 2707 ab
1221 2648 1499 2719 elegendo.
1538 2645 1706 2716 Lego,
1744 2642 1893 2715 legis,
1933 2656 1965 2694 a
1996 2641 2074 2696 le-

486 2756 680 2829 gendo.
716 2751 943 2824 Loquor,
992 2746 1251 2820 loqueris,
1300 2742 1534 2815 loquitur
1562 2754 1662 2811 per
1707 2754 1739 2808 q
1782 2734 2072 2829 scribenda

486 2826 640 2911 sunt;
673 2847 877 2902 locutus
904 2855 1031 2898 vero
1045 2835 1330 2911 euphonia:
1351 2848 1512 2890 causa
1538 2845 1636 2903 per
1655 2845 1682 2884 c
1706 2836 1761 2886 et
1783 2826 2012 2898 simplex
2036 2841 2073 2880 ιι

483 2943 772 3001 scribatur.

1064 3040 1377 3103 'LITTERA
1415 3038 1485 3096 Μ.

557 3167 941 3222 Munimentum
972 3175 1005 3215 a
1038 3154 1332 3214 muniendo
1361 3171 1374 3207 :
1407 3147 1847 3225 [monumentum]
1884 3146 1953 3203 ad
1978 3160 2069 3203 sc-

1266 3210 1367 3317 per
1406 3210 1514 3300 duo
1542 3242 1583 3311 l,
1627 3210 1932 3333 licetntilia
1971 3251 2073 3309 per
2096 3210 2145 3277 ο

484 3330 650 3407 unum
681 3348 1007 3404 (scribatur.
1045 3339 1247 3396 Malum
1271 3338 1319 3395 si
1343 3333 1579 3393 fructum
1606 3331 1878 3402 significat
1909 3330 2071 3401 longa

486 3442 676 3517 αμιδ.
720 3438 877 3509 Β-ρςη
918 3435 1076 3504 longa
1118 3437 1200 3486 est
1246 3426 1389 3501 ma];
1418 3427 1465 3482 si
1508 3424 1829 3497 nequitiam,
1852 3422 2072 3477 brevem

483 3515 670 3594 dicito.
718 3531 894 3587 Malus
937 3539 1173 3600 quoque,
1214 3523 1268 3579 id
1310 3530 1395 3577 est
1421 3521 1587 3576 arbor
1610 3518 1767 3574 navis
1792 3515 2011 3587 longam
2038 3530 2072 3567 α

488 3635 673 3690 dicito.
735 3625 913 3682 Malus
962 3623 1126 3678 homo
1172 3618 1392 3674 brevem
1420 3632 1453 3669 a
1481 3614 1642 3670 debet
1688 3610 1892 3668 habere
1938 3606 2067 3682 [Με.

486 3729 645 3799 Reg.,
673 3722 892 3778 brevem
923 3715 1088 3773 habet
1116 3730 1148 3767 a
1184 3707 1312 3783 lit.].
1346 3708 1596 3763 Machina
1622 3720 1721 3776 per
1747 3721 1774 3759 c
1800 3714 1855 3761 ct
1879 3704 1912 3757 ἡ
1940 3702 2075 3758 scri-

482 3795 739 3879 bendum,
763 3813 817 3868 id
861 3816 946 3866 est
988 3812 1388 3877 argumentum.
1440 3797 1635 3862 Macte,
1667 3797 1721 3852 id
1766 3804 1851 3852 est
1899 3795 2072 3867 magis

485 3916 659 3968 ariete.
686 3904 865 3961 Mollis
891 3901 936 3959 si
964 3914 998 3954 a
1018 3896 1244 3954 mollitia
1263 3908 1361 3966 per
1380 3891 1489 3947 duo
1513 3890 1553 3945 l.
1584 3886 1743 3945 Molis
1765 3886 1888 3961 [Με.
1912 3887 2070 3959 ch.,

488 3998 677 4073 Moles]
701 3998 747 4054 si
776 3996 843 4051 ad
882 3989 1112 4064 pondus,
1141 4000 1238 4060 per
1292 3996 1457 4041 unum
1487 3981 1507 4035 l
1542 3979 1847 4073 scribatur.
1882 3975 2072 4073 Mane,

487 4097 560 4152 dii
612 4069 907 4148 in'fernales
953 4084 1227 4140 dicuntur.
1274 4075 1434 4131 Mane
1461 4074 1651 4137 sines,
1683 4070 1792 4127 diei
1836 4069 2070 4126 initium.

492 4181 852 4254 Marsuppium
876 4190 976 4246 per
998 4173 1105 4230 duo
1131 4189 1163 4243 ρ
1189 4167 1540 4227 scribendum
1565 4170 1668 4254 est.
1699 4161 1822 4254 Mos
1844 4160 2076 4233 primiti-

489 4291 615 4331 vntn
657 4250 771 4337 est;
814 4267 989 4325 Mares
1020 4262 1143 4336 [διε.
1176 4260 1337 4330 Reg.,
1380 4253 1770 4317 masculinum,-
1801 4250 1929 4307 fort.
1960 4267 2077 4306 ma-

487 4361 688 4435 sculus]
717 4357 1114 4417 diminutivum.
1148 4348 1419 4405 Machtrra
1446 4361 1545 4417 per
1571 4362 1597 4401 ο
1626 4344 1757 4408 eth,
1791 4342 1844 4398 id
1858 4351 1942 4399 est
1962 4341 2076 4415 gla-

489 4463 630 4517 dius.
658 4456 911 4521 Maceria,
931 4455 987 4511 id
1007 4461 1090 4509 est
1112 4464 1319 4518 murus,
1337 4462 1436 4521 per
1456 4444 1759 4517 simplicem
1780 4460 1827 4497 c.
1852 4440 2073 4507 Mando,

489 4552 742 4616 mandas,
774 4565 805 4604 a
846 4544 1173 4604 mandando.
1221 4540 1447 4638 Mando,
1492 4536 1724 4638 mandit,
1769 4552 1802 4590 a
1846 4533 2075 4638 mandu-
2103 4574 2152 4638 ὓ

489 4647 682 4704 cando.
713 4641 930 4699 Metalla
960 4656 1055 4712 per
1080 4639 1186 4694 duo
1211 4636 1230 4692 l
1253 4635 1523 4693 scribitur.
1551 4631 1761 4689 Μηίοεο
1788 4638 1843 4688 ει
1867 4628 2073 4702 mulqeo

491 4754 655 4795 unum
684 4736 883 4791 habent
908 4729 1205 4804 perfectura
1247 4726 1375 4801 [Ms.
1420 4725 1572 4797 Reg.,
1599 4724 1652 4779 in
1694 4738 1862 4778 unum
1896 4720 2075 4792 perfe-

491 4842 637 4888 ctum
664 4826 907 4899 veniunt]
936 4824 1111 4880 mulsi.
1148 4821 1342 4876 ﬂenda
1370 4817 1617 4887 deceptio
1643 4815 1729 4872 vel
1752 4814 1919 4879 fraus,
1950 4812 2073 4867 inde

490 4924 716 4980 mendax
741 4919 824 4975 vel
860 4915 1209 4973 mendacium.

566 5017 710 5072 Mars
739 5021 794 5069 et
823 5011 1032 5068 Mavors
1064 5021 1231 5063 unum
1261 5012 1367 5069 est,
1395 5000 1536 5058 unde
1556 5008 1613 5056 et
1639 4999 1901 5054 Mavortia
1930 4996 2073 5071 [qui-

494 5111 618 5166 dam
644 5105 749 5162 dici
776 5100 997 5174 volunt].
1027 5098 1314 5161 Manuvitr,
1340 5092 1623 5159 oblivium,
1646 5091 1930 5156 diluvium,
1952 5104 2078 5145 sua—

495 5203 663 5265 vium,
692 5196 929 5259 lividum,
970 5189 1190 5265 [favlus]
1220 5188 1431 5252 ﬂavius,
1459 5185 1670 5249 avidus,
1704 5180 1915 5247 ﬂuvius,
1943 5181 2077 5237 civi-

497 5303 609 5357 tas,
641 5287 849 5344 exuviis
887 5299 985 5357 per
1010 5299 1037 5337 υ
1064 5283 1449 5338 consonantem
1485 5283 1541 5333 et
1576 5276 1594 5330 i
1630 5276 1850 5331 brevem
1896 5272 2077 5342 profe-

499 5393 710 5440 runtur.
746 5378 1006 5434 Mattheus
1043 5383 1097 5431 et
1126 5372 1377 5427 Matthias
1402 5386 1501 5441 per
1528 5368 1634 5424 duo
1663 5377 1702 5432 t,
1729 5366 1873 5437 quod
1896 5364 2075 5421 Graeci

496 5488 593 5545 per
617 5495 646 5528 τ
674 5478 729 5527 ει
747 5471 775 5523 θ
797 5466 1057 5523 scribunt.
1087 5460 1253 5527 Malo,
1275 5460 1329 5516 id
1355 5468 1442 5515 est
1470 5458 1641 5528 magis
1670 5457 1821 5523 volo;
1846 5466 1902 5511 et
1929 5456 2071 5521 nolo,

499 5566 552 5621 id
580 5570 663 5619 est
690 5576 757 5616 nc
781 5558 902 5616 volo
928 5570 1026 5629 per
1047 5567 1213 5610 unum
1239 5550 1275 5605 ι.
1311 5548 1472 5605 Molle
1493 5556 1549 5605 et
1568 5547 1703 5603 velle
1729 5555 1784 5601 ct
1815 5546 1955 5601 nolle
1982 5560 2076 5616 per

500 5658 606 5714 duo
633 5654 667 5708 l.
701 5651 851 5709 Mitto
888 5664 984 5721 per
1013 5646 1119 5703 duo
1146 5652 1247 5702 tet
1284 5641 1404 5698 ideo
1430 5641 1486 5697 in
1514 5638 1787 5711 praeterito
1830 5637 2075 5709 perfecto

501 5763 596 5819 per
634 5747 739 5801 duo
783 5762 806 5797 s
847 5740 1133 5800 scribatur,
1181 5735 1235 5791 id
1264 5743 1368 5797 est,
1399 5732 1567 5786 missi.
1620 5728 1871 5801 Magnus,
1913 5746 1947 5801 g
1990 5746 2075 5786 se-

500 5841 687 5912 quanti
736 5833 1197 5909 syllabajungitur
1225 5826 1353 5901 [.lls.
1389 5824 1534 5897 Reg.,
1565 5823 1809 5893 sequenti
1856 5823 2074 5895 syllabae

1312 372 1369 426 Β.
1412 370 1470 424 F.
1510 369 1737 425 ALBlNl
1776 369 1906 426 SEU
1947 367 2221 425 ALCUlNl
2259 367 2543 428 OPERUM
2581 367 2763 426 PARS
2799 368 2907 426 Vll.

3670 365 3777 423 91⁷2

2108 488 2157 549 Α
2184 484 2464 560 societur].
2519 487 2791 560 Magister,
2822 486 3000 559 major
3028 486 3082 543 in
3114 484 3377 554 statione;
3423 502 3547 543 nam
3575 485 3773 542 lsterou

2189 579 2377 637 Graece
2403 581 2569 639 statio
2594 582 2813 638 dicitur.

2775 670 3077 728 LITTERA
3115 670 3180 727 Ν.

2263 781 2496 850 Nobilis,
2537 785 2764 853 mobilis,
2810 785 3017 853 debilis,
3055 785 3270 851 habilis,
3301 799 3397 857 per
3426 786 3455 839 b
3486 782 3774 842 scribenda

2182 887 2332 935 sunt.
2367 876 2633 945 Nanctus,
2678 880 2732 936 id
2757 886 2842 936 est
2872 880 3123 936 inventus
3146 877 3231 934 vel
3257 878 3504 950 adeptus,
3536 893 3636 950 per
3654 895 3687 933 ιι
3715 887 3776 932 ει

2182 989 2208 1025 c
2236 969 2400 1028 scribi
2433 971 2612 1029 debet.
2648 968 2918 1027 Nacturus
2942 971 3290 1043 participium
3315 970 3481 1027 futuri
3511 971 3775 1043 temporis

2180 1075 2280 1136 per
2299 1084 2327 1122 c
2354 1065 2547 1123 solum.
2604 1058 2801 1122 Navita
2829 1073 2885 1121 et
2912 1064 3097 1121 Nauta
3126 1075 3416 1135 utrumque
3457 1074 3603 1121 recte
3639 1062 3775 1120 dici-

2182 1170 2289 1217 tur.
2321 1161 2726 1217 Nummularius
2750 1159 2872 1234 [Ms.
2904 1160 3062 1232 Reg.,
3093 1157 3519 1231 Nummolarius]
3540 1172 3639 1229 per
3664 1158 3777 1213 duo

2180 1270 2254 1320 ιη,
2284 1255 2430 1325 quod
2472 1263 2559 1309 est
2583 1268 2928 1309 nummorum
2963 1252 3207 1324 largitor.
3240 1248 3576 1306 Nummisma
3620 1249 3775 1305 simi-

2177 1345 2305 1402 liter
2330 1361 2427 1417 per
2447 1347 2552 1403 duo
2572 1363 2647 1412 m,
2671 1345 2817 1418 quod
2837 1353 2925 1401 est
2944 1344 3150 1400 nummi
3173 1356 3523 1415 percussum.
3559 1339 3773 1405 Novus,

2178 1441 2323 1511 quod
2348 1451 2431 1497 est
2455 1449 2710 1497 strenuus
2734 1438 2821 1495 vel
2847 1436 3035 1495 cllicax
3056 1478 3072 1502 ,
3100 1451 3201 1508 per
3222 1439 3330 1494 duo
3357 1452 3394 1491 ιι
3420 1434 3773 1492 scribendum

2176 1535 2343 1607 308
2362 1543 2465 1590 est.
2491 1530 2694 1606 [Nimis
2724 1531 2939 1596 dicitur,
2970 1529 3231 1601 quidquid
3264 1528 3385 1598 plus
3413 1524 3578 1582 fuerit
3606 1540 3773 1596 quam

2176 1632 2409 1695 oportet.
2457 1623 2593 1679 Nam
2636 1637 2863 1693 parvum
2909 1629 3017 1687 cst,
3064 1619 3208 1689 quod
3259 1620 3442 1675 minus
3470 1624 3557 1674 est
3604 1629 3771 1687 quam

2177 1724 2404 1787 opertet.
2456 1714 2662 1770 Horum
2692 1714 2748 1768 in
2776 1712 2957 1768 medio
2985 1712 3179 1768 modus
3212 1717 3326 1775 est,
3360 1708 3505 1780 quod
3546 1707 3771 1772 dicitur,

2176 1811 2302 1866 satis
2333 1818 2428 1864 est.
2472 1807 2579 1863 Sed
2608 1805 2899 1878 aliquando
2925 1802 3118 1859 [Atina
3150 1803 3332 1875 lingua
3362 1802 3468 1858 hoc
3492 1800 3664 1857 verbo
3691 1800 3772 1857 sic

2174 1902 2435 1968 abutitur,
2480 1908 2542 1956 ut
2569 1900 2724 1955 nimis
2764 1913 2864 1969 pro
2896 1912 2980 1964 eo,
3013 1897 3155 1967 quod
3185 1904 3271 1951 est
3308 1891 3481 1958 valde,
3511 1904 3759 1965 ponatur.

2174 1995 2340 2051 veluti
2383 1995 2623 2065 positum
2668 1993 2975 2065 invenimus
3004 1991 3059 2047 in
3085 1989 3285 2047 litteris
3313 1989 3500 2043 sacris.
3549 1984 3680 2042 Nam
3706 1996 3761 2041 ct

2176 2087 2231 2143 in
2269 2059 2479 2158 psalmo
2512 2105 2524 2140 :
2565 2083 2643 2139 Tu
2684 2059 2977 2155 prircepisti
3022 2078 3275 2136 mandata
3317 2078 3571 2133 custodiri
3614 2076 3765 2132 almis

2175 2178 2348 2255 (Psal.
2378 2194 2572 2244 cxvttt,
2603 2179 2685 2251 4),
2718 2178 2771 2234 id
2799 2185 2886 2233 est
2914 2175 3119 2248 valde]

2245 2268 2470 2345 [Nullus
2497 2277 2580 2325 est
2604 2276 2715 2324 tam
2761 2267 2814 2323 in
2842 2283 2904 2324 re
2940 2282 3106 2339 quam
3131 2265 3186 2321 in
3216 2279 3467 2338 persona.
3505 2261 3676 2317 Nemo
3715 2262 3771 2317 in

2172 2375 2407 2432 persona
2456 2360 2673 2425 dicitur,
2702 2365 2765 2414 ut
2809 2374 2878 2416 ne
2926 2358 3091 2414 homo
3135 2355 3265 2430 [Ms.
3314 2354 3467 2428 Reg.,
3496 2364 3559 2410 ιιι
3602 2368 3770 2411 nemo

2174 2451 2383 2523 homo].
2437 2448 2577 2505 Noui
2600 2449 2907 2506 declinatur
2945 2450 3088 2506 sicut
3111 2448 3200 2505 odi
3225 2457 3280 2503 ct
3308 2448 3541 2504 memini.
3572 2443 3771 2519 [Nubit

2175 2543 2376 2600 femina
2412 2542 2566 2608 viro;
2596 2541 2681 2598 vir
2704 2550 2890 2598 autem
2918 2541 3066 2598 ducit
3092 2554 3340 2596 uxorem.
3373 2539 3564 2594 Mulier
3592 2535 3769 2599 nubit,

2174 2636 2301 2707 quia
2323 2635 2487 2709 pallio
2507 2635 2736 2693 obnubit
2767 2641 2950 2706 caput,
2978 2632 3297 2708 genasque].
3333 2631 3490 2688 Nubo
3513 2647 3639 2689 cum
3673 2648 3769 2687 vo-

2174 2726 2310 2783 calis
2350 2725 2628 2796 sequitur,
2658 2726 2688 2780 b
2724 2726 2885 2781 debet
2934 2722 3090 2792 esse;
3122 2740 3247 2781 cum
3288 2740 3594 2782 consonans
3620 2742 3673 2795 ρ,
3708 2734 3769 2781 ιιι

2175 2819 2349 2893 nupsi.
2374 2817 2554 2893 [Nihil
2573 2818 2890 2876 adverbium
2910 2826 3025 2885 est;
3053 2814 3225 2873 Nihili
3247 2832 3443 2873 nomen
3465 2826 3579 2883 est;
3604 2817 3768 2875 homo

2174 2912 2319 2968 enim
2348 2909 2549 2967 nullius
2570 2911 2854 2978 momenti,
2875 2909 3028 2964 nihili
3058 2907 3304 2983 dicitur].
3344 2906 3630 2981 Nauigium
3651 2925 3769 2965 om-

2172 3002 2259 3059 nis
2292 3001 2522 3059 classica
2562 2998 2830 3074 profectio
2860 3000 3079 3057 dicitur.
3135 2996 3318 3056 Nauta
3358 3008 3442 3057 est
3468 3002 3649 3059 omnis
3676 3001 3769 3071 qui

2174 3094 2419 3151 laborem
2460 3093 2591 3151 facit
2619 3092 2929 3166 navigandi.
2982 3091 3173 3159 Navis,
3203 3092 3472 3149 ablativus
3499 3094 3556 3149 in
3580 3094 3599 3151 i
3627 3104 3683 3149 ct
3714 3095 3768 3150 in

2174 3207 2203 3245 e
2228 3189 2461 3245 mittitur
2501 3186 2632 3262 [Ms.
2680 3185 2835 3259 Req.,
2868 3185 3163 3244 ablativum
3209 3186 3265 3242 in
3289 3185 3384 3242 iet
3411 3188 3467 3243 in
3492 3204 3523 3243 e
3551 3187 3765 3261 mittit].

2180 3281 2423 3357 Nequam
2452 3297 2564 3339 non
2589 3280 2792 3338 malum
2825 3278 3116 3352 signiﬁcat,
3146 3279 3241 3336 sed
3269 3278 3538 3335 inutilem.
3576 3276 3769 3351 Negle-

2173 3391 2299 3447 qens
2333 3390 2430 3445 per
2452 3390 2484 3445 g
2529 3372 2872 3430 scribendum
2921 3378 3028 3440 est,
3062 3369 3218 3443 quasi
3249 3386 3342 3426 nec
3370 3365 3567 3439 legens,
3591 3385 3620 3421 c
3653 3369 3704 3423 in
3732 3386 3766 3440 g

2173 3479 2515 3521 conversum.
2544 3460 2747 3532 Narro,
2770 3462 3013 3519 narratio
3035 3477 3133 3535 per
3159 3461 3266 3518 duo
3295 3478 3321 3513 r
3349 3459 3627 3525 scribitur,
3665 3456 3767 3514 Ni-

2174 3554 2249 3609 hil
2275 3564 2330 3613 et
2355 3553 2430 3609 nil
2451 3564 2745 3625 utrumque
2774 3553 2879 3611 dici
2903 3560 3101 3624 potest.

2776 3666 3075 3726 UTTERA
3104 3668 3171 3728 0.

2240 3783 2403 3860 {Olea
2433 3785 2549 3856 ipsa
2576 3786 2740 3841 arbor
2764 3793 2868 3849 est,
2900 3781 3108 3840 fructus
3134 3781 3296 3849 oliva,
3321 3795 3518 3838 succus
3543 3778 3762 3849 oleum].

2177 3872 2482 3932 Obaudiens
2501 3878 2570 3933 ab
2593 3890 2743 3943 aure,
2768 3890 2835 3931 eo
2855 3876 2997 3946 quod
3018 3876 3203 3932 audiat
3228 3875 3619 3949 imperantem;
3640 3874 3767 3929 ideo

2174 3981 2271 4037 per
2294 3983 2368 4021 au
2399 3967 2747 4024 scribendum
2776 3975 2878 4022 est.
2914 3964 2994 4021 Ob
3019 3968 3331 4037 praepositio
3356 3967 3631 4022 interdum
3668 3980 3768 4036 po-

2176 4057 2326 4113 nitur
2368 4057 2561 4128 plena,
2602 4065 2663 4113 ut
2707 4067 2817 4125 est,
2860 4056 3024 4124 obire,
3075 4059 3339 4115 aberrare.
3380 4056 3665 4115 Interdum
3708 4059 3766 4113 in

2172 4148 2422 4206 eamdem
2450 4148 2690 4206 litteram
2718 4150 2940 4215 transit,
2971 4163 3002 4203 a
3026 4164 3133 4220 qua
3157 4163 3393 4221 sequens
3417 4163 3599 4206 sermo
3618 4149 3761 4204 inci-

2175 4241 2375 4311 pitfut
2418 4239 2643 4311 olfulsit,
2672 4241 2973 4307 ommutuit,
3023 4242 3283 4312 opposuit.
3322 4239 3597 4311 Sequente
3638 4252 3762 4295 vero

2176 4349 2205 4388 υ
2230 4332 2351 4388 loco
2370 4330 2723 4388 consonantis
2744 4330 2951 4402 integra
2973 4339 3176 4397 manet,
3197 4340 3260 4387 ut
3276 4330 3541 4396 obversus,
3562 4329 3756 4385 obvius.

2179 4422 2328 4480 Onus
2368 4423 2418 4481 si
2448 4423 2516 4480 de
2542 4438 2706 4480 onere
2749 4424 2921 4489 venit,
2964 4438 3064 4494 per
3090 4440 3120 4478 ο
3148 4422 3353 4490 solam;
3381 4422 3427 4478 si
3458 4422 3526 4479 de
3563 4420 3766 4478 honore

2178 4528 2278 4585 per
2302 4514 2337 4568 lt
2377 4514 2653 4570 scribitur.
2685 4511 2933 4568 Oblatrat
2958 4528 3059 4585 per
3082 4512 3113 4567 b
3143 4512 3492 4570 scribendum
3518 4520 3624 4567 est.
3651 4507 3761 4566 0b-

2175 4612 2280 4660 stat
2306 4619 2402 4675 per
2431 4603 2494 4667 b;
2520 4612 2667 4675 optat
2690 4617 2791 4674 per
2816 4619 2851 4675 ρ
2876 4603 3154 4660 scribitur.
3184 4601 3463 4677 Obstupui,
3490 4600 3762 4672 obstupeo,

2176 4698 2381 4764 obsum,
2413 4696 2671 4768 obstrepe,
2699 4696 2728 4750 b
2755 4695 2824 4752 ad
2848 4696 3088 4766 priorem
3112 4694 3398 4768 syllabam,
3425 4709 3451 4749 ε
3476 4692 3545 4749 ad
3572 4706 3769 4748 secun-

2177 4789 2301 4846 dam
2329 4790 2585 4860 pertinet.
2642 4787 2830 4845 Obitus
2859 4803 3080 4855 nomen,
3108 4798 3164 4846 et
3192 4789 3362 4844 subito
3404 4796 3567 4859 atque
3604 4787 3769 4843 obiter

2179 4878 2433 4937 adverbia
2484 4881 2553 4936 ab
2601 4880 2663 4935 ob
2713 4888 2772 4936 et
2811 4880 2905 4935 sub
2956 4879 3431 4951 prtepositicaibus
3472 4878 3758 4947 incipiunt.

2180 4971 2443 5029 Obsoleoit
2469 4990 2494 5027 ε
2523 4972 2741 5043 quidem
2773 4972 2957 5037 habet,
2989 4973 3083 5028 sed
3119 4988 3226 5028 non
3267 4972 3437 5042 ipsius
3474 4972 3647 5031 verbi,
3672 4970 3767 5026 scd

2178 5062 2591 5133 praepositionis,
2620 5077 2740 5132 quae
2763 5073 2847 5117 est
2867 5064 2977 5127 obs,
3000 5064 3143 5119 sicut
3164 5062 3228 5117 ab
3252 5072 3307 5118 et
3331 5062 3443 5115 abs.
3474 5060 3763 5124 Obsolerit,

2176 5156 2232 5211 id
2258 5162 2346 5210 est
2371 5156 2711 5210 inveteravit.
2738 5152 3003 5220 Obnixus,
3033 5156 3086 5210 id
3111 5166 3197 5212 est
3216 5155 3571 5210 conabundus
3596 5169 3697 5224 per
3725 5156 3761 5207 i.

2180 5244 2447 5313 Obnexus,
2474 5246 2527 5301 id
2551 5256 2639 5303 est
2659 5246 2944 5318 obligatus,
2976 5261 3072 5318 per
3095 5263 3123 5302 e
3144 5247 3492 5303 scribendum
3522 5253 3625 5300 est.
3661 5244 3763 5299 0c-

2177 5356 2332 5395 casus
2363 5354 2461 5410 per
2482 5338 2589 5395 duo
2608 5356 2636 5394 c
2657 5346 2713 5395 et
2739 5354 2836 5410 per
2859 5354 3023 5394 unum
3046 5357 3092 5393 s.

2762 5452 3063 5510 LITTERA
3111 5451 3173 5507 P.

2250 5542 2458 5600 Pascha
2480 5555 2538 5601 et
2569 5543 2741 5601 Phase
2770 5559 2937 5600 unum
2965 5553 3065 5600 est.
3114 5541 3443 5600 Parasclreue
3482 5558 3577 5614 per
3608 5560 3640 5598 tt
3674 5545 3766 5599 de-

2176 5639 2267 5695 bet
2292 5639 2347 5693 in
2378 5638 2672 5694 novissima
2718 5637 2924 5709 syllaba
2954 5635 3138 5696 scribi.
3198 5632 3515 5690 Patriarcha
3543 5634 3575 5689 h
3602 5634 3760 5690 debet

2176 5732 2399 5796 habere,
2444 5731 2497 5786 id
2527 5738 2610 5786 est
2638 5731 2889 5801 princeps
2932 5738 3166 5800 patrum.
3221 5716 3491 5799 [Patrium
3526 5739 3557 5779 ιι
3589 5725 3765 5796 patria

2174 5822 2392 5879 dicitur.
2431 5820 2721 5881 Paternum
2748 5839 2777 5879 a
2811 5835 2965 5894 patre
2995 5823 3196 5878 dictum
3227 5831 3328 5876 εει.
3361 5816 3596 5890 Papaver
3619 5832 3715 5894 per
3740 5835 3765 5877 υ
