4106 6566
282 391 388 450 913

1276 384 1747 445 DlDASCALlCA.
1789 415 1856 425 --
1897 385 1982 440 DE
2023 383 2587 442 ORTHOCRAPIHA.

3448 389 3552 444 9H

282 498 628 558 scribendum
660 497 783 572 est].
832 498 1145 566 Pandectes,
1179 499 1231 554 id
1256 507 1339 555 est
1384 501 1571 553 omnia.
1611 496 1864 553 ferentes.
1896 501 1944 558 Α
1974 494 2223 562 dicimus,
2248 513 2353 552 non
2379 497 2682 568 prestulari.
2737 493 3008 551 Prehendo
3033 506 3086 553 et
3116 498 3322 554 Prendo
3351 509 3554 556 utrum-

283 592 408 647 ldeo
436 590 601 646 Vetus
626 597 681 646 et
710 589 918 645 Novum
946 589 1380 655 Testamentum,
1407 589 1453 643 si
1481 586 1698 643 insimul
1736 586 1870 640 scri-

283 683 448 749 bitur,
497 682 665 738 Vetus
691 689 745 736 et
786 680 995 737 Novum
1047 681 1263 736 insimul
1310 676 1618 732 Pandecten
1648 675 1863 732 dicitur.

285 770 521 843 Pangor,
550 781 735 843 pactus
773 788 888 826 sum
918 771 1048 828 facit
1075 773 1427 843 praeteritum.
1468 768 1782 839 Parumper,
1817 766 1872 822 id

280 872 366 918 est
388 875 577 931 parum
607 870 991 932 praeposteram
1035 862 1420 933 praepositione
1458 877 1582 931 per,-
1611 860 1752 916 sicut
1773 874 1871 930 pu-

281 955 492 1006 betcnus
518 950 694 1006 ablata
717 968 742 1007 s
764 965 862 1023 per
889 967 1204 1023 apocopam.
1236 949 1421 1018 Pario,
1438 953 1632 1022 peperi,
1659 959 1871 1021 partum

279 1039 411 1093 facit
460 1039 712 1110 supinum
755 1040 1005 1106 verbum,
1036 1040 1163 1097 inde
1197 1042 1493 1111 pariturus.
1527 1036 1700 1093 Pareo
1739 1036 1871 1093 facit

279 1131 613 1202 praeteritum
638 1133 784 1202 parsi
821 1129 898 1204 [et
924 1132 1174 1206 peperci].
1230 1131 1450 1188 Patiens
1480 1144 1600 1186 sum
1646 1129 1866 1184 laboris.

281 1220 480 1280 Plenus
508 1239 627 1279 sum
649 1224 914 1279 bonorum
939 1231 993 1278 et
1011 1223 1191 1280 bonis.
1223 1222 1462 1278 Peridus
1484 1230 1537 1277 et
1569 1221 1751 1278 avidus
1774 1233 1873 1292 per

277 1333 307 1370 ν
332 1313 638 1372 scribenda.
669 1311 866 1381 Papus,
896 1316 1036 1387 pari,
1062 1325 1120 1371 et
1150 1332 1304 1387 pavo,
1343 1315 1580 1386 pavonis.
1621 1311 1869 1386 [Paenitet

277 1425 368 1467 me
398 1411 660 1466 muneris.
696 1407 848 1482 Piget
878 1426 967 1467 me
995 1409 1363 1483 perfectionis.
1407 1406 1581 1464 Pudet
1607 1422 1695 1463 me
1721 1419 1870 1460 amo-

279 1503 375 1556 ris.
411 1497 572 1555 Pecto
615 1510 795 1572 caput,
821 1516 930 1556 non
956 1502 1183 1572 pectine.
1231 1498 1459 1564 Parum,
1489 1512 1596 1554 non
1629 1494 1872 1569 pectina-

277 1588 441 1664 tum.]
473 1588 614 1646 Pene
636 1593 984 1663 praepositio;
1014 1600 1071 1648 et
1091 1609 1246 1664 penes
1273 1592 1587 1649 adverbium
1611 1605 1709 1660 per
1739 1588 1872 1644 sima

275 1681 473 1752 pliceui
497 1697 524 1736 e
544 1684 870 1737 scribantur.
887 1679 1099 1738 Pennas
1120 1684 1322 1738 avium.
1341 1680 1545 1738 Pinnas
1567 1694 1865 1737 murorum.

275 1770 434 1839 Peto,
459 1781 642 1845 expeto
669 1773 788 1830 sine
812 1791 835 1829 s
864 1775 1029 1831 scribi
1073 1775 1252 1831 debet.
1287 1772 1620 1829 Peteredium
1657 1771 1869 1841 abjecta

271 1863 1150 1980 91:13:39???"ipsi???
1181 1862 1862 1980 '
1900 1863 1944 1925 Β
1972 1898 2290 1967 Probamus,
2322 1918 2442 1974 quae
2493 1904 2674 1975 qualia
2716 1916 2844 1964 sunt
2889 1862 3342 1980 tcmptamusfut

275 1953 609 2029 [Pertinacia
640 1957 794 2013 mala:
822 1959 901 2012 rei
928 1958 1146 2023 dicitur,
1178 1964 1232 2012 ct
1259 1956 1564 2014 constantia
1588 1951 1793 2026 bonas]

348 2045 670 2105 Percussum
721 2065 946 2120 corpore
984 2047 1337 2106 :Perculsum
1386 2048 1567 2104 animo
1613 2047 1864 2104 dicimus.

277 2139 548 2208 Pcrcutio,
586 2145 817 2214 percussi
843 2158 940 2214 per
967 2142 1076 2198 duo
1100 2161 1144 2210 s,
1171 2143 1293 2198 inde
1319 2156 1696 2214 percussurus.
1741 2137 1869 2193 Per-

268 2233 430 2304 jurus
459 2242 543 2289 est
570 2233 662 2303 qui
693 2235 836 2290 male
853 2235 1023 2307 jurat.
1055 2232 1306 2304 Pejurus,
1339 2232 1495 2304 quasi
1518 2233 1671 2304 pejus
1695 2231 1865 2302 jurat,

278 2327 337 2381 in
357 2326 523 2383 verbo
546 2345 574 2380 r
602 2343 712 2382 non
737 2327 902 2384 habet
921 2325 1051 2400 [51s.
1080 2324 1234 2396 Reg.,
1260 2327 1444 2396 pejuro
1472 2325 1616 2379 enim
1644 2324 1868 2378 verbum

282 2436 308 2472 r
332 2433 440 2473 non
462 2417 621 2474 debet
648 2418 881 2482 habere;
909 2425 992 2473 est
1011 2419 1155 2473 enim
1178 2417 1335 2487 quasi
1356 2415 1512 2488 pejus
1525 2413 1695 2488 juro].
1716 2411 1870 2468 Phae-

277 2513 396 2578 ειη,
423 2510 478 2569 id
516 2519 601 2566 εει
636 2509 850 2582 Apollo,
879 2510 953 2564 ita
998 2507 1278 2573 scribitur,
1308 2515 1368 2565 ut
1402 2513 1525 2577 post
1551 2523 1585 2577 p
1610 2513 1870 2575 sequatur

275 2604 332 2658 Ii.
365 2600 591 2658 Phoebus
612 2601 693 2659 sol
715 2603 938 2669 dicitur,
957 2599 1146 2656 Phoebe
1166 2600 1252 2656 vel
1279 2597 1473 2655 Phoebo
1501 2594 1647 2666 lunai,
1664 2606 1870 2654 utrum-

274 2711 382 2767 que
410 2711 509 2768 per
535 2714 569 2767 p
604 2704 662 2752 et
685 2697 718 2750 Ιι
743 2694 1030 2752 scribenda
1071 2701 1218 2749 sunt.
1263 2690 1497 2763 Pignora
1540 2689 1774 2745 ﬁliorum
1815 2696 1872 2743 et

274 2784 646 2842 aﬂ‘ectionum.
699 2783 931 2855 Pignera
976 2799 1178 2839 rerum.
1223 2780 1560 2851 Plagiarius,
1592 2780 1647 2836 id
1675 2788 1759 2834 est
1784 2794 1871 2836 se-

274 2877 488 2932 ductor.
537 2874 869 2940 Plaustrum,
913 2877 1220 2947 capistrunt,
1260 2873 1572 2937 claustrum,
1618 2879 1866 2937 uestrum,

277 2977 530 3034 rastrum,
557 2977 614 3022 et
641 2966 767 3022 talia
793 2977 905 3022 tres
951 2974 1336 3030 consonantes,
1367 2963 1556 3019 vocale
1584 2970 1865 3034 sequente,

277 3060 332 3112 in
377 3071 540 3112 unam
584 3053 848 3128 syllabam
885 3053 1163 3126 iungenda
1204 3059 1349 3110 sunt.
1403 3047 1584 3106 Pluris
1611 3050 1867 3116 dicimus,

278 3149 424 3220 quod
449 3147 655 3218 majore
694 3162 907 3204 summa
935 3153 1170 3200 taxatur.
1222 3142 1412 3198 Plures
1441 3143 1661 3200 vero‘de
1687 3141 1870 3198 multi-

1975 601 2082 656 que
2132 586 2236 642 dici
2277 597 2474 658 potest.
2516 585 2750 642 Pretium
2782 603 2878 660 per
2908 607 2936 644 e
2976 590 3294 661 simplicem.
3330 591 3549 648 Precari

1973 686 2060 731 est
2099 680 2278 748 rogari
2320 678 2447 751 [Με.
2477 679 2605 750 Reg.
2656 688 2739 735 est
2767 679 3003 752 rogare],
3050 681 3317 751 deprecari
3356 697 3551 740 excus—

1974 782 2094 823 sare
2119 810 2134 834 ,
2186 770 2272 825 vel
2323 786 2573 842 purgare,
2621 780 2912 842 utrumque
2936 787 3035 844 per
3069 790 3099 828 e
3126 775 3460 844 simplicem;
3495 787 3556 837 ut

1975 859 2234 929 Virgilius
2255 859 2410 931 (.En.
2443 877 2541 927 xu,
2572 861 2698 935 951)
2733 882 2746 918 :

2341 968 2582 1036 Equidem
2605 976 2786 1037 merui,
2812 987 2907 1027 nec
2929 975 3193 1041 deprecor,
3212 982 3395 1044 inquit.

1974 1073 2259 1133 Prwmium
2285 1095 2405 1134 cum
2435 1079 2767 1153 diphthongo
2795 1100 2860 1138 re.
2887 1082 3058 1138 Aliter
3080 1086 3387 1154 prooemium
3417 1099 3555 1158 pra:-

1971 1165 2104 1222 t'atio
2128 1166 2346 1223 dicitur.
2372 1166 2741 1240 Pra'gnantem
2762 1187 2884 1228 cum
2908 1173 3120 1239 scribis,
3149 1175 3392 1232 adnectis
3409 1194 3443 1248 g
3471 1193 3556 1232 sc-

1973 1254 2163 1312 cundat
2191 1257 2429 1329 syllabae,
2453 1269 2544 1314 aut
2568 1262 2771 1332 scripto
2783 1262 2990 1318 divides
3014 1273 3069 1320 et
3089 1264 3193 1320 alia
3221 1264 3559 1335 huiusmodi.»

1972 1355 2032 1404 ut
2054 1365 2302 1423 magnus,
2336 1351 2549 1422 dignus,
2593 1354 2802 1426 pignus.
2837 1352 3098 1411 Primitiae
3130 1357 3412 1429 pluraliter
3436 1369 3554 1416 tan-

1972 1449 2086 1496 tum
2109 1442 2382 1510 dicuntur,
2410 1445 2505 1500 sed
2533 1443 2818 1516 aliquoties
2839 1447 3189 1518 singulariter
3231 1450 3550 1522 intellegen-

1971 1531 2072 1588 ἀπε.
2128 1525 2413 1605 Privignus
2461 1550 2560 1607 per
2618 1538 3012 1596 detractionem
3047 1559 3076 1598 e
3104 1543 3302 1600 littera:
3325 1543 3432 1602 dici
3461 1561 3558 1618 po-

1974 1631 2098 1688 test,
2129 1624 2400 1697 integrum
2426 1628 2573 1683 enim
2602 1626 2721 1699 ejus
2769 1631 3092 1702 privigenum
3122 1650 3265 1691 reor.

2049 1713 2218 1770 Probo
2251 1716 2474 1774 verbum
2525 1719 2792 1791 duplicem
2841 1721 3290 1794 signiﬁcationem
3350 1727 3550 1793 habet;

1971 1809 2265 1877 probamus
2288 1810 2434 1866 enim
2472 1826 2594 1882 quae
2619 1812 2900 1884 elegimus,
2948 1813 3002 1870 id
3045 1823 3130 1872 est
3173 1817 3551 1889 adprobamus.

3348 1956 3362 1983 ,
3395 1917 3556 1986 proba

1964 2008 2048 2047 me
2080 1990 2241 2048 Deus.
2270 1989 2379 2049 Pro
2401 1997 2732 2067 praepositio,
2777 2013 2900 2055 cum
2926 2001 2998 2057 sit
3026 2004 3347 2062 naturaliter
3374 2006 3554 2078 longa,

1967 2081 2240 2138 interdum
2283 2083 2339 2140 in
2384 2088 2775 2157 compositione
2819 2095 3185 2165 corrumpitur
3241 2094 3381 2169 [Με.
3424 2096 3551 2169 Reg.

1967 2169 2312 2246 corripitur];
2347 2174 2548 2246 partim
2571 2180 2933 2250 correptione,
2965 2188 3025 2236 ut
3066 2199 3324 2252 proavus;
3355 2187 3555 2257 partim

1967 2265 2336 2351 assumptione
2362 2264 2553 2320 litterae
2574 2266 2630 2332 ά,
2657 2277 2716 2323 ut
2743 2269 2970 2340 prodest,
3000 2274 3260 2345 proditus,
3282 2277 3553 2351 prodigus.

1967 2350 2239 2408 Interdum
2264 2353 2476 2426 integra
2511 2365 2679 2412 estet
2716 2359 2836 2428 ipsa
2876 2375 3022 2432 pars,
3056 2365 3145 2419 cui
3193 2350 3556 2438 coniungitur,

1968 2453 2028 2497 ut
2067 2459 2311 2516 procuro.
2367 2447 2730 2518 Sequentibus
2763 2452 2857 2506 iet
2908 2469 2937 2508 υ
2979 2453 3099 2511 loco
3141 2461 3556 2514 consonantium

1968 2551 2244 2605 nunquam
2273 2537 2511 2594 litteram
2536 2540 2742 2611 perdlt;
2790 2552 2885 2597 aut
2912 2553 3114 2614 mutat;
3148 2557 3208 2601 ut
3247 2548 3552 2619 providens;

1969 2637 2062 2682 aut
2091 2626 2337 2696 assumit,
2369 2639 2463 2686 aut
2489 2633 2876 2705 corrumpitur,
2906 2643 2965 2690 ut
2991 2637 3276 2708 projectus.
3301 2634 3554 2695 Protinus

1969 2718 2104 2790 peri
2133 2719 2430 2790 temporale
2453 2731 2558 2790 est,
2595 2723 2648 2779 id
2685 2733 2769 2782 est
2801 2728 2985 2782 statim
3013 2746 3026 2782 :

2095 2830 2326 2883 Pretluus
2347 2831 2529 2887 Enen
2545 2839 2694 2900 cepit
2715 2837 2869 2889 celeri
2894 2846 3091 2894 certare
3114 2847 3290 2906 sagitta
3318 2848 3344 2875 ⁸

1968 2929 2232 2989 Protenus
2272 2949 2372 3005 per
2398 2951 2427 2991 e
2467 2937 2782 2994 adverbium
2808 2939 2976 2998 locale
3009 2951 3111 3011 εει,
3150 2944 3205 3004 id
3251 2957 3354 3015 est,
3391 2964 3556 3021 porro

1971 3031 2150 3092 tenus,
2182 3033 2279 3082 ut:
2310 3023 2443 3082 Cum
2488 3037 2734 3100 protenus
2766 3042 2989 3118 utraque
3034 3035 3186 3093 tellus
3235 3055 3342 3095 una
3395 3042 3551 3112 foret.

1971 3113 2081 3172 Pro
2110 3119 2163 3174 in
2187 3121 2523 3191 appositione
2539 3122 2627 3178 vel
2652 3113 3045 3195 compositione
3064 3128 3251 3188 localis
3272 3139 3328 3188 et
3347 3141 3556 3206 tempo-

278 3208 482 3294 tbdine.
532 3208 720 3292 Plures
751 3235 1154 3307 comparativus
1177 3235 1376 3307 gradus
1404 3241 1518 3297 est,
1548 3230 1702 3302 cujus
1725 3231 1870 3302 posi-

1973 3208 2103 3264 ralis
2129 3209 2257 3283 [.ifs.
2285 3209 2414 3307 βας.
2443 3211 2525 3269 vel
2554 3215 2868 3287 temporalis
2900 3217 3028 3293 est].
3056 3216 3167 3277 Pro
3188 3225 3401 3297 teinplo,
3433 3244 3556 3298 pro-

275 3333 422 3386 tivus
447 3330 621 3385 multi.
660 3328 883 3384 Poderis
909 3344 1007 3399 per
1031 3345 1061 3380 ο
1083 3337 1138 3383 ει
1170 3344 1217 3392 e,
1247 3327 1299 3384 id
1326 3334 1409 3382 est
1449 3326 1628 3380 tunica
1659 3324 1867 3390 talaris,

272 3436 383 3493 qua
417 3421 730 3475 sacerdotes
752 3419 808 3474 in
827 3419 998 3474 veteri
1026 3418 1143 3489 lege
1173 3417 1483 3473 utebantur.
1511 3414 1696 3480 Poena,
1724 3417 1871 3486 quod

272 3522 361 3569 est
409 3510 733 3584 subplicium
761 3526 861 3583 per
903 3527 932 3564 ο
963 3519 1020 3564 ει
1059 3527 1084 3563 e
1125 3508 1403 3564 scribitur.
1451 3505 1626 3580 [Pana
1665 3506 1871 3578 aliquid

273 3602 599 3674 simpliciter
620 3612 882 3661 statuens.
913 3603 1149 3674 Dispono
1179 3601 1381 3673 aliquid
1404 3599 1630 3673 [operis]
1660 3600 1868 3670 impen-

281 3695 444 3752 sioris
471 3695 557 3751 vel
584 3697 796 3752 consilii
821 3695 1086 3753 facturus.
1120 3696 1215 3750 Est
1235 3705 1413 3750 autem
1444 3691 1572 3767 [Με.
1603 3692 1755 3764 Reg.,
1775 3692 1872 3749 Est

277 3788 468 3863 etiam]
494 3789 781 3862 disponere
807 3788 1029 3846 traderis
1058 3787 1321 3860 ineundi].
1356 3783 1562 3851 Potior,
1590 3785 1754 3856 309
1776 3800 1872 3855 po-

274 3883 412 3937 titus
449 3896 592 3947 sum,
624 3888 679 3936 et
701 3880 968 3952 perfruar,
997 3877 1304 3950 perfruetus
1329 3893 1470 3932 sum.
1501 3874 1688 3931 Potius
1711 3891 1811 3948 per
1836 3892 1869 3933 ε

276 3971 628 4027 scribendum
655 3980 760 4035 est,
793 3986 899 4026 non
932 3983 1033 4041 per
1053 3985 1106 4032 υ,
1142 3970 1269 4040 quia
1312 3983 1342 4022 a
1371 3976 1528 4039 potes
1556 3964 1684 4039 [51s.
1714 3964 1869 4037 Reg.,

278 4076 312 4115 a
341 4057 505 4133 potis]
528 4061 695 4116 venit.
722 4059 933 4133 [Potior
957 4058 1166 4115 fructus
1198 4067 1253 4115 et
1281 4057 1457 4114 fructu
1490 4059 1689 4114 dicitur
1725 4058 1870 4130 apud

277 4153 568 4223 antiquos:
595 4150 781 4208 Potior
802 4151 938 4206 hanc
965 4168 1092 4206 rem.
1122 4148 1327 4217 Potior,
1342 4151 1644 4222 potissimus
1671 4148 1866 4223 [facit].

279 4244 540 4302 Potamus
566 4260 712 4311 eum,
736 4247 821 4301 cui
848 4253 1033 4316 potum
1056 4243 1397 4316 porregimus
1419 4242 1548 4315 [Με.
1575 4242 1727 4314 Reg.,
1747 4258 1872 4314 por-

277 4336 552 4412 rigimus].
611 4334 832 4393 Pometa
882 4337 1130 4400 dicimus,
1185 4336 1275 4391 ubi
1321 4350 1481 4406 poma
1532 4343 1868 4400 nascuntur;

281 4429 538 4485 Pomaria
578 4430 672 4485 ubi
710 4438 1010 4486 servantur.
1049 4427 1358 4484 Postulatur
1382 4427 1585 4497 aliquid
1613 4429 1867 4494 honeste;

281 4517 533 4575 Poscitur
579 4519 866 4592 improbe].
921 4517 1204 4574 Postumus
1249 4516 1456 4587 abiecta
1488 4518 1520 4572 It
1562 4516 1689 4590 [Με.
1714 4517 1868 4589 .Beg.,

1970 3303 2152 3368 video,
2200 3311 2255 3359 et
2305 3302 2427 3362 loco
2466 3322 2494 3360 e
2545 3314 2600 3362 et
2651 3323 2826 3380 super,
2854 3310 2938 3366 vel
2967 3321 3106 3375 ante,
3153 3314 3239 3370 vel
3274 3316 3344 3370 ad
3371 3317 3456 3373 vel
3500 3317 3556 3372 in

1970 3395 2253 3465 accipitur,
2306 3404 2367 3455 ut
2412 3399 2704 3468 prominet;
2747 3400 2801 3455 id
2851 3398 2958 3469 εει,
3005 3407 3388 3476 supereminet.
3447 3406 3554 3463 Pro

1969 3489 2119 3543 curia
2170 3490 2325 3545 sociis
2370 3491 2521 3560 signa
2565 3491 2718 3558 dare,
2749 3492 2802 3549 id
2827 3503 2930 3562 est,
2961 3505 3088 3552 ante
3114 3498 3340 3555 curiam.
3371 3498 3552 3575 Virgi-

1971 3582 2074 3640 lius
2098 3581 2254 3655 (Ᾰῑη.
2277 3599 2330 3652 v,
2357 3582 2518 3657 500):

2400 3695 2614 3749 Summis
2637 3699 2893 3752 incurvant
2917 3701 3103 3753 viribus
3126 3715 3268 3753 arcus

2156 3757 2251 3808 Pro
2274 3769 2329 3808 se
2350 3762 2562 3821 quisque
2591 3764 2676 3809 viri
2698 3775 2712 3824 ;

1972 3859 2051 3935 [id
2074 3871 2177 3928 est,
2221 3861 2287 3919 ad
2316 3878 2445 3919 suas
2473 3863 2659 3938 vires].
2705 3863 2816 3920 Pro
2865 3869 3182 3937 testimonio,
3212 3872 3316 3927 hoc
3362 3882 3464 3938 est,
3497 3876 3552 3930 in

1971 3956 2300 4012 testimonio.
2344 3957 2412 4012 Et
2455 3972 2556 4029 pro
2597 3957 2971 4028 interiectione
3011 3963 3294 4034 accipitur,
3329 3978 3389 4020 ut
3440 3962 3549 4021 Pro

1971 4045 2157 4100 dolor!
2185 4055 2241 4102 ct
2283 4047 2748 4104 circumﬂectitur.
2795 4048 3131 4107 Pulmentum
3179 4062 3233 4108 et
3258 4055 3554 4124 pulmenta--

1971 4139 2111 4194 rium
2153 4137 2371 4195 dicitur.
2404 4136 2636 4195 Pudoris
2691 4157 2787 4212 per
2814 4158 2848 4195 υ
2899 4151 2953 4198 ει
2979 4160 3009 4196 o
3049 4144 3393 4202 scribendum
3419 4136 3503 4202 est
3538 4168 3548 4200 :

1972 4225 2213 4302 [poderis
2234 4243 2331 4300 per
2354 4245 2385 4284 ο
2425 4239 2479 4286 ει
2503 4247 2549 4297 e,
2581 4231 2636 4287 id
2669 4240 2771 4298 est,
2814 4233 2992 4288 tonica
3037 4233 3121 4306 [L.
3161 4235 3364 4308 tunica]
3417 4238 3551 4294 tala-

1973 4321 2073 4388 ris,
2096 4335 2202 4392 qua
2231 4321 2546 4380 sacerdotes
2565 4322 2621 4376 in
2649 4332 2832 4379 vetere
2865 4324 2979 4396 lege
3009 4326 3338 4400 utebantur].

2565 4433 2862 4491 unum
2899 4437 2963 4504 Q.

2048 4525 2294 4596 Qumstor
2325 4544 2356 4584 a
2386 4532 2700 4601 quaerendo,
2740 4533 2893 4603 quasi
2940 4536 3199 4604 quaesitor
3252 4553 3349 4606 per
3382 4556 3426 4593 ae
3473 4543 3552 4596 di—

281 4610 613 4665 Ροεῑῗιυωυε
634 4583 844 4677 3.18.8011;
865 4611 929 4675 hi
961 4609 999 4679 Γ·
1024 4609 1087 4674 ίιν
1120 4583 1353 4680 πδοευί]
1382 4610 1434 4664 in
1462 4583 1872 4680 οοωῖροείιίοὶιεζ
1907 4583 1956 4642 D
1976 4583 2287 4692 phalering
2312 4583 2605 4679 scribatur.
2618 4583 3554 4702 Quirinus—lucrijpevr-ardiphihoii-

279 4711 366 4759 εει
394 4703 537 4758 enim
562 4712 687 4772 post
714 4704 1015 4768 humatum,
1049 4703 1101 4757 id
1124 4712 1208 4765 est
1232 4711 1356 4773 post
1375 4701 1641 4772 sepultum
1666 4713 1875 4772 patrem

285 4799 467 4848 natus.

358 4880 408 4936 P
431 4883 486 4941 in
510 4885 843 4953 temporibus
865 4886 1151 4940 verborum
1178 4897 1275 4952 per
1307 4883 1334 4937 b
1380 4891 1777 4950 commutatur;
1811 4893 1874 4939 ut

287 4973 476 5038 scribo,
503 4975 718 5046 scripsi;
749 4975 888 5040 tabo,
914 4972 1080 5045 lapsi;
1107 4973 1266 5038 nubo,
1290 4976 1462 5046 nupsi.
1495 4973 1693 5040 Prweo,
1720 4977 1794 5032 illi
1819 4987 1874 5033 et

285 5065 444 5122 alios.
479 5063 747 5131 Praedico,
777 5074 904 5122 ante
934 5066 1076 5122 dico.
1140 5063 1264 5120 Pro:
1293 5066 1349 5120 in
1396 5067 1733 5135 oppositione
1789 5066 1873 5122 vel

297 5159 683 5230 compositione
727 5158 1018 5223 invenitur,
1050 5166 1103 5212 et
1151 5156 1222 5209 ad
1259 5156 1343 5211 vel
1390 5157 1451 5211 ob
1495 5156 1579 5212 vel
1605 5175 1760 5229 super
1790 5157 1876 5212 vel

305 5252 441 5307 ial‘de
467 5251 552 5306 vel
577 5260 696 5305 ante
717 5249 1002 5321 significat.
1028 5247 1342 5304 Terrentius
1368 5266 1380 5302 ε
1411 5246 1706 5320 Contempsi
1724 5248 1874 5304 illum

300 5345 375 5398 'zic
404 5359 513 5413 prie
534 5357 636 5406 me,
667 5340 770 5395 hoc
795 5347 898 5404 est,
929 5339 997 5394 ad
1042 5338 1501 5409 comparationem
1526 5339 1653 5392 mei.
1682 5337 1816 5394 item
1859 5357 1871 5394 :

305 5432 383 5488 Fit
411 5431 599 5487 misera
619 5446 728 5502 prce
758 5445 956 5494 amore,
988 5427 1041 5484 id
1069 5436 1171 5493 est,
1195 5426 1265 5482 ob
1287 5442 1548 5483 amorem.
1583 5424 1874 5499 Prcesideo,

309 5525 626 5601 iupersideo.
679 5522 1030 5588 Praralidus,
1059 5521 1212 5575 valde
1238 5519 1464 5593 validus.
1496 5519 1620 5575 Pro:
1667 5535 1878 5591 praepo-

313 5615 421 5670 .itio
442 5622 498 5670 et
523 5623 784 5684 praeterea
814 5627 912 5682 per
937 5629 982 5667 ιε
1009 5611 1378 5683 diphthongon
1405 5609 1709 5667 scribenda.
1744 5610 1875 5668 Pre-

314 5715 374 5762 τιο
417 5722 513 5781 per
539 5724 570 5762 ο
597 5706 962 5764 scribendum.
1015 5721 1118 5764 non
1146 5721 1242 5776 per
1289 5722 1321 5759 ιι
1354 5718 1371 5756 .’
1411 5705 1553 5763 unde
1594 5704 1874 5778 prestolari

367 5830 394 5859 ι
436 5816 604 5888 Virg,
642 5815 768 5871 En.
804 5833 854 5884 v,
885 5814 1005 5873 485.

1977 4726 2102 4781 gon.
2153 4712 2377 4778 Questus
2408 4712 2530 4785 [Με.
2575 4710 2746 4785 ch.,
2790 4713 3154 4790 Querimonia]
3193 4716 3555 4792 lacrymarum

1975 4817 2073 4874 per
2090 4820 2138 4857 e.
2173 4803 2490 4875 Quanquam
2513 4804 2662 4876 prior
2686 4806 2892 4877 syllaba
2915 4825 2949 4862 n
2987 4808 3185 4865 habere
3224 4810 3402 4880 debet,
3446 4831 3552 4872 non

1975 4911 2046 4949 m.
2096 4893 2338 4961 Quantus
2375 4905 2432 4951 et
2474 4906 2651 4952 tantus
2676 4913 2774 4970 per
2802 4914 2835 4953 η
2863 4900 3147 4968 euphoniae
3176 4917 3359 4968 causa,
3407 4907 3556 4961 venit

1975 4987 2120 5042 enim
2142 4997 2428 5058 aquamtus
2444 4996 2498 5042 et
2519 4998 2737 5044 tamtus.
2772 4988 3037 5057 Quantus,
3054 5009 3216 5062 quam
3233 5009 3460 5064 magnus
3473 4997 3553 5052 di-

1978 5079 2141 5132 citur.
2171 5077 2399 5145 Querela
2413 5095 2510 5150 per
2538 5095 2703 5136 unum
2728 5079 2770 5146 ι,
2787 5081 2927 5138 sicut
2943 5083 3182 5150 suadela,
3215 5085 3398 5152 tutela,
3421 5104 3550 5143 can-

1976 5167 2118 5234 dela,
2160 5171 2476 5242 corruptela.
2513 5170 2784 5237 Quatenus
2837 5174 3154 5228 adverbium
3192 5173 3318 5241 loci,
3369 5175 3425 5231 id
3447 5184 3554 5243 est,

1976 5273 2276 5328 quousque,
2329 5273 2428 5328 per
2473 5276 2518 5314 e.
2577 5260 2864 5333 [Quatinus
2915 5262 3221 5331 conjunctio
3273 5266 3505 5322 causalis
3533 5304 3549 5329 .

1979 5346 2030 5403 id
2053 5357 2155 5413 est,
2179 5359 2258 5414 ut,
2296 5365 2394 5419 per
2430 5352 2762 5407 iscribatur.
2807 5351 3095 5419 Quterilur,
3128 5355 3193 5409 de
3231 5357 3549 5426 inquirendo

1978 5453 2076 5509 per
2103 5454 2149 5494 ω
2188 5440 2574 5513 diphthongon.
2628 5442 2897 5509 Queritur,
2924 5443 2990 5498 de
3036 5443 3316 5514 plorando,
3372 5463 3471 5517 per
3506 5465 3555 5504 e.

1982 5530 2352 5597 Queremonia,
2381 5549 2479 5604 per
2515 5536 2619 5590 duo
2651 5553 2697 5589 ι’.
2731 5535 2935 5601 Queror
2973 5537 3038 5592 dc
3084 5546 3167 5601 lc,
3211 5538 3305 5592 tibi
3353 5539 3417 5594 de
3443 5540 3533 5595 illo

1980 5618 2112 5675 Item
2139 5636 2461 5692 conqueror.
2494 5623 2510 5694 ]

2053 5709 2157 5776 Qui
2188 5712 2387 5780 syllaba
2415 5729 2512 5784 per
2540 5733 2570 5785 q
2609 5726 2662 5771 et
2684 5735 2714 5771 ιι
2755 5729 2806 5776 ει
2834 5721 2849 5774 i
2880 5723 3152 5782 scribitur.
3195 5720 3246 5782 Si
3275 5730 3544 5798 dividitur,
