4106 6502
536 368 642 426 915

1347 364 1408 419 Β.
1438 364 1501 419 F.
1530 362 1758 419 ALBlNl
1798 362 1930 420 SEU
1964 361 2240 420 ALCUINI
2278 361 2566 423 OPERUM
2603 363 2784 422 PARS
2820 365 2930 424 γη.

3699 368 3799 424 916

534 501 635 557 per
670 500 697 539 c
724 490 780 540 et
814 498 852 537 u
881 481 971 538 eti
1005 479 1293 537 scribenda
1315 486 1420 535 est.
1452 478 1595 545 Quid
1630 492 1927 549 pronomen
1956 492 2054 548 per
2074 478 2107 531 d
2140 480 2183 537 Α
2286 474 2332 530 R
2357 486 2615 547 sequente
2639 478 2657 532 i
2684 478 2925 535 vocalem
2953 493 3165 552 semper
3194 480 3489 552 aspiratur,
3512 490 3572 537 ut
3598 482 3796 553 hircus,

535 572 880 631 scribendum
905 579 1012 628 est.
1039 569 1358 645 [Quicquam
1379 576 1434 624 et
1454 568 1699 641 quicquid
1737 569 1793 623 in
1824 567 2003 622 medio
2023 582 2118 639 per

533 684 564 723 c
588 681 700 723 non
716 680 813 739 per
844 664 881 720 d
908 664 1216 721 scribenda.
1243 660 1265 735 ]
1290 662 1349 717 ln
1384 660 1776 731 compositione
1795 658 2117 731 plerumque

534 762 572 818 d
595 763 651 819 in
677 778 707 818 e
726 766 1092 817 commutatur
1115 756 1246 832 [ιε.
1273 753 1426 828 Reg.,
1459 768 1720 811 conversa
1743 751 2026 824 mutatur],
2055 761 2119 808 ut

535 852 591 907 iu
612 850 1106 924 praepositionibus,
1131 848 1353 915 accedo,
1383 846 1681 902 accumula.
1719 842 1843 912 Quit
1865 846 2114 910 verbum,

533 942 679 1013 quod
723 942 785 998 lit
821 957 856 998 a
903 958 1070 1016 queo,
1113 942 1254 1010 quis,
1303 940 1419 1007 quit
1460 952 1559 1010 per
1602 946 1644 992 t.
1696 935 1857 1003 Quot,
1901 936 2118 1007 quando

535 1050 794 1093 numerus
814 1043 919 1100 est,
953 1048 1052 1105 per
1099 1043 1153 1099 t;
1193 1032 1409 1103 quando
1440 1042 1738 1102 pronomen
1760 1043 1858 1100 per
1921 1029 1955 1083 d
1983 1028 2118 1084 scri-

533 1127 771 1186 beudum
810 1135 917 1184 est.
958 1125 1198 1200 [Quoties
1238 1132 1293 1181 et
1323 1122 1473 1180 toties
1502 1120 1620 1177 sine
1641 1137 1676 1175 n
1701 1118 1891 1193 [scribi
1909 1118 2113 1193 debet].

536 1219 1057 1287 Quorundam,sicut
1072 1218 1365 1275 eorundem
1379 1231 1479 1289 per
1503 1233 1537 1271 η
1560 1231 1671 1270 non
1680 1230 1779 1287 per
1797 1231 1849 1269 m
1869 1214 2115 1270 scriben-

534 1310 663 1367 dum
690 1319 794 1369 est.
822 1309 941 1378 Quo
960 1311 1128 1377 uadis,
1153 1310 1224 1367 ad
1265 1323 1428 1381 quem
1463 1307 1638 1363 locum
1676 1304 1965 1379 significat.
1996 1303 2116 1371 Qua

534 1403 706 1469 vadis,
734 1417 842 1475 qua
884 1402 972 1458 via
998 1400 1217 1457 dicitur.
1249 1398 1367 1468 Quo
1391 1398 1681 1471 aliquando
1708 1411 1809 1469 pro
1836 1395 1928 1453 ubi
1954 1395 2117 1467 poni-

536 1504 644 1552 tur.
669 1492 1038 1566 Augustinus:
1066 1491 1278 1548 Invenis
1303 1490 1516 1547 domum
1546 1488 1827 1561 famosam,
1863 1501 1966 1559 quo
1993 1486 2115 1539 boni

534 1586 794 1653 habitant,
845 1584 901 1641 id
936 1592 1040 1651 εει,
1070 1584 1162 1640 ubi
1190 1583 1458 1642 habitant.
1486 1580 1689 1650 Quotus
1734 1580 1887 1652 cujus
1916 1577 2113 1643 agtatis,

536 1678 679 1735 unde
699 1687 755 1735 et
788 1687 951 1751 quota
983 1678 1148 1750 310
1171 1676 1299 1732 luna
1326 1676 1542 1734 dicitur.
1572 1673 1936 1746 Augustinus:
1973 1671 2118 1739 Quo-

533 1772 835 1845 tusquisque
858 1772 914 1828 in
932 1772 1032 1827 hac
1074 1770 1181 1827 vita
1204 1771 1426 1827 existere
1455 1768 1736 1842 potest,qui
1770 1784 1878 1823 non
1906 1766 2118 1822 convin-

2217 568 2605 641 Itirquittallsts,
2650 571 2922 643 hirpinus,
2971 574 3225 641 hirsutus,
3271 575 3461 641 hirtus,
3503 574 3795 641 Itirluleius,

2220 659 2414 715 Hirrus
2439 661 2715 733 proprium
2741 662 2794 729 δ,
2826 662 2931 718 nisi
2960 671 3052 719 aut
3080 665 3505 736 monosyllabum
3527 667 3617 733 sit,
3642 676 3701 721 ut
3718 670 3797 733 ir;

2219 760 2310 808 aut
2337 768 2406 808 ex
2440 763 2593 809 motu
2622 756 2797 821 verbi,
2832 763 2895 811 ut
2920 773 3000 823 eo,
3035 757 3100 823 is,
3126 757 3254 812 irem
3291 771 3310 810 :
3342 757 3467 824 Iris,
3499 759 3552 814 id
3581 767 3683 824 est,
3711 777 3799 815 ar-

2218 861 2346 913 cus;
2378 859 2470 903 aut
2498 849 2601 903 nisi
2630 864 2663 903 a
2684 857 2807 919 post
2831 865 2860 902 r
2886 861 3175 920 sequatur;
3206 859 3333 908 tunc
3354 853 3496 908 enim
3522 869 3628 909 non
3657 855 3803 926 aspi-

2219 944 2389 1003 ratur,
2420 946 2479 993 ut
2509 940 2612 1006 ira,
2643 939 3177 1008 iratus,.iracundus,
3208 944 3434 1010 irascor,
3460 951 3514 1000 et
3541 946 3801 1016 quidquid

2218 1029 2286 1085 ab
2312 1031 2393 1086 eis
2417 1032 2497 1086 ﬁt.
2528 1030 2575 1085 Β
2610 1040 2871 1103 sequente
2899 1049 2928 1087 ο
2956 1034 3129 1088 vocali
3169 1050 3275 1090 non
3306 1037 3595 1107 aspiratur,
3622 1045 3681 1091 ut
3710 1053 3800 1091 or-

2218 1121 2333 1185 bus,
2366 1122 2412 1177 si
2435 1138 2566 1181 vero
2593 1122 2697 1179 alia
2725 1141 2751 1177 r
2774 1133 3051 1195 sequatur,
3085 1134 3178 1180 aut
3207 1135 3245 1189 t,
3272 1134 3402 1181 tunc
3430 1127 3719 1198 aspiratur,
3742 1134 3804 1182 ut

2216 1215 2427 1281 horreo,
2461 1216 2670 1284 horror,
2710 1218 2915 1281 hortus,
2939 1217 3195 1284 holerum,
3222 1217 3550 1274 Hortentius.
3574 1220 3805 1275 Notatur

2215 1307 2490 1362 hordeum.
2535 1305 2830 1379 Rhythmus
2876 1306 3083 1376 Graece,
3137 1308 3329 1366 Latine
3378 1310 3671 1367 modulatio
3723 1311 3805 1368 di-

2217 1400 2377 1455 citur.

2808 1490 3108 1548 LITTERA
3142 1489 3204 1547 S.

2286 1581 2566 1656 [Salutare
2607 1583 2891 1641 consilium
2927 1591 3013 1640 est
3057 1601 3072 1639 :
3122 1584 3199 1639 ita
3234 1582 3444 1639 salubre
3479 1599 3585 1640 non
3613 1592 3803 1653 nocet;

2216 1676 2451 1732 salutare
2478 1677 2715 1749 prodest.
2747 1676 2973 1733 Salubre
3001 1678 3068 1733 ad
3093 1676 3268 1733 locum
3296 1674 3532 1733 refertur
3551 1685 3607 1732 et
3629 1677 3697 1732 ad
3727 1678 3808 1734 ci-

2219 1768 2367 1823 bum.
2384 1766 2584 1836 Steeus,
2597 1768 2922 1835 animum,
2938 1767 3132 1824 swvisti
3144 1784 3296 1839 perte
3307 1767 3674 1841 diphthongon
3685 1811 3697 1822 .
3712 1767 3808 1825 Sa-

534 1836 688 1921 catur
710 1836 821 1921 esse
838 1872 1099 1937 peccator.
1127 1863 1185 1919 ld
1207 1870 1313 1930 est,
1334 1862 1390 1918 in
1418 1836 1525 1934 qua
1554 1836 1715 1917 aetate
1742 1877 1759 1928 ;
1781 1874 1888 1930 quo
1906 1859 2113 1915 dierum
2145 1836 2191 1897 Β
2219 1878 2351 1933 gena
2374 1874 2472 1932 per
2490 1876 2655 1918 ecum
2671 1862 2859 1917 retium
2878 1861 2964 1934 [L.
2980 1836 3439 1935 retia]'slgnilicat.
3460 1836 3658 1934 Sagina
3669 1865 3804 1934 peri

532 1952 620 2013 vel
649 1971 917 2014 annorum
950 1953 1229 2030 numero.]
1271 1951 1520 2021 Quotidie
1563 1950 1879 2008 adverbium
1900 1948 2113 2005 numeri

530 2063 631 2119 per
652 2066 686 2122 ᾳ
704 2055 761 2107 ει
784 2065 821 2103 u
843 2047 1192 2105 scribendum
1210 2056 1312 2112 est,
1345 2061 1454 2102 non
1480 2060 1579 2118 per
1595 2062 1648 2112 c,
1670 2052 1728 2100 ut
1750 2051 1882 2115 quot
1901 2042 2111 2098 diebus.

531 2140 737 2199 Cotidie
764 2141 1104 2217 [adverbium
1145 2138 1593 2213 continuationis]
1627 2153 1727 2210 per
1763 2156 1791 2195 c
1835 2147 1893 2196 et
1910 2138 2114 2209 simpli-

2217 1970 2340 2009 cum
2366 1961 2581 2026 pastum
2606 1963 2664 2012 et
2689 1952 3119 2028 pinguedinem]
3146 1953 3241 2011 Sal
3256 1962 3311 2010 et
3339 1955 3621 2011 masculini
3644 1969 3798 2026 gene-

2218 2045 2294 2099 ris
2323 2052 2378 2100 et
2406 2045 2585 2102 neutri
2606 2045 2715 2101 dici
2743 2053 2942 2118 potest.
2980 2044 3195 2102 Sartm:
3218 2046 3303 2103 vel
3328 2048 3548 2113 sertrix,
3576 2046 3665 2117 qui
3687 2061 3796 2102 sar-

2217 2136 2291 2192 cit
2312 2137 2529 2194 dicitur.
2565 2135 2894 2202 Saminator,
2919 2140 3011 2209 qui
3044 2138 3286 2194 sarcinas
3305 2146 3504 2194 servat.
3536 2136 3635 2194 Sat
3660 2153 3756 2209 per
3781 2147 3801 2193 t

532 2248 653 2292 cem
673 2250 705 2289 ο
751 2233 954 2291 dicitur
974 2241 1030 2290 et
1057 2232 1335 2299 scribitur,
1381 2246 1491 2287 non
1542 2247 1641 2303 per
1664 2248 1719 2303 ᾳ,
1775 2231 1902 2303 quia
1949 2246 2058 2286 non
2085 2246 2115 2285 a
2213 2228 2493 2295 scribitur,
2529 2232 2656 2302 quia
2684 2243 2784 2299 per
2808 2244 3106 2301 apocopum
3132 2246 3165 2284 a
3200 2228 3415 2285 satislit.
3451 2227 3721 2285 Saturitas
3750 2231 3805 2287 in

530 2333 701 2397 quota
728 2324 838 2394 die,
868 2325 965 2382 sed
1002 2341 1033 2382 a
1062 2324 1361 2383 continenti
1387 2323 1476 2380 die
1498 2324 1700 2381 dictum
1726 2331 1830 2379 est.
1862 2323 1907 2389 Q
1934 2323 2113 2378 littera
2213 2321 2376 2387 cibo;
2404 2321 2460 2376 in
2500 2323 2697 2377 ceteris
2723 2336 2852 2378 vero
2880 2321 3093 2377 satietas
3131 2319 3347 2377 dicitur.
3378 2319 3636 2391 [Sanguis
3674 2321 3810 2377 dici-

532 2424 664 2472 tunc
710 2421 858 2472 recte
899 2414 1143 2486 ponitur,
1189 2430 1311 2470 cum
1339 2414 1417 2471 illi
1461 2414 1646 2470 statim
1684 2431 1720 2468 ιι
1768 2415 2031 2487 sequitur,
2059 2422 2118 2469 et

533 2505 658 2562 alia:
704 2507 961 2578 quaelibet
1012 2507 1267 2579 pluresve
1309 2507 1526 2565 vocales
1560 2507 1760 2564 littera:
1813 2507 2117 2576 conjuncta:

533 2596 759 2666 ruerint.
792 2599 868 2656 ita
893 2607 952 2657 ut
975 2614 1082 2656 una
1115 2599 1321 2673 syllaba
1342 2600 1435 2657 sit.
1467 2599 1677 2657 Ctetera
1698 2614 1799 2671 per
1817 2616 1845 2655 c
1865 2600 2115 2657 scribun-

534 2696 644 2745 llll'.

1112 2783 1432 2841 LITTERA.
1468 2785 1537 2841 Β.

602 2875 830 2951 [Radius
856 2875 1139 2933 masculini
1165 2877 1379 2949 generis
1408 2888 1522 2945 est;
1554 2894 1661 2934 non
1685 2879 1893 2933 radium
1916 2879 2116 2935 neutri.

534 2967 781 3040 Regium,
809 2969 954 3040 quod
981 2968 1129 3041 regis
1162 2966 1286 3036 fuit,
1315 2969 1535 3025 dicitur.
1565 2966 1792 3041 Regale,
1822 2970 1966 3043 quod
2007 2971 2119 3040 regi

530 3059 714 3136 [Bed.,
744 3060 898 3136 rege]
942 3059 1162 3134 dignum
1204 3068 1307 3117 est.
1351 3059 1548 3116 Recens
1594 3059 1694 3131 feci
1737 3061 1983 3127 dicimus,
2012 3077 2117 3117 non

532 3161 787 3222 reseritur,
820 3159 1036 3210 utentes
1071 3152 1292 3207 nomine
1325 3166 1426 3223 pro
1460 3149 1761 3224 adverbio.]
1800 3151 1875 3207 Re
1911 3168 2119 3223 pnepo-
2140 3194 2190 3254 ο

534 3243 663 3303 sitio
683 3259 794 3301 non
814 3251 1025 3300 tantum
1050 3242 1206 3314 plena
1242 3245 1572 3315 praeponitur
1595 3242 1915 3315 quibusdam
1950 3244 2120 3314 parti-

531 3341 639 3397 bus
661 3339 954 3407 orationis;
982 3346 1044 3394 ut
1071 3349 1314 3407 removet,
1341 3339 1576 3410 refricat,
1599 3339 1855 3411 respirat;
1884 3339 1979 3395 sed
2004 3349 2059 3395 et
2084 3338 2119 3393 d

530 3432 773 3489 litteram
801 3432 1052 3500 assumit,
1083 3439 1145 3487 ut
1182 3429 1433 3496 redolere,
1475 3430 1663 3486 redire.
1710 3428 1819 3487 Sed
1851 3431 2119 3487 interdum

535 3523 716 3580 littera
748 3521 786 3578 d
828 3522 1154 3595 geminatur,
1188 3522 1399 3594 quoties
1450 3522 1518 3577 ab
1563 3536 1628 3577 ea
1667 3537 1898 3593 sequens
1934 3523 2123 3594 incipit

537 3612 762 3687 syllaba,
795 3622 852 3668 et
876 3629 983 3669 una
1018 3629 1145 3686 pars
1168 3611 1430 3669 orationis
1467 3610 1595 3685 [Ms.
1634 3610 1760 3685 Reg.
1790 3622 1843 3668 et
1880 3629 1986 3667 una
2014 3613 2124 3685 syl-

538 3701 682 3776 laba]
708 3701 983 3775 expletur;
1010 3711 1071 3757 ut
1101 3701 1315 3757 reddere
1346 3700 1576 3757 dicimus
1612 3703 1881 3774 geminata
1924 3702 1998 3767 d;
2036 3718 2124 3758 re-

538 3794 737 3852 ducere
764 3804 945 3851 autem
969 3794 1220 3867 simplici.
1259 3794 1507 3863 Redoleo,
1535 3807 1867 3868 unguentum
1902 3797 2119 3854 dicitur.

537 3886 621 3944 lle
640 3887 947 3959 praepositio
972 3902 1115 3957 smpe
1142 3902 1265 3943 cum
1297 3886 1365 3943 ad
1386 3896 1742 3944 consonantes
1770 3890 1994 3955 accedit,
2028 3905 2122 3961 ge-

538 3980 713 4037 minat
746 3981 885 4049 illas,
928 3980 1071 4052 quod
1095 3980 1412 4051 plerumque
1450 3979 1589 4051 apud
1620 3983 1872 4051 antiquos
1907 3990 2019 4049 est;
2061 3990 2125 4038 ut

539 4073 672 4129 cado
697 4071 922 4140 reccido,
951 4072 1049 4128 tuli
1072 4072 1264 4137 rettuli,
1292 4071 1427 4144 pello
1463 4072 1677 4144 repello,
1706 4074 1773 4126 do
1798 4073 1977 4141 reddo,
2008 4074 2121 4146 (ego

539 4164 751 4236 rellego.
783 4162 1039 4236 Reliquia:
1064 4179 1163 4234 per
1183 4181 1215 4235 ᾳ
1240 4163 1584 4219 scribendum
1607 4174 1710 4231 est,
1733 4174 1788 4219 et
1815 4179 1914 4234 per
1953 4181 2119 4220 unum

540 4255 584 4321 ι,
607 4257 737 4312 licet
754 4256 1007 4328 Virgilius
1032 4254 1185 4328 (zEn.
1212 4271 1252 4322 ι,
1275 4253 1366 4328 δι)
1387 4259 1596 4327 poetica
1617 4255 1831 4312 licentia
1854 4256 2078 4312 dixisset
2103 4275 2117 4311 :

543 4346 818 4419 Belliquite
838 4345 1102 4402 Danaum.

615 4442 692 4498 Re
713 4443 1023 4515 praepositio
1047 4442 1081 4496 d
1109 4443 1341 4499 litteram
1370 4446 1705 4504 extrinsecus
1740 4448 1963 4519 accipit,
1996 4465 2118 4505 cum

2218 2423 2306 2469 tur
2327 2413 2455 2469 dum
2486 2423 2702 2480 manat;
2739 2412 2942 2470 ell‘usus
2982 2428 3112 2469 vero
3157 2428 3324 2470 cruor
3367 2412 3609 2487 dicitur].
3660 2412 3809 2481 Scio,

2217 2508 2373 2574 scivi,
2424 2509 2609 2563 scitum
2629 2550 2643 2573 ,
2674 2508 2901 2563 sciturus
2945 2507 3103 2573 facit,
3143 2514 3197 2562 et
3218 2523 3284 2563 ex
3315 2521 3381 2563 eo
3407 2508 3589 2562 scisco.
3621 2504 3810 2563 Scribo

2217 2618 2317 2673 per
2349 2602 2398 2656 ὁ.
2429 2601 2624 2673 Scripsi
2649 2616 2748 2673 per
2777 2618 2812 2673 p
2840 2601 3209 2665 scribendum,
3239 2600 3365 2671 quia
3400 2600 3429 2655 b
3460 2600 3654 2656 transit
3682 2616 3717 2672 ρ
3751 2598 3812 2679 iu

2217 2693 2495 2764 prmterito
2522 2702 2785 2764 tempore.
2825 2692 3101 2766 [Set-turus
3130 2708 3240 2748 non
3265 2699 3572 2748 sectaturus
3602 2689 3686 2761 (L.
3715 2706 3808 2748 se-

2220 2784 2462 2857 caturus)
2489 2802 2520 2839 a
2547 2785 2715 2840 verbo
2738 2786 2900 2859 seem]
2938 2783 3045 2839 Sed
3075 2784 3282 2854 antiqui
3316 2783 3497 2839 sedum
3532 2780 3807 2849 dicebant,

2219 2878 2341 2933 ideo
2370 2877 2463 2932 sed
2487 2894 2583 2948 per
2608 2878 2642 2931 ά
2666 2877 3009 2934 scribendum
3034 2885 3135 2933 est.
3171 2876 3363 2943 Sedeo,
3395 2876 3527 2941 sedi,
3558 2872 3680 2930 inde
3702 2892 3812 2929 ses-

2218 2987 2375 3026 surus
2401 2985 2498 3042 per
2526 2970 2631 3025 duo
2651 2988 2694 3024 s.
2722 2968 2999 3042 [Segnities
3016 2970 3135 3026 vitii
3165 2978 3271 3034 est;
3300 2968 3521 3038 segnitia
3544 2964 3806 3039 frigoris].

2221 3064 2414 3119 Sensus
2443 3078 2641 3119 nomen
2678 3070 2762 3119 est
2786 3069 2992 3134 quarta:
3033 3062 3440 3128 declinationis,
3488 3067 3545 3116 et
3585 3061 3811 3131 partici-

2219 3156 2367 3227 pium
2396 3162 2479 3212 est
2515 3154 2778 3226 prmteriti
2822 3155 3082 3227 temporis
3122 3172 3152 3210 a
3190 3156 3359 3211 verbo
3397 3154 3632 3225 passivo,
3665 3153 3810 3224 quod

2222 3257 2304 3304 est
2322 3250 2537 3316 sentior,
2567 3249 2724 3321 cujus
2756 3249 2920 3305 etiam
2956 3249 3257 3321 perfectum
3299 3258 3414 3315 est,
3451 3266 3633 3305 sensus
3668 3265 3807 3314 sum,

2220 3358 2403 3398 sensus
2429 3359 2503 3408 es,
2530 3359 2713 3398 sensus
2743 3351 2853 3407 est;
2880 3357 2987 3397 non
3013 3338 3253 3397 seruitus.

2294 3435 2447 3507 Saepe
2473 3436 2502 3490 b
2529 3436 2583 3490 in
2612 3436 2994 3507 praepositione
3021 3436 3114 3491 sub
3144 3435 3424 3507 euphoniae
3450 3449 3610 3490 causa
3639 3433 3694 3489 in
3725 3448 3813 3489 se-

2222 3538 2477 3599 quentem
2498 3528 2798 3583 mutabitur
2817 3534 3223 3593 consonantem,
3246 3536 3309 3582 ut
3328 3527 3539 3597 suffero,
3566 3541 3809 3597 suggero,

2222 3621 2512 3687 summitto,
2545 3636 2813 3690 suppono;
2850 3634 2991 3690 saepe
3022 3621 3229 3691 integra
3266 3627 3468 3684 manet,
3498 3619 3543 3675 si
3580 3633 3813 3690 sequens

2223 3713 2428 3784 syllaba
2465 3728 2496 3766 a
2519 3711 2691 3766 vocali
2722 3709 2928 3780 incipit,
2962 3720 3022 3765 ut
3046 3711 3327 3778 subaudio,
3357 3711 3583 3773 subesse,
3614 3711 3810 3777 subire,

2220 3805 2523 3870 subsistere,
2552 3801 2757 3859 subala.
2790 3800 2998 3869 Sanies,
3024 3802 3314 3869 soccordia,
3343 3801 3491 3867 sitis;
3512 3809 3567 3857 et
3594 3801 3647 3856 in
3678 3816 3812 3856 neu-

2220 3905 2308 3953 tro
2320 3894 2560 3967 sulphur,
2584 3893 2908 3964 scrupulum,
2939 3895 3138 3965 sinape,
3163 3891 3305 3959 siler,
3322 3893 3667 3965 singulariter
3693 3902 3814 3947 tan-

2220 3996 2337 4042 tum
2361 3989 2633 4043 dicuntur.
2664 3981 2775 4039 Sed
2806 3985 3063 4057 Virgilius
3092 3984 3305 4054 (Georg.
3350 3999 3436 4049 ιιι,
3473 3982 3599 4054 449)
3634 4001 3645 4036 :
3680 3981 3811 4037 Sul-

2219 4082 2390 4154 phura
2416 4082 2561 4146 vita;
2592 4087 2647 4136 et
2683 4078 3000 4136 Tenentius
3038 4074 3321 4132 masculini
3346 4073 3623 4146 scrupulus
3648 4074 3807 4145 311

2221 4172 2425 4228 retulit.
2460 4170 2615 4239 Sero,
2641 4187 2809 4237 seras,
2840 4170 3009 4225 seravi
3039 4184 3070 4223 a
3096 4166 3414 4231 claudendo,
3445 4180 3567 4236 quae
3593 4165 3809 4220 veniunt

2222 4282 2252 4321 a
2277 4282 2415 4331 sera,
2445 4265 2499 4320 id
2525 4273 2627 4329 est,
2656 4278 2910 4333 vespera;
2936 4270 2993 4317 et
3019 4261 3144 4331 quia
3176 4275 3322 4325 sero,
3358 4259 3413 4314 id
3449 4266 3556 4324 est,
3589 4272 3804 4328 vespere

2221 4359 2501 4415 civitatum
2527 4355 2921 4412 obclauduntur
2954 4361 3155 4423 portze,
3186 4361 3243 4408 et
3275 4351 3399 4407 inde
3428 4366 3591 4418 serae,
3620 4352 3673 4405 id
3692 4356 3801 4414 est,

2222 4458 2424 4515 vectes,
2470 4450 2664 4519 quibus
2703 4454 2875 4520 porta:
2911 4445 2993 4500 vel
3036 4444 3227 4499 hostiae
3268 4441 3353 4515 [L.
3395 4440 3559 4514 ostia]
3597 4441 3809 4496 urbium

542 4534 611 4590 ad
638 4535 877 4591 vocalem
906 4534 1251 4605 incipientem
1277 4538 1427 4591 verbi
1448 4539 1675 4608 alicujus
1691 4541 1934 4607 accedit;
1959 4557 2119 4611 quam
2152 4548 2201 4614 ζ)
2222 4540 2602 4606 oblirmantur,
2641 4546 2696 4593 ut
2726 4539 2780 4593 in
2805 4535 3014 4608 psalmo
3044 4554 3056 4589 :
3089 4532 3353 4601 Quoniam
3386 4532 3699 4603 confortarit
3726 4548 3809 4586 se-

541 4630 578 4684 d
607 4645 715 4687 non
742 4628 958 4699 accipit,
995 4629 1043 4684 si
1074 4628 1142 4683 ad
1174 4647 1210 4683 ιι
1249 4642 1635 4688 consonantem
1672 4634 1924 4700 accedat;
1955 4642 2016 4689 ut
2041 4634 2127 4688 ul-

540 4738 663 4777 eero
705 4722 995 4791 redulcero,
1034 4740 1135 4794 ago
1181 4723 1379 4797 redigo,
1424 4744 1485 4780 eo
1534 4726 1722 4793 redeo;
1766 4745 1888 4782 t'oco
1926 4744 2125 4793 revoco,

541 4814 689 4869 vinco
720 4815 943 4870 reuinco.
980 4815 1181 4887 [Robor
1202 4818 1368 4873 arbor
1394 4826 1514 4885 est;
1546 4818 1728 4874 Robur
1751 4819 1987 4875 virtutis.
2014 4818 2130 4874 Ru-

543 4908 641 4963 bor
659 4905 902 4980 coloris].
945 4907 1169 4963 Roseum
1213 4925 1312 4980 per
1348 4927 1395 4965 e.
1438 4910 1758 4967 Itoseaceum
1789 4914 2037 4969 mixtum.
2079 4911 2127 4968 Β

543 5002 896 5073 sequentibus
921 5019 977 5071 α,
1006 5020 1062 5070 u,
1100 5004 1374 5061 vocalibus
1396 5021 1503 5061 non
1530 5008 1828 5078 aspiratur;
1860 5015 1924 5063 ut
1949 5024 2125 5076 arcus,

542 5094 736 5161 urtica,
756 5110 923 5162 urna;
949 5097 1152 5154 notatis
1179 5100 1469 5171 aspiratur,
1497 5107 1559 5155 ut
1594 5099 1750 5167 hara,
1780 5103 1998 5169 harena,
2032 5102 2129 5157 ha-

542 5187 735 5242 rundo.
759 5185 807 5240 Β
826 5196 1090 5258 sequente
1111 5205 1141 5243 e
1167 5190 1408 5247 vocalem
1437 5192 1629 5249 leviter
1650 5193 1895 5265 ell‘ertur,
1919 5204 1980 5251 ut
2007 5212 2129 5252 erus

540 5292 751 5345 eruum,
781 5294 960 5352 ergon.
986 5279 1045 5335 Si
1079 5292 1202 5351 post
1228 5297 1259 5335 r
1280 5292 1543 5353 sequatur
1572 5285 1601 5339 b
1632 5285 1713 5340 vel
1747 5303 1782 5339 η
1819 5285 1903 5342 vel
1928 5302 1953 5341 s
1986 5286 2071 5342 vel
2100 5305 2129 5343 e

543 5367 724 5439 longa,
754 5376 885 5427 tunc
914 5372 1151 5441 graviter
1188 5372 1493 5443 profertur;
1537 5383 1595 5430 ut
1634 5376 1792 5430 herba
1813 5418 1827 5443 ,
1859 5376 2125 5443 herbidus,

545 5458 779 5526 herbilis,
805 5460 1089 5527 herbosus;
1128 5465 1406 5534 proprium
1435 5467 1629 5531 lienus,
1667 5469 1808 5523 unde
1834 5477 1918 5524 est
1945 5488 1956 5523 :
1994 5468 2129 5524 Her-

545 5553 666 5605 nica
691 5567 824 5606 saxa
856 5553 1033 5608 colunt
1060 5567 1109 5607 ι.
1155 5554 1411 5627 Πενεὶιὲας
1447 5558 1675 5626 heredes,
1705 5559 1995 5629 heredium,
2024 5559 2129 5617 He-

572 5643 724 5707 ηνιὶιη
747 5644 1049 5722 proprium,
1076 5663 1132 5710 et
1160 5652 1432 5709 Hercules.

644 5777 670 5805 ι
710 5763 863 5839 Virg,
893 5766 1018 5823 Ain.
1054 5780 1151 5833 vn,
1189 5764 1311 5821 684.

2229 4648 2318 4685 ras
2346 4640 2617 4701 portarum
2644 4640 2855 4684 tuarum
2887 4625 3116 4700 (Psalm.
3147 4641 3347 4688 cnvn,
3379 4626 3489 4695 15).

2302 4719 2453 4787 Sero,
2492 4721 2646 4786 seris,
2683 4719 2813 4789 sevi,
2846 4734 2877 4773 a
2908 4719 3240 4773 seminando.
3296 4715 3424 4771 Sero
3469 4711 3726 4781 tumores,
3756 4713 3810 4769 id

2228 4820 2335 4879 est,
2367 4811 2613 4882 devulgo.
2649 4806 2871 4875 Servile,
2902 4808 3068 4871 civile,
3107 4816 3163 4862 et
3195 4806 3325 4860 olive
3351 4821 3446 4876 per
3468 4823 3494 4860 υ
3521 4804 3810 4860 scribenda

2226 4911 2373 4969 sunt,
2402 4904 2421 4957 i
2450 4904 2608 4974 longa
2651 4908 2779 4957 ante
2806 4901 2845 4955 l.
2888 4899 3083 4957 Servus
3120 4908 3176 4955 et
3200 4914 3366 4954 struas
3396 4912 3494 4967 per
3519 4897 3627 4953 duo
3645 4913 3702 4959 u,
3736 4896 3811 4951 ita

2225 5006 2291 5053 ut
2328 4996 2481 5069 prior
2519 4995 2832 5066 digammon
2872 4992 2977 5058 sit,
3017 5005 3253 5063 sequens
3282 4989 3503 5045 vocalis.
3545 4986 3813 5043 Similiter

2223 5109 2458 5167 parvus,
2493 5104 2687 5162 pravus
2730 5094 2786 5143 et
2822 5103 3027 5142 corvus.
3084 5083 3404 5156 [Servitium
3448 5078 3811 5136 multitudinis

2229 5197 2511 5240 servorum
2540 5187 2641 5235 est.
2667 5176 2904 5235 Servitus
2932 5176 3181 5233 condicio
3207 5173 3498 5229 serviendi.
3532 5169 3639 5226 Sed
3665 5178 3812 5225 vete-

2227 5289 2318 5330 res
2344 5271 2716 5327 indifferenter
2741 5268 3024 5324 servitium
3050 5281 3150 5337 pro
3178 5264 3465 5320 serviendo
3489 5265 3808 5332 posuerunt.

2230 5366 2429 5421 Similis
2476 5381 2594 5420 sum
2635 5363 2713 5419 tui
2758 5362 3021 5417 moribus.
3077 5359 3280 5416 Similis
3325 5373 3445 5414 sum
3483 5358 3579 5411 tibi
3624 5350 3807 5426 facie]

2226 5458 2386 5514 Sicut
2412 5457 2613 5529 primus
2644 5470 2673 5510 ε
2702 5453 2918 5517 multis;
2951 5461 3007 5508 et
3028 5452 3177 5523 prior
3218 5466 3285 5505 ex
3313 5448 3551 5513 duobus;
3583 5446 3656 5501 ita
3686 5459 3813 5515 pos-

2227 5560 2439 5606 tremus
2487 5550 2553 5604 de
2591 5545 2796 5609 multis,
2844 5553 2901 5601 et
2927 5543 3250 5615 posteriore
3280 5541 3506 5597 duobus.
3549 5537 3808 5601 Solemus,

2230 5656 2296 5696 eo
2335 5640 2478 5711 quod
2523 5640 2664 5695 solet
2705 5639 2760 5693 in
2805 5651 2947 5692 anno
2990 5649 3091 5704 per
3128 5648 3293 5690 unum
3324 5631 3362 5686 l.
3422 5630 3528 5686 Sed
3559 5636 3617 5686 et
3647 5643 3699 5681 m
3723 5644 3809 5685 se-

2235 5826 2277 5881 “
2296 5755 2331 5836 _b
2353 5753 2672 5879 ἰΠίξειίηἱιιη·
2698 5753 2815 5808 cod.
2858 5766 2958 5808 ms.
3001 5748 3201 5822 Regius
3232 5743 3573 5803 Parisiensis.
3602 5740 3809 5799 Canem

2278 5844 2306 5880 »ι
2336 5843 2398 5880 (υ
2422 5836 2608 5881 ιςιιιιιι.

2278 5844 2306 5880 »ι
2336 5836 2608 5881 (ιριιςιιιιιι.
