4106 6550
251 410 355 469 917

1237 401 1690 466 DIDASCALICA
1725 431 1798 445 -
1832 399 1925 458 DE
1960 397 2524 459 ORTHOGRAPHIA.

3420 401 3525 459 918

247 530 438 603 quenli
474 529 676 603 syllaba
722 528 1020 586 secundum
1065 523 1408 583 Priscianum
1453 522 1605 594 iungi
1650 517 1830 575 debet.
1863 516 1909 575 Δ
1939 530 2158 570 vencum
2193 523 2340 586 terga
2371 514 2658 584 fatigamus
2690 512 2867 569 hasta.
2908 510 3045 583 Quia
3073 513 3217 587 quod
3243 512 3524 574 hominum

248 624 372 696 lSol
398 625 455 679 in
481 631 711 692 utroque
738 636 966 678 numero
990 619 1325 684 declinatur;
1360 616 1455 673 sed
1486 611 1839 686 singulariter

248 715 332 772 sol
377 717 553 787 ipsum
592 714 862 770 luminare
906 710 1211 784 signiﬁcat;
1252 718 1310 765 at
1346 707 1492 764 soles
1534 706 1683 777 ipsos
1717 703 1838 762 dies

245 807 613 873 nominamus,
655 808 710 864 in
737 805 934 877 quibus
974 803 1056 859 sol
1091 808 1265 859 totum
1304 799 1592 855 inluminat
1626 794 1834 868 polum.

245 897 504 954 Nonnulli
542 906 723 953 tamen
763 903 1006 951 veterum
1051 894 1166 964 ipsa
1199 891 1448 966 carmina
1475 888 1616 945 soles
1659 886 1837 943 nomi-

234 985 475 1056 havere,
500 987 640 1043 sicut
666 986 886 1042 Oratius
923 998 1149 1041 exorsus
1176 988 1292 1049 est;
1350 980 1488 1037 soles
1515 995 1659 1035 meas
1690 974 1836 1033 omni

243 1079 483 1137 ecclesiis
506 1088 688 1136 vestrae
711 1076 1036 1134 commendo.
1072 1075 1147 1132 Et
1171 1074 1324 1131 Mam
1360 1071 1570 1145 (Eclog.
1598 1086 1678 1139 ιι,
1703 1068 1833 1143 52):

1103 1231 1248 1294 Saepe
1272 1243 1369 1294 ego
1387 1230 1567 1294 longos

403 1297 647 1353 (lentando
669 1307 877 1363 puerum
894 1294 1105 1346 mantnt
1123 1292 1206 1345 me
1226 1292 1618 1378 condere‘sotes.

244 1426 460 1484 Solium
481 1424 701 1498 proprie
727 1424 873 1482 sedis
899 1423 1097 1495 regalis
1120 1429 1227 1486 est,
1258 1421 1406 1477 unde
1428 1418 1619 1476 Graece
1644 1417 1833 1475 basili-

240 1534 337 1572 cas
394 1516 623 1573 thronus
667 1526 915 1572 vocatur.
964 1512 1205 1575 Samnio.
1232 1528 1342 1570 non
1380 1512 1662 1578 somnior;
1689 1526 1833 1566 sam-

240 1608 412 1675 niavi,
442 1624 551 1664 non
577 1607 880 1666 somniatus
908 1623 1054 1664 sum.

316 1698 505 1775 [Sars,
530 1702 726 1765 sortis;
755 1711 811 1757 et
837 1717 951 1759 sors
974 1700 1146 1758 sordis
1172 1698 1393 1757 dicitur.
1425 1696 1582 1756 Unde
1602 1694 1834 1752 Ambro—

236 1793 389 1852 sius:
406 1793 627 1851 Mundet
660 1812 835 1862 vassa,
865 1811 930 1850 ne
952 1811 1067 1851 sors
1094 1794 1277 1867 aliqua
1298 1792 1403 1848 vini
1426 1791 1654 1864 gratiam
1676 1789 1832 1845 deco-

234 1885 397 1942 laret.
444 1885 684 1944 Tametsi
726 1894 927 1959 negant
956 1885 1175 1958 quidem
1200 1884 1409 1941 sordem
1435 1882 1830 1939 nominativum
1866 1867 1908 1928 Β

236 1977 581 2049 singularem
627 1976 873 2051 habere].
923 1976 1192 2049 Spondeo,
1219 1974 1475 2049 spepondi
1515 1975 1570 2029 in
1592 1972 1831 2030 secunda

238 2067 454 2143 syllaba
480 2087 508 2126 s
534 2069 753 2136 amittit,
778 2068 926 2124 velut
948 2066 1227 2124 Prisciano
1250 2066 1448 2138 placet.
1479 2063 1833 2138 [Sterceratos

239 2175 409 2232 agros
441 2176 551 2217 non
588 2170 901 2217 stercoratos
942 2160 1112 2226 dicas,
1149 2159 1348 2231 quibus
1382 2165 1597 2213 stercus
1635 2156 1703 2211 ad
1747 2153 1830 2211 le-

243 2252 595 2308 eundandum
645 2248 919 2324 infertur.]
977 2250 1167 2306 Studia
1203 2249 1296 2306 tibi
1326 2248 1461 2320 feci,
1489 2248 1541 2304 id
1568 2256 1676 2315 est,
1704 2249 1833 2304 dum

246 2345 442 2402 studeo
467 2345 588 2403 tibi.
635 2345 827 2403 Studia
856 2354 945 2400 tua
969 2345 1072 2416 feci
1112 2344 1188 2411 id,
1233 2353 1289 2401 te
1313 2345 1582 2401 studente.
1625 2341 1832 2416 [Sumi-

244 2456 389 2505 mus,
425 2456 549 2498 cum
588 2440 692 2511 ipsi
721 2438 1017 2511 accipimus
1058 2438 1127 2494 ab
1166 2436 1294 2493 alio.
1342 2435 1433 2493 Sic
1462 2451 1585 2492 cum
1617 2436 1831 2503 damus,

243 2531 535 2588 dicendum
569 2531 779 2603 accipe;
812 2545 935 2587 cum
964 2529 1332 2601 permittimus
1371 2528 1473 2600 ipsi
1504 2527 1718 2589 tollere.
1749 2526 1832 2582 di-

241 2627 480 2685 cendum
507 2634 592 2684 est
616 2623 809 2699 sume]
838 2624 1053 2698 Sumpss
1081 2640 1178 2697 per
1203 2641 1238 2696 p
1267 2623 1647 2687 scribendum;
1681 2621 1833 2677 simi-

240 2720 373 2777 liter
398 2728 457 2776 et
475 2728 799 2791 sumpturus.
847 2717 1137 2791 Supervus,
1176 2718 1269 2791 qui
1312 2733 1478 2788 super
1515 2717 1630 2774 vult
1657 2714 1833 2773 videri

238 2830 410 2885 quam
437 2823 542 2871 est.
581 2812 775 2886 Supter
793 2829 894 2885 per
917 2830 951 2884 p
977 2828 1086 2869 non
1115 2829 1212 2884 per
1238 2812 1267 2867 b
1293 2812 1576 2868 scribitur.
1610 2809 1834 2883 [Supter

239 2914 350 2971 est,
404 2905 550 2976 quod
595 2920 657 2961 re
705 2904 886 2975 aliqua
935 2905 1215 2974 superiore
1259 2904 1545 2983 premitur.
1611 2900 1832 2971 Suptus,

240 2996 388 3068 quod
416 2995 711 3053 demissum
741 2995 906 3051 altius
933 3010 1042 3050 non
1070 2994 1335 3065 tangitur.
1367 2992 1536 3065 Super
1561 3000 1665 3058 est,
1689 2991 1834 3061 quod

243 3090 484 3155 eminet;
541 3104 736 3159 supra,
785 3086 932 3158 quod
983 3074 1318 3142 substralum
1371 3082 1576 3153 aliquid
1622 3079 1829 3154 habet].

1939 603 2065 672 fuit,
2095 605 2419 661 animalibus
2448 606 2725 676 imposuit,
2748 615 2806 663 et
2834 613 2920 663 cst
2944 609 3389 680 cacosyntheton.

2012 694 2272 769 Tinguere
2316 696 2604 754 dicendum
2645 705 2758 764 est,
2806 713 2913 753 non
2961 699 3178 769 tingere.
3232 698 3522 756 Temeritas

1937 786 2057 843 sine
2083 787 2340 854 consilio;
2392 788 2617 844 audacia
2645 797 2768 860 post
2805 791 3113 845 consilium.
3154 789 3521 862 Temperantia

1936 879 2272 946 animorum;
2322 880 2625 950 temperatio
2670 894 2883 946 rerum;
2928 881 3198 951 temperies
3241 895 3511 935 aurarum.

1941 968 2116 1027 Turbo
2152 970 2198 1027 si
2238 970 2309 1026 sit
2344 970 2647 1042 proprium,
2682 970 2919 1026 turbonis
2952 969 3115 1039 facit;
3158 971 3203 1026 si
3236 970 3521 1044 appellati-

1934 1075 2064 1118 vum
2100 1060 2364 1128 turbinis;
2413 1076 2541 1118 nam
2587 1062 2703 1117 sive
2746 1069 2967 1129 ventus,
3016 1062 3133 1118 sive
3177 1077 3285 1134 quo
3330 1061 3519 1117 ludunt

1933 1151 2112 1227 pueri,
2155 1154 2245 1210 hic
2280 1153 2439 1210 turbo
2477 1152 2696 1209 dicitur.
2745 1153 3003 1225 Virgilius
3043 1150 3197 1225 (Ain.
3225 1167 3324 1221 vn,
3358 1146 3530 1217 579).

2546 1260 2698 1315 Torta
2716 1262 2809 1312 sub
2831 1264 3041 1314 verbere
3072 1261 3233 1313 turbo.

2003 1364 2166 1436 312
2194 1364 2503 1439 [Teloneum
2534 1381 2639 1425 non
2661 1364 2976 1433 thelaneum,
3007 1366 3060 1422 id
3085 1373 3188 1433 est,
3215 1373 3357 1436 pert
3385 1366 3519 1423 sim-

1932 1458 2131 1529 plicem
2166 1476 2183 1515 :
2216 1475 2322 1515 nun
2367 1458 2697 1531 aspiratione
2731 1460 2933 1516 addita.
2984 1460 3081 1516 Est
3121 1469 3300 1517 autem
3331 1460 3522 1519 Graece

1934 1548 2116 1617 telon,
2158 1548 2352 1606 Latine
2393 1548 2668 1622 vectigal.]
2710 1549 2926 1618 Tralw,
2966 1553 3096 1607 veho
3140 1552 3195 1609 in
3247 1555 3523 1624 prasterito

1931 1642 2319 1714 aspirationem
2361 1643 2418 1699 in
2457 1658 2495 1697 π
2529 1650 2870 1709 convertunt,
2908 1652 2969 1700 ut
3015 1644 3181 1711 traxi,
3218 1646 3353 1702 nexi.
3394 1645 3517 1702 Alia

1930 1732 2221 1805 projiciunt
2267 1735 2694 1805 aspirationem;
2748 1734 2980 1792 dicimus
3034 1737 3179 1791 enim
3234 1737 3518 1808 prehendo,

1933 1832 1988 1880 et
2014 1825 2246 1895 prende;
2284 1826 2554 1880 uehemens
2590 1833 2648 1882 et
2683 1842 2920 1891 vemens;
2963 1825 3115 1890 nihil,
3146 1826 3239 1891 nil,
3270 1834 3325 1882 et
3348 1826 3519 1884 nihili.

1935 1915 2185 1972 Hercule.
2213 1924 2267 1972 et
2293 1915 2451 1984 ersle,
2478 1916 2623 1987 quod
2651 1924 2736 1973 est
2761 1918 3079 1973 adverbium
3105 1916 3340 1974 iurandi.

2524 2046 2822 2105 LITTERA
2862 2047 2931 2102 γ.

2019 2157 2199 2225 Vinea,
2250 2160 2294 2216 si
2341 2161 2593 2217 arborem
2639 2161 2933 2231 signiﬁcat,
2966 2162 3018 2217 in
3059 2163 3236 2233 prima
3269 2163 3524 2236 syllabai

1934 2251 2096 2306 debet
2142 2252 2365 2319 habere;
2398 2260 2454 2309 et
2483 2254 2539 2307 in
2578 2253 2814 2309 secunda
2852 2270 2901 2320 e,
2945 2253 2990 2309 si
3025 2255 3092 2310 ad
3132 2255 3519 2327 indulgentiam

1932 2342 2189 2412 pertinet,
2235 2343 2411 2413 prima
2454 2343 2662 2416 syllaba
2689 2360 2736 2411 e,
2786 2351 2843 2400 et
2886 2347 3171 2401 secundai
3215 2348 3435 2416 habeat,
3462 2357 3524 2404 ut

1931 2441 2018 2486 est
2060 2432 2228 2488 venia.
2280 2430 2479 2505 Urgere
2532 2434 2792 2491 debemus
2849 2435 3051 2503 dicere,
3107 2452 3215 2492 non
3265 2453 3518 2511 urguere.

1933 2522 2194 2594 Virgilius
2222 2540 2235 2576 :
2270 2520 2537 2595 Urgentur
2555 2527 2739 2596 pinnis.
2784 2525 2918 2582 Item
2943 2544 2956 2581 :
2981 2523 3179 2598 Urgere
3206 2527 3308 2583 tela
3338 2546 3519 2584 manu.

1948 2613 2162 2681 Vaccas,
2192 2615 2236 2670 si
2258 2614 2515 2671 animalia
2546 2616 2836 2689 signiﬁcat,
2867 2632 2966 2689 per
3000 2635 3028 2673 v
3046 2635 3065 2684 ;
3095 2619 3141 2675 si
3170 2617 3331 2675 ﬂores
3357 2617 3516 2682 lauri,

1934 2704 1988 2759 id
2017 2713 2121 2769 est,
2159 2705 2356 2761 baccas
2385 2719 2483 2776 per
2510 2706 2540 2760 b
2569 2708 2860 2764 scribatur.
2902 2706 3073 2763 Vallis
3117 2717 3175 2764 et
3200 2705 3394 2764 vallum
3424 2723 3525 2778 per

1930 2813 1962 2851 ,υ
1988 2797 2336 2853 scribendum
2366 2807 2471 2855 est.
2519 2797 2773 2855 Ballistra
2810 2809 2866 2854 et
2888 2798 3095 2855 ballena
3124 2814 3222 2871 per
3249 2797 3299 2854 b.
3337 2797 3522 2865 Valva,

1933 2886 2079 2956 quod
2120 2896 2208 2943 est
2242 2889 2463 2956 ostium,
2490 2902 2589 2959 per
2618 2906 2668 2945 v.
2713 2888 2884 2945 Balba
2922 2889 3124 2947 mobile
3152 2904 3373 2956 nomen,
3396 2888 3520 2944 bal-

1936 2977 2054 3044 bus,
2076 2979 2253 3047 balba,
2281 2979 2512 3035 balbum.
2542 2980 2696 3049 Quod
2725 2993 2809 3040 est
2837 2983 3163 3054 tardiloqua,
3190 2998 3288 3053 per
3324 2983 3353 3036 b
3383 2981 3524 3038 scri-

1934 3070 2115 3127 batur.
2177 3068 2342 3127 Valde
2390 3072 2707 3129 adverbium
2750 3089 2784 3130 a
2823 3073 2997 3129 valida
3035 3075 3251 3130 nomine
3277 3073 3522 3140 veniens,

248 3176 500 3250 Supplice
549 3155 745 3234 divinae
791 3155 997 3249 pietati,
1044 3190 1144 3247 per
1171 3177 1277 3232 duo
1316 3192 1373 3247 p.
1419 3173 1708 3245 Suppellea:
1733 3189 1833 3244 per
1862 3225 1904 3250 η
1936 3161 2081 3215 unde
2129 3161 2280 3216 valde
2314 3170 2570 3233 corrupte
2600 3163 2821 3232 dicitur,
2849 3180 2946 3236 per
2975 3181 3001 3220 v
3030 3155 3376 3221 scribendum
3415 3174 3518 3220 est.

245 3225 1833 3344 gygggﬁgggggsggggjs;;,;,;;;,j;,,,;,;,;,;;53,},
1860 3225 1905 3290 C
2017 3250 2215 3319 Vellus,
2235 3253 2283 3309 si
2309 3225 2494 3309 lanam
2514 3225 2817 3325 signiﬁcat,
2836 3225 2935 3327 per
2962 3274 2990 3311 v
3004 3273 3024 3323 ,-
3057 3256 3104 3312 si
3132 3255 3316 3320 bellus,
3341 3254 3393 3314 id
3414 3262 3520 3321 est,

241 3369 299 3419 ει
326 3362 384 3418 in
406 3362 604 3420 νθωτίε
632 3358 804 3428 libris,
832 3361 915 3419 sic
941 3361 996 3417 in
1018 3343 1221 3419 nostris
1237 3375 1338 3432 ρει-
1353 3374 1387 3432 y
1405 3359 1568 3416 scribi
1596 3366 1832 3433 οροι-ιει,
1936 3343 2183 3417 pulcher,
2222 3358 2322 3415 per
2356 3346 2386 3400 b
2416 3345 2708 3402 scribatur.
2750 3344 2850 3402 Ver
2881 3355 2934 3403 et
2956 3348 3028 3402 vi!
3056 3362 3155 3419 per
3178 3364 3207 3402 v
3231 3346 3522 3424 scribenda

839 3510 1142 3571 LITTERA
1180 3513 1245 3573 Τ.

318 3644 555 3702 Totidem
591 3660 692 3717 per
718 3653 739 3700 t
765 3644 1041 3713 scribitur,
1067 3647 1191 3717 quia
1224 3662 1256 3703 a
1284 3655 1357 3703 tat
1386 3663 1616 3706 numero
1639 3650 1834 3707 adver-

252 3736 382 3794 biali
408 3737 582 3794 venit.
618 3736 786 3793 Trans
815 3738 1124 3809 praepositio
1153 3738 1420 3795 interdum
1449 3738 1609 3811 plena
1638 3748 1743 3807 est,
1775 3750 1836 3798 ut

247 3828 543 3897 transtulit,
572 3837 804 3895 transeo,
838 3838 1185 3884 transactum.
1232 3829 1290 3885 In
1319 3830 1639 3899 quibusdam
1670 3847 1705 3886 n
1731 3840 1835 3888 ets

246 3919 509 3986 admittit,
551 3927 613 3974 ut
639 3918 892 3987 traducit,
921 3919 1114 3974 traicit.
1167 3917 1368 3975 Tabula
1394 3926 1449 3977 et
1474 3920 1654 3992 fabula
1682 3937 1779 3993 per
1803 3922 1833 3978 b

244 4012 576 4069 ‘sctlbantur.
634 4010 861 4088 [Testor,
909 4010 1114 4083 aliquid
1153 4013 1491 4070 conﬁrmans
1534 4015 1831 4071 sententia.

245 4101 525 4160 Contestor
544 4119 666 4159 cum
689 4104 923 4176 quadam
943 4103 1271 4159 auctoritate
1297 4102 1595 4161 alﬁrmans.
1646 4100 1837 4159 Prote-

246 4205 363 4253 star
382 4193 665 4252 manifesta
693 4194 936 4251 cavenda
957 4193 1301 4251 denuntians.
1329 4193 1575 4251 Obtestor
1595 4196 1833 4268 aliquem

239 4298 431 4360 )urare
456 4284 804 4358 compellens.
835 4282 1067 4340 Attestor
1098 4284 1333 4356 aliquem
1364 4286 1430 4341 ad
1466 4287 1833 4343 testimonium

243 4394 468 4445 vocans,
496 4379 591 4451 qui
618 4378 691 4434 sit
719 4376 983 4449 dignitate
1009 4375 1096 4433 vel
1130 4379 1456 4435 auctoritate
1483 4380 1696 4435 eminus
1744 4378 1829 4453 [L.

248 4470 537 4543 eminens].
594 4469 837 4525 Detestor
876 4467 1077 4540 aliquid
1123 4471 1489 4527 execrandum
1547 4486 1828 4541 respuens.

1936 3446 2083 3494 sunt.
2137 3433 2251 3505 Vel,
2295 3438 2344 3493 si
2389 3438 2701 3509 coniunctio
2744 3446 2850 3506 εει,
2891 3454 2990 3510 per
3031 3455 3097 3505 v;
3145 3439 3192 3494 si
3236 3439 3523 3494 humorem

1935 3529 2224 3602 signiﬁcat,
2268 3547 2367 3603 per
2393 3533 2435 3602 Ῑ,
2482 3532 2527 3588 si
2565 3531 2788 3598 idolum,
2831 3547 2929 3604 per
2969 3532 2999 3587 b
3039 3531 3383 3588 scribendum
3415 3539 3517 3587 est.

1944 3624 2192 3693 Verbera,
2222 3627 2374 3698 prior
2403 3628 2607 3700 syllaba
2645 3629 2713 3685 ab
2743 3646 2803 3695 v;
2832 3628 3106 3699 posterior
3140 3642 3169 3682 a
3203 3626 3232 3682 b
3273 3625 3517 3696 incipiat.

1939 3718 2193 3787 Ulciscor,
2244 3720 2385 3776 ultus
2432 3738 2547 3776 sum
2601 3719 2750 3776 facit.
2814 3719 2962 3787 Volo,
3009 3718 3151 3775 volas
3200 3735 3231 3774 a
3269 3717 3516 3774 volando.

1945 3809 2095 3879 Volo,
2125 3813 2199 3868 vis
2231 3829 2261 3867 a
2290 3813 2589 3879 voluntate,
2619 3813 2762 3882 quod
2788 3812 3167 3883 imperativum
3200 3807 3520 3863 naturaliter

1934 3919 2041 3958 non
2095 3903 2286 3969 habet;
2341 3904 2465 3974 quia
2522 3904 2784 3975 imperata
2836 3902 3176 3959 necessitatis
3218 3908 3363 3965 sunt,
3408 3914 3517 3955 non

1933 3991 2248 4049 voluntatis.
2286 3990 2409 4065 [Vis
2442 3992 2710 4064 duplicem
2755 3990 3206 4062 signiﬁcationem
3236 3990 3418 4055 habet,
3459 3996 3516 4043 ct

1934 4086 2152 4141 virtutis
2180 4085 2459 4152 videlicet,
2492 4085 2635 4157 quod
2665 4083 2854 4141 Grmce
2880 4084 3160 4141 A'rNAer‘.
3208 4081 3435 4148 dicitur;
3463 4088 3521 4135 et

1932 4176 2223 4243 violentiae,
2263 4177 2407 4247 quod
2436 4174 2624 4231 ϐιωοε
2648 4181 2789 4231 BIAN
2822 4182 3067 4229 vocatur.
3120 4168 3318 4225 Verbea:
3341 4168 3516 4233 vobis,

1934 4267 2002 4324 ab
2028 4285 2055 4323 v
2083 4268 2450 4340 incipiendum
2491 4276 2596 4334 est,
2640 4275 2696 4322 ει
2743 4266 2872 4320 facit
2910 4264 3219 4336 genetivum
3263 4260 3519 4328 verbeces,

1933 4358 2148 4432 longam
2176 4377 2203 4415 e
2244 4360 2299 4415 in
2345 4358 2583 4416 secunda
2614 4357 2843 4431 syllaba.
2895 4356 3033 4411 Dum
3060 4363 3267 4419 vertex,
3295 4353 3517 4421 cordex,
3576 4414 3579 4419 _

1933 4450 2141 4507 codexi
2169 4450 2387 4507 brevem
2418 4451 2616 4507 habent
2646 4450 2702 4505 in
2733 4450 2970 4520 obliquis
2994 4448 3236 4515 casibus,
3270 4455 3331 4503 ut
3352 4446 3520 4504 verti-

256 4541 557 4634 Triumphat
579 4561 811 4626 hostem,
834 4561 926 4631 qui
947 4568 1183 4632 superat.
1213 4559 1523 4632 Triumphat
1543 4579 1643 4619 nos
1666 4564 1829 4632 Deus,
1861 4587 1914 4647 ι)
1936 4543 2036 4609 εἶδ’
2064 4542 2302 4609 corllas»
2332 4543 2538 4599 οοάίείδ
2566 4550 2622 4598 θί
2649 4550 2844 4598 “me”
2874 4541 3018 4596 “‘m'

253 4669 373 4713 sum
405 4651 697 4724 superandi
723 4651 910 4707 hostes
936 4650 1198 4706 auxilium
1224 4652 1435 4708 tribuit.

321 4743 659 4816 Transmigro
694 4743 921 4799 verbum
948 4741 1219 4813 duplicem
1256 4743 1709 4816 signiﬁcationem
1735 4748 1834 4804 ha-

240 4838 370 4903 bet;
418 4834 746 4907 transmigro
776 4834 946 4901 enim,
993 4849 1120 4890 cum
1155 4835 1224 4890 de
1264 4834 1382 4890 loco
1412 4835 1479 4891 ed
1514 4837 1692 4893 locum
1728 4839 1835 4895 iter

242 4927 410 4985 facio.
456 4925 592 4982 Item
633 4926 950 4997 transmigro
997 4925 1228 4993 dicitur,
1278 4941 1403 4982 cum
1457 4928 1831 4988 additamenta

243 5016 543 5075 accusativi
583 5031 764 5082 casus,
808 5015 863 5071 id
907 5023 1013 5083 est,
1055 5031 1180 5072 cum
1226 5016 1463 5087 aliquem
1505 5020 1573 5077 de
1610 5018 1730 5077 loco
1764 5022 1832 5077 ad

245 5110 428 5166 locum
458 5106 751 5175 transfero,
778 5116 878 5163 ut:
910 5106 1408 5165 Nabuchodonosor
1427 5113 1834 5184 transmigrsvit

242 5200 464 5259 Indicos
492 5199 560 5255 ab
580 5197 918 5254 Hierusalem
949 5200 1003 5253 in
1027 5198 1398 5272 Babyloniam.
1426 5200 1832 5275 Transmigrans

244 5292 596 5369 participium
643 5306 797 5363 isque
838 5290 1147 5361 dupliciter,
1194 5299 1250 5347 ct
1290 5294 1357 5348 de
1404 5292 1526 5351 loco
1557 5293 1626 5351 ad
1652 5295 1831 5353 locum

248 5385 527 5444 transiens
555 5384 779 5457 aliquis;
830 5392 887 5439 et
914 5383 1081 5440 alium
1106 5386 1173 5440 de
1200 5383 1320 5441 loco
1349 5385 1419 5442 ad
1450 5385 1629 5443 locum
1659 5394 1836 5444 trans-

250 5476 438 5534 ferens
483 5472 849 5547 intelligitur.]
901 5472 1046 5529 Tunc
1081 5476 1341 5545 temporis
1373 5477 1688 5535 adverbium
1715 5488 1833 5548 cst;

251 5580 367 5627 tum
394 5567 620 5624 ordinis.
651 5564 844 5640 [Terga
870 5564 1149 5621 hominum
1179 5573 1307 5622 sunt
1336 5574 1567 5636 tantum,
1598 5570 1838 5642 singula-

252 5658 391 5717 riter
418 5667 639 5732 tergum.
692 5655 890 5728 Tergus
936 5657 1350 5728 quadripedum,
1386 5659 1670 5729 pluraliter
1709 5659 1843 5718 facit

250 5763 490 5823 tergora,
517 5747 572 5806 id
598 5757 702 5815 est,
732 5745 930 5821 coria.]
962 5747 1085 5803 Ideo
1113 5748 1168 5802 in
1196 5748 1447 5820 exemplo
1474 5750 1620 5820 quod
1662 5767 1844 5825 gram-

257 5843 491 5901 maticus
512 5844 713 5918 posuit,
743 5842 936 5899 vitiosa
960 5841 1281 5913 compositio
1302 5849 1384 5899 est
1412 5857 1425 5897 :
1466 5842 1726 5916 Versaque
1743 5844 1841 5917 ju-

2011 4650 2270 4726 [Ulterior
2314 4662 2370 4709 et
2399 4652 2617 4708 ultimus
2660 4653 2952 4723 positivum
2997 4652 3222 4723 gradum
3267 4667 3372 4706 non
3424 4652 3520 4707 ha-

1934 4743 2112 4817 bent.]
2149 4742 2395 4813 Veniunt,
2438 4746 2531 4816 qui
2570 4744 2835 4812 vendunt;
2871 4756 3109 4813 veneunt,
3141 4746 3231 4815 qui
3272 4746 3516 4800 vendun-

1936 4842 2045 4890 tur.
2101 4833 2361 4890 Velacitas
2404 4836 2604 4906 pedum
2653 4844 2710 4891 et
2755 4851 3074 4906 corporum;
3112 4835 3365 4891 celeritas
3404 4836 3520 4890 ani-

1935 4941 2149 4981 morum
2179 4933 2235 4980 et
2260 4924 2548 4980 factorum.
2586 4922 2767 4993 Ulcus,
2796 4925 2940 4996 quod
2969 4924 3227 4981 nascitur.
3263 4924 3518 4998 [Vulnus,

1932 5014 2075 5087 quod
2121 5030 2221 5086 per
2266 5015 2432 5070 alium
2477 5016 2558 5070 lit.
2612 5013 2805 5088 Urgso,
2851 5031 2959 5072 non
2990 5033 3178 5089 urgua.
3222 5006 3513 5089 Virgilius:

1934 5108 2195 5175 Quibusve
2252 5117 2506 5181 urgentur
2555 5125 2739 5181 plenae.
2806 5107 2987 5182 Ungo,
3034 5110 3196 5177 anxi;
3238 5113 3509 5183 quomodo

1933 5202 2117 5276 pingo,
2167 5200 2337 5272 pinxi,
2385 5209 2616 5271 uterque
2644 5201 2763 5257 sine
2808 5218 2877 5265 u;
2932 5209 3171 5257 attamen
3218 5202 3285 5257 ad
3324 5218 3521 5258 nomen

1933 5292 2292 5349 derivativum
2349 5292 2532 5358 addit;
2599 5298 2661 5347 ut
2716 5291 2933 5363 pinguis
2975 5290 3252 5365 unguine].
3326 5291 3513 5357 Vulva,

1931 5384 2127 5451 malva,
2185 5384 2319 5442 stiva
2375 5400 2474 5456 per
2518 5401 2548 5439 v
2591 5382 2715 5441 loco
2776 5385 3128 5441 consonantis
3190 5382 3517 5440 scribentur.

1944 5475 2134 5544 Valde,
2168 5491 2268 5549 per
2313 5475 2712 5532 detractionem
2757 5476 2776 5530 i
2820 5476 3013 5532 littera:
3052 5477 3158 5532 hoc
3201 5477 3520 5532 adverbium

1938 5570 2142 5627 dictum
2172 5575 2273 5634 est,
2307 5569 2464 5640 quasi
2500 5567 2690 5624 valide.
2708 5568 2893 5626 Valide
2925 5571 3068 5626 enim
3098 5570 3306 5640 integra
3331 5572 3517 5628 dictio.

1948 5658 2118 5717 Villus
2138 5669 2225 5717 est
2243 5659 2652 5725 vestimentum;
2681 5656 2807 5714 villa
2833 5660 3124 5731 possessio.
3396 5724 3397 5727 η

2014 5748 2175 5824 [ιἀε,
2216 5749 2384 5815 vadis,
2426 5747 2495 5805 de
2533 5746 2744 5816 fenore,
2788 5764 2988 5822 genere
3028 5749 3346 5807 masculino.
3393 5748 3520 5814 Vas.

1948 5844 2107 5901 rassis
2131 5844 2198 5902 de
2224 5842 2440 5902 vasculo
2466 5842 2766 5919 neutrum],
2792 5852 3023 5917 utraque
3048 5860 3146 5917 per
3173 5863 3231 5907 ιν,
3261 5845 3346 5914 fas
3377 5858 3474 5911 per
3497 5846 3523 5917 1
