  <div class='ocr_page' id='page_1' title='image "/cluster/home/n/w/nwhite01/storage/ocr_20150623/101/umn.31951002477394h/474.png"; bbox 0 0 4106 6506; ppageno 0'>
   <div class='ocr_carea' id='block_1_1' title="bbox 296 327 2739 391">
    <p class='ocr_par' dir='ltr' id='par_1_1' title="bbox 296 327 2739 391">
     <span class='ocr_line' id='line_1_1' title="bbox 296 327 2739 391; baseline 0.002 -6"><span class='ocrx_word' id='word_1_1' title='bbox 296 327 396 385; x_wconf 75' lang='grc' dir='ltr'><strong>9ΞΙ</strong></span> <span class='ocrx_word' id='word_1_2' title='bbox 1120 328 1592 388; x_wconf 71' lang='lat' dir='ltr'><strong>DlDASCALlCA.</strong></span> <span class='ocrx_word' id='word_1_3' title='bbox 1629 361 1700 371; x_wconf 90' lang='lat'><strong>-—-</strong></span> <span class='ocrx_word' id='word_1_4' title='bbox 1738 328 2011 386; x_wconf 79' lang='lat' dir='ltr'><strong>DlALOG.</strong></span> <span class='ocrx_word' id='word_1_5' title='bbox 2053 329 2143 385; x_wconf 88' lang='lat' dir='ltr'><strong>DE</strong></span> <span class='ocrx_word' id='word_1_6' title='bbox 2182 331 2390 387; x_wconf 82' lang='lat' dir='ltr'><strong>RHET.</strong></span> <span class='ocrx_word' id='word_1_7' title='bbox 2423 333 2510 387; x_wconf 86' lang='lat' dir='ltr'>ET</span> <span class='ocrx_word' id='word_1_8' title='bbox 2552 332 2739 391; x_wconf 76' lang='lat' dir='ltr'><strong>VlR&#39;l&#39;.</strong></span> 
     </span>
    </p>
   </div>
   <div class='ocr_carea' id='block_1_2' title="bbox 3468 340 3576 397">
    <p class='ocr_par' dir='ltr' id='par_1_2' title="bbox 3468 340 3576 397">
     <span class='ocr_line' id='line_1_2' title="bbox 3468 340 3576 397; baseline -0.009 0"><span class='ocrx_word' id='word_1_9' title='bbox 3468 340 3576 397; x_wconf 66' lang='lat'><strong>923</strong></span> 
     </span>
    </p>
   </div>
   <div class='ocr_carea' id='block_1_3' title="bbox 292 445 3573 520">
    <p class='ocr_par' dir='ltr' id='par_1_3' title="bbox 292 445 3573 520">
     <span class='ocr_line' id='line_1_3' title="bbox 292 445 3573 520; baseline 0.002 -16"><span class='ocrx_word' id='word_1_10' title='bbox 292 449 596 505; x_wconf 75' lang='lat' dir='ltr'><strong>bestiarum</strong></span> <span class='ocrx_word' id='word_1_11' title='bbox 631 463 779 503; x_wconf 90' lang='lat' dir='ltr'><strong>more</strong></span> <span class='ocrx_word' id='word_1_12' title='bbox 803 450 1155 519; x_wconf 75' lang='lat' dir='ltr'><strong>vagabantur,</strong></span> <span class='ocrx_word' id='word_1_13' title='bbox 1184 464 1285 504; x_wconf 91' lang='lat' dir='ltr'><strong>nec</strong></span> <span class='ocrx_word' id='word_1_14' title='bbox 1304 450 1516 505; x_wconf 91' lang='lat' dir='ltr'><strong>ratione</strong></span> <span class='ocrx_word' id='word_1_15' title='bbox 1536 448 1702 504; x_wconf 90' lang='lat' dir='ltr'><strong>animi</strong></span> <span class='ocrx_word' id='word_1_16' title='bbox 1724 447 1880 518; x_wconf 85' lang='lat' dir='ltr'><strong>quid—</strong></span> <span class='ocrx_word' id='word_1_17' title='bbox 1910 449 1958 506; x_wconf 79' lang='grc' dir='ltr'><strong>Α</strong></span> <span class='ocrx_word' id='word_1_18' title='bbox 1984 445 2142 512; x_wconf 88' lang='lat' dir='ltr'><strong>dere;</strong></span> <span class='ocrx_word' id='word_1_19' title='bbox 2192 446 2440 501; x_wconf 90' lang='lat' dir='ltr'><strong>ultimum</strong></span> <span class='ocrx_word' id='word_1_20' title='bbox 2483 463 2548 503; x_wconf 90' lang='lat' dir='ltr'><strong>ac</strong></span> <span class='ocrx_word' id='word_1_21' title='bbox 2590 463 2886 517; x_wconf 83' lang='lat' dir='ltr'><strong>summum,</strong></span> <span class='ocrx_word' id='word_1_22' title='bbox 2936 452 3079 520; x_wconf 91' lang='lat' dir='ltr'><strong>quod</strong></span> <span class='ocrx_word' id='word_1_23' title='bbox 3121 455 3383 510; x_wconf 82' lang='lat' dir='ltr'><strong>memoria</strong></span> <span class='ocrx_word' id='word_1_24' title='bbox 3425 472 3573 513; x_wconf 66' lang='lat' dir='ltr'><strong>como</strong></span> 
     </span>
    </p>
   </div>
   <div class='ocr_carea' id='block_1_4' title="bbox 291 539 1880 612">
    <p class='ocr_par' dir='ltr' id='par_1_4' title="bbox 291 539 1880 612">
     <span class='ocr_line' id='line_1_4' title="bbox 291 539 1880 612; baseline -0.002 -16"><span class='ocrx_word' id='word_1_25' title='bbox 291 555 477 612; x_wconf 87' lang='lat' dir='ltr'><strong>quam,</strong></span> <span class='ocrx_word' id='word_1_26' title='bbox 532 542 628 597; x_wconf 83' lang='lat' dir='ltr'><strong>sed</strong></span> <span class='ocrx_word' id='word_1_27' title='bbox 681 541 941 611; x_wconf 91' lang='lat' dir='ltr'><strong>pleraque</strong></span> <span class='ocrx_word' id='word_1_28' title='bbox 986 539 1194 595; x_wconf 90' lang='lat' dir='ltr'><strong>viribus</strong></span> <span class='ocrx_word' id='word_1_29' title='bbox 1230 541 1476 610; x_wconf 86' lang='lat' dir='ltr'><strong>corporis</strong></span> <span class='ocrx_word' id='word_1_30' title='bbox 1529 540 1880 594; x_wconf 88' lang='lat' dir='ltr'><strong>administra-</strong></span> 
     </span>
    </p>
   </div>
   <div class='ocr_carea' id='block_1_5' title="bbox 291 631 1882 706">
    <p class='ocr_par' dir='ltr' id='par_1_5' title="bbox 291 631 1882 706">
     <span class='ocr_line' id='line_1_5' title="bbox 291 631 1882 706; baseline -0.004 -14"><span class='ocrx_word' id='word_1_31' title='bbox 291 636 443 692; x_wconf 86' lang='lat' dir='ltr'><strong>bant.</strong></span> <span class='ocrx_word' id='word_1_32' title='bbox 493 634 741 690; x_wconf 82' lang='lat' dir='ltr'><strong>Nondum</strong></span> <span class='ocrx_word' id='word_1_33' title='bbox 770 634 953 688; x_wconf 90' lang='lat' dir='ltr'><strong>divina</strong></span> <span class='ocrx_word' id='word_1_34' title='bbox 986 634 1177 703; x_wconf 83' lang='lat' dir='ltr'><strong>religio</strong></span> <span class='ocrx_word' id='word_1_35' title='bbox 1222 632 1404 706; x_wconf 78' lang='lat' dir='ltr'><strong>[.‘llss.,</strong></span> <span class='ocrx_word' id='word_1_36' title='bbox 1437 632 1634 688; x_wconf 67' lang='lat' dir='ltr'><strong>divinas</strong></span> <span class='ocrx_word' id='word_1_37' title='bbox 1662 631 1882 700; x_wconf 85' lang='lat' dir='ltr'><strong>religio-</strong></span> 
     </span>
    </p>
   </div>
   <div class='ocr_carea' id='block_1_6' title="bbox 290 723 1881 798">
    <p class='ocr_par' dir='ltr' id='par_1_6' title="bbox 290 723 1881 798">
     <span class='ocr_line' id='line_1_6' title="bbox 290 723 1881 798; baseline -0.004 -14"><span class='ocrx_word' id='word_1_38' title='bbox 290 726 433 798; x_wconf 84' lang='lat' dir='ltr'><strong>nis],</strong></span> <span class='ocrx_word' id='word_1_39' title='bbox 491 727 731 780; x_wconf 90' lang='lat' dir='ltr'><strong>nondum</strong></span> <span class='ocrx_word' id='word_1_40' title='bbox 779 725 1003 780; x_wconf 84' lang='lat' dir='ltr'><strong>humani</strong></span> <span class='ocrx_word' id='word_1_41' title='bbox 1056 723 1219 779; x_wconf 75' lang='lat' dir='ltr'><strong>cilicii</strong></span> <span class='ocrx_word' id='word_1_42' title='bbox 1264 724 1404 779; x_wconf 90' lang='lat' dir='ltr'><strong>ratio</strong></span> <span class='ocrx_word' id='word_1_43' title='bbox 1436 723 1736 788; x_wconf 78' lang='lat' dir='ltr'><strong>colebatur,</strong></span> <span class='ocrx_word' id='word_1_44' title='bbox 1787 723 1881 779; x_wconf 90' lang='lat' dir='ltr'><strong>sed</strong></span> 
     </span>
    </p>
   </div>
   <div class='ocr_carea' id='block_1_7' title="bbox 291 812 1882 886">
    <p class='ocr_par' dir='ltr' id='par_1_7' title="bbox 291 812 1882 886">
     <span class='ocr_line' id='line_1_7' title="bbox 291 812 1882 886; baseline -0.002 -15"><span class='ocrx_word' id='word_1_45' title='bbox 291 831 436 871; x_wconf 59' lang='lat' dir='ltr'><strong>caeca</strong></span> <span class='ocrx_word' id='word_1_46' title='bbox 500 822 556 871; x_wconf 92' lang='lat' dir='ltr'><strong>et</strong></span> <span class='ocrx_word' id='word_1_47' title='bbox 601 814 892 868; x_wconf 90' lang='lat' dir='ltr'><strong>temeraria</strong></span> <span class='ocrx_word' id='word_1_48' title='bbox 945 812 1319 886; x_wconf 79' lang='lat' dir='ltr'><strong>[dominatrix]</strong></span> <span class='ocrx_word' id='word_1_49' title='bbox 1375 813 1643 885; x_wconf 84' lang='lat' dir='ltr'><strong>cupiditas</strong></span> <span class='ocrx_word' id='word_1_50' title='bbox 1694 813 1764 868; x_wconf 88' lang='lat' dir='ltr'><strong>ad</strong></span> <span class='ocrx_word' id='word_1_51' title='bbox 1822 828 1882 868; x_wconf 86' lang='lat' dir='ltr'><strong>se</strong></span> 
     </span>
    </p>
   </div>
   <div class='ocr_carea' id='block_1_8' title="bbox 292 903 1881 976">
    <p class='ocr_par' dir='ltr' id='par_1_8' title="bbox 292 903 1881 976">
     <span class='ocr_line' id='line_1_8' title="bbox 292 903 1881 976; baseline -0.002 -14"><span class='ocrx_word' id='word_1_52' title='bbox 292 905 618 976; x_wconf 80' lang='lat' dir='ltr'><strong>explendam</strong></span> <span class='ocrx_word' id='word_1_53' title='bbox 667 905 872 960; x_wconf 90' lang='lat' dir='ltr'><strong>viribus</strong></span> <span class='ocrx_word' id='word_1_54' title='bbox 921 907 1166 975; x_wconf 88' lang='lat' dir='ltr'><strong>corporis</strong></span> <span class='ocrx_word' id='word_1_55' title='bbox 1213 905 1561 960; x_wconf 82' lang='lat' dir='ltr'><strong>abutebatur.</strong></span> <span class='ocrx_word' id='word_1_56' title='bbox 1593 903 1713 973; x_wconf 90' lang='lat' dir='ltr'><strong>Quo</strong></span> <span class='ocrx_word' id='word_1_57' title='bbox 1743 912 1881 959; x_wconf 88' lang='lat' dir='ltr'><strong>tem-</strong></span> 
     </span>
    </p>
   </div>
   <div class='ocr_carea' id='block_1_9' title="bbox 287 997 1880 1069">
    <p class='ocr_par' dir='ltr' id='par_1_9' title="bbox 287 997 1880 1069">
     <span class='ocr_line' id='line_1_9' title="bbox 287 997 1880 1069; baseline -0.001 -16"><span class='ocrx_word' id='word_1_58' title='bbox 287 1013 422 1069; x_wconf 89' lang='lat' dir='ltr'><strong>pore</strong></span> <span class='ocrx_word' id='word_1_59' title='bbox 457 997 679 1069; x_wconf 87' lang='lat' dir='ltr'><strong>quidam</strong></span> <span class='ocrx_word' id='word_1_60' title='bbox 709 997 793 1051; x_wconf 85' lang='lat' dir='ltr'><strong>vir</strong></span> <span class='ocrx_word' id='word_1_61' title='bbox 842 1012 1070 1068; x_wconf 85' lang='lat' dir='ltr'><strong>magnus</strong></span> <span class='ocrx_word' id='word_1_62' title='bbox 1097 1005 1152 1052; x_wconf 88' lang='lat' dir='ltr'><strong>et</strong></span> <span class='ocrx_word' id='word_1_63' title='bbox 1199 997 1417 1067; x_wconf 84' lang='lat' dir='ltr'><strong>sapiens</strong></span> <span class='ocrx_word' id='word_1_64' title='bbox 1455 998 1726 1067; x_wconf 83' lang='lat' dir='ltr'><strong>cognovit,</strong></span> <span class='ocrx_word' id='word_1_65' title='bbox 1757 1011 1880 1066; x_wconf 73' lang='lat' dir='ltr'><strong>qua:</strong></span> 
     </span>
    </p>
   </div>
   <div class='ocr_carea' id='block_1_10' title="bbox 286 1086 1880 1162">
    <p class='ocr_par' dir='ltr' id='par_1_10' title="bbox 286 1086 1880 1162">
     <span class='ocr_line' id='line_1_10' title="bbox 286 1086 1880 1162; baseline -0.004 -14"><span class='ocrx_word' id='word_1_66' title='bbox 286 1091 518 1148; x_wconf 81' lang='lat' dir='ltr'><strong>materia</strong></span> <span class='ocrx_word' id='word_1_67' title='bbox 549 1099 603 1148; x_wconf 91' lang='lat' dir='ltr'><strong>et</strong></span> <span class='ocrx_word' id='word_1_68' title='bbox 623 1098 823 1162; x_wconf 88' lang='lat' dir='ltr'><strong>quanta</strong></span> <span class='ocrx_word' id='word_1_69' title='bbox 852 1090 921 1144; x_wconf 90' lang='lat' dir='ltr'><strong>ad</strong></span> <span class='ocrx_word' id='word_1_70' title='bbox 949 1089 1217 1144; x_wconf 84' lang='lat' dir='ltr'><strong>maximas</strong></span> <span class='ocrx_word' id='word_1_71' title='bbox 1245 1103 1334 1144; x_wconf 90' lang='lat' dir='ltr'><strong>res</strong></span> <span class='ocrx_word' id='word_1_72' title='bbox 1363 1088 1743 1159; x_wconf 89' lang='lat' dir='ltr'><strong>opportunitas</strong></span> <span class='ocrx_word' id='word_1_73' title='bbox 1762 1086 1880 1141; x_wconf 90' lang='lat' dir='ltr'><strong>ani-</strong></span> 
     </span>
    </p>
   </div>
   <div class='ocr_carea' id='block_1_11' title="bbox 287 1177 1882 1250">
    <p class='ocr_par' dir='ltr' id='par_1_11' title="bbox 287 1177 1882 1250">
     <span class='ocr_line' id='line_1_11' title="bbox 287 1177 1882 1250; baseline -0.004 -12"><span class='ocrx_word' id='word_1_74' title='bbox 287 1184 395 1239; x_wconf 86' lang='lat' dir='ltr'><strong>mis</strong></span> <span class='ocrx_word' id='word_1_75' title='bbox 442 1182 642 1238; x_wconf 86' lang='lat' dir='ltr'><strong>inesset</strong></span> <span class='ocrx_word' id='word_1_76' title='bbox 670 1182 970 1245; x_wconf 86' lang='lat' dir='ltr'><strong>hominum,</strong></span> <span class='ocrx_word' id='word_1_77' title='bbox 996 1181 1044 1236; x_wconf 90' lang='lat' dir='ltr'><strong>si</strong></span> <span class='ocrx_word' id='word_1_78' title='bbox 1071 1181 1195 1250; x_wconf 88' lang='lat' dir='ltr'><strong>quis</strong></span> <span class='ocrx_word' id='word_1_79' title='bbox 1240 1194 1361 1234; x_wconf 90' lang='lat' dir='ltr'><strong>eam</strong></span> <span class='ocrx_word' id='word_1_80' title='bbox 1385 1186 1570 1248; x_wconf 77' lang='lat' dir='ltr'><strong>posset</strong></span> <span class='ocrx_word' id='word_1_81' title='bbox 1596 1177 1796 1233; x_wconf 90' lang='lat' dir='ltr'><strong>elicere</strong></span> <span class='ocrx_word' id='word_1_82' title='bbox 1824 1185 1882 1232; x_wconf 89' lang='lat' dir='ltr'><strong>et</strong></span> 
     </span>
    </p>
   </div>
   <div class='ocr_carea' id='block_1_12' title="bbox 287 1267 1879 1348">
    <p class='ocr_par' dir='ltr' id='par_1_12' title="bbox 287 1267 1879 1348">
     <span class='ocr_line' id='line_1_12' title="bbox 287 1267 1879 1348; baseline -0.006 -16"><span class='ocrx_word' id='word_1_83' title='bbox 287 1274 655 1348; x_wconf 69' lang='lat' dir='ltr'><strong>praecipiendo</strong></span> <span class='ocrx_word' id='word_1_84' title='bbox 684 1274 966 1329; x_wconf 88' lang='lat' dir='ltr'><strong>meliorem</strong></span> <span class='ocrx_word' id='word_1_85' title='bbox 997 1272 1241 1328; x_wconf 88' lang='lat' dir='ltr'><strong>reddere.</strong></span> <span class='ocrx_word' id='word_1_86' title='bbox 1273 1270 1374 1338; x_wconf 87' lang='lat' dir='ltr'><strong>Qui</strong></span> <span class='ocrx_word' id='word_1_87' title='bbox 1405 1270 1678 1341; x_wconf 87' lang='lat' dir='ltr'><strong>dispersos</strong></span> <span class='ocrx_word' id='word_1_88' title='bbox 1701 1267 1879 1324; x_wconf 89' lang='lat' dir='ltr'><strong>homi-</strong></span> 
     </span>
    </p>
   </div>
   <div class='ocr_carea' id='block_1_13' title="bbox 286 1361 1877 1442">
    <p class='ocr_par' dir='ltr' id='par_1_13' title="bbox 286 1361 1877 1442">
     <span class='ocr_line' id='line_1_13' title="bbox 286 1361 1877 1442; baseline -0.008 -14"><span class='ocrx_word' id='word_1_89' title='bbox 286 1386 385 1428; x_wconf 97' lang='lat' dir='ltr'><strong>nes</strong></span> <span class='ocrx_word' id='word_1_90' title='bbox 414 1370 467 1425; x_wconf 92' lang='lat' dir='ltr'><strong>in</strong></span> <span class='ocrx_word' id='word_1_91' title='bbox 509 1369 654 1442; x_wconf 95' lang='lat' dir='ltr'><strong>agris</strong></span> <span class='ocrx_word' id='word_1_92' title='bbox 677 1376 733 1424; x_wconf 89' lang='lat' dir='ltr'><strong>et</strong></span> <span class='ocrx_word' id='word_1_93' title='bbox 761 1369 816 1422; x_wconf 92' lang='lat' dir='ltr'><strong>in</strong></span> <span class='ocrx_word' id='word_1_94' title='bbox 841 1367 1000 1424; x_wconf 86' lang='lat' dir='ltr'><strong>tectis</strong></span> <span class='ocrx_word' id='word_1_95' title='bbox 1044 1365 1401 1437; x_wconf 81' lang='lat' dir='ltr'><strong>sylvestribus</strong></span> <span class='ocrx_word' id='word_1_96' title='bbox 1422 1364 1637 1420; x_wconf 90' lang='lat' dir='ltr'><strong>abditos</strong></span> <span class='ocrx_word' id='word_1_97' title='bbox 1666 1361 1877 1417; x_wconf 88' lang='lat' dir='ltr'><strong>ratione</strong></span> 
     </span>
    </p>
   </div>
   <div class='ocr_carea' id='block_1_14' title="bbox 286 1456 1878 1535">
    <p class='ocr_par' dir='ltr' id='par_1_14' title="bbox 286 1456 1878 1535">
     <span class='ocr_line' id='line_1_14' title="bbox 286 1456 1878 1535; baseline -0.004 -19"><span class='ocrx_word' id='word_1_98' title='bbox 286 1464 520 1535; x_wconf 87' lang='lat' dir='ltr'><strong>quadam</strong></span> <span class='ocrx_word' id='word_1_99' title='bbox 572 1461 834 1532; x_wconf 87' lang='lat' dir='ltr'><strong>compulit</strong></span> <span class='ocrx_word' id='word_1_100' title='bbox 879 1461 932 1516; x_wconf 92' lang='lat' dir='ltr'><strong>in</strong></span> <span class='ocrx_word' id='word_1_101' title='bbox 980 1475 1146 1517; x_wconf 91' lang='lat' dir='ltr'><strong>unum</strong></span> <span class='ocrx_word' id='word_1_102' title='bbox 1177 1460 1379 1525; x_wconf 90' lang='lat' dir='ltr'><strong>locum,</strong></span> <span class='ocrx_word' id='word_1_103' title='bbox 1428 1467 1485 1513; x_wconf 91' lang='lat' dir='ltr'><strong>et</strong></span> <span class='ocrx_word' id='word_1_104' title='bbox 1527 1456 1878 1528; x_wconf 71' lang='lat' dir='ltr'><strong>congregavit</strong></span> 
     </span>
    </p>
   </div>
   <div class='ocr_carea' id='block_1_15' title="bbox 287 1551 1878 1626">
    <p class='ocr_par' dir='ltr' id='par_1_15' title="bbox 287 1551 1878 1626">
     <span class='ocr_line' id='line_1_15' title="bbox 287 1551 1878 1626; baseline -0.006 -11"><span class='ocrx_word' id='word_1_105' title='bbox 287 1572 383 1615; x_wconf 88' lang='lat' dir='ltr'><strong>eos</strong></span> <span class='ocrx_word' id='word_1_106' title='bbox 403 1556 458 1612; x_wconf 91' lang='lat' dir='ltr'><strong>in</strong></span> <span class='ocrx_word' id='word_1_107' title='bbox 483 1572 670 1619; x_wconf 87' lang='lat' dir='ltr'><strong>unum,</strong></span> <span class='ocrx_word' id='word_1_108' title='bbox 695 1555 931 1626; x_wconf 89' lang='lat' dir='ltr'><strong>aliquam</strong></span> <span class='ocrx_word' id='word_1_109' title='bbox 957 1555 1196 1624; x_wconf 87' lang='lat' dir='ltr'><strong>quietem</strong></span> <span class='ocrx_word' id='word_1_110' title='bbox 1213 1551 1396 1626; x_wconf 61' lang='grc' dir='ltr'><strong>[Δίκη</strong></span> <span class='ocrx_word' id='word_1_111' title='bbox 1424 1552 1478 1607; x_wconf 91' lang='lat' dir='ltr'><strong>in</strong></span> <span class='ocrx_word' id='word_1_112' title='bbox 1499 1568 1662 1607; x_wconf 89' lang='lat' dir='ltr'><strong>unam</strong></span> <span class='ocrx_word' id='word_1_113' title='bbox 1685 1565 1878 1620; x_wconf 85' lang='lat' dir='ltr'><strong>quam-</strong></span> 
     </span>
    </p>
   </div>
   <div class='ocr_carea' id='block_1_16' title="bbox 283 1643 1874 1721">
    <p class='ocr_par' dir='ltr' id='par_1_16' title="bbox 283 1643 1874 1721">
     <span class='ocr_line' id='line_1_16' title="bbox 283 1643 1874 1721; baseline -0.004 -16"><span class='ocrx_word' id='word_1_114' title='bbox 283 1663 391 1720; x_wconf 88' lang='lat' dir='ltr'><strong>que</strong></span> <span class='ocrx_word' id='word_1_115' title='bbox 419 1646 557 1721; x_wconf 87' lang='lat' dir='ltr'><strong>rem]</strong></span> <span class='ocrx_word' id='word_1_116' title='bbox 603 1647 864 1703; x_wconf 89' lang='lat' dir='ltr'><strong>inducens</strong></span> <span class='ocrx_word' id='word_1_117' title='bbox 907 1646 1095 1701; x_wconf 87' lang='lat' dir='ltr'><strong>utilem</strong></span> <span class='ocrx_word' id='word_1_118' title='bbox 1127 1653 1291 1715; x_wconf 89' lang='lat' dir='ltr'><strong>atque</strong></span> <span class='ocrx_word' id='word_1_119' title='bbox 1334 1644 1649 1709; x_wconf 86' lang='lat' dir='ltr'><strong>honestam;</strong></span> <span class='ocrx_word' id='word_1_120' title='bbox 1697 1643 1874 1714; x_wconf 86' lang='lat' dir='ltr'><strong>primo</strong></span> 
     </span>
    </p>
   </div>
   <div class='ocr_carea' id='block_1_17' title="bbox 283 1734 1875 1809">
    <p class='ocr_par' dir='ltr' id='par_1_17' title="bbox 283 1734 1875 1809">
     <span class='ocr_line' id='line_1_17' title="bbox 283 1734 1875 1809; baseline -0.004 -15"><span class='ocrx_word' id='word_1_121' title='bbox 283 1746 506 1809; x_wconf 77' lang='lat' dir='ltr'><strong>propter</strong></span> <span class='ocrx_word' id='word_1_122' title='bbox 559 1737 900 1794; x_wconf 84' lang='lat' dir='ltr'><strong>insolentiam</strong></span> <span class='ocrx_word' id='word_1_123' title='bbox 954 1736 1334 1800; x_wconf 83' lang='lat' dir='ltr'><strong>reclamantes,</strong></span> <span class='ocrx_word' id='word_1_124' title='bbox 1406 1734 1602 1790; x_wconf 86' lang='lat' dir='ltr'><strong>deinde</strong></span> <span class='ocrx_word' id='word_1_125' title='bbox 1647 1740 1875 1804; x_wconf 86' lang='lat' dir='ltr'><strong>propter</strong></span> 
     </span>
    </p>
   </div>
   <div class='ocr_carea' id='block_1_18' title="bbox 1984 537 2752 608">
    <p class='ocr_par' dir='ltr' id='par_1_18' title="bbox 1984 537 2752 608">
     <span class='ocr_line' id='line_1_18' title="bbox 1984 537 2752 608; baseline 0.005 -19"><span class='ocrx_word' id='word_1_126' title='bbox 1984 537 2356 605; x_wconf 87' lang='lat' dir='ltr'><strong>prehenderis,</strong></span> <span class='ocrx_word' id='word_1_127' title='bbox 2379 538 2752 608; x_wconf 85' lang='lat' dir='ltr'><strong>pronuntiare.</strong></span> 
     </span>
    </p>
   </div>
   <div class='ocr_carea' id='block_1_19' title="bbox 2055 627 3573 704">
    <p class='ocr_par' dir='ltr' id='par_1_19' title="bbox 2055 627 3573 704">
     <span class='ocr_line' id='line_1_19' title="bbox 2055 627 3573 704; baseline 0.01 -24"><span class='ocrx_word' id='word_1_128' title='bbox 2055 627 2190 681; x_wconf 61' lang='grc' dir='ltr'><strong>(ἔως.</strong></span> <span class='ocrx_word' id='word_1_129' title='bbox 2237 627 2296 682; x_wconf 91' lang='lat' dir='ltr'><strong>Si</strong></span> <span class='ocrx_word' id='word_1_130' title='bbox 2330 628 2597 684; x_wconf 84' lang='lat' dir='ltr'><strong>rhetorica</strong></span> <span class='ocrx_word' id='word_1_131' title='bbox 2625 631 2682 685; x_wconf 86' lang='lat' dir='ltr'><strong>in</strong></span> <span class='ocrx_word' id='word_1_132' title='bbox 2706 630 2886 688; x_wconf 82' lang='lat' dir='ltr'><strong>causis</strong></span> <span class='ocrx_word' id='word_1_133' title='bbox 2909 640 2964 688; x_wconf 90' lang='lat' dir='ltr'><strong>et</strong></span> <span class='ocrx_word' id='word_1_134' title='bbox 2984 634 3372 704; x_wconf 63' lang='lat' dir='ltr'><strong>quaestionibus</strong></span> <span class='ocrx_word' id='word_1_135' title='bbox 3396 637 3573 694; x_wconf 83' lang='lat' dir='ltr'><strong>civili-</strong></span> 
     </span>
    </p>
   </div>
   <div class='ocr_carea' id='block_1_20' title="bbox 1981 719 3570 795">
    <p class='ocr_par' dir='ltr' id='par_1_20' title="bbox 1981 719 3570 795">
     <span class='ocr_line' id='line_1_20' title="bbox 1981 719 3570 795; baseline 0.01 -21"><span class='ocrx_word' id='word_1_136' title='bbox 1981 719 2084 774; x_wconf 85' lang='lat' dir='ltr'><strong>bus</strong></span> <span class='ocrx_word' id='word_1_137' title='bbox 2111 729 2379 785; x_wconf 88' lang='lat' dir='ltr'><strong>versatur,</strong></span> <span class='ocrx_word' id='word_1_138' title='bbox 2409 736 2636 778; x_wconf 89' lang='lat' dir='ltr'><strong>necesse</strong></span> <span class='ocrx_word' id='word_1_139' title='bbox 2674 733 2781 789; x_wconf 85' lang='lat' dir='ltr'><strong>est,</strong></span> <span class='ocrx_word' id='word_1_140' title='bbox 2805 733 2866 780; x_wconf 91' lang='lat' dir='ltr'><strong>ut</strong></span> <span class='ocrx_word' id='word_1_141' title='bbox 2912 725 3045 782; x_wconf 92' lang='lat' dir='ltr'><strong>mihi</strong></span> <span class='ocrx_word' id='word_1_142' title='bbox 3096 728 3328 795; x_wconf 86' lang='lat' dir='ltr'><strong>videtur,</strong></span> <span class='ocrx_word' id='word_1_143' title='bbox 3375 747 3570 790; x_wconf 81' lang='lat' dir='ltr'><strong>causas</strong></span> 
     </span>
    </p>
   </div>
   <div class='ocr_carea' id='block_1_21' title="bbox 1982 809 3571 887">
    <p class='ocr_par' dir='ltr' id='par_1_21' title="bbox 1982 809 3571 887">
     <span class='ocr_line' id='line_1_21' title="bbox 1982 809 3571 887; baseline 0.011 -23"><span class='ocrx_word' id='word_1_144' title='bbox 1982 809 2128 880; x_wconf 89' lang='lat' dir='ltr'><strong>ipsas</strong></span> <span class='ocrx_word' id='word_1_145' title='bbox 2164 820 2312 866; x_wconf 87' lang='lat' dir='ltr'><strong>certa</strong></span> <span class='ocrx_word' id='word_1_146' title='bbox 2343 812 2546 868; x_wconf 83' lang='lat' dir='ltr'><strong>habere</strong></span> <span class='ocrx_word' id='word_1_147' title='bbox 2568 828 2790 886; x_wconf 89' lang='lat' dir='ltr'><strong>genera,</strong></span> <span class='ocrx_word' id='word_1_148' title='bbox 2823 827 2944 886; x_wconf 67' lang='lat' dir='ltr'><strong>quae</strong></span> <span class='ocrx_word' id='word_1_149' title='bbox 2978 817 3270 876; x_wconf 88' lang='lat' dir='ltr'><strong>voluissem</strong></span> <span class='ocrx_word' id='word_1_150' title='bbox 3313 822 3473 887; x_wconf 85' lang='lat' dir='ltr'><strong>scire,</strong></span> <span class='ocrx_word' id='word_1_151' title='bbox 3513 835 3571 881; x_wconf 89' lang='lat' dir='ltr'><strong>et</strong></span> 
     </span>
    </p>
   </div>
   <div class='ocr_carea' id='block_1_22' title="bbox 1980 899 3571 980">
    <p class='ocr_par' dir='ltr' id='par_1_22' title="bbox 1980 899 3571 980">
     <span class='ocr_line' id='line_1_22' title="bbox 1980 899 3571 980; baseline 0.012 -28"><span class='ocrx_word' id='word_1_152' title='bbox 1980 899 2246 969; x_wconf 79' lang='lat' dir='ltr'><strong>exemplis</strong></span> <span class='ocrx_word' id='word_1_153' title='bbox 2270 900 2405 954; x_wconf 91' lang='lat' dir='ltr'><strong>mihi</strong></span> <span class='ocrx_word' id='word_1_154' title='bbox 2448 905 2767 960; x_wconf 87' lang='lat' dir='ltr'><strong>monstrari.</strong></span> <span class='ocrx_word' id='word_1_155' title='bbox 2799 934 2870 946; x_wconf 88' lang='lat'><strong>—-</strong></span> <span class='ocrx_word' id='word_1_156' title='bbox 2892 904 3024 963; x_wconf 74' lang='lat' dir='ltr'><strong>Au.</strong></span> <span class='ocrx_word' id='word_1_157' title='bbox 3055 908 3162 964; x_wconf 81' lang='lat' dir='ltr'><strong>Ars</strong></span> <span class='ocrx_word' id='word_1_158' title='bbox 3200 910 3419 980; x_wconf 87' lang='lat' dir='ltr'><strong>quidem</strong></span> <span class='ocrx_word' id='word_1_159' title='bbox 3446 913 3571 971; x_wconf 77' lang='lat' dir='ltr'><strong>rhe-</strong></span> 
     </span>
    </p>
   </div>
   <div class='ocr_carea' id='block_1_23' title="bbox 1981 988 3571 1072">
    <p class='ocr_par' dir='ltr' id='par_1_23' title="bbox 1981 988 3571 1072">
     <span class='ocr_line' id='line_1_23' title="bbox 1981 988 3571 1072; baseline 0.011 -30"><span class='ocrx_word' id='word_1_160' title='bbox 1981 989 2167 1044; x_wconf 70' lang='lat' dir='ltr'><strong>torica:</strong></span> <span class='ocrx_word' id='word_1_161' title='bbox 2207 988 2390 1062; x_wconf 60' lang='grc' dir='ltr'><strong>[Δίκη</strong></span> <span class='ocrx_word' id='word_1_162' title='bbox 2424 989 2720 1066; x_wconf 90' lang='lat' dir='ltr'><strong>rhetorica]</strong></span> <span class='ocrx_word' id='word_1_163' title='bbox 2757 994 2814 1049; x_wconf 87' lang='lat' dir='ltr'><strong>in</strong></span> <span class='ocrx_word' id='word_1_164' title='bbox 2859 996 3036 1054; x_wconf 87' lang='lat' dir='ltr'><strong>tribus</strong></span> <span class='ocrx_word' id='word_1_165' title='bbox 3080 1009 3333 1056; x_wconf 85' lang='lat' dir='ltr'><strong>versatur</strong></span> <span class='ocrx_word' id='word_1_166' title='bbox 3357 1004 3571 1072; x_wconf 76' lang='lat' dir='ltr'><strong>generi-</strong></span> 
     </span>
    </p>
   </div>
   <div class='ocr_carea' id='block_1_24' title="bbox 1978 1077 3564 1157">
    <p class='ocr_par' dir='ltr' id='par_1_24' title="bbox 1978 1077 3564 1157">
     <span class='ocr_line' id='line_1_24' title="bbox 1978 1077 3564 1157; baseline 0.009 -25"><span class='ocrx_word' id='word_1_167' title='bbox 1978 1078 2103 1142; x_wconf 86' lang='lat' dir='ltr'><strong>bus,</strong></span> <span class='ocrx_word' id='word_1_168' title='bbox 2147 1078 2200 1133; x_wconf 87' lang='lat' dir='ltr'><strong>id</strong></span> <span class='ocrx_word' id='word_1_169' title='bbox 2230 1087 2335 1146; x_wconf 90' lang='lat' dir='ltr'><strong>est,</strong></span> <span class='ocrx_word' id='word_1_170' title='bbox 2366 1077 2816 1150; x_wconf 87' lang='lat' dir='ltr'><strong>demonstrativo,</strong></span> <span class='ocrx_word' id='word_1_171' title='bbox 2873 1084 3244 1153; x_wconf 85' lang='lat' dir='ltr'><strong>deliberativo,</strong></span> <span class='ocrx_word' id='word_1_172' title='bbox 3298 1088 3564 1157; x_wconf 84' lang='lat' dir='ltr'><strong>judiciali.</strong></span> 
     </span>
    </p>
   </div>
   <div class='ocr_carea' id='block_1_25' title="bbox 1977 1168 3569 1253">
    <p class='ocr_par' dir='ltr' id='par_1_25' title="bbox 1977 1168 3569 1253">
     <span class='ocr_line' id='line_1_25' title="bbox 1977 1168 3569 1253; baseline 0.011 -29"><span class='ocrx_word' id='word_1_173' title='bbox 1977 1168 2456 1225; x_wconf 80' lang='lat' dir='ltr'><strong>Demonstrativum</strong></span> <span class='ocrx_word' id='word_1_174' title='bbox 2483 1187 2652 1243; x_wconf 88' lang='lat' dir='ltr'><strong>genus</strong></span> <span class='ocrx_word' id='word_1_175' title='bbox 2682 1181 2784 1240; x_wconf 90' lang='lat' dir='ltr'><strong>est,</strong></span> <span class='ocrx_word' id='word_1_176' title='bbox 2812 1176 2956 1246; x_wconf 87' lang='lat' dir='ltr'><strong>quod</strong></span> <span class='ocrx_word' id='word_1_177' title='bbox 2984 1179 3237 1235; x_wconf 89' lang='lat' dir='ltr'><strong>tribuiter</strong></span> <span class='ocrx_word' id='word_1_178' title='bbox 3266 1183 3320 1236; x_wconf 89' lang='lat' dir='ltr'><strong>in</strong></span> <span class='ocrx_word' id='word_1_179' title='bbox 3341 1182 3569 1253; x_wconf 88' lang='lat' dir='ltr'><strong>alicujus</strong></span> 
     </span>
    </p>
   </div>
   <div class='ocr_carea' id='block_1_26' title="bbox 1974 1351 3562 1437">
    <p class='ocr_par' dir='ltr' id='par_1_26' title="bbox 1974 1351 3562 1437">
     <span class='ocr_line' id='line_1_26' title="bbox 1974 1351 3562 1437; baseline 0.012 -34"><span class='ocrx_word' id='word_1_180' title='bbox 1974 1351 2364 1425; x_wconf 86' lang='lat' dir='ltr'><strong>perationem],</strong></span> <span class='ocrx_word' id='word_1_181' title='bbox 2394 1359 2453 1408; x_wconf 91' lang='lat' dir='ltr'><strong>ut</strong></span> <span class='ocrx_word' id='word_1_182' title='bbox 2489 1355 2543 1408; x_wconf 91' lang='lat' dir='ltr'><strong>in</strong></span> <span class='ocrx_word' id='word_1_183' title='bbox 2570 1354 2768 1412; x_wconf 85' lang='lat' dir='ltr'><strong>Genesi</strong></span> <span class='ocrx_word' id='word_1_184' title='bbox 2811 1357 2876 1414; x_wconf 92' lang='lat' dir='ltr'><strong>de</strong></span> <span class='ocrx_word' id='word_1_185' title='bbox 2901 1358 3038 1415; x_wconf 84' lang='lat' dir='ltr'><strong>Abel</strong></span> <span class='ocrx_word' id='word_1_186' title='bbox 3065 1369 3120 1416; x_wconf 90' lang='lat' dir='ltr'><strong>et</strong></span> <span class='ocrx_word' id='word_1_187' title='bbox 3159 1360 3292 1419; x_wconf 87' lang='lat' dir='ltr'><strong>Cain</strong></span> <span class='ocrx_word' id='word_1_188' title='bbox 3317 1363 3515 1437; x_wconf 77' lang='lat' dir='ltr'><strong>legitur</strong></span> <span class='ocrx_word' id='word_1_189' title='bbox 3546 1385 3562 1422; x_wconf 92' lang='lat'><strong>:</strong></span> 
     </span>
    </p>
   </div>
   <div class='ocr_carea' id='block_1_27' title="bbox 1977 1441 3566 1527">
    <p class='ocr_par' dir='ltr' id='par_1_27' title="bbox 1977 1441 3566 1527">
     <span class='ocr_line' id='line_1_27' title="bbox 1977 1441 3566 1527; baseline 0.011 -32"><span class='ocrx_word' id='word_1_190' title='bbox 1977 1441 2226 1513; x_wconf 76' lang='lat' dir='ltr'><strong>Respexit</strong></span> <span class='ocrx_word' id='word_1_191' title='bbox 2263 1443 2522 1499; x_wconf 75' lang='lat' dir='ltr'><strong>Dominus</strong></span> <span class='ocrx_word' id='word_1_192' title='bbox 2553 1446 2623 1501; x_wconf 82' lang='lat' dir='ltr'><strong>ad</strong></span> <span class='ocrx_word' id='word_1_193' title='bbox 2671 1447 2801 1503; x_wconf 73' lang='grc' dir='ltr'><strong>Αιει</strong></span> <span class='ocrx_word' id='word_1_194' title='bbox 2827 1458 2878 1504; x_wconf 84' lang='lat' dir='ltr'><strong>et</strong></span> <span class='ocrx_word' id='word_1_195' title='bbox 2911 1450 2985 1505; x_wconf 83' lang='lat' dir='ltr'><strong>ad</strong></span> <span class='ocrx_word' id='word_1_196' title='bbox 3027 1469 3248 1509; x_wconf 78' lang='lat' dir='ltr'><strong>munera</strong></span> <span class='ocrx_word' id='word_1_197' title='bbox 3289 1457 3444 1527; x_wconf 85' lang='lat' dir='ltr'><strong>ejus;</strong></span> <span class='ocrx_word' id='word_1_198' title='bbox 3495 1459 3566 1514; x_wconf 83' lang='lat' dir='ltr'><strong>ad</strong></span> 
     </span>
    </p>
   </div>
   <div class='ocr_carea' id='block_1_28' title="bbox 1975 1532 3567 1616">
    <p class='ocr_par' dir='ltr' id='par_1_28' title="bbox 1975 1532 3567 1616">
     <span class='ocr_line' id='line_1_28' title="bbox 1975 1532 3567 1616; baseline 0.012 -29"><span class='ocrx_word' id='word_1_199' title='bbox 1975 1532 2111 1588; x_wconf 86' lang='lat' dir='ltr'><strong>Cain</strong></span> <span class='ocrx_word' id='word_1_200' title='bbox 2138 1544 2312 1591; x_wconf 76' lang='lat' dir='ltr'><strong>autem</strong></span> <span class='ocrx_word' id='word_1_201' title='bbox 2341 1546 2390 1591; x_wconf 84' lang='lat' dir='ltr'><strong>et</strong></span> <span class='ocrx_word' id='word_1_202' title='bbox 2418 1537 2490 1592; x_wconf 83' lang='lat' dir='ltr'><strong>ad</strong></span> <span class='ocrx_word' id='word_1_203' title='bbox 2533 1555 2751 1596; x_wconf 84' lang='lat' dir='ltr'><strong>munera</strong></span> <span class='ocrx_word' id='word_1_204' title='bbox 2783 1542 2899 1614; x_wconf 86' lang='lat' dir='ltr'><strong>ejus</strong></span> <span class='ocrx_word' id='word_1_205' title='bbox 2943 1561 3046 1600; x_wconf 85' lang='lat' dir='ltr'><strong>non</strong></span> <span class='ocrx_word' id='word_1_206' title='bbox 3077 1550 3319 1616; x_wconf 72' lang='lat' dir='ltr'><strong>respexit.</strong></span> <span class='ocrx_word' id='word_1_207' title='bbox 3360 1549 3567 1606; x_wconf 80' lang='lat' dir='ltr'><strong>Delibe-</strong></span> 
     </span>
    </p>
   </div>
   <div class='ocr_carea' id='block_1_29' title="bbox 1975 1627 3566 1713">
    <p class='ocr_par' dir='ltr' id='par_1_29' title="bbox 1975 1627 3566 1713">
     <span class='ocr_line' id='line_1_29' title="bbox 1975 1627 3566 1713; baseline 0.013 -34"><span class='ocrx_word' id='word_1_208' title='bbox 1975 1627 2199 1682; x_wconf 82' lang='lat' dir='ltr'><strong>rativum</strong></span> <span class='ocrx_word' id='word_1_209' title='bbox 2248 1636 2334 1684; x_wconf 86' lang='lat' dir='ltr'><strong>est</strong></span> <span class='ocrx_word' id='word_1_210' title='bbox 2381 1630 2436 1684; x_wconf 93' lang='lat' dir='ltr'><strong>in</strong></span> <span class='ocrx_word' id='word_1_211' title='bbox 2464 1632 2721 1690; x_wconf 87' lang='lat' dir='ltr'><strong>suasione</strong></span> <span class='ocrx_word' id='word_1_212' title='bbox 2747 1644 2802 1691; x_wconf 91' lang='lat' dir='ltr'><strong>et</strong></span> <span class='ocrx_word' id='word_1_213' title='bbox 2847 1635 3204 1713; x_wconf 79' lang='lat' dir='ltr'><strong>dissuasione,</strong></span> <span class='ocrx_word' id='word_1_214' title='bbox 3232 1641 3394 1712; x_wconf 78' lang='lat'><strong>315</strong></span> <span class='ocrx_word' id='word_1_215' title='bbox 3424 1651 3484 1697; x_wconf 89' lang='lat' dir='ltr'><strong>ut</strong></span> <span class='ocrx_word' id='word_1_216' title='bbox 3509 1644 3566 1699; x_wconf 89' lang='lat' dir='ltr'><strong>in</strong></span> 
     </span>
    </p>
   </div>
   <div class='ocr_carea' id='block_1_30' title="bbox 1973 1718 3563 1806">
    <p class='ocr_par' dir='ltr' id='par_1_30' title="bbox 1973 1718 3563 1806">
     <span class='ocr_line' id='line_1_30' title="bbox 1973 1718 3563 1806; baseline 0.01 -32"><span class='ocrx_word' id='word_1_217' title='bbox 1973 1718 2210 1775; x_wconf 86' lang='lat' dir='ltr'><strong>secundo</strong></span> <span class='ocrx_word' id='word_1_218' title='bbox 2223 1718 2430 1789; x_wconf 83' lang='lat' dir='ltr'><strong>Regum</strong></span> <span class='ocrx_word' id='word_1_219' title='bbox 2452 1721 2593 1779; x_wconf 89' lang='lat' dir='ltr'><strong>libro</strong></span> <span class='ocrx_word' id='word_1_220' title='bbox 2612 1724 2856 1794; x_wconf 86' lang='lat' dir='ltr'><strong>legimus,</strong></span> <span class='ocrx_word' id='word_1_221' title='bbox 2882 1728 3116 1799; x_wconf 88' lang='lat' dir='ltr'><strong>qualiter</strong></span> <span class='ocrx_word' id='word_1_222' title='bbox 3132 1729 3209 1802; x_wconf 85' lang='grc' dir='ltr'><strong>[Μ</strong></span> <span class='ocrx_word' id='word_1_223' title='bbox 3217 1748 3310 1797; x_wconf 85' lang='lat' dir='ltr'><strong>ss.,</strong></span> <span class='ocrx_word' id='word_1_224' title='bbox 3339 1733 3563 1806; x_wconf 75' lang='lat' dir='ltr'><strong>legitur,</strong></span> 
     </span>
    </p>
   </div>
   <div class='ocr_carea' id='block_1_31' title="bbox 281 1799 1867 1900">
    <p class='ocr_par' dir='ltr' id='par_1_31' title="bbox 281 1799 1867 1900">
     <span class='ocr_line' id='line_1_31' title="bbox 281 1799 1867 1900; baseline -0.005 -14"><span class='ocrx_word' id='word_1_225' title='bbox 281 1799 554 1886; x_wconf 75' lang='lat' dir='ltr'><strong>rationem</strong></span> <span class='ocrx_word' id='word_1_226' title='bbox 599 1838 760 1900; x_wconf 65' lang='lat' dir='ltr'><strong>atque</strong></span> <span class='ocrx_word' id='word_1_227' title='bbox 787 1827 1091 1884; x_wconf 89' lang='lat' dir='ltr'><strong>orationem</strong></span> <span class='ocrx_word' id='word_1_228' title='bbox 1129 1825 1424 1881; x_wconf 90' lang='lat' dir='ltr'><strong>studiosius</strong></span> <span class='ocrx_word' id='word_1_229' title='bbox 1473 1799 1773 1890; x_wconf 65' lang='lat' dir='ltr'><strong>audientes,</strong></span> <span class='ocrx_word' id='word_1_230' title='bbox 1801 1839 1867 1879; x_wconf 84' lang='lat' dir='ltr'><strong>ex</strong></span> 
     </span>
    </p>
   </div>
   <div class='ocr_carea' id='block_1_32' title="bbox 1964 1799 3568 1900">
    <p class='ocr_par' dir='ltr' id='par_1_32' title="bbox 1975 1799 3568 1897">
     <span class='ocr_line' id='line_1_32' title="bbox 1975 1799 3568 1897; baseline 0.012 -32"><span class='ocrx_word' id='word_1_231' title='bbox 1975 1810 2266 1884; x_wconf 89' lang='lat' dir='ltr'><strong>quomodo]</strong></span> <span class='ocrx_word' id='word_1_232' title='bbox 2305 1814 2477 1869; x_wconf 86' lang='lat' dir='ltr'><strong>suasit</strong></span> <span class='ocrx_word' id='word_1_233' title='bbox 2516 1814 2773 1873; x_wconf 84' lang='lat' dir='ltr'><strong>Absaloni</strong></span> <span class='ocrx_word' id='word_1_234' title='bbox 2796 1799 3152 1892; x_wconf 61' lang='lat' dir='ltr'><strong>Achitophel,</strong></span> <span class='ocrx_word' id='word_1_235' title='bbox 3173 1832 3235 1879; x_wconf 90' lang='lat' dir='ltr'><strong>ut</strong></span> <span class='ocrx_word' id='word_1_236' title='bbox 3267 1799 3436 1883; x_wconf 73' lang='lat' dir='ltr'><strong>David</strong></span> <span class='ocrx_word' id='word_1_237' title='bbox 3469 1799 3568 1897; x_wconf 38' lang='lat' dir='ltr'><strong>pa;-</strong></span> 
     </span>
    </p>
   </div>
   <div class='ocr_carea' id='block_1_33' title="bbox 286 1903 3568 1986">
    <p class='ocr_par' dir='ltr' id='par_1_33' title="bbox 286 1903 3568 1986">
     <span class='ocr_line' id='line_1_33' title="bbox 286 1903 3568 1986; baseline -0.002 -6"><span class='ocrx_word' id='word_1_238' title='bbox 286 1921 426 1980; x_wconf 78' lang='lat' dir='ltr'><strong>ieris</strong></span> <span class='ocrx_word' id='word_1_239' title='bbox 448 1931 506 1978; x_wconf 90' lang='lat' dir='ltr'><strong>et</strong></span> <span class='ocrx_word' id='word_1_240' title='bbox 531 1921 862 1978; x_wconf 86' lang='lat' dir='ltr'><strong>immanibus</strong></span> <span class='ocrx_word' id='word_1_241' title='bbox 882 1920 1042 1975; x_wconf 86' lang='lat' dir='ltr'><strong>mites</strong></span> <span class='ocrx_word' id='word_1_242' title='bbox 1073 1918 1308 1974; x_wconf 85' lang='lat' dir='ltr'><strong>reddidit</strong></span> <span class='ocrx_word' id='word_1_243' title='bbox 1353 1925 1410 1972; x_wconf 89' lang='lat' dir='ltr'><strong>et</strong></span> <span class='ocrx_word' id='word_1_244' title='bbox 1435 1925 1769 1973; x_wconf 88' lang='lat' dir='ltr'><strong>mansuetos.</strong></span> <span class='ocrx_word' id='word_1_245' title='bbox 1793 1914 1873 1971; x_wconf 82' lang='lat' dir='ltr'><strong>Ac</strong></span> <span class='ocrx_word' id='word_1_246' title='bbox 1975 1908 2116 1958; x_wconf 69' lang='lat' dir='ltr'><strong>&quot;em</strong></span> <span class='ocrx_word' id='word_1_247' title='bbox 2138 1905 2424 1974; x_wconf 63' lang='lat' dir='ltr'><strong>Perdefel;</strong></span> <span class='ocrx_word' id='word_1_248' title='bbox 2447 1903 2525 1979; x_wconf 65' lang='lat' dir='ltr'><strong>[et</strong></span> <span class='ocrx_word' id='word_1_249' title='bbox 2547 1907 2840 1982; x_wconf 84' lang='lat' dir='ltr'><strong>quomodo]</strong></span> <span class='ocrx_word' id='word_1_250' title='bbox 2864 1908 3064 1967; x_wconf 86' lang='lat' dir='ltr'><strong>Chnsai</strong></span> <span class='ocrx_word' id='word_1_251' title='bbox 3083 1912 3338 1970; x_wconf 85' lang='lat' dir='ltr'><strong>dissuasit</strong></span> <span class='ocrx_word' id='word_1_252' title='bbox 3359 1913 3568 1986; x_wconf 89' lang='lat' dir='ltr'><strong>[consi-</strong></span> 
     </span>
    </p>
   </div>
   <div class='ocr_carea' id='block_1_34' title="bbox 282 1992 1867 2087">
    <p class='ocr_par' dir='ltr' id='par_1_34' title="bbox 282 2010 1867 2087">
     <span class='ocr_line' id='line_1_34' title="bbox 282 2010 1867 2087; baseline -0.006 -14"><span class='ocrx_word' id='word_1_253' title='bbox 282 2015 658 2087; x_wconf 84' lang='lat' dir='ltr'><strong>mihiquidem</strong></span> <span class='ocrx_word' id='word_1_254' title='bbox 684 2015 916 2080; x_wconf 90' lang='lat' dir='ltr'><strong>videtur,</strong></span> <span class='ocrx_word' id='word_1_255' title='bbox 950 2012 1168 2070; x_wconf 86' lang='lat' dir='ltr'><strong>domine</strong></span> <span class='ocrx_word' id='word_1_256' title='bbox 1207 2012 1280 2067; x_wconf 93' lang='lat' dir='ltr'><strong>mi</strong></span> <span class='ocrx_word' id='word_1_257' title='bbox 1303 2028 1422 2078; x_wconf 88' lang='lat' dir='ltr'><strong>rex,</strong></span> <span class='ocrx_word' id='word_1_258' title='bbox 1450 2012 1555 2067; x_wconf 89' lang='lat' dir='ltr'><strong>hoc</strong></span> <span class='ocrx_word' id='word_1_259' title='bbox 1578 2026 1682 2066; x_wconf 88' lang='lat' dir='ltr'><strong>nec</strong></span> <span class='ocrx_word' id='word_1_260' title='bbox 1710 2010 1867 2066; x_wconf 84' lang='lat' dir='ltr'><strong>tacita</strong></span> 
     </span>
    </p>
   </div>
   <div class='ocr_carea' id='block_1_35' title="bbox 1964 1992 3564 2087">
    <p class='ocr_par' dir='ltr' id='par_1_35' title="bbox 1973 1992 3564 2078">
     <span class='ocr_line' id='line_1_35' title="bbox 1973 1992 3564 2078; baseline 0.012 -31"><span class='ocrx_word' id='word_1_261' title='bbox 1973 1992 2104 2048; x_wconf 91' lang='lat' dir='ltr'><strong>lium</strong></span> <span class='ocrx_word' id='word_1_262' title='bbox 2136 1992 2308 2068; x_wconf 86' lang='lat' dir='ltr'><strong>ejus],</strong></span> <span class='ocrx_word' id='word_1_263' title='bbox 2337 2005 2398 2052; x_wconf 87' lang='lat' dir='ltr'><strong>ut</strong></span> <span class='ocrx_word' id='word_1_264' title='bbox 2445 2013 2630 2071; x_wconf 88' lang='lat' dir='ltr'><strong>regem</strong></span> <span class='ocrx_word' id='word_1_265' title='bbox 2673 2000 2925 2057; x_wconf 85' lang='lat' dir='ltr'><strong>salvaret.</strong></span> <span class='ocrx_word' id='word_1_266' title='bbox 2946 2001 3215 2060; x_wconf 79' lang='lat' dir='ltr'><strong>Judiciale</strong></span> <span class='ocrx_word' id='word_1_267' title='bbox 3244 2015 3344 2069; x_wconf 87' lang='lat' dir='ltr'><strong>est,</strong></span> <span class='ocrx_word' id='word_1_268' title='bbox 3371 2009 3424 2062; x_wconf 91' lang='lat' dir='ltr'><strong>in</strong></span> <span class='ocrx_word' id='word_1_269' title='bbox 3455 2024 3564 2078; x_wconf 88' lang='lat' dir='ltr'><strong>quo</strong></span> 
     </span>
    </p>
   </div>
   <div class='ocr_carea' id='block_1_36' title="bbox 280 2089 1867 2184">
    <p class='ocr_par' dir='ltr' id='par_1_36' title="bbox 280 2103 1867 2184">
     <span class='ocr_line' id='line_1_36' title="bbox 280 2103 1867 2184; baseline -0.003 -20"><span class='ocrx_word' id='word_1_270' title='bbox 280 2107 479 2184; x_wconf 76' lang='lat' dir='ltr'><strong>[Edit.,</strong></span> <span class='ocrx_word' id='word_1_271' title='bbox 508 2106 682 2182; x_wconf 89' lang='lat' dir='ltr'><strong>tanta]</strong></span> <span class='ocrx_word' id='word_1_272' title='bbox 706 2149 722 2174; x_wconf 92' lang='lat'><strong>,</strong></span> <span class='ocrx_word' id='word_1_273' title='bbox 752 2123 855 2164; x_wconf 89' lang='lat' dir='ltr'><strong>nec</strong></span> <span class='ocrx_word' id='word_1_274' title='bbox 881 2108 1034 2177; x_wconf 88' lang='lat' dir='ltr'><strong>inops</strong></span> <span class='ocrx_word' id='word_1_275' title='bbox 1059 2105 1273 2162; x_wconf 87' lang='lat' dir='ltr'><strong>dicendi</strong></span> <span class='ocrx_word' id='word_1_276' title='bbox 1310 2105 1578 2177; x_wconf 87' lang='lat' dir='ltr'><strong>sapientia</strong></span> <span class='ocrx_word' id='word_1_277' title='bbox 1609 2103 1867 2174; x_wconf 87' lang='lat' dir='ltr'><strong>perﬁcere</strong></span> 
     </span>
    </p>
   </div>
   <div class='ocr_carea' id='block_1_37' title="bbox 1964 2089 3564 2184">
    <p class='ocr_par' dir='ltr' id='par_1_37' title="bbox 1972 2089 3564 2184">
     <span class='ocr_line' id='line_1_37' title="bbox 1972 2089 3564 2184; baseline 0.012 -44"><span class='ocrx_word' id='word_1_278' title='bbox 1972 2097 2058 2184; x_wconf 77' lang='lat' dir='ltr'><strong>est</strong></span> <span class='ocrx_word' id='word_1_279' title='bbox 2111 2091 2387 2144; x_wconf 89' lang='lat' dir='ltr'><strong>accusatio</strong></span> <span class='ocrx_word' id='word_1_280' title='bbox 2433 2099 2490 2146; x_wconf 93' lang='lat' dir='ltr'><strong>et</strong></span> <span class='ocrx_word' id='word_1_281' title='bbox 2535 2089 2802 2180; x_wconf 74' lang='lat' dir='ltr'><strong>defensio,</strong></span> <span class='ocrx_word' id='word_1_282' title='bbox 2859 2102 2923 2150; x_wconf 91' lang='lat' dir='ltr'><strong>ut</strong></span> <span class='ocrx_word' id='word_1_283' title='bbox 2968 2094 3024 2151; x_wconf 88' lang='lat' dir='ltr'><strong>in</strong></span> <span class='ocrx_word' id='word_1_284' title='bbox 3060 2096 3287 2155; x_wconf 81' lang='lat' dir='ltr'><strong>Actibus</strong></span> <span class='ocrx_word' id='word_1_285' title='bbox 3336 2101 3564 2173; x_wconf 75' lang='lat' dir='ltr'><strong>legimus</strong></span> 
     </span>
    </p>
   </div>
   <div class='ocr_carea' id='block_1_38' title="bbox 280 2193 1869 2274">
    <p class='ocr_par' dir='ltr' id='par_1_38' title="bbox 280 2193 1869 2274">
     <span class='ocr_line' id='line_1_38' title="bbox 280 2193 1869 2274; baseline -0.004 -17"><span class='ocrx_word' id='word_1_286' title='bbox 280 2203 545 2274; x_wconf 84' lang='lat' dir='ltr'><strong>potuisse,</strong></span> <span class='ocrx_word' id='word_1_287' title='bbox 576 2208 638 2256; x_wconf 92' lang='lat' dir='ltr'><strong>ut</strong></span> <span class='ocrx_word' id='word_1_288' title='bbox 681 2200 930 2257; x_wconf 88' lang='lat' dir='ltr'><strong>homines</strong></span> <span class='ocrx_word' id='word_1_289' title='bbox 957 2214 986 2252; x_wconf 88' lang='lat' dir='ltr'><strong>a</strong></span> <span class='ocrx_word' id='word_1_290' title='bbox 1014 2194 1405 2253; x_wconf 87' lang='lat' dir='ltr'><strong>consuetudine</strong></span> <span class='ocrx_word' id='word_1_291' title='bbox 1437 2193 1618 2250; x_wconf 85' lang='lat' dir='ltr'><strong>subito</strong></span> <span class='ocrx_word' id='word_1_292' title='bbox 1645 2207 1869 2251; x_wconf 85' lang='lat' dir='ltr'><strong>conver-</strong></span> 
     </span>
    </p>
   </div>
   <div class='ocr_carea' id='block_1_39' title="bbox 284 2286 1649 2361">
    <p class='ocr_par' dir='ltr' id='par_1_39' title="bbox 284 2286 1649 2361">
     <span class='ocr_line' id='line_1_39' title="bbox 284 2286 1649 2361; baseline -0.005 -12"><span class='ocrx_word' id='word_1_293' title='bbox 284 2301 446 2361; x_wconf 85' lang='lat' dir='ltr'><strong>teret,</strong></span> <span class='ocrx_word' id='word_1_294' title='bbox 473 2305 530 2348; x_wconf 90' lang='lat' dir='ltr'><strong>et</strong></span> <span class='ocrx_word' id='word_1_295' title='bbox 551 2291 619 2349; x_wconf 87' lang='lat' dir='ltr'><strong>ad</strong></span> <span class='ocrx_word' id='word_1_296' title='bbox 642 2292 885 2348; x_wconf 84' lang='lat' dir='ltr'><strong>diversas</strong></span> <span class='ocrx_word' id='word_1_297' title='bbox 907 2289 1031 2345; x_wconf 84' lang='lat' dir='ltr'><strong>vitae</strong></span> <span class='ocrx_word' id='word_1_298' title='bbox 1057 2287 1295 2343; x_wconf 86' lang='lat' dir='ltr'><strong>rationes</strong></span> <span class='ocrx_word' id='word_1_299' title='bbox 1319 2286 1649 2343; x_wconf 86' lang='lat' dir='ltr'><strong>traduceret.</strong></span> 
     </span>
    </p>
   </div>
   <div class='ocr_carea' id='block_1_40' title="bbox 334 2398 1509 2480">
    <p class='ocr_par' dir='ltr' id='par_1_40' title="bbox 334 2398 1509 2480">
     <span class='ocr_line' id='line_1_40' title="bbox 334 2398 1509 2480; baseline -0.002 -22"><span class='ocrx_word' id='word_1_300' title='bbox 334 2410 374 2458; x_wconf 64' lang='grc' dir='ltr'>ι</span> <span class='ocrx_word' id='word_1_301' title='bbox 641 2404 844 2480; x_wconf 85' lang='lat' dir='ltr'><strong>[QUID</strong></span> <span class='ocrx_word' id='word_1_302' title='bbox 880 2403 989 2460; x_wconf 80' lang='lat' dir='ltr'><strong>SIT</strong></span> <span class='ocrx_word' id='word_1_303' title='bbox 1029 2398 1509 2476; x_wconf 69' lang='lat' dir='ltr'><strong>nuE&#39;romcan</strong></span> 
     </span>
    </p>
   </div>
   <div class='ocr_carea' id='block_1_41' title="bbox 350 2509 1866 2578">
    <p class='ocr_par' dir='ltr' id='par_1_41' title="bbox 350 2509 1866 2578">
     <span class='ocr_line' id='line_1_41' title="bbox 350 2509 1866 2578; baseline -0.005 0"><span class='ocrx_word' id='word_1_304' title='bbox 350 2521 488 2578; x_wconf 70' lang='grc' dir='ltr'><strong>(2η.</strong></span> <span class='ocrx_word' id='word_1_305' title='bbox 530 2520 688 2578; x_wconf 86' lang='lat' dir='ltr'><strong>Unde</strong></span> <span class='ocrx_word' id='word_1_306' title='bbox 730 2520 877 2577; x_wconf 87' lang='lat' dir='ltr'><strong>dicta</strong></span> <span class='ocrx_word' id='word_1_307' title='bbox 907 2525 993 2576; x_wconf 87' lang='lat' dir='ltr'><strong>est</strong></span> <span class='ocrx_word' id='word_1_308' title='bbox 1021 2517 1326 2575; x_wconf 85' lang='lat' dir='ltr'><strong>rhetorica?</strong></span> <span class='ocrx_word' id='word_1_309' title='bbox 1354 2546 1428 2558; x_wconf 91' lang='lat'><strong>-—</strong></span> <span class='ocrx_word' id='word_1_310' title='bbox 1457 2515 1591 2571; x_wconf 66' lang='lat' dir='ltr'><strong>Aut.</strong></span> <span class='ocrx_word' id='word_1_311' title='bbox 1620 2515 1746 2572; x_wconf 81' lang='grc' dir='ltr'><strong>’Δπὸ</strong></span> <span class='ocrx_word' id='word_1_312' title='bbox 1773 2509 1866 2571; x_wconf 62' lang='lat' dir='ltr'><strong>ro;</strong></span> 
     </span>
    </p>
   </div>
   <div class='ocr_carea' id='block_1_42' title="bbox 279 2606 1864 2694">
    <p class='ocr_par' dir='ltr' id='par_1_42' title="bbox 279 2606 1864 2694">
     <span class='ocr_line' id='line_1_42' title="bbox 279 2606 1864 2694; baseline -0.008 -20"><span class='ocrx_word' id='word_1_313' title='bbox 279 2618 570 2694; x_wconf 77' lang='grc' dir='ltr'><strong>ρητοριὺω,</strong></span> <span class='ocrx_word' id='word_1_314' title='bbox 600 2615 744 2686; x_wconf 87' lang='lat' dir='ltr'><strong>quod</strong></span> <span class='ocrx_word' id='word_1_315' title='bbox 769 2620 874 2678; x_wconf 90' lang='lat' dir='ltr'><strong>est,</strong></span> <span class='ocrx_word' id='word_1_316' title='bbox 898 2611 1164 2676; x_wconf 87' lang='lat' dir='ltr'><strong>declamo,</strong></span> <span class='ocrx_word' id='word_1_317' title='bbox 1185 2625 1304 2676; x_wconf 90' lang='lat' dir='ltr'><strong>oro,</strong></span> <span class='ocrx_word' id='word_1_318' title='bbox 1331 2609 1453 2665; x_wconf 88' lang='lat' dir='ltr'><strong>dico</strong></span> <span class='ocrx_word' id='word_1_319' title='bbox 1473 2606 1657 2681; x_wconf 76' lang='lat' dir='ltr'><strong>[Hss.,</strong></span> <span class='ocrx_word' id='word_1_320' title='bbox 1684 2607 1739 2663; x_wconf 91' lang='lat' dir='ltr'><strong>id</strong></span> <span class='ocrx_word' id='word_1_321' title='bbox 1760 2617 1864 2674; x_wconf 89' lang='lat' dir='ltr'><strong>est,</strong></span> 
     </span>
    </p>
   </div>
   <div class='ocr_carea' id='block_1_43' title="bbox 275 2699 1867 2780">
    <p class='ocr_par' dir='ltr' id='par_1_43' title="bbox 275 2699 1867 2780">
     <span class='ocr_line' id='line_1_43' title="bbox 275 2699 1867 2780; baseline -0.007 -14"><span class='ocrx_word' id='word_1_322' title='bbox 275 2710 434 2780; x_wconf 87' lang='lat' dir='ltr'><strong>copia</strong></span> <span class='ocrx_word' id='word_1_323' title='bbox 481 2704 813 2778; x_wconf 84' lang='lat' dir='ltr'><strong>lucutionis].</strong></span> <span class='ocrx_word' id='word_1_324' title='bbox 845 2735 917 2744; x_wconf 91' lang='lat'>—</span> <span class='ocrx_word' id='word_1_325' title='bbox 936 2703 1070 2761; x_wconf 56' lang='grc' dir='ltr'><strong>αλιι.</strong></span> <span class='ocrx_word' id='word_1_326' title='bbox 1097 2702 1181 2758; x_wconf 79' lang='lat' dir='ltr'><strong>Ad</strong></span> <span class='ocrx_word' id='word_1_327' title='bbox 1209 2716 1370 2773; x_wconf 87' lang='lat' dir='ltr'><strong>quem</strong></span> <span class='ocrx_word' id='word_1_328' title='bbox 1409 2699 1577 2757; x_wconf 85' lang='lat' dir='ltr'><strong>ﬁnem</strong></span> <span class='ocrx_word' id='word_1_329' title='bbox 1623 2701 1867 2771; x_wconf 79' lang='lat' dir='ltr'><strong>spectat?</strong></span> 
     </span>
    </p>
   </div>
   <div class='ocr_carea' id='block_1_44' title="bbox 273 2794 1356 2856">
    <p class='ocr_par' dir='ltr' id='par_1_44' title="bbox 273 2794 1356 2856">
     <span class='ocr_line' id='line_1_44' title="bbox 273 2794 1356 2856; baseline -0.007 0"><span class='ocrx_word' id='word_1_330' title='bbox 273 2830 349 2846; x_wconf 88' lang='lat'><strong>--</strong></span> <span class='ocrx_word' id='word_1_331' title='bbox 371 2802 506 2856; x_wconf 67' lang='lat' dir='ltr'><strong>Ars.</strong></span> <span class='ocrx_word' id='word_1_332' title='bbox 532 2797 616 2854; x_wconf 76' lang='lat' dir='ltr'><strong>Ad</strong></span> <span class='ocrx_word' id='word_1_333' title='bbox 643 2799 785 2855; x_wconf 90' lang='lat' dir='ltr'><strong>bene</strong></span> <span class='ocrx_word' id='word_1_334' title='bbox 805 2796 1018 2852; x_wconf 86' lang='lat' dir='ltr'><strong>dicendi</strong></span> <span class='ocrx_word' id='word_1_335' title='bbox 1049 2794 1356 2851; x_wconf 88' lang='lat' dir='ltr'><strong>scientiam.</strong></span> 
     </span>
    </p>
   </div>
   <div class='ocr_carea' id='block_1_45' title="bbox 346 2885 1864 2965">
    <p class='ocr_par' dir='ltr' id='par_1_45' title="bbox 346 2885 1864 2965">
     <span class='ocr_line' id='line_1_45' title="bbox 346 2885 1864 2965; baseline -0.007 -13"><span class='ocrx_word' id='word_1_336' title='bbox 346 2893 482 2952; x_wconf 65' lang='grc' dir='ltr'><strong>αλιι.</strong></span> <span class='ocrx_word' id='word_1_337' title='bbox 510 2893 570 2950; x_wconf 86' lang='lat' dir='ltr'><strong>In</strong></span> <span class='ocrx_word' id='word_1_338' title='bbox 599 2893 796 2965; x_wconf 87' lang='lat' dir='ltr'><strong>quibus</strong></span> <span class='ocrx_word' id='word_1_339' title='bbox 822 2899 1072 2947; x_wconf 88' lang='lat' dir='ltr'><strong>versatur</strong></span> <span class='ocrx_word' id='word_1_340' title='bbox 1095 2890 1294 2947; x_wconf 82' lang='lat' dir='ltr'><strong>rebus?</strong></span> <span class='ocrx_word' id='word_1_341' title='bbox 1321 2919 1392 2930; x_wconf 90' lang='lat'><strong><em>——</em></strong></span> <span class='ocrx_word' id='word_1_342' title='bbox 1420 2888 1554 2945; x_wconf 70' lang='lat' dir='ltr'><strong>Aes.</strong></span> <span class='ocrx_word' id='word_1_343' title='bbox 1601 2885 1661 2943; x_wconf 84' lang='lat' dir='ltr'><strong>In</strong></span> <span class='ocrx_word' id='word_1_344' title='bbox 1693 2885 1864 2944; x_wconf 88' lang='lat' dir='ltr'><strong>civili-</strong></span> 
     </span>
    </p>
   </div>
   <div class='ocr_carea' id='block_1_46' title="bbox 269 2980 1862 3062">
    <p class='ocr_par' dir='ltr' id='par_1_46' title="bbox 269 2980 1862 3062">
     <span class='ocr_line' id='line_1_46' title="bbox 269 2980 1862 3062; baseline -0.006 -16"><span class='ocrx_word' id='word_1_345' title='bbox 269 2989 373 3046; x_wconf 89' lang='lat' dir='ltr'><strong>bus</strong></span> <span class='ocrx_word' id='word_1_346' title='bbox 404 2986 484 3062; x_wconf 88' lang='lat' dir='ltr'><strong>[id</strong></span> <span class='ocrx_word' id='word_1_347' title='bbox 503 2995 609 3053; x_wconf 88' lang='lat' dir='ltr'><strong>est,</strong></span> <span class='ocrx_word' id='word_1_348' title='bbox 646 2984 844 3058; x_wconf 91' lang='lat' dir='ltr'><strong>doctis]</strong></span> <span class='ocrx_word' id='word_1_349' title='bbox 888 2983 1296 3056; x_wconf 79' lang='lat' dir='ltr'><strong>quaestionibus,</strong></span> <span class='ocrx_word' id='word_1_350' title='bbox 1335 2997 1456 3052; x_wconf 85' lang='lat' dir='ltr'><strong>quae</strong></span> <span class='ocrx_word' id='word_1_351' title='bbox 1483 2980 1718 3037; x_wconf 87' lang='lat' dir='ltr'><strong>naturali</strong></span> <span class='ocrx_word' id='word_1_352' title='bbox 1746 2981 1862 3036; x_wconf 88' lang='lat' dir='ltr'><strong>ani-</strong></span> 
     </span>
    </p>
   </div>
   <div class='ocr_carea' id='block_1_47' title="bbox 1969 2172 3561 2262">
    <p class='ocr_par' dir='ltr' id='par_1_47' title="bbox 1969 2172 3561 2262">
     <span class='ocr_line' id='line_1_47' title="bbox 1969 2172 3561 2262; baseline 0.011 -30"><span class='ocrx_word' id='word_1_353' title='bbox 1969 2177 2376 2250; x_wconf 79' lang='lat' dir='ltr'><strong>Apostolorum,</strong></span> <span class='ocrx_word' id='word_1_354' title='bbox 2402 2183 2675 2253; x_wconf 89' lang='lat' dir='ltr'><strong>quomodo</strong></span> <span class='ocrx_word' id='word_1_355' title='bbox 2700 2172 2869 2241; x_wconf 81' lang='lat' dir='ltr'><strong>Judaei</strong></span> <span class='ocrx_word' id='word_1_356' title='bbox 2896 2201 3020 2242; x_wconf 87' lang='lat' dir='ltr'><strong>eum</strong></span> <span class='ocrx_word' id='word_1_357' title='bbox 3052 2187 3296 2246; x_wconf 85' lang='lat' dir='ltr'><strong>Tertullo</strong></span> <span class='ocrx_word' id='word_1_358' title='bbox 3324 2172 3561 2262; x_wconf 88' lang='lat' dir='ltr'><strong>quodam</strong></span> 
     </span>
    </p>
   </div>
   <div class='ocr_carea' id='block_1_48' title="bbox 1970 2273 3558 2357">
    <p class='ocr_par' dir='ltr' id='par_1_48' title="bbox 1970 2273 3558 2357">
     <span class='ocr_line' id='line_1_48' title="bbox 1970 2273 3558 2357; baseline 0.012 -29"><span class='ocrx_word' id='word_1_359' title='bbox 1970 2282 2187 2328; x_wconf 87' lang='lat' dir='ltr'><strong>oratore</strong></span> <span class='ocrx_word' id='word_1_360' title='bbox 2205 2273 2431 2330; x_wconf 90' lang='lat' dir='ltr'><strong>Paulum</strong></span> <span class='ocrx_word' id='word_1_361' title='bbox 2455 2280 2786 2336; x_wconf 84' lang='lat' dir='ltr'><strong>accusabant</strong></span> <span class='ocrx_word' id='word_1_362' title='bbox 2813 2280 2954 2350; x_wconf 88' lang='lat' dir='ltr'><strong>apud</strong></span> <span class='ocrx_word' id='word_1_363' title='bbox 2977 2284 3263 2352; x_wconf 65' lang='lat' dir='ltr'><strong>praesidem</strong></span> <span class='ocrx_word' id='word_1_364' title='bbox 3287 2286 3558 2357; x_wconf 84' lang='lat' dir='ltr'><strong>Felicem;</strong></span> 
     </span>
    </p>
   </div>
   <div class='ocr_carea' id='block_1_49' title="bbox 1969 2367 3560 2446">
    <p class='ocr_par' dir='ltr' id='par_1_49' title="bbox 1969 2367 3560 2446">
     <span class='ocr_line' id='line_1_49' title="bbox 1969 2367 3560 2446; baseline 0.011 -26"><span class='ocrx_word' id='word_1_365' title='bbox 1969 2371 2026 2420; x_wconf 90' lang='lat' dir='ltr'><strong>et</strong></span> <span class='ocrx_word' id='word_1_366' title='bbox 2075 2367 2348 2434; x_wconf 82' lang='lat' dir='ltr'><strong>quomodo</strong></span> <span class='ocrx_word' id='word_1_367' title='bbox 2396 2367 2598 2424; x_wconf 88' lang='lat' dir='ltr'><strong>Paulus</strong></span> <span class='ocrx_word' id='word_1_368' title='bbox 2641 2384 2704 2427; x_wconf 88' lang='lat' dir='ltr'><strong>se</strong></span> <span class='ocrx_word' id='word_1_369' title='bbox 2756 2371 3083 2429; x_wconf 82' lang='lat' dir='ltr'><strong>defendebat</strong></span> <span class='ocrx_word' id='word_1_370' title='bbox 3121 2375 3264 2446; x_wconf 88' lang='lat' dir='ltr'><strong>apud</strong></span> <span class='ocrx_word' id='word_1_371' title='bbox 3310 2380 3560 2437; x_wconf 88' lang='lat' dir='ltr'><strong>eumdem</strong></span> 
     </span>
    </p>
   </div>
   <div class='ocr_carea' id='block_1_50' title="bbox 1969 2453 3561 2543">
    <p class='ocr_par' dir='ltr' id='par_1_50' title="bbox 1969 2453 3561 2543">
     <span class='ocr_line' id='line_1_50' title="bbox 1969 2453 3561 2543; baseline 0.011 -31"><span class='ocrx_word' id='word_1_372' title='bbox 1969 2453 2326 2531; x_wconf 74' lang='lat' dir='ltr'><strong>[praesidem].</strong></span> <span class='ocrx_word' id='word_1_373' title='bbox 2379 2458 2518 2516; x_wconf 84' lang='lat' dir='ltr'><strong>Nam</strong></span> <span class='ocrx_word' id='word_1_374' title='bbox 2567 2460 2621 2516; x_wconf 91' lang='lat' dir='ltr'><strong>in</strong></span> <span class='ocrx_word' id='word_1_375' title='bbox 2659 2461 2881 2531; x_wconf 73' lang='lat' dir='ltr'><strong>iudiciis</strong></span> <span class='ocrx_word' id='word_1_376' title='bbox 2918 2467 3139 2538; x_wconf 69' lang='lat' dir='ltr'><strong>saepius,</strong></span> <span class='ocrx_word' id='word_1_377' title='bbox 3173 2470 3303 2539; x_wconf 90' lang='lat' dir='ltr'><strong>quid</strong></span> <span class='ocrx_word' id='word_1_378' title='bbox 3343 2487 3561 2543; x_wconf 69' lang='lat' dir='ltr'><strong>aequum</strong></span> 
     </span>
    </p>
   </div>
   <div class='ocr_carea' id='block_1_51' title="bbox 1969 2546 3560 2631">
    <p class='ocr_par' dir='ltr' id='par_1_51' title="bbox 1969 2546 3560 2631">
     <span class='ocr_line' id='line_1_51' title="bbox 1969 2546 3560 2631; baseline 0.011 -30"><span class='ocrx_word' id='word_1_379' title='bbox 1969 2546 2060 2612; x_wconf 88' lang='lat' dir='ltr'><strong>sit,</strong></span> <span class='ocrx_word' id='word_1_380' title='bbox 2092 2547 2386 2615; x_wconf 63' lang='lat' dir='ltr'><strong>quaeritur;</strong></span> <span class='ocrx_word' id='word_1_381' title='bbox 2412 2549 2466 2604; x_wconf 91' lang='lat' dir='ltr'><strong>in</strong></span> <span class='ocrx_word' id='word_1_382' title='bbox 2491 2549 2969 2620; x_wconf 86' lang='lat' dir='ltr'><strong>demonstratione,</strong></span> <span class='ocrx_word' id='word_1_383' title='bbox 3002 2559 3131 2627; x_wconf 90' lang='lat' dir='ltr'><strong>quid</strong></span> <span class='ocrx_word' id='word_1_384' title='bbox 3157 2560 3445 2617; x_wconf 88' lang='lat' dir='ltr'><strong>honestum</strong></span> <span class='ocrx_word' id='word_1_385' title='bbox 3465 2565 3560 2631; x_wconf 87' lang='lat' dir='ltr'><strong>sit,</strong></span> 
     </span>
    </p>
   </div>
   <div class='ocr_carea' id='block_1_52' title="bbox 1967 2636 3562 2720">
    <p class='ocr_par' dir='ltr' id='par_1_52' title="bbox 1967 2636 3562 2720">
     <span class='ocr_line' id='line_1_52' title="bbox 1967 2636 3562 2720; baseline 0.014 -27"><span class='ocrx_word' id='word_1_386' title='bbox 1967 2636 2312 2710; x_wconf 71' lang='lat' dir='ltr'><strong>intelligitur;</strong></span> <span class='ocrx_word' id='word_1_387' title='bbox 2351 2641 2406 2695; x_wconf 89' lang='lat' dir='ltr'><strong>iu</strong></span> <span class='ocrx_word' id='word_1_388' title='bbox 2435 2640 2844 2714; x_wconf 83' lang='lat' dir='ltr'><strong>deliberatione,</strong></span> <span class='ocrx_word' id='word_1_389' title='bbox 2891 2648 3022 2720; x_wconf 90' lang='lat' dir='ltr'><strong>quid</strong></span> <span class='ocrx_word' id='word_1_390' title='bbox 3065 2651 3349 2710; x_wconf 83' lang='lat' dir='ltr'><strong>honestum</strong></span> <span class='ocrx_word' id='word_1_391' title='bbox 3390 2655 3463 2711; x_wconf 88' lang='lat' dir='ltr'><strong>sit</strong></span> <span class='ocrx_word' id='word_1_392' title='bbox 3502 2666 3562 2715; x_wconf 82' lang='lat' dir='ltr'><strong>et</strong></span> 
     </span>
    </p>
   </div>
   <div class='ocr_carea' id='block_1_53' title="bbox 1965 2728 2532 2798">
    <p class='ocr_par' dir='ltr' id='par_1_53' title="bbox 1965 2728 2532 2798">
     <span class='ocr_line' id='line_1_53' title="bbox 1965 2728 2532 2798; baseline 0.011 -15"><span class='ocrx_word' id='word_1_393' title='bbox 1965 2728 2117 2798; x_wconf 88' lang='lat' dir='ltr'><strong>utile,</strong></span> <span class='ocrx_word' id='word_1_394' title='bbox 2137 2730 2532 2789; x_wconf 84' lang='lat' dir='ltr'><strong>consideratur.</strong></span> 
     </span>
    </p>
   </div>
   <div class='ocr_carea' id='block_1_54' title="bbox 2497 2823 3007 2887">
    <p class='ocr_par' dir='ltr' id='par_1_54' title="bbox 2497 2823 3007 2887">
     <span class='ocr_line' id='line_1_54' title="bbox 2497 2823 3007 2887; baseline 0.014 -6"><span class='ocrx_word' id='word_1_395' title='bbox 2497 2823 2587 2882; x_wconf 83' lang='lat' dir='ltr'><strong>DE</strong></span> <span class='ocrx_word' id='word_1_396' title='bbox 2624 2826 3007 2887; x_wconf 76' lang='lat' dir='ltr'><strong>PERIOCHIS.</strong></span> 
     </span>
    </p>
   </div>
   <div class='ocr_carea' id='block_1_55' title="bbox 2035 2911 3554 2991">
    <p class='ocr_par' dir='ltr' id='par_1_55' title="bbox 2035 2911 3554 2991">
     <span class='ocr_line' id='line_1_55' title="bbox 2035 2911 3554 2991; baseline 0.014 -22"><span class='ocrx_word' id='word_1_397' title='bbox 2035 2911 2169 2969; x_wconf 73' lang='lat' dir='ltr'><strong>CAR.</strong></span> <span class='ocrx_word' id='word_1_398' title='bbox 2202 2911 2344 2983; x_wconf 85' lang='lat' dir='ltr'><strong>Quot</strong></span> <span class='ocrx_word' id='word_1_399' title='bbox 2390 2914 2558 2973; x_wconf 86' lang='lat' dir='ltr'><strong>habet</strong></span> <span class='ocrx_word' id='word_1_400' title='bbox 2605 2933 2772 2976; x_wconf 89' lang='lat' dir='ltr'><strong>causa</strong></span> <span class='ocrx_word' id='word_1_401' title='bbox 2815 2923 3288 2984; x_wconf 84' lang='lat' dir='ltr'><strong>circumstantias?</strong></span> <span class='ocrx_word' id='word_1_402' title='bbox 3326 2960 3399 2970; x_wconf 91' lang='lat'><strong>-—</strong></span> <span class='ocrx_word' id='word_1_403' title='bbox 3421 2930 3554 2991; x_wconf 71' lang='lat' dir='ltr'><strong>Ann.</strong></span> 
     </span>
    </p>
   </div>
   <div class='ocr_carea' id='block_1_56' title="bbox 1964 2999 3560 3086">
    <p class='ocr_par' dir='ltr' id='par_1_56' title="bbox 1964 2999 3560 3086">
     <span class='ocr_line' id='line_1_56' title="bbox 1964 2999 3560 3086; baseline 0.016 -30"><span class='ocrx_word' id='word_1_404' title='bbox 1964 2999 2213 3060; x_wconf 86' lang='lat' dir='ltr'><strong>Plenaria</strong></span> <span class='ocrx_word' id='word_1_405' title='bbox 2234 3020 2400 3062; x_wconf 86' lang='lat' dir='ltr'><strong>causa</strong></span> <span class='ocrx_word' id='word_1_406' title='bbox 2429 3016 2638 3078; x_wconf 84' lang='lat' dir='ltr'><strong>septem</strong></span> <span class='ocrx_word' id='word_1_407' title='bbox 2691 3011 2857 3068; x_wconf 80' lang='lat' dir='ltr'><strong>habet</strong></span> <span class='ocrx_word' id='word_1_408' title='bbox 2887 3011 3345 3086; x_wconf 83' lang='lat' dir='ltr'><strong>circumstantias,</strong></span> <span class='ocrx_word' id='word_1_409' title='bbox 3369 3022 3560 3081; x_wconf 84' lang='lat' dir='ltr'><strong>videli-</strong></span> 
     </span>
    </p>
   </div>
   <div class='ocr_carea' id='block_1_57' title="bbox 273 3065 3556 3179">
    <p class='ocr_par' dir='ltr' id='par_1_57' title="bbox 273 3065 3556 3179">
     <span class='ocr_line' id='line_1_57' title="bbox 273 3065 3556 3179; baseline 0.011 -43"><span class='ocrx_word' id='word_1_410' title='bbox 273 3082 346 3138; x_wconf 88' lang='lat' dir='ltr'><strong>mi</strong></span> <span class='ocrx_word' id='word_1_411' title='bbox 376 3079 594 3179; x_wconf 64' lang='lat' dir='ltr'><strong>ingenio</strong></span> <span class='ocrx_word' id='word_1_412' title='bbox 638 3077 849 3179; x_wconf 76' lang='lat' dir='ltr'><strong>concipi</strong></span> <span class='ocrx_word' id='word_1_413' title='bbox 888 3073 1302 3179; x_wconf 41' lang='lat' dir='ltr'><strong>possunt.‘Nam</strong></span> <span class='ocrx_word' id='word_1_414' title='bbox 1332 3065 1477 3176; x_wconf 68' lang='lat' dir='ltr'><strong>sicut</strong></span> <span class='ocrx_word' id='word_1_415' title='bbox 1497 3072 1748 3175; x_wconf 67' lang='lat' dir='ltr'><strong>naturale</strong></span> <span class='ocrx_word' id='word_1_416' title='bbox 1774 3079 1862 3126; x_wconf 82' lang='lat' dir='ltr'><strong>est</strong></span> <span class='ocrx_word' id='word_1_417' title='bbox 1894 3161 1934 3179; x_wconf 48' lang='grc' dir='ltr'><strong>Α</strong></span> <span class='ocrx_word' id='word_1_418' title='bbox 1963 3105 2075 3160; x_wconf 57' lang='grc' dir='ltr'><strong>εει,</strong></span> <span class='ocrx_word' id='word_1_419' title='bbox 2101 3111 2413 3167; x_wconf 63' lang='lat' dir='ltr'><strong>personam,</strong></span> <span class='ocrx_word' id='word_1_420' title='bbox 2449 3065 2674 3166; x_wconf 39' lang='lat' dir='ltr'><strong>fictum,</strong></span> <span class='ocrx_word' id='word_1_421' title='bbox 2703 3065 3556 3179; x_wconf 34' lang='lat' dir='ltr'><strong>mummium—nni;-</strong></span> 
     </span>
    </p>
   </div>
   <div class='ocr_carea' id='block_1_58' title="bbox 270 3161 3608 3274">
    <p class='ocr_par' dir='ltr' id='par_1_58' title="bbox 270 3161 3608 3274">
     <span class='ocr_line' id='line_1_58' title="bbox 270 3161 3608 3274; baseline -0.004 -44"><span class='ocrx_word' id='word_1_422' title='bbox 270 3172 626 3274; x_wconf 52' lang='lat' dir='ltr'><strong>ommbusse</strong></span> <span class='ocrx_word' id='word_1_423' title='bbox 668 3179 810 3274; x_wconf 75' lang='lat' dir='ltr'><strong>tueri</strong></span> <span class='ocrx_word' id='word_1_424' title='bbox 837 3175 892 3224; x_wconf 90' lang='lat' dir='ltr'><strong>et</strong></span> <span class='ocrx_word' id='word_1_425' title='bbox 938 3162 1322 3274; x_wconf 57' lang='lat' dir='ltr'><strong>altumierire,</strong></span> <span class='ocrx_word' id='word_1_426' title='bbox 1345 3171 1863 3274; x_wconf 35' lang='lat' dir='ltr'><strong>etiamsi-aruit‘s‘et</strong></span> <span class='ocrx_word' id='word_1_427' title='bbox 1890 3161 1934 3223; x_wconf 92' lang='lat' dir='ltr'><strong>C</strong></span> <span class='ocrx_word' id='word_1_428' title='bbox 1966 3187 2259 3254; x_wconf 48' lang='lat' dir='ltr'><strong>“sionem,</strong></span> <span class='ocrx_word' id='word_1_429' title='bbox 2290 3188 2623 3247; x_wconf 50' lang='lat' dir='ltr'><strong>facultatem.</strong></span> <span class='ocrx_word' id='word_1_430' title='bbox 2653 3191 2709 3247; x_wconf 68' lang='grc' dir='ltr'><strong>ιη</strong></span> <span class='ocrx_word' id='word_1_431' title='bbox 2739 3208 2972 3264; x_wconf 61' lang='lat' dir='ltr'><strong>persona</strong></span> <span class='ocrx_word' id='word_1_432' title='bbox 3021 3201 3283 3268; x_wconf 43' lang='lat' dir='ltr'><strong>quam”</strong></span> <span class='ocrx_word' id='word_1_433' title='bbox 3308 3161 3434 3274; x_wconf 50' lang='lat' dir='ltr'><strong>qui;</strong></span> <span class='ocrx_word' id='word_1_434' title='bbox 3477 3204 3556 3262; x_wconf 51' lang='grc' dir='ltr'><strong>[θ-</strong></span> <span class='ocrx_word' id='word_1_435' title='bbox 3606 3247 3608 3249; x_wconf 15' lang='grc' dir='ltr'><strong>Ι</strong></span> 
     </span>
    </p>
   </div>
   <div class='ocr_carea' id='block_1_59' title="bbox 270 3251 1850 3322">
    <p class='ocr_par' dir='ltr' id='par_1_59' title="bbox 270 3251 1850 3322">
     <span class='ocr_line' id='line_1_59' title="bbox 270 3251 1850 3322; baseline -0.009 0"><span class='ocrx_word' id='word_1_436' title='bbox 270 3263 660 3322; x_wconf 83' lang='lat' dir='ltr'><strong>exercitatione</strong></span> <span class='ocrx_word' id='word_1_437' title='bbox 709 3262 815 3318; x_wconf 89' lang='lat' dir='ltr'><strong>hoc</strong></span> <span class='ocrx_word' id='word_1_438' title='bbox 862 3275 971 3315; x_wconf 92' lang='lat' dir='ltr'><strong>non</strong></span> <span class='ocrx_word' id='word_1_439' title='bbox 1009 3258 1318 3321; x_wconf 87' lang='lat' dir='ltr'><strong>didicerint,</strong></span> <span class='ocrx_word' id='word_1_440' title='bbox 1345 3255 1421 3311; x_wconf 91' lang='lat' dir='ltr'><strong>ita</strong></span> <span class='ocrx_word' id='word_1_441' title='bbox 1464 3252 1710 3310; x_wconf 85' lang='lat' dir='ltr'><strong>naturale</strong></span> <span class='ocrx_word' id='word_1_442' title='bbox 1739 3251 1850 3309; x_wconf 82' lang='lat' dir='ltr'><strong>fere</strong></span> 
     </span>
    </p>
   </div>
   <div class='ocr_carea' id='block_1_60' title="bbox 269 3347 1862 3422">
    <p class='ocr_par' dir='ltr' id='par_1_60' title="bbox 269 3347 1862 3422">
     <span class='ocr_line' id='line_1_60' title="bbox 269 3347 1862 3422; baseline -0.009 -7"><span class='ocrx_word' id='word_1_443' title='bbox 269 3367 356 3414; x_wconf 89' lang='lat' dir='ltr'><strong>est</strong></span> <span class='ocrx_word' id='word_1_444' title='bbox 427 3355 704 3422; x_wconf 89' lang='lat' dir='ltr'><strong>omnibus,</strong></span> <span class='ocrx_word' id='word_1_445' title='bbox 767 3351 903 3409; x_wconf 90' lang='lat' dir='ltr'><strong>alios</strong></span> <span class='ocrx_word' id='word_1_446' title='bbox 950 3364 1209 3408; x_wconf 84' lang='lat' dir='ltr'><strong>accusare</strong></span> <span class='ocrx_word' id='word_1_447' title='bbox 1259 3356 1316 3404; x_wconf 91' lang='lat' dir='ltr'><strong>et</strong></span> <span class='ocrx_word' id='word_1_448' title='bbox 1369 3347 1576 3418; x_wconf 84' lang='lat' dir='ltr'><strong>seipsos</strong></span> <span class='ocrx_word' id='word_1_449' title='bbox 1627 3359 1862 3416; x_wconf 85' lang='lat' dir='ltr'><strong>purgare</strong></span> 
     </span>
    </p>
   </div>
   <div class='ocr_carea' id='block_1_61' title="bbox 271 3438 1861 3525">
    <p class='ocr_par' dir='ltr' id='par_1_61' title="bbox 271 3438 1861 3525">
     <span class='ocr_line' id='line_1_61' title="bbox 271 3438 1861 3525; baseline -0.008 -18"><span class='ocrx_word' id='word_1_450' title='bbox 271 3449 457 3525; x_wconf 62' lang='grc' dir='ltr'><strong>μαι,</strong></span> <span class='ocrx_word' id='word_1_451' title='bbox 505 3443 841 3518; x_wconf 76' lang='lat' dir='ltr'><strong>defendere],</strong></span> <span class='ocrx_word' id='word_1_452' title='bbox 891 3443 1106 3501; x_wconf 85' lang='lat' dir='ltr'><strong>etiamsi</strong></span> <span class='ocrx_word' id='word_1_453' title='bbox 1176 3440 1570 3499; x_wconf 77' lang='lat' dir='ltr'><strong>exercitatione</strong></span> <span class='ocrx_word' id='word_1_454' title='bbox 1605 3438 1710 3494; x_wconf 89' lang='lat' dir='ltr'><strong>hoc</strong></span> <span class='ocrx_word' id='word_1_455' title='bbox 1753 3450 1861 3494; x_wconf 89' lang='lat' dir='ltr'><strong>non</strong></span> 
     </span>
    </p>
   </div>
   <div class='ocr_carea' id='block_1_62' title="bbox 271 3530 1858 3607">
    <p class='ocr_par' dir='ltr' id='par_1_62' title="bbox 271 3530 1858 3607">
     <span class='ocr_line' id='line_1_62' title="bbox 271 3530 1858 3607; baseline -0.012 -4"><span class='ocrx_word' id='word_1_456' title='bbox 271 3544 583 3602; x_wconf 87' lang='lat' dir='ltr'><strong>didicerint.</strong></span> <span class='ocrx_word' id='word_1_457' title='bbox 609 3539 715 3596; x_wconf 89' lang='lat' dir='ltr'><strong>Sed</strong></span> <span class='ocrx_word' id='word_1_458' title='bbox 731 3537 918 3594; x_wconf 88' lang='lat' dir='ltr'><strong>utilius</strong></span> <span class='ocrx_word' id='word_1_459' title='bbox 939 3545 995 3593; x_wconf 90' lang='lat' dir='ltr'><strong>et</strong></span> <span class='ocrx_word' id='word_1_460' title='bbox 1015 3535 1318 3607; x_wconf 86' lang='lat' dir='ltr'><strong>promptius</strong></span> <span class='ocrx_word' id='word_1_461' title='bbox 1341 3541 1571 3588; x_wconf 90' lang='lat' dir='ltr'><strong>utuntur</strong></span> <span class='ocrx_word' id='word_1_462' title='bbox 1590 3530 1858 3595; x_wconf 89' lang='lat' dir='ltr'><strong>oratione,</strong></span> 
     </span>
    </p>
   </div>
   <div class='ocr_carea' id='block_1_63' title="bbox 277 3621 1860 3709">
    <p class='ocr_par' dir='ltr' id='par_1_63' title="bbox 277 3621 1860 3709">
     <span class='ocr_line' id='line_1_63' title="bbox 277 3621 1860 3709; baseline -0.011 -17"><span class='ocrx_word' id='word_1_463' title='bbox 277 3636 368 3709; x_wconf 87' lang='lat' dir='ltr'><strong>qui</strong></span> <span class='ocrx_word' id='word_1_464' title='bbox 391 3633 695 3704; x_wconf 87' lang='lat' dir='ltr'><strong>disciplinis</strong></span> <span class='ocrx_word' id='word_1_465' title='bbox 745 3631 1108 3692; x_wconf 88' lang='lat' dir='ltr'><strong>instruuntur,</strong></span> <span class='ocrx_word' id='word_1_466' title='bbox 1138 3635 1192 3682; x_wconf 91' lang='lat' dir='ltr'><strong>et</strong></span> <span class='ocrx_word' id='word_1_467' title='bbox 1216 3640 1317 3681; x_wconf 91' lang='lat' dir='ltr'><strong>usu</strong></span> <span class='ocrx_word' id='word_1_468' title='bbox 1344 3630 1690 3680; x_wconf 78' lang='lat' dir='ltr'><strong>exercentur.</strong></span> <span class='ocrx_word' id='word_1_469' title='bbox 1722 3621 1860 3676; x_wconf 89' lang='lat' dir='ltr'><strong>Nam</strong></span> 
     </span>
    </p>
   </div>
   <div class='ocr_carea' id='block_1_64' title="bbox 277 3714 1862 3790">
    <p class='ocr_par' dir='ltr' id='par_1_64' title="bbox 277 3714 1862 3790">
     <span class='ocr_line' id='line_1_64' title="bbox 277 3714 1862 3790; baseline -0.008 -7"><span class='ocrx_word' id='word_1_470' title='bbox 277 3725 529 3783; x_wconf 86' lang='lat' dir='ltr'><strong>omnibus</strong></span> <span class='ocrx_word' id='word_1_471' title='bbox 557 3721 807 3779; x_wconf 86' lang='lat' dir='ltr'><strong>naturale</strong></span> <span class='ocrx_word' id='word_1_472' title='bbox 831 3731 917 3777; x_wconf 88' lang='lat' dir='ltr'><strong>est</strong></span> <span class='ocrx_word' id='word_1_473' title='bbox 941 3719 1107 3790; x_wconf 89' lang='lat' dir='ltr'><strong>loqui,</strong></span> <span class='ocrx_word' id='word_1_474' title='bbox 1129 3725 1367 3773; x_wconf 87' lang='lat' dir='ltr'><strong>attamen</strong></span> <span class='ocrx_word' id='word_1_475' title='bbox 1389 3715 1616 3771; x_wconf 89' lang='lat' dir='ltr'><strong>multum</strong></span> <span class='ocrx_word' id='word_1_476' title='bbox 1644 3714 1862 3771; x_wconf 83' lang='lat' dir='ltr'><strong>excellit</strong></span> 
     </span>
    </p>
   </div>
   <div class='ocr_carea' id='block_1_65' title="bbox 276 3807 1380 3888">
    <p class='ocr_par' dir='ltr' id='par_1_65' title="bbox 276 3807 1380 3888">
     <span class='ocr_line' id='line_1_65' title="bbox 276 3807 1380 3888; baseline -0.012 -13"><span class='ocrx_word' id='word_1_477' title='bbox 276 3818 414 3875; x_wconf 85' lang='lat' dir='ltr'><strong>alios</strong></span> <span class='ocrx_word' id='word_1_478' title='bbox 432 3817 524 3888; x_wconf 89' lang='lat' dir='ltr'><strong>qui</strong></span> <span class='ocrx_word' id='word_1_479' title='bbox 550 3829 649 3885; x_wconf 88' lang='lat' dir='ltr'><strong>per</strong></span> <span class='ocrx_word' id='word_1_480' title='bbox 689 3812 1099 3886; x_wconf 87' lang='lat' dir='ltr'><strong>grammaticam</strong></span> <span class='ocrx_word' id='word_1_481' title='bbox 1120 3807 1380 3880; x_wconf 88' lang='lat' dir='ltr'><strong>loquitur.</strong></span> 
     </span>
    </p>
   </div>
   <div class='ocr_carea' id='block_1_66' title="bbox 347 3897 1862 3973">
    <p class='ocr_par' dir='ltr' id='par_1_66' title="bbox 347 3897 1862 3973">
     <span class='ocr_line' id='line_1_66' title="bbox 347 3897 1862 3973; baseline -0.008 -8"><span class='ocrx_word' id='word_1_482' title='bbox 347 3910 483 3966; x_wconf 74' lang='lat' dir='ltr'><strong>Cm.</strong></span> <span class='ocrx_word' id='word_1_483' title='bbox 530 3908 675 3963; x_wconf 87' lang='lat' dir='ltr'><strong>Bene</strong></span> <span class='ocrx_word' id='word_1_484' title='bbox 703 3905 864 3970; x_wconf 91' lang='lat' dir='ltr'><strong>dicis,</strong></span> <span class='ocrx_word' id='word_1_485' title='bbox 889 3902 1188 3973; x_wconf 87' lang='lat' dir='ltr'><strong>magister;</strong></span> <span class='ocrx_word' id='word_1_486' title='bbox 1229 3900 1394 3956; x_wconf 89' lang='lat' dir='ltr'><strong>etiam</strong></span> <span class='ocrx_word' id='word_1_487' title='bbox 1417 3897 1595 3955; x_wconf 91' lang='lat' dir='ltr'><strong>omnis</strong></span> <span class='ocrx_word' id='word_1_488' title='bbox 1620 3897 1730 3953; x_wconf 86' lang='lat' dir='ltr'><strong>vita</strong></span> <span class='ocrx_word' id='word_1_489' title='bbox 1767 3913 1862 3953; x_wconf 86' lang='lat' dir='ltr'><strong>no-</strong></span> 
     </span>
    </p>
   </div>
   <div class='ocr_carea' id='block_1_67' title="bbox 279 3988 1864 4067">
    <p class='ocr_par' dir='ltr' id='par_1_67' title="bbox 279 3988 1864 4067">
     <span class='ocr_line' id='line_1_67' title="bbox 279 3988 1864 4067; baseline -0.008 -12"><span class='ocrx_word' id='word_1_490' title='bbox 279 4008 396 4055; x_wconf 79' lang='lat' dir='ltr'><strong>stra</strong></span> <span class='ocrx_word' id='word_1_491' title='bbox 451 3995 752 4067; x_wconf 86' lang='lat' dir='ltr'><strong>disciplinis</strong></span> <span class='ocrx_word' id='word_1_492' title='bbox 796 3992 1036 4066; x_wconf 87' lang='lat' dir='ltr'><strong>proﬁcit,</strong></span> <span class='ocrx_word' id='word_1_493' title='bbox 1067 4000 1122 4048; x_wconf 90' lang='lat' dir='ltr'><strong>et</strong></span> <span class='ocrx_word' id='word_1_494' title='bbox 1168 4007 1266 4047; x_wconf 89' lang='lat' dir='ltr'><strong>usu</strong></span> <span class='ocrx_word' id='word_1_495' title='bbox 1301 3991 1467 4045; x_wconf 89' lang='lat' dir='ltr'><strong>valet.</strong></span> <span class='ocrx_word' id='word_1_496' title='bbox 1520 3988 1864 4059; x_wconf 82' lang='lat' dir='ltr'><strong>Quapropter</strong></span> 
     </span>
    </p>
   </div>
   <div class='ocr_carea' id='block_1_68' title="bbox 281 4081 1858 4166">
    <p class='ocr_par' dir='ltr' id='par_1_68' title="bbox 281 4081 1858 4166">
     <span class='ocr_line' id='line_1_68' title="bbox 281 4081 1858 4166; baseline -0.008 -18"><span class='ocrx_word' id='word_1_497' title='bbox 281 4089 490 4166; x_wconf 85' lang='lat' dir='ltr'><strong>[hujus]</strong></span> <span class='ocrx_word' id='word_1_498' title='bbox 537 4089 824 4146; x_wconf 73' lang='lat' dir='ltr'><strong>rhetoricae</strong></span> <span class='ocrx_word' id='word_1_499' title='bbox 847 4084 1144 4154; x_wconf 70' lang='lat' dir='ltr'><strong>disciplinae</strong></span> <span class='ocrx_word' id='word_1_500' title='bbox 1193 4081 1408 4155; x_wconf 87' lang='lat' dir='ltr'><strong>regulas</strong></span> <span class='ocrx_word' id='word_1_501' title='bbox 1455 4082 1614 4139; x_wconf 88' lang='lat' dir='ltr'><strong>nobis</strong></span> <span class='ocrx_word' id='word_1_502' title='bbox 1663 4082 1858 4153; x_wconf 86' lang='lat' dir='ltr'><strong>pande.</strong></span> 
     </span>
    </p>
   </div>
   <div class='ocr_carea' id='block_1_69' title="bbox 275 4175 1862 4255">
    <p class='ocr_par' dir='ltr' id='par_1_69' title="bbox 275 4175 1862 4255">
     <span class='ocr_line' id='line_1_69' title="bbox 275 4175 1862 4255; baseline -0.008 -12"><span class='ocrx_word' id='word_1_503' title='bbox 275 4185 415 4243; x_wconf 83' lang='lat' dir='ltr'><strong>Nam</strong></span> <span class='ocrx_word' id='word_1_504' title='bbox 441 4183 757 4255; x_wconf 90' lang='lat' dir='ltr'><strong>quotidiana</strong></span> <span class='ocrx_word' id='word_1_505' title='bbox 795 4178 1210 4248; x_wconf 89' lang='lat' dir='ltr'><strong>occupationum</strong></span> <span class='ocrx_word' id='word_1_506' title='bbox 1238 4176 1535 4232; x_wconf 88' lang='lat' dir='ltr'><strong>necessitas</strong></span> <span class='ocrx_word' id='word_1_507' title='bbox 1586 4175 1734 4243; x_wconf 86' lang='lat' dir='ltr'><strong>cogit</strong></span> <span class='ocrx_word' id='word_1_508' title='bbox 1762 4190 1862 4231; x_wconf 88' lang='lat' dir='ltr'><strong>nos</strong></span> 
     </span>
    </p>
   </div>
   <div class='ocr_carea' id='block_1_70' title="bbox 274 4264 1863 4341">
    <p class='ocr_par' dir='ltr' id='par_1_70' title="bbox 274 4264 1863 4341">
     <span class='ocr_line' id='line_1_70' title="bbox 274 4264 1863 4341; baseline -0.008 -6"><span class='ocrx_word' id='word_1_509' title='bbox 274 4276 520 4335; x_wconf 86' lang='lat' dir='ltr'><strong>exerceri</strong></span> <span class='ocrx_word' id='word_1_510' title='bbox 573 4276 626 4330; x_wconf 92' lang='lat' dir='ltr'><strong>in</strong></span> <span class='ocrx_word' id='word_1_511' title='bbox 670 4272 793 4328; x_wconf 90' lang='lat' dir='ltr'><strong>illis.</strong></span> <span class='ocrx_word' id='word_1_512' title='bbox 825 4271 893 4327; x_wconf 85' lang='lat' dir='ltr'><strong>Et</strong></span> <span class='ocrx_word' id='word_1_513' title='bbox 918 4269 1175 4341; x_wconf 88' lang='lat' dir='ltr'><strong>primum,</strong></span> <span class='ocrx_word' id='word_1_514' title='bbox 1211 4282 1332 4339; x_wconf 65' lang='lat' dir='ltr'><strong>quae</strong></span> <span class='ocrx_word' id='word_1_515' title='bbox 1356 4264 1538 4339; x_wconf 61' lang='grc' dir='ltr'><strong>[Πειρη</strong></span> <span class='ocrx_word' id='word_1_516' title='bbox 1571 4266 1723 4340; x_wconf 89' lang='lat' dir='ltr'><strong>quot]</strong></span> <span class='ocrx_word' id='word_1_517' title='bbox 1753 4268 1863 4322; x_wconf 92' lang='lat' dir='ltr'><strong>sint</strong></span> 
     </span>
    </p>
   </div>
   <div class='ocr_carea' id='block_1_71' title="bbox 274 4361 1008 4436">
    <p class='ocr_par' dir='ltr' id='par_1_71' title="bbox 274 4361 1008 4436">
     <span class='ocr_line' id='line_1_71' title="bbox 274 4361 1008 4436; baseline -0.014 -11"><span class='ocrx_word' id='word_1_518' title='bbox 274 4368 424 4425; x_wconf 83' lang='lat' dir='ltr'><strong>illius</strong></span> <span class='ocrx_word' id='word_1_519' title='bbox 447 4365 586 4423; x_wconf 88' lang='lat' dir='ltr'><strong>artis</strong></span> <span class='ocrx_word' id='word_1_520' title='bbox 611 4367 795 4436; x_wconf 78' lang='lat' dir='ltr'><strong>partes</strong></span> <span class='ocrx_word' id='word_1_521' title='bbox 821 4361 1008 4417; x_wconf 88' lang='lat' dir='ltr'><strong>dicito.</strong></span> 
     </span>
    </p>
   </div>
   <div class='ocr_carea' id='block_1_72' title="bbox 719 4467 1411 4531">
    <p class='ocr_par' dir='ltr' id='par_1_72' title="bbox 719 4467 1411 4531">
     <span class='ocr_line' id='line_1_72' title="bbox 719 4467 1411 4531; baseline -0.009 0"><span class='ocrx_word' id='word_1_522' title='bbox 719 4473 811 4531; x_wconf 83' lang='lat' dir='ltr'><strong>DE</strong></span> <span class='ocrx_word' id='word_1_523' title='bbox 845 4469 1188 4530; x_wconf 77' lang='lat' dir='ltr'><strong>PARTIBUS</strong></span> <span class='ocrx_word' id='word_1_524' title='bbox 1223 4467 1411 4528; x_wconf 79' lang='lat' dir='ltr'><strong>EJUS.</strong></span> 
     </span>
    </p>
   </div>
   <div class='ocr_carea' id='block_1_73' title="bbox 343 4580 1855 4655">
    <p class='ocr_par' dir='ltr' id='par_1_73' title="bbox 343 4580 1855 4655">
     <span class='ocr_line' id='line_1_73' title="bbox 343 4580 1855 4655; baseline -0.011 -5"><span class='ocrx_word' id='word_1_525' title='bbox 343 4592 476 4650; x_wconf 73' lang='lat' dir='ltr'><strong>Aut.</strong></span> <span class='ocrx_word' id='word_1_526' title='bbox 508 4589 657 4648; x_wconf 79' lang='lat' dir='ltr'><strong>Artis</strong></span> <span class='ocrx_word' id='word_1_527' title='bbox 684 4586 971 4644; x_wconf 64' lang='lat' dir='ltr'><strong>rhetoricae</strong></span> <span class='ocrx_word' id='word_1_528' title='bbox 995 4591 1181 4655; x_wconf 83' lang='lat' dir='ltr'><strong>partes</strong></span> <span class='ocrx_word' id='word_1_529' title='bbox 1204 4582 1443 4653; x_wconf 85' lang='lat' dir='ltr'><strong>quinque</strong></span> <span class='ocrx_word' id='word_1_530' title='bbox 1470 4589 1596 4635; x_wconf 90' lang='lat' dir='ltr'><strong>sunt</strong></span> <span class='ocrx_word' id='word_1_531' title='bbox 1626 4599 1637 4634; x_wconf 93' lang='lat'>:</span> <span class='ocrx_word' id='word_1_532' title='bbox 1668 4580 1855 4634; x_wconf 81' lang='lat' dir='ltr'><strong>inven-</strong></span> 
     </span>
    </p>
   </div>
   <div class='ocr_carea' id='block_1_74' title="bbox 277 4671 1857 4756">
    <p class='ocr_par' dir='ltr' id='par_1_74' title="bbox 277 4671 1857 4756">
     <span class='ocr_line' id='line_1_74' title="bbox 277 4671 1857 4756; baseline -0.013 -11"><span class='ocrx_word' id='word_1_533' title='bbox 277 4690 375 4756; x_wconf 89' lang='lat' dir='ltr'><strong>tio,</strong></span> <span class='ocrx_word' id='word_1_534' title='bbox 403 4683 709 4756; x_wconf 86' lang='lat' dir='ltr'><strong>dispositio,</strong></span> <span class='ocrx_word' id='word_1_535' title='bbox 736 4679 988 4744; x_wconf 88' lang='lat' dir='ltr'><strong>elocutio,</strong></span> <span class='ocrx_word' id='word_1_536' title='bbox 1034 4677 1317 4740; x_wconf 90' lang='lat' dir='ltr'><strong>memoria,</strong></span> <span class='ocrx_word' id='word_1_537' title='bbox 1345 4673 1733 4745; x_wconf 88' lang='lat' dir='ltr'><strong>pronuntiatio.</strong></span> <span class='ocrx_word' id='word_1_538' title='bbox 1762 4671 1857 4726; x_wconf 82' lang='lat' dir='ltr'><strong>In-</strong></span> 
     </span>
    </p>
   </div>
   <div class='ocr_carea' id='block_1_75' title="bbox 272 4763 1860 4843">
    <p class='ocr_par' dir='ltr' id='par_1_75' title="bbox 272 4763 1860 4843">
     <span class='ocr_line' id='line_1_75' title="bbox 272 4763 1860 4843; baseline -0.013 -6"><span class='ocrx_word' id='word_1_539' title='bbox 272 4781 444 4837; x_wconf 76' lang='lat' dir='ltr'><strong>oentio</strong></span> <span class='ocrx_word' id='word_1_540' title='bbox 471 4785 557 4833; x_wconf 90' lang='lat' dir='ltr'><strong>est</strong></span> <span class='ocrx_word' id='word_1_541' title='bbox 598 4772 925 4843; x_wconf 79' lang='lat' dir='ltr'><strong>excogitatio</strong></span> <span class='ocrx_word' id='word_1_542' title='bbox 974 4783 1158 4824; x_wconf 89' lang='lat' dir='ltr'><strong>rerum</strong></span> <span class='ocrx_word' id='word_1_543' title='bbox 1205 4781 1458 4820; x_wconf 86' lang='lat' dir='ltr'><strong>verarum</strong></span> <span class='ocrx_word' id='word_1_544' title='bbox 1488 4780 1551 4820; x_wconf 90' lang='lat' dir='ltr'><strong>ac</strong></span> <span class='ocrx_word' id='word_1_545' title='bbox 1593 4763 1860 4819; x_wconf 83' lang='lat' dir='ltr'><strong>verisimi-</strong></span> 
     </span>
    </p>
   </div>
   <div class='ocr_carea' id='block_1_76' title="bbox 273 4856 1858 4942">
    <p class='ocr_par' dir='ltr' id='par_1_76' title="bbox 273 4856 1858 4942">
     <span class='ocr_line' id='line_1_76' title="bbox 273 4856 1858 4942; baseline -0.013 -13"><span class='ocrx_word' id='word_1_546' title='bbox 273 4871 427 4938; x_wconf 91' lang='lat' dir='ltr'><strong>lium,</strong></span> <span class='ocrx_word' id='word_1_547' title='bbox 459 4887 579 4942; x_wconf 71' lang='lat' dir='ltr'><strong>qua:</strong></span> <span class='ocrx_word' id='word_1_548' title='bbox 636 4882 856 4923; x_wconf 87' lang='lat' dir='ltr'><strong>causam</strong></span> <span class='ocrx_word' id='word_1_549' title='bbox 899 4861 1236 4934; x_wconf 89' lang='lat' dir='ltr'><strong>probabilem</strong></span> <span class='ocrx_word' id='word_1_550' title='bbox 1269 4857 1518 4914; x_wconf 89' lang='lat' dir='ltr'><strong>reddant.</strong></span> <span class='ocrx_word' id='word_1_551' title='bbox 1571 4856 1858 4926; x_wconf 79' lang='lat' dir='ltr'><strong>Dispositio</strong></span> 
     </span>
    </p>
   </div>
   <div class='ocr_carea' id='block_1_77' title="bbox 272 4947 1860 5023">
    <p class='ocr_par' dir='ltr' id='par_1_77' title="bbox 272 4947 1860 5023">
     <span class='ocr_line' id='line_1_77' title="bbox 272 4947 1860 5023; baseline -0.012 0"><span class='ocrx_word' id='word_1_552' title='bbox 272 4973 360 5023; x_wconf 85' lang='lat' dir='ltr'><strong>est</strong></span> <span class='ocrx_word' id='word_1_553' title='bbox 389 4978 572 5020; x_wconf 89' lang='lat' dir='ltr'><strong>rerum</strong></span> <span class='ocrx_word' id='word_1_554' title='bbox 623 4961 965 5016; x_wconf 87' lang='lat' dir='ltr'><strong>inventarum</strong></span> <span class='ocrx_word' id='word_1_555' title='bbox 1007 4954 1060 5008; x_wconf 90' lang='lat' dir='ltr'><strong>in</strong></span> <span class='ocrx_word' id='word_1_556' title='bbox 1090 4952 1338 5009; x_wconf 91' lang='lat' dir='ltr'><strong>ordinem</strong></span> <span class='ocrx_word' id='word_1_557' title='bbox 1367 4948 1695 5005; x_wconf 83' lang='lat' dir='ltr'><strong>distributio.</strong></span> <span class='ocrx_word' id='word_1_558' title='bbox 1729 4947 1860 5004; x_wconf 86' lang='lat' dir='ltr'><strong>Elo-</strong></span> 
     </span>
    </p>
   </div>
   <div class='ocr_carea' id='block_1_78' title="bbox 275 5041 1854 5111">
    <p class='ocr_par' dir='ltr' id='par_1_78' title="bbox 275 5041 1854 5111">
     <span class='ocr_line' id='line_1_78' title="bbox 275 5041 1854 5111; baseline -0.011 0"><span class='ocrx_word' id='word_1_559' title='bbox 275 5057 417 5111; x_wconf 78' lang='lat' dir='ltr'><strong>cutio</strong></span> <span class='ocrx_word' id='word_1_560' title='bbox 445 5062 532 5109; x_wconf 92' lang='lat' dir='ltr'><strong>est</strong></span> <span class='ocrx_word' id='word_1_561' title='bbox 568 5051 889 5107; x_wconf 88' lang='lat' dir='ltr'><strong>idoneorum</strong></span> <span class='ocrx_word' id='word_1_562' title='bbox 920 5045 1210 5100; x_wconf 88' lang='lat' dir='ltr'><strong>verborum</strong></span> <span class='ocrx_word' id='word_1_563' title='bbox 1239 5042 1306 5097; x_wconf 89' lang='lat' dir='ltr'><strong>ad</strong></span> <span class='ocrx_word' id='word_1_564' title='bbox 1342 5041 1706 5096; x_wconf 88' lang='lat' dir='ltr'><strong>inventionem</strong></span> <span class='ocrx_word' id='word_1_565' title='bbox 1761 5053 1854 5094; x_wconf 87' lang='lat' dir='ltr'><strong>ac-</strong></span> 
     </span>
    </p>
   </div>
   <div class='ocr_carea' id='block_1_79' title="bbox 275 5130 1860 5201">
    <p class='ocr_par' dir='ltr' id='par_1_79' title="bbox 275 5130 1860 5201">
     <span class='ocr_line' id='line_1_79' title="bbox 275 5130 1860 5201; baseline -0.011 -1"><span class='ocrx_word' id='word_1_566' title='bbox 275 5142 657 5201; x_wconf 84' lang='lat' dir='ltr'><strong>commodatio.</strong></span> <span class='ocrx_word' id='word_1_567' title='bbox 690 5137 949 5194; x_wconf 80' lang='lat' dir='ltr'><strong>Memoria</strong></span> <span class='ocrx_word' id='word_1_568' title='bbox 977 5142 1061 5191; x_wconf 75' lang='lat' dir='ltr'><strong>est</strong></span> <span class='ocrx_word' id='word_1_569' title='bbox 1080 5132 1235 5189; x_wconf 88' lang='lat' dir='ltr'><strong>ﬁrma</strong></span> <span class='ocrx_word' id='word_1_570' title='bbox 1261 5130 1426 5186; x_wconf 89' lang='lat' dir='ltr'><strong>animi</strong></span> <span class='ocrx_word' id='word_1_571' title='bbox 1457 5145 1636 5185; x_wconf 88' lang='lat' dir='ltr'><strong>rerum</strong></span> <span class='ocrx_word' id='word_1_572' title='bbox 1657 5145 1720 5184; x_wconf 88' lang='lat' dir='ltr'><strong>ac</strong></span> <span class='ocrx_word' id='word_1_573' title='bbox 1741 5143 1860 5184; x_wconf 88' lang='lat' dir='ltr'><strong>ver-</strong></span> 
     </span>
    </p>
   </div>
   <div class='ocr_carea' id='block_1_80' title="bbox 277 5220 1863 5297">
    <p class='ocr_par' dir='ltr' id='par_1_80' title="bbox 277 5220 1863 5297">
     <span class='ocr_line' id='line_1_80' title="bbox 277 5220 1863 5297; baseline -0.009 -5"><span class='ocrx_word' id='word_1_574' title='bbox 277 5239 472 5294; x_wconf 88' lang='lat' dir='ltr'><strong>borum</strong></span> <span class='ocrx_word' id='word_1_575' title='bbox 511 5235 580 5291; x_wconf 91' lang='lat' dir='ltr'><strong>ad</strong></span> <span class='ocrx_word' id='word_1_576' title='bbox 619 5232 986 5288; x_wconf 86' lang='lat' dir='ltr'><strong>inventionem</strong></span> <span class='ocrx_word' id='word_1_577' title='bbox 1031 5225 1324 5297; x_wconf 82' lang='lat' dir='ltr'><strong>perceptio.</strong></span> <span class='ocrx_word' id='word_1_578' title='bbox 1375 5220 1746 5278; x_wconf 82' lang='lat' dir='ltr'><strong>Pronuntiatio</strong></span> <span class='ocrx_word' id='word_1_579' title='bbox 1779 5230 1863 5279; x_wconf 86' lang='lat' dir='ltr'><strong>est</strong></span> 
     </span>
    </p>
   </div>
   <div class='ocr_carea' id='block_1_81' title="bbox 275 5317 1863 5393">
    <p class='ocr_par' dir='ltr' id='par_1_81' title="bbox 275 5317 1863 5393">
     <span class='ocr_line' id='line_1_81' title="bbox 275 5317 1863 5393; baseline -0.009 -6"><span class='ocrx_word' id='word_1_580' title='bbox 275 5347 343 5387; x_wconf 87' lang='lat' dir='ltr'><strong>ex</strong></span> <span class='ocrx_word' id='word_1_581' title='bbox 372 5343 559 5387; x_wconf 87' lang='lat' dir='ltr'><strong>rerum</strong></span> <span class='ocrx_word' id='word_1_582' title='bbox 605 5334 663 5382; x_wconf 86' lang='lat' dir='ltr'><strong>et</strong></span> <span class='ocrx_word' id='word_1_583' title='bbox 686 5325 977 5381; x_wconf 89' lang='lat' dir='ltr'><strong>verborum</strong></span> <span class='ocrx_word' id='word_1_584' title='bbox 1006 5319 1270 5393; x_wconf 85' lang='lat' dir='ltr'><strong>dignitate</strong></span> <span class='ocrx_word' id='word_1_585' title='bbox 1318 5317 1469 5373; x_wconf 84' lang='lat' dir='ltr'><strong>vocis</strong></span> <span class='ocrx_word' id='word_1_586' title='bbox 1515 5323 1571 5372; x_wconf 91' lang='lat' dir='ltr'><strong>et</strong></span> <span class='ocrx_word' id='word_1_587' title='bbox 1615 5317 1863 5388; x_wconf 89' lang='lat' dir='ltr'><strong>corporis</strong></span> 
     </span>
    </p>
   </div>
   <div class='ocr_carea' id='block_1_82' title="bbox 274 5419 596 5480">
    <p class='ocr_par' dir='ltr' id='par_1_82' title="bbox 274 5419 596 5480">
     <span class='ocr_line' id='line_1_82' title="bbox 274 5419 596 5480; baseline -0.025 0"><span class='ocrx_word' id='word_1_588' title='bbox 274 5419 596 5480; x_wconf 83' lang='lat' dir='ltr'><strong>moderatio.</strong></span> 
     </span>
    </p>
   </div>
   <div class='ocr_carea' id='block_1_83' title="bbox 347 5494 1859 5572">
    <p class='ocr_par' dir='ltr' id='par_1_83' title="bbox 347 5494 1859 5572">
     <span class='ocr_line' id='line_1_83' title="bbox 347 5494 1859 5572; baseline -0.013 -3"><span class='ocrx_word' id='word_1_589' title='bbox 347 5513 593 5569; x_wconf 87' lang='lat' dir='ltr'><strong>Primum</strong></span> <span class='ocrx_word' id='word_1_590' title='bbox 619 5516 706 5566; x_wconf 89' lang='lat' dir='ltr'><strong>est</strong></span> <span class='ocrx_word' id='word_1_591' title='bbox 751 5506 897 5566; x_wconf 83' lang='lat' dir='ltr'><strong>enim</strong></span> <span class='ocrx_word' id='word_1_592' title='bbox 933 5501 1197 5567; x_wconf 82' lang='lat' dir='ltr'><strong>invenire,</strong></span> <span class='ocrx_word' id='word_1_593' title='bbox 1246 5500 1391 5572; x_wconf 89' lang='lat' dir='ltr'><strong>quod</strong></span> <span class='ocrx_word' id='word_1_594' title='bbox 1441 5498 1620 5565; x_wconf 89' lang='lat' dir='ltr'><strong>dicas;</strong></span> <span class='ocrx_word' id='word_1_595' title='bbox 1663 5494 1859 5552; x_wconf 84' lang='lat' dir='ltr'><strong>deinde</strong></span> 
     </span>
    </p>
   </div>
   <div class='ocr_carea' id='block_1_84' title="bbox 275 5590 1856 5680">
    <p class='ocr_par' dir='ltr' id='par_1_84' title="bbox 275 5590 1856 5680">
     <span class='ocr_line' id='line_1_84' title="bbox 275 5590 1856 5680; baseline -0.012 -16"><span class='ocrx_word' id='word_1_596' title='bbox 275 5606 421 5680; x_wconf 88' lang='lat' dir='ltr'><strong>quod</strong></span> <span class='ocrx_word' id='word_1_597' title='bbox 458 5603 748 5665; x_wconf 85' lang='lat' dir='ltr'><strong>inveneris,</strong></span> <span class='ocrx_word' id='word_1_598' title='bbox 792 5600 1110 5668; x_wconf 86' lang='lat' dir='ltr'><strong>disponere;</strong></span> <span class='ocrx_word' id='word_1_599' title='bbox 1159 5603 1271 5649; x_wconf 91' lang='lat' dir='ltr'><strong>tum</strong></span> <span class='ocrx_word' id='word_1_600' title='bbox 1323 5592 1466 5662; x_wconf 88' lang='lat' dir='ltr'><strong>quod</strong></span> <span class='ocrx_word' id='word_1_601' title='bbox 1499 5590 1856 5662; x_wconf 86' lang='lat' dir='ltr'><strong>disposueris,</strong></span> 
     </span>
    </p>
   </div>
   <div class='ocr_carea' id='block_1_85' title="bbox 276 5682 1858 5767">
    <p class='ocr_par' dir='ltr' id='par_1_85' title="bbox 276 5682 1858 5767">
     <span class='ocr_line' id='line_1_85' title="bbox 276 5682 1858 5767; baseline -0.011 -13"><span class='ocrx_word' id='word_1_602' title='bbox 276 5698 462 5757; x_wconf 85' lang='lat' dir='ltr'><strong>verbis</strong></span> <span class='ocrx_word' id='word_1_603' title='bbox 499 5695 802 5767; x_wconf 74' lang='lat' dir='ltr'><strong>explicare;</strong></span> <span class='ocrx_word' id='word_1_604' title='bbox 851 5699 1044 5761; x_wconf 86' lang='lat' dir='ltr'><strong>quarto</strong></span> <span class='ocrx_word' id='word_1_605' title='bbox 1089 5685 1232 5758; x_wconf 80' lang='lat' dir='ltr'><strong>quod</strong></span> <span class='ocrx_word' id='word_1_606' title='bbox 1282 5684 1556 5741; x_wconf 81' lang='lat' dir='ltr'><strong>inveneris</strong></span> <span class='ocrx_word' id='word_1_607' title='bbox 1595 5692 1651 5738; x_wconf 87' lang='lat' dir='ltr'><strong>et</strong></span> <span class='ocrx_word' id='word_1_608' title='bbox 1676 5682 1858 5752; x_wconf 79' lang='lat' dir='ltr'><strong>dispo-</strong></span> 
     </span>
    </p>
   </div>
   <div class='ocr_carea' id='block_1_86' title="bbox 281 5776 1853 5849">
    <p class='ocr_par' dir='ltr' id='par_1_86' title="bbox 281 5776 1853 5849">
     <span class='ocr_line' id='line_1_86' title="bbox 281 5776 1853 5849; baseline -0.009 -2"><span class='ocrx_word' id='word_1_609' title='bbox 281 5789 476 5849; x_wconf 77' lang='lat' dir='ltr'><strong>sueris.</strong></span> <span class='ocrx_word' id='word_1_610' title='bbox 516 5797 570 5845; x_wconf 90' lang='lat' dir='ltr'><strong>et</strong></span> <span class='ocrx_word' id='word_1_611' title='bbox 611 5785 855 5844; x_wconf 89' lang='lat' dir='ltr'><strong>oratione</strong></span> <span class='ocrx_word' id='word_1_612' title='bbox 894 5781 1166 5847; x_wconf 86' lang='lat' dir='ltr'><strong>vestieris,</strong></span> <span class='ocrx_word' id='word_1_613' title='bbox 1195 5780 1454 5838; x_wconf 88' lang='lat' dir='ltr'><strong>memoria</strong></span> <span class='ocrx_word' id='word_1_614' title='bbox 1498 5776 1853 5846; x_wconf 77' lang='lat' dir='ltr'><strong>comprehen—</strong></span> 
     </span>
    </p>
   </div>
   <div class='ocr_carea' id='block_1_87' title="bbox 1965 3277 3554 3365">
    <p class='ocr_par' dir='ltr' id='par_1_87' title="bbox 1965 3277 3554 3365">
     <span class='ocr_line' id='line_1_87' title="bbox 1965 3277 3554 3365; baseline 0.013 -31"><span class='ocrx_word' id='word_1_615' title='bbox 1965 3277 2134 3344; x_wconf 87' lang='lat' dir='ltr'><strong>cerit;</strong></span> <span class='ocrx_word' id='word_1_616' title='bbox 2170 3279 2224 3334; x_wconf 92' lang='lat' dir='ltr'><strong>in</strong></span> <span class='ocrx_word' id='word_1_617' title='bbox 2241 3277 2386 3337; x_wconf 77' lang='lat' dir='ltr'><strong>facto</strong></span> <span class='ocrx_word' id='word_1_618' title='bbox 2411 3282 2541 3352; x_wconf 90' lang='lat' dir='ltr'><strong>quid</strong></span> <span class='ocrx_word' id='word_1_619' title='bbox 2564 3282 2785 3351; x_wconf 81' lang='lat' dir='ltr'><strong>fecerit;</strong></span> <span class='ocrx_word' id='word_1_620' title='bbox 2819 3287 2874 3341; x_wconf 90' lang='lat' dir='ltr'><strong>in</strong></span> <span class='ocrx_word' id='word_1_621' title='bbox 2913 3296 3175 3360; x_wconf 82' lang='lat' dir='ltr'><strong>tempore,</strong></span> <span class='ocrx_word' id='word_1_622' title='bbox 3201 3295 3419 3365; x_wconf 88' lang='lat' dir='ltr'><strong>quando</strong></span> <span class='ocrx_word' id='word_1_623' title='bbox 3468 3295 3554 3354; x_wconf 76' lang='lat' dir='ltr'><strong>fe-</strong></span> 
     </span>
    </p>
   </div>
   <div class='ocr_carea' id='block_1_88' title="bbox 1963 3372 3553 3458">
    <p class='ocr_par' dir='ltr' id='par_1_88' title="bbox 1963 3372 3553 3458">
     <span class='ocr_line' id='line_1_88' title="bbox 1963 3372 3553 3458; baseline 0.014 -32"><span class='ocrx_word' id='word_1_624' title='bbox 1963 3372 2133 3440; x_wconf 89' lang='lat' dir='ltr'><strong>cerit;</strong></span> <span class='ocrx_word' id='word_1_625' title='bbox 2167 3372 2221 3428; x_wconf 90' lang='lat' dir='ltr'><strong>in</strong></span> <span class='ocrx_word' id='word_1_626' title='bbox 2259 3372 2399 3438; x_wconf 87' lang='lat' dir='ltr'><strong>loco.</strong></span> <span class='ocrx_word' id='word_1_627' title='bbox 2429 3375 2525 3432; x_wconf 88' lang='lat' dir='ltr'><strong>ubi</strong></span> <span class='ocrx_word' id='word_1_628' title='bbox 2579 3374 2784 3433; x_wconf 78' lang='lat' dir='ltr'><strong>factum</strong></span> <span class='ocrx_word' id='word_1_629' title='bbox 2816 3379 2918 3445; x_wconf 91' lang='lat' dir='ltr'><strong>sit;</strong></span> <span class='ocrx_word' id='word_1_630' title='bbox 2974 3382 3028 3437; x_wconf 89' lang='lat' dir='ltr'><strong>in</strong></span> <span class='ocrx_word' id='word_1_631' title='bbox 3058 3385 3252 3452; x_wconf 88' lang='lat' dir='ltr'><strong>modo,</strong></span> <span class='ocrx_word' id='word_1_632' title='bbox 3284 3391 3553 3458; x_wconf 89' lang='lat' dir='ltr'><strong>quomodo</strong></span> 
     </span>
    </p>
   </div>
   <div class='ocr_carea' id='block_1_89' title="bbox 1963 3461 3550 3550">
    <p class='ocr_par' dir='ltr' id='par_1_89' title="bbox 1963 3461 3550 3550">
     <span class='ocr_line' id='line_1_89' title="bbox 1963 3461 3550 3550; baseline 0.015 -35"><span class='ocrx_word' id='word_1_633' title='bbox 1963 3461 2081 3516; x_wconf 87' lang='lat' dir='ltr'><strong>ﬁeri</strong></span> <span class='ocrx_word' id='word_1_634' title='bbox 2121 3466 2416 3534; x_wconf 87' lang='lat' dir='ltr'><strong>potuisset;</strong></span> <span class='ocrx_word' id='word_1_635' title='bbox 2447 3467 2503 3523; x_wconf 92' lang='lat' dir='ltr'><strong>in</strong></span> <span class='ocrx_word' id='word_1_636' title='bbox 2531 3470 2838 3538; x_wconf 88' lang='lat' dir='ltr'><strong>occasione,</strong></span> <span class='ocrx_word' id='word_1_637' title='bbox 2871 3487 2969 3527; x_wconf 90' lang='lat' dir='ltr'><strong>cur</strong></span> <span class='ocrx_word' id='word_1_638' title='bbox 3023 3474 3206 3533; x_wconf 76' lang='lat' dir='ltr'><strong>facere</strong></span> <span class='ocrx_word' id='word_1_639' title='bbox 3255 3479 3550 3550; x_wconf 86' lang='lat' dir='ltr'><strong>voluisset;</strong></span> 
     </span>
    </p>
   </div>
   <div class='ocr_carea' id='block_1_90' title="bbox 1964 3553 3555 3637">
    <p class='ocr_par' dir='ltr' id='par_1_90' title="bbox 1964 3553 3555 3637">
     <span class='ocr_line' id='line_1_90' title="bbox 1964 3553 3555 3637; baseline 0.015 -28"><span class='ocrx_word' id='word_1_640' title='bbox 1964 3553 2018 3610; x_wconf 91' lang='lat' dir='ltr'><strong>in</strong></span> <span class='ocrx_word' id='word_1_641' title='bbox 2039 3553 2313 3625; x_wconf 77' lang='lat' dir='ltr'><strong>facultate,</strong></span> <span class='ocrx_word' id='word_1_642' title='bbox 2329 3560 2374 3615; x_wconf 91' lang='lat' dir='ltr'><strong>si</strong></span> <span class='ocrx_word' id='word_1_643' title='bbox 2402 3560 2450 3615; x_wconf 91' lang='lat' dir='ltr'><strong>ei</strong></span> <span class='ocrx_word' id='word_1_644' title='bbox 2481 3563 2850 3633; x_wconf 88' lang='lat' dir='ltr'><strong>suppeditaret</strong></span> <span class='ocrx_word' id='word_1_645' title='bbox 2875 3576 3117 3637; x_wconf 86' lang='lat' dir='ltr'><strong>potestas</strong></span> <span class='ocrx_word' id='word_1_646' title='bbox 3160 3570 3414 3629; x_wconf 76' lang='lat' dir='ltr'><strong>faciendi.</strong></span> <span class='ocrx_word' id='word_1_647' title='bbox 3449 3575 3555 3632; x_wconf 86' lang='lat' dir='ltr'><strong>Per</strong></span> 
     </span>
    </p>
   </div>
   <div class='ocr_carea' id='block_1_91' title="bbox 1962 3646 3553 3736">
    <p class='ocr_par' dir='ltr' id='par_1_91' title="bbox 1962 3646 3553 3736">
     <span class='ocr_line' id='line_1_91' title="bbox 1962 3646 3553 3736; baseline 0.014 -35"><span class='ocrx_word' id='word_1_648' title='bbox 1962 3646 2248 3736; x_wconf 26' lang='lat' dir='ltr'><strong>hastenim</strong></span> <span class='ocrx_word' id='word_1_649' title='bbox 2273 3650 2713 3710; x_wconf 84' lang='lat' dir='ltr'><strong>circumstantias</strong></span> <span class='ocrx_word' id='word_1_650' title='bbox 2740 3663 2796 3710; x_wconf 92' lang='lat' dir='ltr'><strong>et</strong></span> <span class='ocrx_word' id='word_1_651' title='bbox 2824 3659 3135 3714; x_wconf 85' lang='lat' dir='ltr'><strong>conﬁrmari</strong></span> <span class='ocrx_word' id='word_1_652' title='bbox 3178 3668 3358 3732; x_wconf 88' lang='lat' dir='ltr'><strong>potest</strong></span> <span class='ocrx_word' id='word_1_653' title='bbox 3388 3677 3553 3725; x_wconf 79' lang='lat' dir='ltr'><strong>causa</strong></span> 
     </span>
    </p>
   </div>
   <div class='ocr_carea' id='block_1_92' title="bbox 1961 3737 3552 3828">
    <p class='ocr_par' dir='ltr' id='par_1_92' title="bbox 1961 3737 3552 3828">
     <span class='ocr_line' id='line_1_92' title="bbox 1961 3737 3552 3828; baseline 0.012 -32"><span class='ocrx_word' id='word_1_654' title='bbox 1961 3749 2016 3796; x_wconf 88' lang='lat' dir='ltr'><strong>et</strong></span> <span class='ocrx_word' id='word_1_655' title='bbox 2042 3737 2324 3798; x_wconf 85' lang='lat' dir='ltr'><strong>inﬁrmari.</strong></span> <span class='ocrx_word' id='word_1_656' title='bbox 2376 3744 2601 3802; x_wconf 86' lang='lat' dir='ltr'><strong>Frustra</strong></span> <span class='ocrx_word' id='word_1_657' title='bbox 2629 3744 2774 3802; x_wconf 89' lang='lat' dir='ltr'><strong>enim</strong></span> <span class='ocrx_word' id='word_1_658' title='bbox 2819 3749 2873 3804; x_wconf 92' lang='lat' dir='ltr'><strong>in</strong></span> <span class='ocrx_word' id='word_1_659' title='bbox 2933 3755 3303 3812; x_wconf 86' lang='lat' dir='ltr'><strong>controversia</strong></span> <span class='ocrx_word' id='word_1_660' title='bbox 3353 3760 3552 3828; x_wconf 74' lang='lat' dir='ltr'><strong>quaeris</strong></span> 
     </span>
    </p>
   </div>
   <div class='ocr_carea' id='block_1_93' title="bbox 1963 3832 3552 3909">
    <p class='ocr_par' dir='ltr' id='par_1_93' title="bbox 1963 3832 3552 3909">
     <span class='ocr_line' id='line_1_93' title="bbox 1963 3832 3552 3909; baseline 0.014 -24"><span class='ocrx_word' id='word_1_661' title='bbox 1963 3833 2092 3901; x_wconf 87' lang='lat' dir='ltr'><strong>quid</strong></span> <span class='ocrx_word' id='word_1_662' title='bbox 2122 3832 2325 3889; x_wconf 80' lang='lat' dir='ltr'><strong>factum</strong></span> <span class='ocrx_word' id='word_1_663' title='bbox 2354 3837 2444 3902; x_wconf 90' lang='lat' dir='ltr'><strong>sit,</strong></span> <span class='ocrx_word' id='word_1_664' title='bbox 2469 3837 2514 3892; x_wconf 91' lang='lat' dir='ltr'><strong>si</strong></span> <span class='ocrx_word' id='word_1_665' title='bbox 2562 3854 2796 3909; x_wconf 88' lang='lat' dir='ltr'><strong>persona</strong></span> <span class='ocrx_word' id='word_1_666' title='bbox 2837 3840 3087 3898; x_wconf 77' lang='lat' dir='ltr'><strong>facientis</strong></span> <span class='ocrx_word' id='word_1_667' title='bbox 3131 3845 3323 3902; x_wconf 88' lang='lat' dir='ltr'><strong>deerit.</strong></span> <span class='ocrx_word' id='word_1_668' title='bbox 3355 3849 3421 3905; x_wconf 83' lang='lat' dir='ltr'><strong>Et</strong></span> <span class='ocrx_word' id='word_1_669' title='bbox 3450 3852 3552 3906; x_wconf 82' lang='lat' dir='ltr'><strong>ite-</strong></span> 
     </span>
    </p>
   </div>
   <div class='ocr_carea' id='block_1_94' title="bbox 1962 3927 3553 4001">
    <p class='ocr_par' dir='ltr' id='par_1_94' title="bbox 1962 3927 3553 4001">
     <span class='ocr_line' id='line_1_94' title="bbox 1962 3927 3553 4001; baseline 0.014 -21"><span class='ocrx_word' id='word_1_670' title='bbox 1962 3941 2083 3981; x_wconf 91' lang='lat' dir='ltr'><strong>rum</strong></span> <span class='ocrx_word' id='word_1_671' title='bbox 2103 3941 2390 3998; x_wconf 87' lang='lat' dir='ltr'><strong>personam</strong></span> <span class='ocrx_word' id='word_1_672' title='bbox 2422 3927 2622 3986; x_wconf 77' lang='lat' dir='ltr'><strong>frustra</strong></span> <span class='ocrx_word' id='word_1_673' title='bbox 2649 3934 2915 3994; x_wconf 88' lang='lat' dir='ltr'><strong>ostendis.</strong></span> <span class='ocrx_word' id='word_1_674' title='bbox 2946 3936 2990 3989; x_wconf 92' lang='lat' dir='ltr'><strong>si</strong></span> <span class='ocrx_word' id='word_1_675' title='bbox 3019 3935 3220 3993; x_wconf 77' lang='lat' dir='ltr'><strong>factum</strong></span> <span class='ocrx_word' id='word_1_676' title='bbox 3241 3954 3348 3996; x_wconf 90' lang='lat' dir='ltr'><strong>non</strong></span> <span class='ocrx_word' id='word_1_677' title='bbox 3372 3943 3553 4001; x_wconf 85' lang='lat' dir='ltr'><strong>aderit</strong></span> 
     </span>
    </p>
   </div>
   <div class='ocr_carea' id='block_1_95' title="bbox 1961 4019 3549 4099">
    <p class='ocr_par' dir='ltr' id='par_1_95' title="bbox 1961 4019 3549 4099">
     <span class='ocr_line' id='line_1_95' title="bbox 1961 4019 3549 4099; baseline 0.011 -26"><span class='ocrx_word' id='word_1_678' title='bbox 1961 4033 2227 4089; x_wconf 59' lang='lat' dir='ltr'><strong>personat.</strong></span> <span class='ocrx_word' id='word_1_679' title='bbox 2267 4019 2401 4077; x_wconf 83' lang='lat' dir='ltr'><strong>item</strong></span> <span class='ocrx_word' id='word_1_680' title='bbox 2427 4020 2520 4076; x_wconf 86' lang='lat' dir='ltr'><strong>tali</strong></span> <span class='ocrx_word' id='word_1_681' title='bbox 2570 4021 2622 4077; x_wconf 89' lang='lat' dir='ltr'><strong>in</strong></span> <span class='ocrx_word' id='word_1_682' title='bbox 2663 4023 2781 4079; x_wconf 91' lang='lat' dir='ltr'><strong>loco</strong></span> <span class='ocrx_word' id='word_1_683' title='bbox 2809 4025 2916 4096; x_wconf 85' lang='lat' dir='ltr'><strong>[vel</strong></span> <span class='ocrx_word' id='word_1_684' title='bbox 2971 4027 3087 4099; x_wconf 89' lang='lat' dir='ltr'><strong>tali]</strong></span> <span class='ocrx_word' id='word_1_685' title='bbox 3139 4036 3379 4099; x_wconf 86' lang='lat' dir='ltr'><strong>tempore</strong></span> <span class='ocrx_word' id='word_1_686' title='bbox 3425 4033 3549 4090; x_wconf 90' lang='lat' dir='ltr'><strong>talis</strong></span> 
     </span>
    </p>
   </div>
   <div class='ocr_carea' id='block_1_96' title="bbox 1962 4110 3546 4199">
    <p class='ocr_par' dir='ltr' id='par_1_96' title="bbox 1962 4110 3546 4199">
     <span class='ocr_line' id='line_1_96' title="bbox 1962 4110 3546 4199; baseline 0.009 -33"><span class='ocrx_word' id='word_1_687' title='bbox 1962 4126 2052 4167; x_wconf 89' lang='lat' dir='ltr'><strong>res</strong></span> <span class='ocrx_word' id='word_1_688' title='bbox 2080 4110 2196 4165; x_wconf 91' lang='lat' dir='ltr'><strong>ﬁeri</strong></span> <span class='ocrx_word' id='word_1_689' title='bbox 2221 4126 2328 4167; x_wconf 90' lang='lat' dir='ltr'><strong>non</strong></span> <span class='ocrx_word' id='word_1_690' title='bbox 2354 4116 2549 4182; x_wconf 90' lang='lat' dir='ltr'><strong>potuit,</strong></span> <span class='ocrx_word' id='word_1_691' title='bbox 2579 4112 2734 4186; x_wconf 89' lang='lat' dir='ltr'><strong>[item</strong></span> <span class='ocrx_word' id='word_1_692' title='bbox 2758 4132 2864 4172; x_wconf 92' lang='lat' dir='ltr'><strong>non</strong></span> <span class='ocrx_word' id='word_1_693' title='bbox 2895 4133 2960 4173; x_wconf 93' lang='lat' dir='ltr'><strong>eo</strong></span> <span class='ocrx_word' id='word_1_694' title='bbox 2988 4120 3149 4175; x_wconf 90' lang='lat' dir='ltr'><strong>modo</strong></span> <span class='ocrx_word' id='word_1_695' title='bbox 3180 4119 3294 4178; x_wconf 83' lang='lat' dir='ltr'><strong>ﬁeri</strong></span> <span class='ocrx_word' id='word_1_696' title='bbox 3328 4126 3546 4199; x_wconf 86' lang='lat' dir='ltr'><strong>potuit],</strong></span> 
     </span>
    </p>
   </div>
   <div class='ocr_carea' id='block_1_97' title="bbox 1960 4205 3549 4276">
    <p class='ocr_par' dir='ltr' id='par_1_97' title="bbox 1960 4205 3549 4276">
     <span class='ocr_line' id='line_1_97' title="bbox 1960 4205 3549 4276; baseline 0.011 -17"><span class='ocrx_word' id='word_1_697' title='bbox 1960 4213 2022 4259; x_wconf 92' lang='lat' dir='ltr'><strong>ut</strong></span> <span class='ocrx_word' id='word_1_698' title='bbox 2065 4205 2284 4269; x_wconf 85' lang='lat' dir='ltr'><strong>asseris,</strong></span> <span class='ocrx_word' id='word_1_699' title='bbox 2308 4221 2408 4264; x_wconf 89' lang='lat' dir='ltr'><strong>nec</strong></span> <span class='ocrx_word' id='word_1_700' title='bbox 2456 4207 2577 4264; x_wconf 88' lang='lat' dir='ltr'><strong>ideo</strong></span> <span class='ocrx_word' id='word_1_701' title='bbox 2609 4207 2788 4265; x_wconf 82' lang='lat' dir='ltr'><strong>facere</strong></span> <span class='ocrx_word' id='word_1_702' title='bbox 2810 4209 2978 4265; x_wconf 90' lang='lat' dir='ltr'><strong>voluit</strong></span> <span class='ocrx_word' id='word_1_703' title='bbox 3008 4253 3021 4276; x_wconf 93' lang='lat'><strong>,</strong></span> <span class='ocrx_word' id='word_1_704' title='bbox 3065 4228 3168 4269; x_wconf 91' lang='lat' dir='ltr'><strong>nec</strong></span> <span class='ocrx_word' id='word_1_705' title='bbox 3214 4215 3336 4271; x_wconf 88' lang='lat' dir='ltr'><strong>talis</strong></span> <span class='ocrx_word' id='word_1_706' title='bbox 3384 4217 3549 4276; x_wconf 83' lang='lat' dir='ltr'><strong>homo</strong></span> 
     </span>
    </p>
   </div>
   <div class='ocr_carea' id='block_1_98' title="bbox 1963 4297 3544 4381">
    <p class='ocr_par' dir='ltr' id='par_1_98' title="bbox 1963 4297 3544 4381">
     <span class='ocr_line' id='line_1_98' title="bbox 1963 4297 3544 4381; baseline 0.01 -30"><span class='ocrx_word' id='word_1_707' title='bbox 1963 4297 2124 4352; x_wconf 87' lang='lat' dir='ltr'><strong>talem</strong></span> <span class='ocrx_word' id='word_1_708' title='bbox 2154 4298 2345 4354; x_wconf 89' lang='lat' dir='ltr'><strong>habuit</strong></span> <span class='ocrx_word' id='word_1_709' title='bbox 2388 4308 2732 4370; x_wconf 89' lang='lat' dir='ltr'><strong>potestatem,</strong></span> <span class='ocrx_word' id='word_1_710' title='bbox 2771 4312 2830 4357; x_wconf 92' lang='lat' dir='ltr'><strong>ut</strong></span> <span class='ocrx_word' id='word_1_711' title='bbox 2885 4305 2990 4360; x_wconf 88' lang='lat' dir='ltr'><strong>hoc</strong></span> <span class='ocrx_word' id='word_1_712' title='bbox 3027 4305 3212 4363; x_wconf 78' lang='lat' dir='ltr'><strong>facere</strong></span> <span class='ocrx_word' id='word_1_713' title='bbox 3260 4313 3544 4381; x_wconf 90' lang='lat' dir='ltr'><strong>potuisset.</strong></span> 
     </span>
    </p>
   </div>
   <div class='ocr_carea' id='block_1_99' title="bbox 2033 4389 3544 4468">
    <p class='ocr_par' dir='ltr' id='par_1_99' title="bbox 2033 4389 3544 4468">
     <span class='ocr_line' id='line_1_99' title="bbox 2033 4389 3544 4468; baseline 0.011 -23"><span class='ocrx_word' id='word_1_714' title='bbox 2033 4389 2166 4445; x_wconf 71' lang='lat' dir='ltr'><strong>Cas.</strong></span> <span class='ocrx_word' id='word_1_715' title='bbox 2222 4390 2351 4448; x_wconf 89' lang='lat' dir='ltr'><strong>Loci</strong></span> <span class='ocrx_word' id='word_1_716' title='bbox 2403 4397 2895 4451; x_wconf 86' lang='lat' dir='ltr'><strong>controversiarum</strong></span> <span class='ocrx_word' id='word_1_717' title='bbox 2931 4409 3059 4468; x_wconf 87' lang='lat' dir='ltr'><strong>quot</strong></span> <span class='ocrx_word' id='word_1_718' title='bbox 3119 4403 3377 4456; x_wconf 82' lang='lat' dir='ltr'><strong>aunt?—</strong></span> <span class='ocrx_word' id='word_1_719' title='bbox 3411 4394 3544 4462; x_wconf 71' lang='grc' dir='ltr'><strong>Αιί</strong></span> 
     </span>
    </p>
   </div>
   <div class='ocr_carea' id='block_1_100' title="bbox 1884 4483 3548 4581">
    <p class='ocr_par' dir='ltr' id='par_1_100' title="bbox 1884 4483 3548 4581">
     <span class='ocr_line' id='line_1_100' title="bbox 1884 4483 3548 4581; baseline 0.01 -43"><span class='ocrx_word' id='word_1_720' title='bbox 1884 4520 1938 4581; x_wconf 75' lang='lat' dir='ltr'><strong><em>D</em></strong></span> <span class='ocrx_word' id='word_1_721' title='bbox 1963 4483 2093 4540; x_wconf 87' lang='lat' dir='ltr'><strong>Loci</strong></span> <span class='ocrx_word' id='word_1_722' title='bbox 2135 4487 2652 4553; x_wconf 87' lang='lat' dir='ltr'><strong>controversiarum,</strong></span> <span class='ocrx_word' id='word_1_723' title='bbox 2683 4503 2820 4558; x_wconf 87' lang='lat' dir='ltr'><strong>quos</strong></span> <span class='ocrx_word' id='word_1_724' title='bbox 2852 4490 3095 4548; x_wconf 81' lang='lat' dir='ltr'><strong>rhetores</strong></span> <span class='ocrx_word' id='word_1_725' title='bbox 3144 4483 3318 4551; x_wconf 88' lang='lat' dir='ltr'><strong>status</strong></span> <span class='ocrx_word' id='word_1_726' title='bbox 3358 4512 3548 4554; x_wconf 83' lang='lat' dir='ltr'><strong>causa-</strong></span> 
     </span>
    </p>
   </div>
   <div class='ocr_carea' id='block_1_101' title="bbox 1962 4577 3548 4660">
    <p class='ocr_par' dir='ltr' id='par_1_101' title="bbox 1962 4577 3548 4660">
     <span class='ocr_line' id='line_1_101' title="bbox 1962 4577 3548 4660; baseline 0.009 -29"><span class='ocrx_word' id='word_1_727' title='bbox 1962 4593 2081 4632; x_wconf 88' lang='lat' dir='ltr'><strong>rum</strong></span> <span class='ocrx_word' id='word_1_728' title='bbox 2111 4577 2406 4648; x_wconf 87' lang='lat' dir='ltr'><strong>appellant,</strong></span> <span class='ocrx_word' id='word_1_729' title='bbox 2441 4580 2492 4634; x_wconf 88' lang='lat' dir='ltr'><strong>id</strong></span> <span class='ocrx_word' id='word_1_730' title='bbox 2522 4587 2626 4644; x_wconf 90' lang='lat' dir='ltr'><strong>est,</strong></span> <span class='ocrx_word' id='word_1_731' title='bbox 2656 4581 2749 4636; x_wconf 90' lang='lat' dir='ltr'><strong>ubi</strong></span> <span class='ocrx_word' id='word_1_732' title='bbox 2781 4584 3009 4651; x_wconf 79' lang='lat' dir='ltr'><strong>qmestio</strong></span> <span class='ocrx_word' id='word_1_733' title='bbox 3057 4585 3305 4643; x_wconf 85' lang='lat' dir='ltr'><strong>consistit</strong></span> <span class='ocrx_word' id='word_1_734' title='bbox 3332 4597 3388 4643; x_wconf 88' lang='lat' dir='ltr'><strong>et</strong></span> <span class='ocrx_word' id='word_1_735' title='bbox 3435 4589 3548 4660; x_wconf 90' lang='lat' dir='ltr'><strong>pri-</strong></span> 
     </span>
    </p>
   </div>
   <div class='ocr_carea' id='block_1_102' title="bbox 1958 4665 3546 4746">
    <p class='ocr_par' dir='ltr' id='par_1_102' title="bbox 1958 4665 3546 4746">
     <span class='ocr_line' id='line_1_102' title="bbox 1958 4665 3546 4746; baseline 0.007 -27"><span class='ocrx_word' id='word_1_736' title='bbox 1958 4679 2107 4719; x_wconf 84' lang='lat' dir='ltr'><strong>mum</strong></span> <span class='ocrx_word' id='word_1_737' title='bbox 2137 4679 2242 4718; x_wconf 92' lang='lat' dir='ltr'><strong>non</strong></span> <span class='ocrx_word' id='word_1_738' title='bbox 2265 4665 2581 4721; x_wconf 88' lang='lat' dir='ltr'><strong>convenerit</strong></span> <span class='ocrx_word' id='word_1_739' title='bbox 2618 4665 2760 4720; x_wconf 90' lang='lat' dir='ltr'><strong>inter</strong></span> <span class='ocrx_word' id='word_1_740' title='bbox 2804 4677 3010 4737; x_wconf 87' lang='lat' dir='ltr'><strong>partes,</strong></span> <span class='ocrx_word' id='word_1_741' title='bbox 3042 4679 3170 4726; x_wconf 89' lang='lat' dir='ltr'><strong>sunt</strong></span> <span class='ocrx_word' id='word_1_742' title='bbox 3217 4674 3546 4746; x_wconf 84' lang='lat' dir='ltr'><strong>rationales,</strong></span> 
     </span>
    </p>
   </div>
   <div class='ocr_carea' id='block_1_103' title="bbox 1959 4754 2302 4826">
    <p class='ocr_par' dir='ltr' id='par_1_103' title="bbox 1959 4754 2302 4826">
     <span class='ocr_line' id='line_1_103' title="bbox 1959 4754 2302 4826; baseline -0.003 -16"><span class='ocrx_word' id='word_1_743' title='bbox 1959 4763 2055 4810; x_wconf 89' lang='lat' dir='ltr'><strong>aut</strong></span> <span class='ocrx_word' id='word_1_744' title='bbox 2083 4754 2302 4826; x_wconf 83' lang='lat' dir='ltr'><strong>legales.</strong></span> 
     </span>
    </p>
   </div>
   <div class='ocr_carea' id='block_1_104' title="bbox 2029 4845 3546 4923">
    <p class='ocr_par' dir='ltr' id='par_1_104' title="bbox 2029 4845 3546 4923">
     <span class='ocr_line' id='line_1_104' title="bbox 2029 4845 3546 4923; baseline 0.007 -21"><span class='ocrx_word' id='word_1_745' title='bbox 2029 4845 2162 4902; x_wconf 71' lang='lat' dir='ltr'><strong>Cn.</strong></span> <span class='ocrx_word' id='word_1_746' title='bbox 2203 4845 2346 4914; x_wconf 86' lang='lat' dir='ltr'><strong>Quot</strong></span> <span class='ocrx_word' id='word_1_747' title='bbox 2368 4855 2494 4902; x_wconf 88' lang='lat' dir='ltr'><strong>sunt</strong></span> <span class='ocrx_word' id='word_1_748' title='bbox 2518 4848 2848 4905; x_wconf 87' lang='lat' dir='ltr'><strong>rationales?</strong></span> <span class='ocrx_word' id='word_1_749' title='bbox 2893 4880 2963 4893; x_wconf 82' lang='lat'><strong>-</strong></span> <span class='ocrx_word' id='word_1_750' title='bbox 2995 4852 3128 4908; x_wconf 67' lang='lat' dir='ltr'><strong>Ana.</strong></span> <span class='ocrx_word' id='word_1_751' title='bbox 3172 4851 3432 4923; x_wconf 87' lang='lat' dir='ltr'><strong>Quatuor,</strong></span> <span class='ocrx_word' id='word_1_752' title='bbox 3464 4858 3546 4913; x_wconf 75' lang='lat' dir='ltr'><strong>vi-</strong></span> 
     </span>
    </p>
   </div>
   <div class='ocr_carea' id='block_1_105' title="bbox 1957 4934 3543 5013">
    <p class='ocr_par' dir='ltr' id='par_1_105' title="bbox 1957 4934 3543 5013">
     <span class='ocr_line' id='line_1_105' title="bbox 1957 4934 3543 5013; baseline 0.01 -21"><span class='ocrx_word' id='word_1_753' title='bbox 1957 4937 2156 4993; x_wconf 89' lang='lat' dir='ltr'><strong>delicet</strong></span> <span class='ocrx_word' id='word_1_754' title='bbox 2181 4936 2334 5005; x_wconf 80' lang='lat' dir='ltr'><strong>facti,</strong></span> <span class='ocrx_word' id='word_1_755' title='bbox 2364 4947 2458 4993; x_wconf 90' lang='lat' dir='ltr'><strong>aut</strong></span> <span class='ocrx_word' id='word_1_756' title='bbox 2486 4940 2738 5006; x_wconf 88' lang='lat' dir='ltr'><strong>nominis,</strong></span> <span class='ocrx_word' id='word_1_757' title='bbox 2779 4951 2871 4997; x_wconf 90' lang='lat' dir='ltr'><strong>aut</strong></span> <span class='ocrx_word' id='word_1_758' title='bbox 2919 4934 3217 5013; x_wconf 83' lang='lat' dir='ltr'><strong>qualitatis,</strong></span> <span class='ocrx_word' id='word_1_759' title='bbox 3241 4958 3333 5003; x_wconf 89' lang='lat' dir='ltr'><strong>aut</strong></span> <span class='ocrx_word' id='word_1_760' title='bbox 3366 4957 3543 5007; x_wconf 82' lang='lat' dir='ltr'><strong>trans-</strong></span> 
     </span>
    </p>
   </div>
   <div class='ocr_carea' id='block_1_106' title="bbox 1955 5031 2191 5088">
    <p class='ocr_par' dir='ltr' id='par_1_106' title="bbox 1955 5031 2191 5088">
     <span class='ocr_line' id='line_1_106' title="bbox 1955 5031 2191 5088; baseline -0.008 -1"><span class='ocrx_word' id='word_1_761' title='bbox 1955 5031 2191 5088; x_wconf 89' lang='lat' dir='ltr'><strong>lationis.</strong></span> 
     </span>
    </p>
   </div>
   <div class='ocr_carea' id='block_1_107' title="bbox 2026 5122 3541 5195">
    <p class='ocr_par' dir='ltr' id='par_1_107' title="bbox 2026 5122 3541 5195">
     <span class='ocr_line' id='line_1_107' title="bbox 2026 5122 3541 5195; baseline 0.006 -16"><span class='ocrx_word' id='word_1_762' title='bbox 2026 5122 2160 5179; x_wconf 61' lang='grc' dir='ltr'><strong>(ΖΑΒ.</strong></span> <span class='ocrx_word' id='word_1_763' title='bbox 2189 5122 2538 5192; x_wconf 85' lang='lat' dir='ltr'><strong>Singulorum</strong></span> <span class='ocrx_word' id='word_1_764' title='bbox 2586 5125 2828 5195; x_wconf 79' lang='lat' dir='ltr'><strong>exempla</strong></span> <span class='ocrx_word' id='word_1_765' title='bbox 2876 5125 3078 5195; x_wconf 80' lang='lat' dir='ltr'><strong>profer.</strong></span> <span class='ocrx_word' id='word_1_766' title='bbox 3107 5157 3174 5168; x_wconf 80' lang='lat'><strong>——</strong></span> <span class='ocrx_word' id='word_1_767' title='bbox 3198 5127 3330 5184; x_wconf 63' lang='lat' dir='ltr'><strong>Aur.</strong></span> <span class='ocrx_word' id='word_1_768' title='bbox 3360 5130 3541 5188; x_wconf 78' lang='lat' dir='ltr'><strong>Prima</strong></span> 
     </span>
    </p>
   </div>
   <div class='ocr_carea' id='block_1_108' title="bbox 1957 5216 3542 5286">
    <p class='ocr_par' dir='ltr' id='par_1_108' title="bbox 1957 5216 3542 5286">
     <span class='ocr_line' id='line_1_108' title="bbox 1957 5216 3542 5286; baseline 0.004 -13"><span class='ocrx_word' id='word_1_769' title='bbox 1957 5225 2042 5273; x_wconf 89' lang='lat' dir='ltr'><strong>est</strong></span> <span class='ocrx_word' id='word_1_770' title='bbox 2067 5216 2194 5273; x_wconf 82' lang='lat' dir='ltr'><strong>facti</strong></span> <span class='ocrx_word' id='word_1_771' title='bbox 2242 5217 2414 5286; x_wconf 87' lang='lat' dir='ltr'><strong>ipsius</strong></span> <span class='ocrx_word' id='word_1_772' title='bbox 2460 5218 2856 5283; x_wconf 84' lang='lat' dir='ltr'><strong>controversia;</strong></span> <span class='ocrx_word' id='word_1_773' title='bbox 2892 5228 2950 5271; x_wconf 91' lang='lat' dir='ltr'><strong>ut</strong></span> <span class='ocrx_word' id='word_1_774' title='bbox 2994 5228 3115 5273; x_wconf 89' lang='lat' dir='ltr'><strong>est:</strong></span> <span class='ocrx_word' id='word_1_775' title='bbox 3173 5217 3401 5283; x_wconf 73' lang='lat' dir='ltr'><strong>Fecisti;</strong></span> <span class='ocrx_word' id='word_1_776' title='bbox 3439 5241 3542 5280; x_wconf 74' lang='lat' dir='ltr'><strong>non</strong></span> 
     </span>
    </p>
   </div>
   <div class='ocr_carea' id='block_1_109' title="bbox 1959 5309 3541 5381">
    <p class='ocr_par' dir='ltr' id='par_1_109' title="bbox 1959 5309 3541 5381">
     <span class='ocr_line' id='line_1_109' title="bbox 1959 5309 3541 5381; baseline 0.007 -18"><span class='ocrx_word' id='word_1_777' title='bbox 1959 5309 2079 5380; x_wconf 81' lang='lat' dir='ltr'><strong>feci.</strong></span> <span class='ocrx_word' id='word_1_778' title='bbox 2112 5309 2181 5365; x_wconf 84' lang='lat' dir='ltr'><strong>Et</strong></span> <span class='ocrx_word' id='word_1_779' title='bbox 2210 5310 2323 5364; x_wconf 64' lang='lat' dir='ltr'><strong>haec</strong></span> <span class='ocrx_word' id='word_1_780' title='bbox 2348 5311 2523 5380; x_wconf 86' lang='lat' dir='ltr'><strong>prima</strong></span> <span class='ocrx_word' id='word_1_781' title='bbox 2550 5313 2913 5366; x_wconf 87' lang='lat' dir='ltr'><strong>controversia</strong></span> <span class='ocrx_word' id='word_1_782' title='bbox 2933 5353 2947 5375; x_wconf 92' lang='lat'><strong>,</strong></span> <span class='ocrx_word' id='word_1_783' title='bbox 2971 5327 3093 5381; x_wconf 64' lang='lat' dir='ltr'><strong>qua:</strong></span> <span class='ocrx_word' id='word_1_784' title='bbox 3138 5313 3190 5368; x_wconf 91' lang='lat' dir='ltr'><strong>in</strong></span> <span class='ocrx_word' id='word_1_785' title='bbox 3217 5315 3360 5370; x_wconf 80' lang='lat' dir='ltr'><strong>l‘acto</strong></span> <span class='ocrx_word' id='word_1_786' title='bbox 3407 5333 3541 5374; x_wconf 86' lang='lat' dir='ltr'><strong>con-</strong></span> 
     </span>
    </p>
   </div>
   <div class='ocr_carea' id='block_1_110' title="bbox 1963 5401 3544 5479">
    <p class='ocr_par' dir='ltr' id='par_1_110' title="bbox 1963 5401 3544 5479">
     <span class='ocr_line' id='line_1_110' title="bbox 1963 5401 3544 5479; baseline 0.004 -22"><span class='ocrx_word' id='word_1_787' title='bbox 1963 5411 2090 5467; x_wconf 85' lang='lat' dir='ltr'><strong>stat,</strong></span> <span class='ocrx_word' id='word_1_788' title='bbox 2107 5401 2304 5456; x_wconf 90' lang='lat' dir='ltr'><strong>dicitur</strong></span> <span class='ocrx_word' id='word_1_789' title='bbox 2317 5401 2696 5471; x_wconf 84' lang='lat' dir='ltr'><strong>conjecturalis</strong></span> <span class='ocrx_word' id='word_1_790' title='bbox 2726 5403 3060 5468; x_wconf 85' lang='lat' dir='ltr'><strong>constitutio,</strong></span> <span class='ocrx_word' id='word_1_791' title='bbox 3076 5407 3200 5474; x_wconf 87' lang='lat' dir='ltr'><strong>quia</strong></span> <span class='ocrx_word' id='word_1_792' title='bbox 3216 5409 3544 5479; x_wconf 69' lang='lat' dir='ltr'><strong>coniecturis</strong></span> 
     </span>
    </p>
   </div>
   <div class='ocr_carea' id='block_1_111' title="bbox 1958 5489 3541 5561">
    <p class='ocr_par' dir='ltr' id='par_1_111' title="bbox 1958 5489 3541 5561">
     <span class='ocr_line' id='line_1_111' title="bbox 1958 5489 3541 5561; baseline 0.002 -13"><span class='ocrx_word' id='word_1_793' title='bbox 1958 5507 2048 5548; x_wconf 88' lang='lat' dir='ltr'><strong>res</strong></span> <span class='ocrx_word' id='word_1_794' title='bbox 2068 5489 2396 5561; x_wconf 81' lang='lat' dir='ltr'><strong>exploranda</strong></span> <span class='ocrx_word' id='word_1_795' title='bbox 2424 5499 2510 5547; x_wconf 90' lang='lat' dir='ltr'><strong>est</strong></span> <span class='ocrx_word' id='word_1_796' title='bbox 2534 5491 2580 5546; x_wconf 90' lang='lat' dir='ltr'><strong>si</strong></span> <span class='ocrx_word' id='word_1_797' title='bbox 2612 5490 2850 5556; x_wconf 82' lang='lat' dir='ltr'><strong>fecisset,</strong></span> <span class='ocrx_word' id='word_1_798' title='bbox 2876 5506 2944 5545; x_wconf 89' lang='lat' dir='ltr'><strong>an</strong></span> <span class='ocrx_word' id='word_1_799' title='bbox 2974 5507 3100 5548; x_wconf 90' lang='lat' dir='ltr'><strong>non.</strong></span> <span class='ocrx_word' id='word_1_800' title='bbox 3126 5493 3197 5550; x_wconf 78' lang='lat' dir='ltr'><strong>At</strong></span> <span class='ocrx_word' id='word_1_801' title='bbox 3218 5510 3342 5551; x_wconf 87' lang='lat' dir='ltr'><strong>cum</strong></span> <span class='ocrx_word' id='word_1_802' title='bbox 3370 5495 3436 5551; x_wconf 90' lang='lat' dir='ltr'><strong>de</strong></span> <span class='ocrx_word' id='word_1_803' title='bbox 3460 5495 3541 5551; x_wconf 74' lang='lat' dir='ltr'><strong>fa-</strong></span> 
     </span>
    </p>
   </div>
   <div class='ocr_carea' id='block_1_112' title="bbox 1959 5581 3537 5654">
    <p class='ocr_par' dir='ltr' id='par_1_112' title="bbox 1959 5581 3537 5654">
     <span class='ocr_line' id='line_1_112' title="bbox 1959 5581 3537 5654; baseline 0.001 -15"><span class='ocrx_word' id='word_1_804' title='bbox 1959 5593 2048 5640; x_wconf 90' lang='lat' dir='ltr'><strong>cto</strong></span> <span class='ocrx_word' id='word_1_805' title='bbox 2069 5584 2321 5640; x_wconf 88' lang='lat' dir='ltr'><strong>convenit</strong></span> <span class='ocrx_word' id='word_1_806' title='bbox 2341 5581 2810 5654; x_wconf 83' lang='lat' dir='ltr'><strong>interlitigatorcs,</strong></span> <span class='ocrx_word' id='word_1_807' title='bbox 2829 5591 2956 5638; x_wconf 90' lang='lat' dir='ltr'><strong>tunc</strong></span> <span class='ocrx_word' id='word_1_808' title='bbox 2987 5597 3128 5654; x_wconf 62' lang='lat' dir='ltr'><strong>saepe</strong></span> <span class='ocrx_word' id='word_1_809' title='bbox 3147 5584 3382 5639; x_wconf 90' lang='lat' dir='ltr'><strong>nominis</strong></span> <span class='ocrx_word' id='word_1_810' title='bbox 3405 5600 3537 5641; x_wconf 88' lang='lat' dir='ltr'><strong>con-</strong></span> 
     </span>
    </p>
   </div>
   <div class='ocr_carea' id='block_1_113' title="bbox 1959 5674 3537 5745">
    <p class='ocr_par' dir='ltr' id='par_1_113' title="bbox 1959 5674 3537 5745">
     <span class='ocr_line' id='line_1_113' title="bbox 1959 5674 3537 5745; baseline 0.001 -14"><span class='ocrx_word' id='word_1_811' title='bbox 1959 5676 2276 5734; x_wconf 82' lang='lat' dir='ltr'><strong>troversiatn</strong></span> <span class='ocrx_word' id='word_1_812' title='bbox 2295 5674 2662 5739; x_wconf 86' lang='lat' dir='ltr'><strong>introducunt,</strong></span> <span class='ocrx_word' id='word_1_813' title='bbox 2681 5674 2803 5744; x_wconf 89' lang='lat' dir='ltr'><strong>quia</strong></span> <span class='ocrx_word' id='word_1_814' title='bbox 2819 5681 3104 5730; x_wconf 84' lang='lat' dir='ltr'><strong>accusator</strong></span> <span class='ocrx_word' id='word_1_815' title='bbox 3124 5690 3318 5745; x_wconf 85' lang='lat' dir='ltr'><strong>augere</strong></span> <span class='ocrx_word' id='word_1_816' title='bbox 3331 5676 3537 5732; x_wconf 84' lang='lat' dir='ltr'><strong>crimen</strong></span> 
     </span>
    </p>
   </div>
   <div class='ocr_carea' id='block_1_114' title="bbox 1958 5763 3538 5837">
    <p class='ocr_par' dir='ltr' id='par_1_114' title="bbox 1958 5763 3538 5837">
     <span class='ocr_line' id='line_1_114' title="bbox 1958 5763 3538 5837; baseline -0.002 -11"><span class='ocrx_word' id='word_1_817' title='bbox 1958 5785 2029 5826; x_wconf 74' lang='lat' dir='ltr'><strong>ex</strong></span> <span class='ocrx_word' id='word_1_818' title='bbox 2045 5767 2262 5826; x_wconf 83' lang='lat' dir='ltr'><strong>nomine</strong></span> <span class='ocrx_word' id='word_1_819' title='bbox 2290 5767 2516 5835; x_wconf 88' lang='lat' dir='ltr'><strong>nititur,</strong></span> <span class='ocrx_word' id='word_1_820' title='bbox 2567 5775 2618 5822; x_wconf 87' lang='lat' dir='ltr'><strong>et</strong></span> <span class='ocrx_word' id='word_1_821' title='bbox 2645 5763 2896 5822; x_wconf 73' lang='lat' dir='ltr'><strong>defensor</strong></span> <span class='ocrx_word' id='word_1_822' title='bbox 2924 5767 3164 5823; x_wconf 84' lang='lat' dir='ltr'><strong>minuere</strong></span> <span class='ocrx_word' id='word_1_823' title='bbox 3180 5783 3196 5830; x_wconf 62' lang='grc' dir='ltr'>ε</span> <span class='ocrx_word' id='word_1_824' title='bbox 3241 5774 3316 5832; x_wconf 88' lang='lat' dir='ltr'><strong>ut,</strong></span> <span class='ocrx_word' id='word_1_825' title='bbox 3343 5766 3386 5823; x_wconf 90' lang='lat' dir='ltr'><strong>si</strong></span> <span class='ocrx_word' id='word_1_826' title='bbox 3415 5767 3538 5837; x_wconf 79' lang='lat' dir='ltr'><strong>quis</strong></span> 
     </span>
    </p>
   </div>
   <div class='ocr_carea' id='block_1_115' title="bbox 3509 4375 3620 4414">
    <p class='ocr_par' dir='ltr' id='par_1_115' title="bbox 3509 4375 3620 4414">
     <span class='ocr_line' id='line_1_115' title="bbox 3509 4375 3620 4414; baseline 0 -15"><span class='ocrx_word' id='word_1_827' title='bbox 3509 4375 3620 4414; x_wconf 78' lang='lat'><em>/</em></span> 
     </span>
    </p>
   </div>
   <div class='ocr_carea' id='block_1_116' title="bbox 1978 1257 3819 1343">
    <p class='ocr_par' dir='ltr' id='par_1_116' title="bbox 1978 1257 3819 1343">
     <span class='ocr_line' id='line_1_116' title="bbox 1978 1257 3819 1343; baseline 0.005 -28"><span class='ocrx_word' id='word_1_828' title='bbox 1978 1266 2142 1314; x_wconf 64' lang='lat' dir='ltr'><strong>certae</strong></span> <span class='ocrx_word' id='word_1_829' title='bbox 2183 1274 2429 1332; x_wconf 67' lang='lat' dir='ltr'><strong>personzp</strong></span> <span class='ocrx_word' id='word_1_830' title='bbox 2458 1260 2674 1318; x_wconf 90' lang='lat' dir='ltr'><strong>laudem</strong></span> <span class='ocrx_word' id='word_1_831' title='bbox 2707 1265 2791 1319; x_wconf 91' lang='lat' dir='ltr'><strong>vel</strong></span> <span class='ocrx_word' id='word_1_832' title='bbox 2840 1266 3169 1338; x_wconf 87' lang='lat' dir='ltr'><strong>vituperium</strong></span> <span class='ocrx_word' id='word_1_833' title='bbox 3201 1267 3383 1343; x_wconf 77' lang='lat' dir='ltr'><strong>[Mss.,</strong></span> <span class='ocrx_word' id='word_1_834' title='bbox 3427 1272 3568 1329; x_wconf 84' lang='lat' dir='ltr'><strong>vitu-</strong></span> <span class='ocrx_word' id='word_1_835' title='bbox 3599 1257 3819 1293; x_wconf 42' lang='lat' dir='ltr'><strong>‘j’mw</strong></span> 
     </span>
    </p>
   </div>
  </div>
