4106 6476
469 323 595 383 -925

1307 321 1364 377 Β.
1406 320 1466 375 F.
1519 316 1747 375 ALBlNl
1788 314 1920 372 SEU
1960 309 2244 369 ALCUlNl
2283 309 2575 370 OPERUM
2610 309 2795 368 PARS
2833 309 2949 371 VH.

3670 311 3777 368 925

486 457 704 502 sacrum
732 457 763 499 e
791 441 911 499 loco
937 442 1150 512 privato
1172 442 1526 513 subripucrit,
1550 450 1733 497 utrum
1760 440 1849 497 fur
1882 442 1954 496 sit
1980 457 2062 497 no
2100 440 2148 498 Α
2177 437 2537 513 pervehitur].
2566 438 2684 505 Ille,
2706 440 2799 510 qui
2830 439 2885 494 in
2916 437 3154 511 gladium
3180 437 3540 505 incubuerat,
3587 437 3787 496 leviter

486 536 793 599 minandus,
825 552 895 591 an
944 534 1283 622 sacrilegus?
1319 534 1584 591 Defensor
1604 537 1697 597 ait,
1729 532 1903 590 furem
1929 548 2073 599 esse,

486 627 615 701 quia
649 624 737 683 fur
776 614 1142 698 quadruplum
1181 627 1341 683 solvit
1370 644 1385 681 :
1416 635 1705 683 accusator
1730 626 2074 697 sacrilegum,

486 720 617 791 quia
652 718 949 791 sacrilegus
1000 719 1177 789 capite
1222 718 1494 789 plectitur.
1548 718 1613 775 Et
1671 716 1833 791 [hinc]
1878 717 2079 774 consti-

488 811 626 869 tutio
646 809 933 866 diffinitiva
959 810 1188 877 dicitur;
1218 810 1343 880 quia
1366 810 1493 884 quid
1517 810 1589 865 sit
1610 808 1721 875 fur,
1744 818 1797 866 et
1829 809 1959 881 quid
1984 824 2076 864 sa-

487 902 724 974 crilegus
776 901 1143 959 dilliniendum
1195 912 1281 957 est
1334 905 1575 967 ratione;
1643 908 1700 957 et
1752 900 2075 967 videndum,

488 994 547 1053 in
578 993 735 1064 cujus
782 992 1159 1051 dillinitionem
1192 996 1384 1059 cadat,
1444 995 1537 1067 qui
1588 1010 1805 1051 sacrum
1854 995 1919 1049 de
1965 994 2079 1065 pri-

485 1092 614 1142 vato
641 1084 759 1142 loco
784 1085 1139 1156 subripuerit.
1194 1084 1251 1143 Si
1278 1102 1409 1142 vero
1436 1088 1576 1143 inter
1621 1094 1996 1142 accusatorem
2023 1093 2079 1142 et

486 1178 826 1237 defensorem
880 1178 1136 1236 convenit
1164 1179 1230 1235 de
1271 1180 1419 1237 facto
1462 1182 1618 1237 etde
1647 1181 1865 1235 nomine
1909 1180 2073 1245 facti,

486 1279 621 1327 tunc
640 1272 931 1342 quaxrenda
957 1278 1043 1326 est
1059 1271 1348 1328 aestimatio
1370 1272 1520 1338 facti,
1552 1274 1604 1328 id
1622 1282 1708 1328 est
1735 1312 1750 1337 ,
1803 1272 1967 1343 quale
2008 1273 2080 1329 sit

486 1360 710 1429 factum,
728 1361 937 1432 justum
963 1377 1031 1417 an
1068 1360 1353 1434 injustam,
1382 1365 1515 1420 utile
1542 1380 1611 1419 an
1636 1362 1845 1420 inutile.
1873 1363 1943 1419 Et
1963 1365 2080 1420 hzec

430 1528 435 1535 .
486 1455 803 1514 constitutio
835 1455 1106 1527 generalis
1137 1456 1373 1522 dicitur,
1428 1456 1584 1526 cujus
1639 1457 1743 1512 hoc
1795 1456 1868 1511 sit
1896 1472 2081 1514 exem—

484 1549 673 1620 plum:
711 1548 939 1617 Quidam
965 1548 1074 1604 dux
1120 1548 1415 1614 Rosuanus,
1442 1565 1565 1605 cum
1619 1549 1961 1605 obsideretur
2012 1550 2080 1606 ab

487 1640 744 1706 inimicis,
774 1656 878 1698 nec
902 1640 1013 1698 ullo
1037 1643 1197 1699 modo
1230 1644 1461 1698 evadere
1504 1642 1771 1713 potuisset
1796 1640 1955 1714 [Ms.,
1985 1656 2082 1712 po-

490 1730 641 1806 tuit],
684 1740 877 1803 pactus
937 1741 1025 1789 est
1076 1749 1200 1791 cum
1255 1734 1524 1801 hostibus,
1585 1743 1647 1788 ut
1703 1750 1856 1789 arma
1899 1736 2075 1791 daret.

2184 531 2427 599 saucius,
2455 547 2523 588 ex
2552 532 2778 589 vulnere
2804 540 3081 590 recreatus
3098 541 3201 587 est.
3221 531 3423 588 Navem
3446 547 3569 589 cum
3590 548 3781 600 onere,

2186 623 2404 697 [borum
2441 622 2629 698 trium]
2659 624 2816 696 juxta
2856 624 3116 695 scriptam
3152 622 3324 696 legem
3366 624 3596 696 quisque
3624 640 3783 681 suam

2185 716 2342 774 dixit.
2372 717 2439 772 Et
2464 717 2555 773 hic
2582 732 2651 773 ex
2696 717 2897 789 scripto
2924 717 3155 788 quaestio
3192 716 3459 784 nascitur,
3492 714 3650 786 cujus
3704 717 3775 773 sit

2183 810 2361 877 navis,
2382 809 2792 866 dillinitionibus
2833 808 3092 864 adhibitis
3116 849 3131 875 ,
3185 809 3319 879 quid
3363 809 3436 866 sit
3472 808 3787 882 relinquere

2185 916 2401 969 navem,
2426 910 2483 958 et
2506 901 2636 972 quid
2669 915 2953 957 remanere
2979 900 3033 956 in
3060 900 3228 956 navi?

2254 993 2389 1050 Item
2436 994 2763 1067 ambiguitas
2796 1009 2939 1064 saepe
2976 993 3031 1048 in
3067 995 3271 1065 scripta
3290 992 3408 1067 lege
3451 991 3583 1050 facit
3628 1009 3783 1067 quat-

2185 1084 2438 1153 stionem,
2462 1085 2567 1142 hoc
2599 1086 2799 1142 modo:
2830 1083 3084 1141 Meretrix
3120 1102 3371 1141 coronam
3400 1102 3507 1141 non
3550 1085 3784 1152 habent;

2185 1180 2231 1235 si
2260 1177 2469 1245 habeat,
2515 1177 2830 1250 publicetur.
2866 1176 2967 1234 llic
2997 1177 3325 1249 ambiguitas
3358 1177 3412 1232 in
3442 1176 3647 1248 scripto
3673 1184 3784 1244 est,

2186 1284 2255 1323 an
2277 1268 2557 1333 meretrix,
2589 1267 2673 1323 vel
2699 1282 2897 1324 corona
2930 1268 3254 1340 publicanda
3281 1267 3371 1324 sit.

2256 1360 2337 1416 Ex
2373 1360 2664 1417 contrariis
2688 1374 2903 1432 quoque
2925 1358 3137 1432 legibus
3182 1375 3327 1432 saepe
3355 1360 3582 1430 quaestio
3605 1357 3789 1415 nasci-

2186 1458 2298 1518 tur,
2334 1453 2465 1508 dum
2513 1451 2582 1509 de
2623 1466 2732 1507 una
2772 1466 2832 1508 re
2867 1449 3029 1507 aliter
3072 1449 3179 1506 alia
3223 1449 3310 1507 lex
3360 1459 3522 1508 cavet
3548 1492 3564 1518 ,
3621 1451 3789 1507 aliter

2188 1541 2375 1597 altera.
2406 1540 2523 1597 Lex
2548 1558 2564 1597 :
2599 1538 2704 1608 Qui
2731 1552 3018 1614 tyrannum
3070 1539 3345 1606 occiderit,
3377 1558 3485 1596 rem
3510 1559 3669 1613 quam
3696 1559 3788 1597 vo-

2187 1629 2257 1685 let
2278 1631 2483 1702 pra'mii
2509 1630 2624 1685 loco
2646 1649 2680 1685 α
2706 1630 3021 1702 magistratu
3045 1639 3207 1701 roget,
3236 1640 3286 1686 et
3311 1633 3561 1703 accipiat.
3594 1632 3785 1689 Altera

2188 1722 2303 1780 Lsx
2340 1744 2353 1779 :
2386 1722 2632 1796 Tyranno
2693 1722 2864 1779 occiso
2917 1721 3189 1796 [quinque]
3215 1724 3375 1778 etiam
3429 1725 3657 1794 proximi
3697 1743 3789 1781 co—

486 1798 671 1887 Arm-is
687 1798 869 1905 ivero]
897 1830 1039 1888 datis
1082 1831 1293 1887 salvum
1325 1798 1519 1887 eduxit
1552 1832 1872 1888 exercitum.
1902 1829 2079 1887 Accu-

2191 1815 2428 1886 rnatione
2484 1813 2815 1870 occiduntur.
2867 1798 3259 1879 Alexandrum,
3288 1815 3383 1885 qui
3432 1815 3487 1870 in
3543 1814 3783 1872 Thessa-

486 1930 641 1979 satur
666 1938 697 1976 a
744 1922 1067 1993 quibusdam
1110 1937 1236 1979 reus
1262 1936 1386 1979 esse
1422 1919 1745 1991 majestatis.
1772 1921 1872 1978 llic
1909 1922 1977 1977 dc
2006 1919 2085 1976 fa-

486 2023 575 2069 cto
604 2022 660 2068 et
681 2013 747 2068 de
777 2011 907 2068 facti
934 2012 1155 2068 nomine
1179 2012 1434 2070 convenit
1462 2012 1607 2068 inter
1638 2012 1829 2067 ambas
1852 2020 2080 2082 partes;

487 2103 582 2159 sed
619 2103 780 2175 quale
802 2104 875 2159 sit
900 2101 1103 2160 factum
1146 2105 1411 2175 qumritur
1434 2144 1452 2171 ,
1510 2104 1616 2160 hoc
1651 2104 1852 2159 modo:
1886 2103 2084 2161 Utrum

485 2197 662 2252 satius
698 2206 845 2253 esset
870 2197 1123 2254 amittere
1152 2197 1350 2253 milites
1375 2238 1390 2263 ,
1439 2214 1510 2253 an
1552 2197 1619 2253 ad
1652 2199 1794 2255 hanc
1822 2199 2083 2256 conditio-

488 2304 615 2344 nem
642 2288 1012 2361 turpissimam
1038 2289 1260 2345 venire?
1308 2287 1475 2359 Cujus
1519 2290 1923 2347 constitutionis
1958 2293 2083 2362 plu-

486 2393 577 2434 res
607 2387 735 2435 sunt
759 2388 962 2451 partes,
992 2379 1059 2435 de
1093 2380 1289 2452 quibus
1319 2380 1561 2438 dicemus
1610 2380 1772 2438 infra.
1800 2381 1858 2437 ln
1886 2391 2084 2453 quarta

487 2470 892 2537 constitutione,
921 2487 1084 2543 quam
1145 2471 1555 2528 translationem
1604 2472 1765 2546 {Ms.,
1798 2475 2083 2530 translati-

489 2559 636 2635 vam]
667 2562 1032 2629 nominamus,
1060 2563 1344 2635 quaeritur,
1373 2579 1441 2619 an
1489 2562 1672 2621 facere
1707 2582 1822 2621 rem
1866 2568 2082 2633 debeat,

489 2653 580 2723 qui
604 2652 757 2719 fecit,
783 2660 877 2709 aut
901 2669 966 2711 eo
990 2662 1250 2725 tempore,
1277 2662 1370 2709 aut
1393 2670 1458 2709 eo
1486 2657 1666 2721 modo,
1706 2666 1801 2712 aut
1826 2656 1969 2723 loco,
1990 2665 2086 2713 aut

489 2760 615 2801 cum
667 2745 774 2800 illis
821 2760 945 2802 cum
970 2747 1166 2816 quibus
1196 2744 1356 2802 fecit?
1384 2745 1454 2801 Ut
1482 2747 1528 2801 si
1555 2747 1774 2803 Orestes
1797 2758 2088 2804 accusetur

488 2835 940 2907 Clytemnestram
964 2835 1119 2909 [Ms.,
1144 2836 1524 2911 Clemestram]
1554 2847 1780 2893 matrem
1809 2854 1961 2895 suam
1986 2857 2084 2897 oc-

489 2930 689 2987 cidisse
718 2948 731 2984 :
767 2946 872 2986 non
896 2930 1045 3001 juste
1073 2931 1241 2987 tilium
1277 2932 1541 2989 occidisse
1570 2941 1821 2999 matrem,
1850 2933 1978 2989 licet
1993 2934 2082 2988 illa

490 3022 750 3079 occiderit
780 3021 1240 3096 Agamemnonem
1266 3032 1473 3097 patrem
1488 3042 1646 3082 suum
1678 3042 1858 3097 regem
1875 3024 2087 3082 Graeco—

491 3130 633 3169 rum.
658 3113 757 3170 llic
772 3115 939 3185 quaeri
962 3115 1120 3170 debet
1147 3132 1246 3186 per
1274 3115 1703 3184 translationem,
1722 3116 1868 3188 juste
1891 3114 2085 3174 fecerit

495 3208 650 3283 [st.,
680 3209 922 3283 fecisset]
949 3250 963 3275 ,
1000 3226 1071 3267 an
1098 3211 1245 3266 non?

565 3324 699 3381 CAR.
742 3323 895 3380 Statu
923 3340 1101 3380 causze
1128 3324 1346 3380 invento
1371 3367 1387 3391 ,
1434 3326 1702 3397 quomodo
1751 3335 1882 3383 tunc
1912 3337 2089 3383 status

495 3419 611 3489 ipse
635 3417 1061 3474 considerandus
1089 3419 1208 3472 est?
1237 3420 1448 3474 -—Ai.e.
1481 3418 1880 3475 Constitutione
1909 3435 2089 3476 causa:

497 3518 711 3579 reperta
736 3510 920 3564 statim
963 3509 1143 3579 placet
1182 3510 1528 3565 considerare
1552 3550 1567 3575 ,
1621 3518 1805 3564 utrum
1860 3512 2089 3581 quaestio

497 3616 675 3657 causae
702 3600 930 3672 simplex
961 3601 1052 3666 sit,
1082 3616 1150 3656 an
1197 3600 1504 3671 conjuncta.
1564 3600 1799 3673 Simplex
1826 3612 1929 3665 est,
1969 3618 2090 3672 quae

496 3707 660 3746 titiam
688 3691 743 3747 in
769 3707 827 3747 se
852 3692 1093 3747 continet
1138 3692 1514 3761 quaestionem,
1539 3691 1642 3747 hoc
1664 3693 1824 3747 modo
1848 3711 1862 3747 :
1892 3690 2087 3747 Corin-

495 3781 628 3836 thiis
659 3781 858 3837 bellum
902 3781 1137 3837 indicam
1182 3779 1307 3854 [Ms.
1338 3822 1353 3847 ,
1410 3782 1734 3855 indicamus]
1762 3823 1776 3847 ,
1828 3800 1895 3837 an
1940 3785 2086 3837 non?

495 3874 793 3946 Conjancta
821 3883 905 3931 est
934 3876 1183 3945 qumstio,
1224 3892 1343 3946 qua:
1388 3889 1453 3930 ex
1479 3877 1724 3946 pluribus
1776 3880 2092 3948 quaestioni-

495 3970 597 4025 bus
619 3978 852 4036 constat,
876 3970 978 4025 hoc
1004 3978 1160 4040 pacto
1188 3990 1201 4024 :
1233 3968 1425 4025 Utrum
1448 3969 1714 4040 Carthago
1736 3971 2003 4035 diruatur,
2022 3986 2089 4024 an

496 4063 1017 4134 Carthagincnsibus
1048 4063 1323 4128 reddatur,
1351 4078 1418 4115 an
1444 4079 1507 4117 eo
1522 4063 1733 4117 colonia
1762 4062 2093 4117 deducatur?

565 4157 732 4228 316
752 4156 886 4212 Cm.
918 4155 1026 4211 Sed
1054 4155 1253 4227 legales
1291 4171 1438 4210 nunc
1466 4156 1877 4210 constitutiones
1906 4170 2093 4211 exem-

497 4251 900 4321 plisconlirma.
927 4280 997 4291 —
1030 4250 1159 4304 ALe.
1198 4248 1658 4303 Considerandum
1688 4258 1771 4302 est
1792 4246 1955 4319 [sicut
1977 4246 2091 4316 jam

498 4341 657 4415 dixi],
683 4343 735 4396 in
768 4342 994 4406 ratione,
1026 4357 1093 4394 an
1118 4340 1171 4394 in
1195 4341 1398 4410 scripto
1419 4340 1491 4394 sit
1520 4340 1927 4395 controversia?
1956 4338 2090 4392 Nam

500 4434 689 4503 scripti
720 4433 1088 4489 controversia
1110 4440 1194 4486 est
1218 4447 1281 4486 ea
1308 4473 1321 4495 ,
1379 4446 1499 4500 qua:
1528 4447 1593 4485 ex
1624 4432 1822 4501 scripta
1857 4432 1973 4501 lege
2003 4446 2095 4484 na-

2184 1904 2259 1960 lia
2322 1905 2664 1977 tyrannidem
2716 1912 3033 1976 occuparat,
3064 1902 3250 1959 Thebe
3302 1919 3439 1959 uxor
3474 1921 3573 1960 sua
3618 1914 3777 1962 noctu

2183 1995 2408 2052 occidit.
2435 1993 2561 2051 llaec
2586 1994 2756 2050 lilium
2784 2011 2966 2063 suum,
2990 2011 3148 2068 quem
3179 2011 3245 2051 ex
3269 2004 3499 2069 tyranno
3527 1998 3776 2065 habebat,

2182 2086 2285 2142 sibi
2326 2086 2381 2141 in
2415 2087 2625 2157 praemii
2653 2085 2773 2143 loco
2793 2085 3057 2158 deposcit.
3091 2086 3232 2144 Sunt
3255 2089 3346 2161 qui
3375 2105 3445 2144 ex
3465 2088 3585 2160 lege
3607 2089 3779 2147 occidi

2180 2192 2411 2250 puerum
2446 2179 2632 2235 dicant
2658 2188 2910 2250 oportere
2937 2197 2950 2234 :
2979 2188 3104 2236 sunt
3134 2182 3226 2252 qui
3248 2181 3433 2237 dicant
3452 2182 3601 2237 reddi
3627 2198 3784 2254 opor-

2184 2277 2299 2325 tere
2326 2270 2489 2327 matri
2510 2271 2633 2327 loco
2675 2271 2907 2341 praemii.
2936 2270 3046 2328 Res
3092 2274 3147 2328 in
3185 2269 3393 2340 judicio
3438 2281 3543 2329 est.
3586 2273 3653 2328 Et
3697 2273 3789 2329 hic

2182 2360 2638 2416 considerandum
2676 2375 2797 2432 quae
2820 2360 2907 2417 lex
2952 2362 3020 2416 ad
3048 2360 3307 2432 majorem
3338 2362 3629 2418 utilitatem
3666 2379 3790 2434 per-

2186 2451 2391 2518 tineat;
2423 2459 2480 2507 et
2501 2468 2624 2523 qum
2644 2453 2795 2523 prius
2827 2453 2904 2508 sit
2924 2452 3079 2526 [Hs.,
3113 2451 3281 2527 esset]
3311 2454 3543 2525 scripta;
3574 2466 3629 2512 et
3647 2471 3788 2526 quos

2184 2559 2412 2616 quaeque
2441 2544 2692 2601 habuerit
2720 2545 3078 2617 legislatores.

2254 2638 2334 2693 Ex
2365 2638 2569 2708 scripto
2591 2646 2649 2695 et
2670 2641 2939 2696 sententia
2962 2641 3337 2698 controversia
3363 2641 3635 2702 consistit.
3660 2656 3785 2697 cum

2185 2728 2323 2784 alter
2348 2730 2531 2786 verbis
2555 2730 2687 2800 ipsis
2717 2746 2839 2801 quae
2868 2731 3069 2801 scripta
3091 2741 3239 2797 sunt,
3279 2732 3481 2798 utitur;
3530 2731 3670 2785 alter
3715 2731 3785 2787 ad

2186 2818 2239 2873 id
2267 2819 2411 2889 quod
2438 2819 2761 2890 scriptorem
2784 2822 3022 2877 sensisse
3064 2822 3196 2877 dicit
3222 2821 3380 2896 [Hs.,
3407 2821 3573 2895 dicet]
3602 2862 3619 2887 ,
3667 2836 3785 2877 om-

2186 2928 2308 2967 nem
2343 2912 2587 2985 adjungit
2610 2912 2924 2969 dictionem.
2954 2914 3024 2970 Ut
3062 2914 3147 2971 lex
3175 2923 3277 2979 est,
3307 2931 3423 2987 qua:
3460 2926 3593 2969 vetat
3632 2927 3787 2969 noctu

2184 3011 2364 3071 portas
2402 3003 2618 3072 aperiri.
2660 3002 2889 3070 Quidam
2919 3005 3094 3074 aperit
3125 3014 3181 3060 et
3209 3006 3414 3062 amicos
3447 3008 3505 3062 in
3530 3007 3787 3077 Oppidum

2186 3094 2412 3164 suscipit
2440 3093 2592 3166 [Ms.,
2625 3094 2866 3168 accipit],
2910 3113 2977 3153 ne
3006 3096 3075 3153 ab
3121 3098 3370 3154 hostibus
3414 3101 3787 3169 opprimeren-

2193 3195 2301 3251 tur,
2324 3187 2370 3241 si
2417 3186 2548 3242 foris
2587 3189 2935 3245 mansissent.
2988 3189 3291 3248 Accusator
3339 3193 3509 3249 solam
3556 3194 3788 3249 attendit

2192 3279 2456 3345 litteram;
2496 3278 2750 3335 defensor
2781 3284 3103 3337 sententiam
3138 3300 3151 3337 :
3190 3284 3514 3355 scriptorem
3531 3283 3663 3354 legis
3686 3300 3787 3353 pro

2192 3371 2425 3426 inimicis
2457 3370 2632 3427 claudi
2668 3383 2850 3441 portas
2898 3374 3103 3445 oppidi,
3133 3391 3242 3431 non
3293 3391 3394 3447 pro
3434 3376 3623 3431 amicis
3666 3373 3788 3444 jus-

2192 3463 2347 3519 sisse.
2381 3463 2542 3519 Fiunt
2570 3479 2666 3534 per
2698 3466 3167 3522 ratiocinationem
3200 3466 3283 3522 vel
3308 3466 3679 3522 ditlinitionem
3708 3466 3788 3523 lc-

2190 3558 2273 3629 gis
2299 3558 2648 3628 quaestiones,
2682 3558 2807 3615 dum
2831 3559 2937 3615 alia
2988 3560 3198 3616 ratione
3225 3560 3367 3615 alter
3392 3560 3655 3630 scriptum
3705 3561 3790 3615 in-

2194 3649 2483 3719 terpretari
2510 3650 2720 3716 nititur,
2758 3651 2865 3707 alia
2914 3652 3092 3708 alter;
3124 3651 3208 3708 vel
3257 3652 3299 3707 si
3351 3652 3566 3709 diverso
3623 3654 3785 3708 modo

2191 3744 2473 3813 scriptoris
2524 3745 2855 3801 sententiam
2903 3753 3170 3801 conantur
3225 3747 3471 3802 delinire.
3533 3746 3602 3802 Et
3647 3744 3788 3815 ejus-

2193 3837 2358 3902 modi,
2392 3844 2452 3891 u'.
2474 3836 2608 3903 dixi,
2633 3852 2699 3891 ex
2731 3840 2935 3909 scripto
2970 3838 3108 3893 fiunt
3132 3841 3479 3910 quaestiones.

2264 3946 2397 4001 CAR.
2433 3946 2721 4018 Perspecto
2747 3949 3131 4005 controversia:
3160 3949 3300 4015 loco,
3324 3950 3621 4006 secundum
3645 3952 3788 4023 quod

2194 4041 2401 4105 dixisti,
2433 4056 2500 4094 an
2532 4041 2584 4094 in
2610 4042 2819 4096 ratione
2850 4043 2921 4097 sit
2948 4082 2963 4107 ,
3010 4043 3096 4097 vel
3126 4043 3178 4097 in
3211 4044 3413 4114 scripto
3434 4085 3448 4111 ,
3497 4059 3607 4114 quo
3662 4054 3787 4102 tunc

2192 4135 2406 4189 animus
2438 4134 2689 4189 ferendus
2707 4135 2825 4190 est?
2850 4166 2920 4176 —-
2948 4136 3082 4190 Am.
3133 4136 3433 4191 Videndum
3480 4145 3566 4193 est
3590 4178 3606 4203 ,
3665 4154 3782 4208 qua:

2194 4227 2444 4297 quaestio,
2470 4241 2590 4295 qua:
2621 4227 2780 4293 ratio,
2811 4243 2932 4298 quae
2980 4228 3276 4297 iudicatio,
3306 4237 3364 4284 et
3406 4230 3552 4300 quod
3601 4229 3774 4284 firma-

2196 4327 2434 4372 mentum
2470 4334 2648 4373 causze
2677 4318 2767 4373 sit.

2263 4413 2396 4467 CAR.
2439 4412 2513 4466 De
2536 4413 2759 4483 singulis
2784 4413 2967 4468 dicito.
3009 4444 3081 4455 —
3111 4414 3245 4499 Αιιιζ
3292 4415 3529 4482 Quaestio
3549 4427 3633 4474 est
3658 4434 3784 4473 con-

501 4529 705 4593 scitur,
755 4526 861 4582 hoc
906 4524 1086 4581 modo.
1137 4525 1250 4580 Lex
1308 4544 1321 4579 :
1362 4524 1466 4591 Qui
1525 4526 1581 4578 in
1634 4524 1854 4578 adversa
1900 4534 2092 4594 tempe-

2196 4504 2427 4569 stitntio,
2458 4503 2509 4558 in
2539 4519 2643 4573 qua
2672 4520 2851 4559 causa;
2869 4504 3188 4575 disceptatio
3205 4516 3436 4570 constat,
3469 4508 3573 4563 hoc
3594 4512 3781 4565 modo:

497 4628 634 4673 state
664 4634 845 4673 navent
875 4616 1199 4687 reliquerint,
1232 4618 1408 4670 omnia
1462 4618 1705 4669 amittant
1733 4656 1749 4681 ,
1803 4625 1851 4669 et
1911 4631 2092 4670 eorum

500 4714 604 4766 s'nt
632 4728 791 4767 onera
815 4721 863 4765 et
894 4711 1059 4777 navis,
1088 4712 1173 4783 qui
1196 4712 1254 4765 in
1305 4728 1366 4765 ea
1410 4713 1774 4765 remanserint.
1808 4712 1924 4766 Duo
1975 4712 2095 4781 qui-

504 4805 650 4869 dam,
673 4806 801 4861 dum
825 4804 878 4858 in
926 4803 1035 4859 alto
1081 4805 1418 4875 navigarent,
1471 4819 1592 4858 cum
1623 4805 1847 4859 alterius
1895 4807 2090 4873 navis,

434 4882 437 4885 7
505 4894 607 4969 [et]
635 4894 859 4950 alterius
880 4910 1019 4950 onus
1047 4904 1210 4958 esset,
1236 4894 1557 4965 naufragum
1588 4896 1876 4964 quemdam
1904 4906 2095 4951 natan-

505 4999 617 5043 tem
646 4985 1013 5042 misericordia
1038 4986 1167 5040 moti
1186 4986 1238 5039 in
1262 5000 1454 5040 navem
1487 4985 1844 5040 sustulerunt.
1876 4986 2090 5053 Postea,

506 5095 630 5135 cum
659 5080 935 5150 aliquanto
974 5078 1095 5149 plus
1126 5079 1271 5147 ipsos
1319 5093 1535 5149 quoque
1583 5086 1879 5148 tempestas
1934 5081 2097 5135 vehe-

510 5170 745 5226 tuentius
760 5170 968 5239 jactare
999 5169 1253 5239 cmpiSset
1295 5167 1448 5240 [Ms.,
1478 5169 1687 5241 cmpit],
1719 5186 1887 5239 usque
1918 5172 2051 5226 adeo
2077 5212 2093 5239 ,

510 5271 570 5316 ut
598 5262 846 5318 dominus
875 5260 1058 5325 navis,
1110 5275 1233 5314 cum
1270 5260 1409 5314 idem
1461 5260 1789 5330 gubernator
1818 5270 1962 5315 esset
1986 5304 2000 5325 ,
2040 5262 2095 5316 in

511 5353 764 5424 scapham
794 5350 1181 5407 conscenderet
1209 5349 1360 5422 [Ms.,
1418 5350 1780 5423 confugeret],
1828 5368 1946 5421 qua:
1972 5352 2097 5407 reli-

512 5454 636 5516 gata
658 5443 780 5499 navi
793 5443 1117 5507 coluerebat,
1133 5452 1186 5497 et
1202 5443 1345 5507 inde,
1363 5452 1622 5512 quantum
1637 5444 1829 5512 potuit,
1854 5444 1974 5499 navi
1991 5446 2103 5514 opi-

515 5537 806 5591 tulnbatur.
830 5533 921 5589 llle
950 5541 1151 5597 autem,
1177 5533 1329 5603 cujus
1353 5549 1561 5590 merces
1583 5543 1762 5600 erant,
1783 5536 1839 5590 in
1866 5535 2102 5606 gladium

515 5630 712 5687 ibidem
745 5627 796 5681 in
828 5627 950 5681 navi
981 5626 1245 5681 incumbit
1266 5624 1421 5698 [.lls.,
1448 5627 1815 5700 occumberet]
1847 5648 1858 5683 :
1889 5628 2101 5683 naufra-

514 5737 612 5791 gus
637 5736 763 5775 vero
792 5718 859 5773 ad
904 5718 1264 5788 gubernacu’a
1302 5720 1571 5784 accessit,
1612 5734 1804 5773 navem
1856 5721 2095 5789 regebat.

518 5811 714 5868 Sedata
769 5818 1103 5881 tempestate,
1138 5810 1287 5887 navis
1336 5810 1387 5865 in
1423 5819 1639 5881 portum
1667 5813 1909 5883 pervenit
1938 5812 2090 5885 [νδη

2204 4596 2468 4668 Nonjure
2497 4597 2699 4667 fecisti;
2752 4598 2879 4668 jure
2931 4597 3049 4667 feci.
3085 4596 3242 4654 Ratio
3293 4609 3377 4655 est
3404 4642 3419 4667 ,
3463 4616 3571 4671 qua
3615 4605 3787 4658 utitur

2201 4706 2347 4754 reus,
2371 4704 2538 4760 quare
2576 4686 2697 4757 jure
2735 4686 2925 4744 fecerit
2952 4687 3109 4761 [Ms.,
3140 4689 3400 4763 fecisset].
3436 4691 3501 4748 Ut
3523 4692 3745 4750 Orestes
3770 4736 3786 4761 ,

2200 4780 2245 4837 si
2267 4789 2615 4835 accusaretur
2654 4779 2964 4843 matricidii,
3012 4794 3118 4835 non
3166 4780 3331 4836 habet
3374 4782 3743 4840 defensionem
3771 4828 3787 4851 ,

2199 4873 2301 4928 nisi
2345 4870 2510 4945 [hoc],
2534 4873 2679 4927 dicat
2709 4913 2724 4938 ,
2775 4872 2899 4942 jure
2925 4872 3058 4942 feci;
3096 4870 3190 4926 illa
3218 4874 3356 4927 enim
3385 4887 3587 4945 patrem
3614 4893 3788 4931 meum

2200 4964 2482 5018 occiderat.
2509 4962 2782 5020 Judicatio
2805 4972 2889 5019 est
2929 4978 2996 5017 ex
3028 4964 3236 5018 ratione
3268 4964 3519 5022 deducta.
3564 4966 3787 5024 Summa

2203 5054 2397 5129 [Edit.,
2422 5055 2666 5129 Sumam]
2694 5055 3001 5125 bujusmodi
3022 5075 3034 5109 :
3064 5056 3367 5113 Rectumne
3388 5058 3550 5115 fuerit
3567 5062 3635 5115 ab
3654 5059 3790 5117 Ore«

2200 5159 2282 5203 ste
2311 5157 2541 5203 matrem
2566 5147 2763 5213 occidi,
2794 5164 2915 5203 cum
2949 5147 3036 5202 illa
3088 5148 3297 5204 Orestis
3326 5158 3534 5219 patrem
3576 5153 3792 5208 occide.

2201 5239 2304 5292 rit?
2326 5236 2743 5291 Firmamentum
2759 5247 2841 5293 est
2868 5237 3175 5293 firmissima
3197 5242 3592 5311 argumentatio
3607 5242 3792 5298 defen-

2203 5330 2362 5394 soris,
2400 5337 2482 5395 ut,
2510 5328 2556 5383 si
2605 5329 2736 5385 velit
2763 5328 2982 5385 Orestes
3027 5328 3228 5395 dicere,
3257 5332 3520 5402 ejusmodi
3548 5334 3788 5390 animum

2206 5423 2397 5478 matris
2428 5422 2624 5494 [Edit.,
2651 5420 2834 5494 matri]
2865 5421 3022 5496 [sum]
3046 5421 3213 5482 fuisse
3240 5424 3293 5478 in
3320 5434 3552 5495 patrem,
3577 5427 3630 5481 in
3649 5429 3790 5499 seip-

2204 5533 2345 5581 sum,
2377 5518 2429 5572 in
2461 5532 2705 5588 regnum,
2741 5518 2793 5571 in
2819 5534 2977 5573 onme
2998 5534 3169 5588 genus
3195 5529 3462 5583 suum,-ut
3488 5522 3556 5577 ab
3586 5538 3648 5578 ea
3678 5539 3792 5595 pce-

2204 5628 2302 5667 nas
2331 5611 2486 5668 liberi
2507 5614 2590 5667 sui
2626 5612 2967 5683 potissimum
2998 5624 3253 5683 expetere
3290 5615 3626 5671 debuissent.

2271 5721 2405 5779 Cm.
2448 5722 2523 5778 De
2548 5723 2783 5793 generali
2809 5726 3191 5781 constitutione
3218 5725 3367 5797 prius
3418 5726 3623 5792 dixisti,
3651 5728 3791 5797 quod

2198 5813 2376 5885 plures
2404 5822 2585 5884 partes
2618 5816 2838 5872 haberet
2865 5815 3055 5889 [Edit.,
3086 5834 3205 5889 qua:
3246 5818 3491 5890 pluribus
3541 5819 3789 5889 partibus
