4106 6508
299 417 412 477 925
1122 408 1598 467 DIDASCALICA.
1638 436 1707 448 -—
1742 402 2017 461 DIALOG.
2057 403 2149 461 DE
2183 402 2391 459 RllET.
2434 402 2523 460 ET
2564 403 2748 461 VIRT.
3479 398 3586 456 9‘26

297 528 560 605 constat]:
588 528 711 587 Illas
734 535 964 600 rogo,ut
989 527 1196 599 pandas
1224 525 1378 593 mihi,
1407 524 1682 596 magister,
1702 535 1888 577 exem-
1916 522 1965 582 Α
1992 522 2085 576 sed
2125 519 2289 595 [post]
2328 530 2616 576 accusatur
2654 535 2779 576 rcus
2816 516 3135 589 maiestatis.
3178 515 3410 572 Intentio
3449 524 3541 573 est
3570 532 3584 572 :

296 626 519 698 plisque
551 622 841 679 conﬁrmes
870 637 968 693 per
1017 619 1280 691 singulas,
1310 632 1396 673 me
1424 624 1633 672 tacente
1661 621 1716 670 et
1760 628 1890 686 pro-
1994 611 2112 668 Non
2140 614 2376 683 oportuit
2410 627 2562 666 arma
2601 611 2927 683 relinquere.
2975 607 3228 681 Depulsio
3263 618 3349 664 est
3376 628 3388 663 :
3413 607 3587 680 Opor-

297 717 489 774 bante.
513 744 584 758 —
609 713 741 769 Aut.
767 710 1055 786 [Faciam].
1091 711 1185 766 Illa
1219 708 1608 774 controversia,
1632 723 1751 778 quae
1775 704 1894 779 [de-
1992 703 2118 758 tuit.
2163 702 2394 770 Quwstio
2430 712 2512 759 est
2549 723 2561 757 :
2600 703 3022 774 Oportueritne?
3058 702 3216 758 Ratio
3245 710 3331 758 est
3353 721 3365 757 :
3390 701 3590 758 Milites

294 806 599 879 monstrat]
625 805 787 877 quale
819 805 894 861 sit
923 804 1052 858 illud
1080 802 1461 872 factum,un
1492 816 1587 857 rco
1614 790 1891 869 obiicitur,
1994 796 2141 852 enim
2178 809 2367 852 omnes
2402 795 2713 867 periissent,
2756 796 2799 851 si
2836 796 2942 852 hoc
2972 811 3077 851 non
3109 794 3379 851 fecissem.
3426 793 3590 863 Inﬁr-

293 899 624 957 constitutio
666 897 940 969 generalis
964 904 1211 961 vocatur,
1239 902 1294 949 et
1325 895 1491 949 habet
1508 900 1696 963 partes
1714 891 1850 947 duas
1875 930 1891 957 ,
1997 887 2159 943 matio
2187 894 2271 943 est
2294 904 2307 941 :
2334 884 2451 942 Non
2478 887 2600 943 ideo
2628 886 2822 943 fecisti.
2857 887 2934 942 Ex
2957 888 3154 957 quibus
3175 884 3447 941 Iudicatio
3472 896 3586 941 est:

293 989 612 1064 iudicialem
650 1000 708 1047 et
742 990 1089 1062 negotialem.
1145 984 1437 1058 Negotiatis
1484 992 1596 1049 εει,
1648 984 1701 1040 in
1742 998 1849 1053 qua
1879 1023 1894 1049 ,
1996 978 2400 1036 Pcriissentne?
2445 978 2532 1045 Et,
2574 980 2765 1037 ideone
2811 978 3030 1036 fecisti?
3075 978 3413 1050 Comparatio
3452 992 3471 1031 :
3503 969 3590 1034 An

300 1081 441 1153 quid
461 1081 603 1153 juris
628 1082 720 1146 sit,
741 1096 808 1136 ex
853 1080 997 1137 civili
1024 1093 1177 1135 more
1201 1088 1258 1135 et
1297 1077 1553 1149 aequitate
1578 1074 1895 1132 considera-
1996 1070 2192 1125 melius
2214 1078 2361 1126 esset
2387 1070 2455 1126 ad
2476 1070 2619 1126 hanc
2654 1071 3018 1143 turpissimam
3049 1069 3413 1127 conditionem
3441 1070 3596 1126 veni-

301 1185 419 1232 ιλιι.
442 1174 545 1231 Cui
567 1173 859 1246 diligentia:
884 1181 1127 1244 praesunt
1178 1170 1389 1243 iudices
1408 1211 1422 1235 ,
1452 1176 1509 1225 et
1546 1167 1713 1223 habet
1745 1167 1801 1221 in
1838 1182 1897 1222 se
2000 1176 2082 1227 re,
2111 1161 2197 1216 vel
2228 1161 2427 1218 milites
2454 1162 2676 1233 perire?

300 1268 639 1341 implicatam
673 1265 807 1341 [Με.
828 1306 845 1332 ,
882 1262 1222 1336 implicitam]
1261 1259 1695 1318 controversiam
1719 1257 1900 1314 civilis
2070 1253 2281 1309 Retatio
2315 1254 2548 1311 crimini:
2586 1263 2693 1320 est,
2733 1271 2856 1311 cum
2894 1272 3020 1312 reus
3052 1255 3107 1311 id
3141 1256 3286 1327 quod
3318 1254 3589 1328 arguitur,

294 1361 466 1435 juris,
490 1359 597 1416 hoc
624 1358 786 1414 modo
813 1375 826 1412 :
854 1355 1110 1424 Quidam,
1134 1354 1262 1411 dum
1295 1352 1464 1408 ﬁlium
1484 1348 1646 1422 317
1677 1364 1784 1405 non
1805 1346 1901 1403 ha-
2001 1345 2278 1403 confessus
2308 1348 2528 1405 alterius
2559 1363 2619 1405 se
2645 1348 2924 1404 inductum
2952 1358 3199 1421 peccato,
3232 1347 3358 1419 iure
3392 1350 3593 1406 fecisse

296 1451 453 1519 buit,
479 1449 738 1522 pupillum
767 1449 871 1507 sibi
900 1447 1027 1506 fecit
1046 1447 1317 1504 haeredcm
1343 1462 1361 1500 :
1392 1442 1485 1500 sed
1510 1441 1745 1514 pupillus
1771 1450 1901 1497 ante
2000 1439 2355 1495 demonstrat.
2382 1439 2460 1494 Ea
2484 1449 2569 1496 est
2584 1440 2891 1512 huiusmodi
2908 1459 2922 1496 :
2940 1441 3194 1499 Horatius
3205 1442 3400 1499 occisis
3418 1442 3593 1498 tribus

300 1548 557 1598 mortuus
592 1546 678 1594 est
693 1552 861 1610 quam
885 1536 1176 1593 haereditas
1205 1534 1261 1589 in
1305 1540 1628 1604 potestatem
1653 1529 1772 1601 eius
1811 1544 1902 1586 νε·
2002 1530 2258 1588 Curiatiis
2280 1530 2462 1605 [Mss.,
2482 1530 2832 1605 Curiatibus],
2858 1540 2914 1587 et
2936 1532 3144 1589 duobus
3166 1534 3381 1590 amissis
3412 1531 3596 1590 fratri-

297 1632 501 1690 nisset.
528 1628 984 1688 Fit‘controreroia
1011 1642 1043 1684 a
1069 1625 1321 1683 secundis
1351 1623 1657 1681 haeredibus
1683 1620 1856 1693 patris
1885 1639 1897 1674 :
2000 1625 2126 1691 bus,
2148 1625 2370 1682 domum
2399 1642 2458 1683 se
2484 1627 2659 1682 victor
2698 1627 2918 1697 recepit,
2958 1626 3056 1700 [ιε]
3094 1629 3478 1685 animadvertit
3508 1644 3597 1684 so.

304 1723 513 1781 Nostra
536 1730 623 1780 est
643 1722 936 1794 possessio.
967 1719 1198 1775 Intentio
1229 1726 1314 1774 est
1350 1716 1775 1789 propinquorum
1802 1730 1903 1786 pu-
2005 1731 2186 1772 rorem
2213 1731 2367 1772 suam
2397 1719 2464 1773 de
2495 1716 2725 1772 fratrum
2754 1726 2931 1774 morte
2963 1734 3071 1774 non
3096 1719 3370 1776 dolentem
3411 1718 3592 1793 [.Hss.,

301 1816 427 1890 pilli
454 1834 469 1871 :
496 1815 695 1874 Nostra
722 1823 808 1871 est
847 1812 1076 1884 pecunia
1097 1852 1115 1878 ,
1165 1810 1232 1866 de
1261 1824 1365 1881 qua
1428 1816 1659 1863 testatus
1679 1822 1790 1862 non
1818 1815 1904 1861 est
1936 1879 1980 1890 ᾳ
2008 1825 2112 1865 non
2134 1809 2526 1883 laborantem];
2549 1811 2731 1880 sponsi
2754 1820 2936 1868 autem
2960 1828 3153 1868 nomen
3179 1808 3403 1869 Curiatii
3429 1813 3600 1885 [iden-

298 1879 646 1981 isropinquus
672 1879 878 1963 noster:
901 1902 1152 1976 Depntsio
1179 1879 1300 1958 est}
1327 1900 1440 1955 lmo
1468 1906 1655 1955 nostra
1675 1903 1783 1964 est,
1809 1894 1903 1966 qui
1934 1879 1983 1942 Β
2009 1899 2201 1973 tidem]
2246 1879 2605 1972 appellantem
2650 1917 2778 1957 eum
2819 1904 3024 1974 gemitu
3072 1912 3130 1961 et
3173 1879 3594 1971 lamentatione,

304 2000 557 2059 btet-edes
591 2005 917 2056 testamento
943 1995 1118 2067 patris
1168 2009 1374 2050 sumus.
1409 1990 1644 2057 Quamio
1670 1998 1747 2045 est
1770 1989 1907 2043 ratio
2012 1992 2233 2063 indigne
2256 2007 2447 2063 passus
2472 1991 2672 2065 [Edim
2703 1995 2840 2075 vidit
2861 1995 2964 2051 hoc
2988 1995 3208 2067 indigne
3231 1995 3456 2070 ferens],
3480 1997 3595 2053 vir-

308 2088 439 2169 ms.
468 2133 485 2160 ,
534 2088 780 2163 rationis]
813 2104 829 2144 :
864 2087 1074 2159 Pupillo
1124 2086 1270 2153 enim
1315 2091 1472 2155 pater
1523 2088 1908 2139 testamentum
2008 2085 2190 2156 ginem
2224 2084 2442 2141 occidit.
2484 2084 2802 2141 Accusatur.
2854 2085 3085 2143 Intentio
3123 2097 3242 2144 est:
3270 2087 3468 2158 Iniuria
3510 2104 3599 2145 so-

312 2183 556 2256 scripsit,
584 2197 775 2254 quam,
804 2195 926 2252 quae
951 2179 1069 2251 eius
1106 2186 1254 2242 sunt,
1286 2183 1473 2231 nostra
1525 2172 1658 2228 fiant
1689 2183 1911 2227 necesse
2011 2191 2191 2233 rorem
2212 2176 2485 2232 occidisti.
2516 2176 2768 2249 Depulsio
2796 2193 2814 2230 :
2837 2177 2967 2236 Jure
2984 2179 3181 2235 occidi.
3209 2178 3597 2245 Quwuio:ju-

312 2285 416 2333 est.
447 2273 747 2347 Inﬁt-maria
776 2271 995 2328 rationis
1020 2284 1038 2323 :
1065 2270 1178 2325 lmo
1231 2276 1387 2340 pater
1428 2266 1530 2322 sibi
1569 2263 1785 2333 scripsit
1822 2276 1910 2317 ΒΘ·
2009 2283 2142 2324 rene
2167 2269 2470 2325 occiderit?
2494 2269 2649 2325 Ratio
2675 2272 2807 2327 :llla
2828 2274 2973 2329 enim
3002 2273 3239 2329 hostium
3263 2282 3494 2329 mortem
3517 2272 3600 2329 lu-

314 2368 550 2426 ctandum
576 2366 879 2430 hieredem.
926 2378 1034 2419 non
1080 2360 1333 2433 pupillo;
1370 2373 1539 2429 quare
1581 2360 1909 2413 testamento
2010 2362 2188 2431 gebat,
2219 2360 2446 2418 fratrum
2474 2363 2796 2434 negligebat,
2824 2378 2910 2419 me
2937 2373 2994 2420 et
3019 2365 3271 2437 populum
3292 2365 3597 2423 Romanum

315 2462 459 2519 illius
483 2469 665 2518 vestra
688 2475 809 2516 esse
834 2458 1128 2514 haereditas
1178 2471 1284 2511 non
1337 2461 1537 2525 potest.
1591 2449 1863 2506 Judicatio
1889 2465 1903 2504 :
2011 2454 2208 2510 vicisse
2241 2455 2468 2511 moleste
2499 2455 2730 2511 ferebat.
2778 2455 3080 2527 Inﬁmatio
3103 2474 3122 2512 :
3146 2457 3350 2514 Tamen
3378 2472 3409 2511 a
3436 2457 3603 2513 fratre

312 2554 564 2611 Possitne
592 2552 878 2623 quisquam
901 2549 968 2604 de
997 2547 1092 2603 filii
1128 2546 1318 2617 pupilli
1368 2559 1429 2600 re
1475 2542 1667 2600 testari
1706 2539 1907 2613 [Edit.,
2012 2548 2378 2604 ίηάειηηιωω
2415 2563 2655 2605 sororem
2698 2551 2885 2606 necari
2932 2566 3039 2607 ηοη
3073 2550 3330 2623 oportuit,
3380 2551 3456 2607 Ex
3491 2566 3601 2622 quo

313 2644 444 2703 filiis
490 2642 679 2715 pupilli
732 2637 1042 2711 relegari].
1080 2654 1149 2692 an
1179 2634 1424 2691 bieretles
1469 2629 1693 2690 secundi
1740 2630 1910 2701 ίβδίυδ
2009 2639 2280 2695 Judicatio
2312 2641 2375 2696 fit
2398 2660 2409 2695 :
2434 2641 2570 2697 Cum
2600 2641 2823 2697 Horatia
2850 2641 3079 2699 fratrum
3111 2653 3339 2699 mortem
3366 2643 3605 2716 neglige-

312 2734 741 2810 patrisfamilias,
769 2748 876 2789 non
901 2730 1001 2786 filii
1026 2744 1244 2802 quoque
1284 2726 1401 2797 ejus
1442 2724 1631 2798 pupilli
1664 2721 1911 2779 δωῑθαεε
2008 2740 2114 2796 ret,
2153 2731 2394 2787 hostium
2433 2731 2661 2804 lugeret,
2706 2731 2894 2788 fratris
2937 2741 2993 2787 et
3034 2734 3339 2803 reipubliczc
3379 2734 3606 2790 victoria

314 2827 465 2884 sint?
2011 2837 2121 2877 non
2144 2822 2420 2895 gauderet,
2444 2822 2814 2894 oportueritne
2837 2837 2955 2879 eam
2980 2838 3012 2877 a
3032 2821 3202 2880 fratre
3230 2822 3605 2880 indemnatum

384 2913 671 2974 Judicialis
698 2923 802 2982 est,
840 2914 898 2970 in
935 2928 1040 2984 qua
1079 2911 1220 2984 atqui
1252 2919 1307 2969 et
1342 2908 1534 2979 iniqui,
1569 2904 1668 2980 [et]
1700 2902 1911 2976 praemii
2009 2911 2232 2969 occidi?
3456 2912 3462 2921 α

314 3016 415 3066 aut
436 3021 613 3079 plena:
648 3007 790 3062 ratio
825 3004 1108 3076 qureritur.
1153 2998 1326 3070 liuius
1362 3007 1551 3071 partes
1595 2997 1715 3053 duas
1761 3002 1910 3060 sunt,

2085 3004 2324 3059 Remotio
2349 3005 2583 3061 criminis
2612 3013 2716 3072 est,
2744 3021 2871 3062 cum
2902 3004 3018 3075 eius
3037 3005 3268 3063 intentio
3291 3006 3437 3073 facti,
3462 3009 3605 3078 quod

315 3097 566 3158 absoluta
602 3106 663 3155 et
708 3096 1063 3166 assumptiva.
1107 3091 1360 3149 Absoluta
1407 3098 1531 3154 est.
1580 3101 1700 3159 quae
1746 3088 1802 3141 in
1852 3100 1911 3141 se
2012 3095 2083 3151 ab
2111 3097 2429 3153 adversario
2459 3098 2712 3164 infertur,
2745 3098 2799 3153 in
2827 3098 2991 3153 alium
3008 3099 3184 3155 autin
3225 3098 3366 3154 aliud
3397 3100 3605 3155 crimen

317 3193 563 3250 continet
598 3187 741 3260 iuris
784 3197 841 3245 et
886 3186 1094 3259 iniuria:
1132 3184 1505 3256 quaestionem,
1557 3180 1662 3237 hoc
1705 3177 1905 3273 modo:
1932 3249 1978 3273 η
2014 3188 2341 3244 ἀίωονεωιι,
2380 3189 2439 3246 ω
2483 3189 2543 3245 ῆι
2583 3189 2837 3247 bifariam
2887 3187 3071 3262 [Μεεη
3115 3189 3417 3264 bipertito],
3469 3190 3606 3247 Nam

317 3288 457 3347 Cum
479 3252 723 3343 Thebani
745 3252 1167 3339 Lacedaemones—
1187 3277 1328 3333 bello
1356 3280 1726 3346 superassent,
1749 3281 1806 3327 et
1832 3270 1910 3326 fe-
1931 3252 1979 3314 c
2015 3288 2131 3334 tum
2160 3294 2347 3344 causa,
2385 3289 2497 3335 tum
2536 3297 2625 3339 res
2663 3283 2781 3353 ipsa
2821 3252 3146 3338 removetur.
3173 3252 3604 3356 -Causa‘[Forte,

316 3395 380 3436 re
408 3392 528 3435 mos
551 3374 755 3433 Graecis
780 3372 962 3447 [Μαίη
985 3369 1171 3443 Grais]
1197 3376 1304 3437 est,
1325 3377 1386 3424 ut
1408 3366 1550 3424 bello
1570 3366 1712 3423 inter
1736 3379 1795 3420 se
1819 3379 1912 3436 δε·
2013 3370 2212 3444 cauata]
2262 3372 2567 3427 remotiom's
2613 3373 2719 3430 hoc
2768 3372 2924 3429 nobis
2960 3372 3207 3444 exemplo
3264 3375 3337 3434 sit
3364 3391 3382 3428 ς
3413 3373 3608 3430 Rhodii

320 3482 408 3529 sto
432 3467 615 3544 [Hss.,
641 3482 779 3547 cum
802 3467 945 3547 inter
970 3479 1029 3521 se
1048 3462 1249 3519 bellum
1274 3463 1573 3534 gessissent
1596 3458 1702 3531 ut],
1733 3458 1789 3513 hi
1818 3458 1912 3529 qui
2015 3464 2279 3535 quosdam
2315 3465 2561 3536 legaruet
2588 3466 2852 3522 Athenas.
2899 3465 3115 3537 Legatis
3145 3473 3443 3537 quaestores
3468 3480 3612 3521 sum-

320 3542 601 3628 vicissent,
632 3542 892 3630 tropaeum
921 3555 1137 3626 aliquod
1172 3555 1229 3611 in
1257 3555 1455 3611 finibus
1480 3560 1804 3618 statuerent,
1838 3551 1916 3605 vi-
2014 3564 2165 3627 ptum
2213 3572 2378 3627 quem
2417 3557 2706 3628 oportebat
2772 3556 2910 3623 dari,
2959 3571 3069 3613 non
3102 3556 3396 3622 dederant;
3444 3554 3610 3627 legati

322 3654 509 3712 cmi-im
529 3652 689 3710 modo
717 3651 773 3707 in
800 3649 1087 3721 prmsentia
1119 3646 1298 3719 [Mss.,
1328 3643 1693 3718 prmsentiam]
1732 3643 1911 3700 decla-
2015 3646 2243 3716 profecti
2279 3663 2386 3703 non
2429 3656 2576 3705 sunt.
2627 3648 2987 3705 Accusantur.
3026 3647 3257 3704 Intentio
3288 3646 3610 3704 :Proficisci

325 3746 509 3805 randie
550 3759 739 3809 causa,
789 3758 898 3799 non
936 3749 997 3797 ut
1037 3741 1090 3796 in
1130 3746 1451 3811 perpetuum
1487 3738 1614 3794 belli
1652 3736 1914 3792 memoria
2016 3739 2273 3810 oportuit.
2314 3740 2565 3813 Depulsio
2590 3758 2608 3795 :
2633 3741 2750 3797 Non
2771 3741 3026 3812 oportuit.
3054 3740 3288 3807 Quwstio
3310 3739 3615 3811 :Oportue-

324 3843 591 3900 maneret,
636 3848 845 3890 aeneum
889 3838 1197 3887 statuerunt
1239 3838 1521 3899 tropaeum.
1578 3827 1919 3882 Accusantur
2016 3832 2201 3887 rima?
2236 3832 2395 3887 Ratio
2429 3842 2503 3888 εει
2530 3848 2547 3885 ;
2572 3833 2830 3905 Sumptus
2852 3833 3019 3900 enim,
3042 3834 3134 3903 qui
3161 3832 3226 3889 de
3251 3832 3465 3904 publico
3490 3831 3613 3887 dari

328 3931 472 4004 apud
488 3944 779 3987 commune
802 3926 1026 3983 Graeciae
1052 3923 1359 3980 concilium.
1393 3920 1624 3975 Intentio
1650 3926 1773 3974 est“.
1801 3918 1915 3973 Non
2016 3925 2177 3991 solet,
2208 3926 2296 3982 his
2329 3941 2359 3980 a
2386 3934 2654 3997 quaestore
2679 3941 2784 3980 non
2812 3932 2897 3980 est
2922 3924 3096 3981 datus.
3140 3922 3440 3992 Inﬁt-motio
3462 3938 3482 3978 :
3506 3922 3615 3978 Vos

327 4024 588 4095 oportuit.
624 4020 876 4093 Περιώίο
901 4026 1020 4075 est:
1045 4016 1312 4088 Oportuit.
1349 4014 1581 4081 Qulrstio
1603 4021 1689 4068 est
1712 4031 1729 4069 :
1752 4011 1921 4083 Opor-
2020 4028 2202 4075 tamen
2226 4019 2300 4085 id,
2324 4018 2468 4090 quod
2495 4019 2694 4089 publici
2716 4019 2869 4073 vobis
2890 4025 3011 4073 erat
3034 4017 3233 4088 negotii
3256 4017 3460 4081 datum,
3486 4030 3615 4071 con—

331 4117 606 4173 tueritne?
644 4114 803 4170 Ratio
829 4121 913 4168 est
935 4130 948 4167 :
974 4112 1105 4166 Eam
1134 4110 1278 4166 enim
1305 4123 1368 4164 ex
1396 4107 1537 4163 bello
1560 4105 1784 4178 gloriam
1813 4105 1920 4159 vir—
2024 4112 2185 4168 ﬁcere
2219 4111 2521 4182 oportebat,
2572 4111 2843 4167 ,ιιιάίεαιξο
2877 4118 2961 4165 εει
2989 4127 3003 4164 ε
3032 4108 3167 4164 Cum
3199 4108 3364 4179 318
3401 4108 3485 4173 iis,
3516 4107 3613 4178 qui

332 4215 450 4262 tute
474 4206 801 4278 peperimus,
830 4211 892 4259 ut
924 4202 1041 4273 eius
1069 4210 1270 4256 teter-na
1298 4197 1527 4269 insignia
1560 4196 1792 4268 posteris
1819 4211 1919 4252 no-
2016 4201 2184 4271 legati
2211 4209 2391 4266 erant,
2424 4209 2672 4270 sumptus
2697 4201 2790 4271 qui
2822 4198 3116 4255 debebatur
3152 4215 3219 4255 ex
3258 4198 3468 4269 publico
3504 4212 3610 4252 non

331 4301 461 4357 stris
491 4299 959 4368 relinquerentur;
990 4292 1279 4349 statuimus
1308 4300 1588 4360 tropaeum.
1618 4288 1920 4357 Inﬁrmatio
2022 4292 2265 4357 daretur,
2292 4293 2661 4362 oportueritne
2694 4306 2789 4348 eos
2818 4291 3088 4348 conﬁcere
3129 4290 3479 4348 nihilominus
3514 4308 3609 4348 ne-

329 4402 446 4449 est:
466 4392 719 4446 Attamen
737 4398 999 4444 aeternum
1020 4384 1427 4440 inimicitiarum
1447 4380 1667 4438 Graecos
1688 4380 1752 4435 de
1776 4378 1925 4434 Gne-
2024 4384 2230 4456 gotium
2254 4382 2578 4453 legationis?

331 4482 419 4538 eis
459 4479 642 4552 [Mss.,
678 4478 869 4534 Graios
897 4478 964 4533 de
1008 4473 1192 4547 Grais]
1232 4481 1643 4529 monumentum
1685 4479 1925 4527 statuere

336 4587 445 4629 non
476 4578 708 4641 oportet.
740 4567 1010 4623 Iudicatio
1036 4576 1120 4623 est
1145 4585 1157 4620 :
1183 4567 1317 4623 Cum
1342 4580 1565 4621 summae
1591 4565 1807 4620 virtutis
1828 4578 1920 4620 ce-

338 4663 610 4720 lebrandae
627 4676 793 4716 causa
810 4660 984 4716 (ἓνωεί
1007 4660 1074 4715 de
1094 4659 1295 4714 Grmcis
1316 4657 1496 4731 [Νη.
1512 4657 1637 4713 Grai
1656 4658 1722 4713 de
1741 4655 1922 4729 Grais]

337 4764 602 4810 aeternum
631 4752 1039 4807 inimicitiarum
1066 4758 1475 4806 monumentum
1495 4758 1823 4816 statuemnt,
1847 4764 1929 4805 re-

340 4857 427 4905 cte
455 4863 524 4903 an
557 4862 663 4903 non
693 4844 960 4901 fecerint?

413 4938 743 5008 Assumptiva
771 4943 874 4999 est,
903 4949 1027 4989 cum
1053 4933 1229 5004 ipsum
1251 4931 1452 4988 factum
1471 4930 1691 5004 probari
1714 4946 1818 4986 non
1838 4946 1932 5001 po-

348 5036 471 5093 test,
485 5026 581 5085 sed
597 5026 778 5095 aliquo
800 5024 932 5080 foris
952 5033 1230 5095 assumpto
1250 5033 1565 5095 argumento
1587 5022 1795 5079 defendi
1805 5030 1891 5077 tur
1916 5038 1931 5087 ;

342 5121 503 5193 cuius
538 5130 719 5193 partes
752 5129 880 5175 sunt
912 5129 1163 5190 quatuor.
1205 5119 1572 5190 Comparatio,
1606 5118 1798 5173 relatio
1828 5118 1933 5172 cri-

349 5213 532 5278 minis,
562 5212 790 5268 remotio
814 5211 1075 5275 criminis,
1108 5209 1375 5265 confessio
1398 5208 1580 5282 [Mss.,
1605 5207 1929 5281 concessio].

419 5300 757 5372 Comparatio
785 5311 887 5365 est,
918 5317 1040 5357 cum
1063 5300 1205 5356 aliud
1235 5300 1451 5371 aliquod
1480 5299 1701 5365 factum,
1726 5310 1936 5355 rectum

350 5403 447 5451 aut
469 5393 601 5449 utile
625 5393 929 5449 ostenditur
958 5391 1137 5465 [.Mss.,
1168 5392 1556 5465 contenditur],
1588 5393 1727 5461 quod
1758 5400 1815 5445 ut
1845 5391 1940 5446 fic—

353 5494 459 5552 ret,
486 5485 616 5540 illud
644 5487 786 5556 quod
814 5486 1075 5556 arguitur,
1102 5486 1301 5541 dicitur
1322 5501 1443 5541 esse
1476 5486 1847 5550 commissura,
1878 5496 1938 5542 ut

355 5581 408 5637 in
437 5578 706 5650 exemplo,
735 5579 879 5649 quod
906 5579 1069 5657 paulo
1095 5587 1219 5633 ante
1255 5579 1485 5648 positum
1512 5588 1597 5634 est
1631 5577 1807 5650 [Mss.,
1842 5594 1938 5649 po—

356 5670 605 5743 suimus].
642 5671 777 5727 Cum
804 5673 909 5726 dux
938 5671 1209 5726 Romanus
1229 5673 1297 5726 al)
1318 5672 1561 5727 hostibus
1579 5672 1936 5738 obsideretur,

358 5778 458 5819 nec
489 5761 597 5816 ullo
637 5769 794 5831 pacto
819 5760 1047 5817 evadere
1080 5761 1275 5829 potuit,
1308 5762 1410 5816 nisi
1442 5760 1700 5833 [pacaret,
1729 5762 1808 5833 ut]
1845 5763 1939 5816 Im-

361 5834 535 5889 stibus
561 5849 709 5888 arma
742 5833 924 5898 daret;
958 5832 1121 5887 armis
1161 5832 1297 5890 datis
1332 5832 1528 5889 milites
1561 5832 1895 5890 conservarit
1922 5851 1935 5899 ;

2095 4476 2265 4546 ipsius
2286 4484 2466 4531 autem
2496 4475 2572 4529 rei
2602 4473 2665 4529 fit
2689 4476 2927 4541 remotio,
2949 4489 3074 4530 cum
3098 4473 3150 4530 id
3170 4474 3312 4546 quod
3334 4477 3495 4530 datur
3512 4474 3618 4530 cri-

2026 4572 2179 4634 mini.
2213 4578 2391 4641 negat,
2419 4584 2596 4640 neque
2635 4569 2701 4626 ad
2752 4585 2833 4637 se,
2873 4584 3047 4639 neque
3089 4569 3155 4626 ad
3186 4568 3419 4624 cilicium
3457 4583 3614 4625 suum

2030 4682 2155 4722 reus
2176 4663 2503 4735 pertinuisse
2531 4681 2545 4718 :
2574 4677 2677 4719 nec
2703 4663 2748 4718 si
2779 4663 2922 4733 quod
2949 4663 3002 4718 in
3032 4676 3096 4719 eo
3130 4663 3202 4719 sit
3241 4662 3520 4727 delictum,
3552 4662 3620 4718 si-

2028 4761 2083 4817 bi
2108 4758 2331 4815 attribui
2355 4757 2822 4839 oportere.‘Porro
2853 4758 2904 4813 id
2930 4774 3107 4815 causae
3138 4774 3309 4831 genus
3345 4767 3429 4815 est
3464 4758 3612 4829 ejus-

2030 4850 2177 4906 modi
2211 4866 2224 4903 :
2250 4849 2307 4903 ld
2337 4862 2404 4904 eo
2446 4832 2648 4903 raedé'r'é
2677 4849 2820 4918 quod
2856 4847 3056 4905 factum
3086 4857 3171 4904 est
3194 4852 3464 4920 quondam
3493 4864 3613 4903 cum

2035 4942 2391 5003 Samnitibus,
2413 4940 2631 5009 quidam
2656 4939 2968 4995 adolescens
2992 4940 3189 4996 nobilis
3212 4956 3434 5011 porcum
3459 4941 3619 4996 susti-

2036 5034 2149 5090 nuit
2176 5034 2332 5104 jussu
2372 5032 2742 5103 imperatoris;
2773 5032 2977 5087 fmdere
3007 5043 3187 5089 autem
3219 5034 3321 5088 hoc
3345 5034 3397 5088 iu
3430 5043 3620 5089 senatu

2036 5126 2358 5197 improbata,
2387 5134 2443 5180 et
2470 5126 2794 5196 imperatore
2815 5126 3148 5183 Samnitibus
3179 5128 3376 5194 dedito,
3402 5128 3619 5199 quidam

2036 5220 2092 5273 in
2124 5226 2315 5273 senatu
2352 5232 2474 5271 cum
2504 5232 2719 5287 quoque
2745 5217 2891 5280 dicit,
2918 5218 3007 5288 qui
3036 5233 3254 5288 porcum
3286 5220 3473 5284 tenuit,
3500 5220 3618 5275 dedi

2037 5318 2307 5378 oportere.
2348 5305 2577 5360 Intentio
2599 5314 2717 5361 est:
2741 5307 2869 5361 Dedi
2901 5318 3167 5376 oportere.
3216 5309 3461 5378 Dcpulsio
3490 5318 3574 5365 est
3608 5330 3620 5365 :

2040 5398 2156 5453 Non
2194 5404 2424 5466 oportet.
2466 5396 2696 5461 Qua’stio
2733 5406 2816 5452 est
2842 5417 2853 5451 :
2879 5394 3248 5468 Oporteatne?
3292 5399 3484 5455 Ratio:
3508 5401 3622 5457 Non

2044 5488 2186 5544 enim
2211 5502 2386 5542 meum
2417 5483 2520 5540 fuit
2546 5485 2798 5552 ofﬁcium,
2839 5502 2939 5544 nec
2966 5504 3087 5545 mea
3122 5499 3384 5559 potestas,
3419 5508 3540 5547 cum
3574 5504 3628 5549 et

2045 5581 2098 5637 id
2135 5581 2311 5635 aetatis
2351 5594 2455 5634 non
2497 5578 2679 5645 habui,
2716 5589 2773 5634 et
2804 5581 3047 5651 privatus
3084 5598 3281 5648 essem,
3328 5594 3382 5641 et
3417 5602 3625 5640 summa

2044 5688 2168 5728 cum
2216 5672 2539 5726 auctoritate
2584 5679 2637 5724 et
2684 5679 2949 5742 potestate
2988 5673 3282 5745 imperator
3329 5678 3624 5742 mandavit,

2045 5763 2135 5833 qui
2164 5762 2388 5825 videret,
2411 5770 2470 5816 ut
2490 5761 2623 5817 satis
2645 5762 2932 5819 ltoncstum
2957 5764 3132 5822 fmdus
3155 5764 3425 5822 feriretur.
3469 5768 3629 5835 Inﬁr-

2049 5854 2208 5909 matio
2230 5862 2315 5910 cst
2340 5872 2350 5907 :
2378 5852 2640 5922 Quoniam
2667 5856 2939 5930 particeps
2961 5855 3135 5917 factus
3156 5874 3214 5915 es
3234 5859 3288 5915 in
3317 5859 3626 5930 turpissime
