4106 6568
269 479 378 537 999

1088 471 1561 532 DIDASCALICA.
1603 501 1671 511 —
1708 467 1981 526 DIALOG.
2024 466 2111 522 DE
2152 463 2357 520 RIIET.
2403 463 2489 517 ΕΤ
2536 460 2713 516 ΫΙῐὶΤ.

3437 449 3542 507 930

271 596 356 650 bis
380 602 434 648 et
466 592 748 649 sententiis
795 589 1124 661 ampliﬁcare
1168 589 1417 652 debebit,
1465 597 1520 643 et
1566 585 1854 642 ostendere
1882 588 1928 644 Α
1959 589 2015 636 ut
2051 579 2365 641 benevolus,
2393 585 2654 640 attentus,
2680 571 2870 628 docilis
2891 569 3153 626 efﬁciatur
3179 564 3410 661 auditor.
3431 564 3538 661 ξιιιι

270 695 471 756 quanta
505 685 585 740 vis
610 686 681 740 sit
705 684 938 749 amoris,
973 692 1173 755 quanta
1210 684 1375 738 animi
1411 678 1747 752 perturbatio
1784 692 1854 733 ex

269 779 549 836 iracundia
584 779 698 845 ﬁat,
723 787 814 834 aut
834 795 901 835 ex
927 779 1108 850 aliqua
1137 793 1298 834 causa
1329 791 1518 833 earum
1538 816 1554 840 ,
1601 789 1722 845 qua:
1756 774 1857 828 im-

265 869 485 940 pulsum
529 870 764 940 aliquem
795 869 908 941 (ad)
942 870 994 926 id
1030 869 1224 924 fecisse
1269 869 1416 924 dicet
1456 865 1654 939 [Edit.,
1683 879 1853 950 qua...

270 960 448 1035 dicit],
475 969 534 1017 ut
564 978 672 1016 non
718 961 916 1016 mirum
957 961 1222 1026 videatur,
1252 958 1300 1015 si
1337 959 1481 1029 quod
1515 959 1582 1012 ad
1616 945 1853 1018 facinus,

273 1053 366 1109 tali
407 1052 814 1125 perturbatione
849 1059 1150 1107 commotus
1183 1050 1395 1107 animus
1433 1047 1629 1122 [Edit.,
1666 1046 1855 1117 quis...

265 1142 485 1217 animi]
536 1144 860 1209 accesserit;
915 1151 972 1198 et
1027 1142 1292 1213 exemplis
1347 1140 1672 1197 conﬁrmare
1733 1148 1860 1194 ante

266 1237 412 1293 actis
440 1276 456 1303 ,
502 1237 597 1306 qui
641 1235 805 1292 simili
864 1235 1094 1306 impulsu
1146 1234 1352 1305 aliquid
1407 1234 1587 1289 simile
1633 1232 1861 1288 comini-

268 1344 396 1385 sere
405 1372 418 1384 .

343 1420 480 1477 Cum
509 1431 688 1478 autem
723 1437 830 1477 non
859 1421 1198 1494 impulsione,
1227 1435 1415 1477 ventm
1446 1419 1861 1478 ratiocinatione

265 1513 509 1586 aliquem
552 1513 893 1571 commisisse
939 1515 1068 1586 quid
1100 1513 1275 1581 dicet,
1311 1512 1440 1584 quid
1486 1510 1754 1568 commodi
1789 1511 1864 1567 sit

265 1617 514 1671 secutus,
537 1617 630 1663 aut
653 1609 784 1678 quid
814 1609 1140 1665 incommodi
1170 1608 1403 1680 fugerit,
1435 1607 1860 1672 demonstrabit,

265 1707 327 1754 et
374 1699 429 1754 id
464 1699 678 1770 augebit
717 1715 881 1769 quam
926 1701 1177 1755 maxime.
1232 1699 1304 1755 Ut
1347 1699 1392 1756 si
1441 1699 1628 1769 gloriae
1669 1711 1861 1764 causa,

263 1798 529 1859 quantam
557 1789 787 1861 gloriam
815 1806 873 1846 se
901 1797 1320 1847 consecuturum
1351 1789 1698 1846 existimarit.
1727 1788 1863 1844 Item

265 1879 314 1936 si
344 1879 747 1946 dominationis,
779 1881 825 1936 si
853 1883 1118 1952 pecunia,
1147 1883 1192 1937 si
1216 1882 1494 1946 amicitiae,
1536 1880 1582 1937 si
1625 1880 1859 1936 inimici-

264 1972 472 2027 tiarum
493 2013 507 2038 ,
539 1983 595 2027 et
628 1973 852 2029 omnino
879 1971 1142 2043 quidquid
1183 1973 1316 2038 erit,
1354 1973 1496 2042 quod
1520 1987 1703 2028 causae
1737 1986 1863 2041 pro-

265 2064 431 2120 desse
457 2063 617 2130 dicet,
650 2065 704 2121 id
730 2081 939 2122 sunnne
966 2080 1164 2136 angere
1189 2064 1427 2122 debebit.

343 2155 608 2214 Defensor
640 2166 823 2215 autem
869 2173 938 2214 ex
966 2157 1262 2214 contrario.
1301 2157 1547 2212 Primum
1591 2154 1866 2225 impulsio-

269 2267 401 2308 neni
429 2259 522 2307 aut
543 2252 748 2308 nullam
778 2250 943 2310 fuisse
969 2253 1147 2319 dicet;
1181 2258 1275 2308 aut
1303 2253 1349 2307 si
1385 2249 1553 2308 fuisse
1580 2245 1862 2315 concedet,

275 2343 614 2408 catenuabit,
643 2352 696 2399 et
721 2343 1000 2414 parvulam
1027 2343 1320 2416 quamdam
1342 2341 1510 2397 fuisse
1532 2340 1869 2396 demonstra-

276 2436 387 2499 bit;
414 2443 505 2491 aut
533 2451 642 2491 non
673 2449 740 2492 ex
774 2451 836 2492 ea
871 2435 1048 2494 solere
1076 2434 1385 2504 huiusmodi
1418 2433 1556 2491 facta
1587 2433 1736 2488 nasci
1773 2431 1870 2486 do-

276 2526 438 2582 cebit.
467 2525 923 2583 Ratiocinationis
946 2535 1128 2582 autem
1162 2525 1501 2596 suspiciones
1536 2522 1866 2586 inﬁrmabit,

275 2617 321 2671 si
347 2623 441 2672 aut
465 2619 809 2674 commodum
847 2617 1055 2673 nullum
1095 2617 1292 2683 fuisse,
1343 2625 1438 2673 aut
1481 2631 1708 2688 parvum
1733 2657 1748 2681 ,
1777 2622 1872 2670 aut

275 2713 401 2770 aliis
427 2715 600 2784 magis
627 2730 769 2780 esse,
803 2723 898 2769 aut
925 2713 1095 2769 nihilo
1124 2713 1228 2770 sibi
1253 2714 1428 2785 magis
1463 2710 1644 2786 [Nss.,
1668 2708 1867 2783 maius]

275 2818 443 2875 quam
471 2804 621 2870 aliis;
651 2814 744 2861 aut
771 2805 1172 2862 incommodum
1197 2805 1299 2860 sibi
1332 2804 1508 2876 majus
1535 2817 1697 2874 quam
1722 2816 1872 2857 eom-

277 2895 499 2952 modum
526 2895 699 2963 dicet,
729 2903 788 2950 ut
814 2909 1161 2966 nequaquam
1203 2892 1369 2950 fuerit
1394 2893 1540 2951 illius
1566 2891 1867 2956 commodi,

277 2987 424 3057 quod
473 2986 775 3057 expetitum
823 2986 1067 3052 dicatur,
1110 2986 1458 3059 magnitudo;
1504 2993 1600 3040 aut
1640 2999 1764 3040 cum
1805 2997 1870 3038 eo

281 3076 656 3144 incommodo,
702 3079 847 3150 quod
884 3077 1173 3143 acciderit,
1216 3087 1309 3134 aut
1355 3092 1480 3134 cum
1506 3092 1574 3133 eo
1598 3073 1870 3147 periculo,

281 3171 424 3240 quod
451 3170 736 3236 subeatur,
767 3170 1192 3241 comparandum
1217 3186 1233 3223 :
1256 3169 1349 3240 qui
1374 3182 1565 3226 omnes
1586 3167 1690 3225 loci
1717 3167 1871 3224 sitni-

280 3261 405 3318 liter
434 3259 760 3318 incommodi
788 3275 1005 3333 quoque
1030 3260 1293 3318 vitatione
1316 3260 1715 3317 tractabuntur.

516 3374 682 3446 320
715 3372 805 3429 DE
838 3369 1108 3430 OFFlClO
1141 3371 1634 3430 PERSONARUH.

348 3485 483 3542 οη.
525 3484 664 3554 Quia
713 3499 978 3556 personas
1028 3498 1321 3540 causarum
1376 3482 1598 3548 dixiSti,
1637 3479 1725 3538 dic
1774 3481 1872 3540 ob-

281 3592 438 3632 secro
484 3587 542 3631 et
577 3576 697 3631 loca
739 3575 1075 3646 singularum
1113 3589 1492 3646 personarum.
1525 3605 1594 3616 -—
1620 3573 1752 3630 Au.
1787 3573 1874 3628 Di-

283 3683 426 3733 cam,
444 3668 575 3724 licet
593 3667 698 3723 hoc
719 3683 823 3723 non
844 3676 1052 3723 tantum
1073 3667 1143 3721 ad
1162 3667 1298 3723 artis
1315 3674 1582 3737 prtecepta
1603 3665 1876 3737 pertineat

287 3758 456 3832 lEdit.
498 3759 678 3814 hrec...
704 3757 1061 3831 pertineant],
1089 3768 1356 3828 quantum
1403 3759 1473 3815 ad
1517 3755 1677 3814 oﬁicii
1715 3758 1880 3815 deco-

285 3866 421 3905 rem.
454 3848 629 3904 Iudex
674 3849 729 3904 in
774 3849 1032 3904 tribunali
1058 3891 1072 3916 ,
1106 3863 1269 3906 causa
1301 3849 1357 3904 in
1386 3851 1567 3906 medio
1593 3859 1720 3905 ante
1747 3864 1872 3906 eum

283 3941 352 3996 ad
381 3941 594 3996 laudem
623 3939 708 3996 vel
737 3940 804 3996 ad
829 3954 1046 4010 pmnam
1071 3941 1268 4010 posita,
1304 3950 1366 3996 ut
1393 3940 1533 3997 forte
1558 3941 1751 4011 patria:
1785 3942 1877 3996 de-

287 4031 463 4086 fensio
488 4031 573 4085 vel
600 4031 857 4102 proditio.
885 4031 1188 4087 Accusator
1221 4031 1292 4087 ad
1334 4032 1636 4087 sinistram.
1679 4031 1874 4088 Causa

288 4122 541 4179 defensor
570 4123 638 4180 ad
662 4125 934 4181 dextram.
962 4123 1154 4180 Testes
1197 4132 1347 4180 retro
1379 4122 1572 4197 [Edit.,
1611 4124 1872 4198 quoque].

356 4211 491 4268 Can.
535 4213 614 4268 An
640 4213 870 4285 insignia
897 4212 1043 4287 [sua]
1071 4213 1267 4285 singuli
1311 4230 1378 4269 ex
1406 4214 1512 4270 illis
1548 4217 1783 4271 habent?
1806 4247 1878 4258 --

283 4306 422 4364 Au.
459 4305 688 4362 Habent.
721 4303 889 4362 Iudex
917 4315 1132 4376 sceptro
1153 4306 1428 4376 aequitatis
1456 4309 1749 4365 amandus
1770 4319 1874 4374 est,

286 4405 576 4452 accusator
601 4396 830 4467 pugione
855 4396 1094 4462 malitiae,
1123 4395 1375 4454 defensor
1399 4396 1590 4470 clypeo
1622 4400 1842 4470 pietatis
1861 4441 1874 4465 ,

287 4496 460 4546 testes
489 4488 616 4542 tuba
641 4488 907 4543 veritatis.

629 4601 718 4658 DE
755 4599 1099 4660 PARTIBUS
1135 4598 1532 4658 ORATIONIS.

358 4716 495 4774 CAR.
526 4714 705 4771 Etiam
739 4728 806 4770 ex
851 4715 938 4770 bis
984 4715 1236 4770 omnibus
1284 4729 1462 4770 causa:
1501 4713 1874 4786 adiacentibus

286 4807 716 4866 circumstantiis
745 4808 1002 4877 repertis,
1049 4807 1179 4877 quid
1209 4815 1338 4861 tunc
1377 4807 1728 4877 quaerendum
1757 4816 1872 4874 est,

289 4899 582 4970 magister?
605 4927 678 4941 --
699 4897 830 4953 Aur.
859 4897 1021 4966 Quid,
1067 4898 1172 4953 nisi
1219 4896 1444 4969 singulae
1479 4898 1647 4952 totius
1694 4913 1876 4956 causa

287 5002 496 5067 partes.

359 5081 494 5138 CAR.
528 5080 660 5150 Qum
702 5094 758 5137 et
804 5090 935 5152 quot
975 5081 1080 5137 illa:
1124 5089 1270 5146 sint,
1303 5081 1491 5136 audire
1514 5080 1782 5137 desnlero.
1808 5111 1879 5123 —-

287 5173 421 5232 Arn.
452 5171 554 5228 Sex
586 5171 777 5245 [enim]
807 5181 934 5228 sunt
976 5180 1156 5245 partes
1178 5213 1192 5238 ,
1221 5188 1315 5243 per
1367 5189 1500 5243 quas
1545 5173 1614 5229 ab
1659 5179 1878 5229 oratore

287 5263 589 5323 ordinanda
631 5273 717 5321 est
750 5265 944 5321 oratio.
993 5264 1182 5320 Causa:
1229 5263 1544 5328 exordium,
1590 5265 1876 5328 narratio,

289 5355 650 5419 conﬁrmatio,
683 5355 923 5425 partitio,
949 5355 1321 5425 reprehensio,
1347 5354 1642 5410 conclusio.

362 5449 498 5506 (Jan.
537 5450 677 5518 Quid
704 5457 787 5506 est
815 5449 1129 5503 exordium?
1151 5479 1215 5489 —-—
1245 5448 1377 5503 Arn.
1407 5445 1594 5503 Oratio
1637 5448 1878 5503 animum

291 5544 558 5602 auditoris
613 5541 803 5599 idonee
870 5554 1193 5610 comparans
1243 5539 1310 5594 ad
1367 5539 1632 5610 reliquam
1688 5540 1879 5596 dictio-

287 5654 417 5695 ηοω

366 5728 501 5786 Cu.
528 5726 806 5796 Quomodo
835 5724 985 5798 {hoc}
1018 5724 1279 5780 efﬁcitur?
1307 5755 1372 5765 —-
1400 5723 1532 5779 Acs.
1575 5722 1792 5788 Primo,
1821 5730 1882 5777 ut

293 5821 639 5886 benevolum,
672 5827 959 5885 attentum,
987 5818 1217 5874 docilem
1242 5817 1445 5874 elllcias
1481 5818 1805 5874 auditorem.

369 5911 504 5976 Cu.
545 5911 614 5970 Ut
643 5912 774 5971 mihi
804 5911 1035 5980 videtur,
1062 5909 1165 5967 hoc
1191 5924 1402 5969 summe
1427 5909 1724 5966 curandum
1765 5918 1847 5966 est
1864 5949 1877 5975 ,

1960 687 2194 744 quonam
2227 671 2386 726 modo
2417 671 2521 724 hoc
2547 665 2734 739 [idem]
2762 662 2897 719 effici
2935 661 3104 732 possit
3127 701 3141 725 ,
3182 658 3344 715 velim
3359 657 3538 750 ‘scire.

1960 763 2181 819 ——Ai.a.
2216 761 2457 829 Quatuor
2490 775 2560 814 ex
2603 757 2736 812 locis
2777 753 3130 810 beiwrolentia
3176 751 3538 820 comparatur.

1957 857 2004 910 A
2033 866 2237 918 nostra,
2271 855 2340 908 ab
2375 849 2836 912 adversariorum,
2879 863 2909 901 a
2941 844 3184 914 iudicum
3217 856 3447 912 persona
3467 880 3483 900 .
3513 857 3545 894 a

1960 960 2144 1001 causa.
2175 944 2220 997 Α
2242 951 2428 997 nostra
2458 959 2472 994 :
2507 941 2552 994 si
2585 940 2651 993 de
2680 937 2881 992 nostris
2921 935 3078 990 factis
3118 943 3174 988 et
3212 931 3400 987 ofﬁciis
3425 930 3545 985 sine

1960 1034 2273 1104 arrogantia
2302 1032 2575 1095 dicemus;
2603 1044 2648 1084 si
2680 1027 2908 1082 crimina
2935 1025 3078 1079 illata
3104 1032 3160 1078 et
3192 1022 3403 1094 aliquas
3444 1022 3546 1077 mi-

1963 1142 2065 1181 nus
2092 1117 2352 1182 honestas
2378 1124 2715 1192 suspiciones
2748 1123 2972 1192 iniectas
3001 1121 3305 1186 diluemus;
3343 1119 3390 1176 si
3423 1133 3546 1190 qua:

1961 1217 2303 1276 incommoda
2331 1218 2649 1281 acciderint,
2679 1224 2918 1286 antqua:
2964 1217 3164 1270 instent
3205 1211 3548 1270 diil‘tcultates

1961 1313 2331 1384 proferemus;
2363 1312 2408 1366 si
2435 1326 2597 1380 prece
2623 1319 2678 1366 et
2703 1311 3076 1366 obsecratione
3108 1310 3296 1365 humili
3332 1316 3389 1365 et
3419 1323 3547 1380 sup-

1965 1407 2090 1476 plici
2119 1414 2352 1461 utemur.
2389 1405 2467 1458 Ab
2503 1403 2939 1459 adversariorum
2967 1412 3146 1458 autem
3185 1416 3416 1472 persona
3450 1418 3468 1457 :
3500 1402 3547 1458 si

1963 1514 2060 1555 eos
2093 1507 2184 1554 aut
2215 1499 2269 1553 in
2297 1499 2506 1562 odium,
2534 1506 2627 1552 aut
2654 1498 2706 1552 in
2733 1497 3024 1564 invidiam,
3072 1504 3165 1552 aut
3203 1496 3258 1552 in
3306 1501 3549 1553 conteru-

1964 1604 2118 1664 ptum
2144 1592 2492 1648 adducemus.
2524 1589 2583 1647 in
2607 1589 2790 1647 odium
2817 1591 3145 1647 adducemus
3167 1589 3347 1662 [Hss.,
3380 1589 3544 1645 addu-

1965 1682 2200 1756 centur],
2229 1684 2277 1738 si
2306 1681 2436 1754 quid
2463 1698 2653 1739 eorum
2699 1696 2896 1752 spurce
2916 1722 2929 1747 ,
2957 1681 3205 1752 superbe,
3232 1679 3551 1746 crudeliter,

1964 1773 2233 1830 malitiose
2253 1772 2454 1830 factum
2482 1773 2816 1844 proferetur;
2850 1773 2904 1828 in
2941 1773 3232 1838 invidiam,
3263 1772 3311 1828 si
3338 1772 3421 1828 vis
3448 1786 3551 1828 eo-

1966 1881 2106 1931 rum,
2136 1867 2396 1937 potentia,
2424 1866 2687 1936 pecuniaa,
2713 1865 2932 1932 divitiae,
2974 1867 3228 1937 cegnatio
3271 1863 3554 1936 proferen-

1967 1965 2084 2022 tur;
2111 1968 2274 2029 atque
2297 1971 2487 2014 eorum
2517 1973 2649 2014 usus
2676 1973 2957 2029 arrogans,
2987 1966 3044 2014 et
3066 1957 3458 2024 intolerabilis;
3495 1965 3556 2014 et

1965 2051 2110 2121 quod
2146 2051 2234 2106 bis
2278 2050 2442 2106 rebus
2485 2052 2658 2123 magis
2698 2051 2984 2108 videantur
3023 2065 3188 2122 quam
3234 2066 3413 2109 causa
3442 2067 3556 2108 sua:

1966 2142 2272 2210 conﬁdere;
2326 2143 2378 2198 in
2427 2153 2795 2214 contemptum
2845 2145 3215 2210 adducentur,
3264 2146 3313 2200 si
3362 2159 3557 2201 eorum

1969 2232 2188 2298 inertia,
2221 2232 2572 2305 negligentia,
2602 2233 2847 2304 ignavia,
2871 2233 3204 2291 desidiosum
3232 2229 3474 2292 studium
3501 2243 3562 2292 et

1967 2325 2306 2382 luxuriosum
2330 2327 2501 2383 otium
2527 2326 2856 2399 proferetur.
2880 2327 2964 2384 Ab
2984 2327 3297 2385 auditorum
3322 2343 3559 2401 persona

1968 2421 2341 2478 benevolentia
2391 2421 2719 2493 captabitur,
2744 2423 2789 2477 si
2815 2438 2905 2478 res
2934 2423 3002 2480 ab
3041 2423 3111 2478 iis
3139 2421 3372 2490 fortiter,
3400 2439 3559 2481 man-

1969 2523 2144 2579 suete,
2172 2513 2449 2584 sapienter
2474 2521 2639 2584 gesta:
2667 2513 3048 2586 proferentur;
3080 2529 3423 2587 nequaquam
3463 2530 3562 2571 au-

1970 2613 2080 2681 tem
2129 2605 2512 2661 assentationis
2554 2621 2675 2661 esse
2708 2606 2814 2663 hoc
2860 2606 3218 2677 signiﬁcetur,
3258 2607 3306 2664 si
3351 2608 3421 2663 de
3456 2607 3558 2674 iis,

1970 2709 2135 2766 quam
2161 2695 2389 2752 honesta
2417 2695 2772 2764 existimatio,
2799 2708 3112 2770 quantaque
3142 2713 3331 2756 eorum
3365 2697 3561 2768 iudicii

1970 2794 2026 2842 et
2062 2787 2406 2844 auctoritatis
2430 2789 2766 2860 exspectatio
2789 2789 2884 2857 sit,
2915 2791 3240 2847 ostenditur.
3282 2791 3329 2849 Δ
3371 2792 3559 2855 rebus.

1972 2877 2019 2932 si
2069 2885 2312 2935 nostram
2353 2891 2574 2934 causam
2627 2879 2901 2937 laudando
2946 2880 3281 2950 extollimus,
3331 2883 3563 2943 aliorum

1971 2982 2196 3024 causam
2223 2982 2324 3040 per
2345 2976 2716 3040 contemptum
2740 2970 3132 3041 deprimemus.

2042 3058 2279 3115 Auente:
2327 3068 2508 3116 autem
2554 3058 2840 3130 faciemus,
2870 3062 2919 3119 si
2958 3064 3450 3124 demonstrabimus
3495 3084 3564 3128 ea

1973 3165 2095 3223 qua
2122 3152 2322 3209 dicturi
2345 3168 2554 3220 sumus,
2584 3169 2808 3227 magna,
2833 3170 3002 3225 nova,
3031 3156 3370 3216 incredibilia
3404 3176 3561 3229 esse;

1974 3252 2070 3298 aut
2097 3244 2165 3302 ad
2182 3259 2393 3313 omnes,
2419 3251 2515 3301 aut
2541 3245 2610 3302 ad
2633 3262 2730 3304 eos
2751 3247 2843 3318 qui
2868 3249 3110 3317 audient,
3135 3258 3230 3307 aut
3252 3253 3322 3310 ad
3352 3252 3565 3325 aliquos

1896 3314 1944 3378 (ἶ
1975 3333 2213 3392 illustres
2237 3335 2508 3402 homines,
2550 3344 2648 3393 aut
2687 3314 2933 3397 advdeos
2962 3314 3329 3410 immortales,
3366 3314 3463 3403 aut
3493 3345 3564 3402 ad

1968 3440 2239 3483 summam
2269 3427 2581 3498 reipublicae
2603 3430 2879 3500 pertinere
2906 3450 2920 3486 ε
2950 3441 3007 3486 et
3031 3432 3075 3487 si
3112 3432 3435 3503 pollicemur
3460 3450 3564 3493 nos

1969 3514 2123 3572 brevi
2150 3531 2372 3573 causam
2401 3527 2645 3574 nostram
2670 3521 3143 3580 demonstraturus
3160 3567 3174 3591 ,
3200 3533 3364 3596 atque
3392 3541 3567 3601 expo-

1970 3622 2165 3664 nemus
2181 3607 2572 3680 iudicationem
2597 3619 2692 3666 aut
2708 3611 3104 3683 iudicationes,
3144 3616 3190 3672 si
3224 3616 3409 3686 plures
3439 3617 3563 3677 fue-

1971 3699 2103 3755 rint.

2043 3787 2251 3845 Dccites
2279 3789 2553 3848 auditores
2585 3789 2849 3849 faciemus
2869 3835 2884 3860 ,
2914 3795 2960 3850 si
2999 3807 3185 3866 aperte
3227 3807 3285 3853 et
3323 3800 3569 3859 breviter

1973 3897 2241 3938 summam
2266 3897 2446 3940 causa:
2475 3896 2843 3956 exponemus;
2871 3886 2977 3942 hoc
3004 3898 3107 3954 est,
3139 3890 3194 3945 in
3236 3906 3343 3962 quo
3383 3896 3564 3952 consi-

1974 3981 2086 4030 stat
2131 3975 2538 4031 controversia?
2591 3974 2700 4032 Sed
2749 3977 2841 4048 qui
2900 3978 3040 4035 bene
3087 3983 3327 4038 exordiri
3378 3986 3525 4043 volet
3546 4027 3563 4052 ,

1973 4065 2152 4135 primo
2182 4081 2405 4125 necesse
2438 4074 2544 4132 est,
2587 4074 2647 4123 ut
2693 4084 2805 4124 sua:
2850 4083 3028 4126 causa:
3066 4086 3237 4142 genus
3276 4075 3566 4147 diligenter

1977 4167 2256 4228 agnoscat.

2048 4251 2179 4309 CAR.
2210 4253 2354 4322 Quot
2382 4262 2510 4310 sunt
2538 4268 2829 4311 causarum
2867 4256 3102 4327 genera?
3121 4288 3192 4301 -—
3216 4257 3353 4316 Ann.
3396 4262 3566 4332 Quin-

1977 4359 2101 4414 que.
2132 4343 2454 4409 Honestum,
2478 4342 2819 4410 admirabile,
2853 4345 3079 4413 humile,
3106 4363 3338 4422 anceps,
3367 4355 3566 4412 obscu-

1977 4454 2120 4495 rum.
2166 4437 2464 4495 Honestum
2506 4453 2687 4496 causae
2710 4454 2883 4512 genus
2927 4450 3040 4510 est,
3089 4445 3176 4502 cui
3214 4447 3422 4517 statim,
3447 4449 3567 4509 sine

1975 4530 2226 4585 oratione
2249 4537 2458 4598 nostra,
2483 4526 2633 4585 favet
2656 4530 2922 4589 auditoris
2942 4533 3178 4592 animus.
3204 4535 3563 4608 Admirabile,

1979 4636 2012 4677 a
2039 4637 2146 4693 quo
2170 4632 2255 4678 est
2282 4621 2547 4677 alienatus
2573 4622 2786 4679 animus
2811 4637 3006 4680 eorum
3029 4626 3124 4697 qui
3153 4626 3388 4685 audituri
3413 4641 3561 4689 sunt.

1977 4717 2210 4785 Humile,
2242 4718 2388 4788 quod
2411 4716 2703 4790 negligitur
2731 4717 2801 4773 ab
2835 4718 3103 4785 auditore,
3125 4728 3182 4776 et
3210 4739 3317 4778 non
3344 4739 3565 4799 magno-

1973 4824 2104 4880 pere
2117 4807 2502 4865 attendendum
2516 4808 2751 4865 videtur.
2765 4807 3001 4879 Anceps,
3015 4811 3070 4867 in
3082 4826 3190 4882 quo
3200 4812 3564 4883 autiudicatio

1977 4901 2140 4957 dubia
2179 4907 2301 4963 est,
2345 4909 2440 4954 aut
2480 4915 2644 4956 causa
2676 4907 2732 4954 ct
2772 4900 3077 4958 honestatis
3113 4913 3170 4960 et
3211 4909 3562 4978 turpitudinis

1975 4991 2269 5062 particeps,
2295 4997 2356 5044 ut
2389 4988 2823 5045 benevolentiam
2865 4991 3046 5060 pariat
3082 5001 3140 5048 et
3180 4993 3567 5058 offensionem.

1980 5081 2303 5145 Obscurum,
2332 5081 2387 5135 in
2413 5094 2524 5150 quo
2544 5086 2639 5136 aut
2662 5083 2802 5140 tardi
2830 5091 2959 5140 sunt
2979 5084 3277 5154 auditores,
3309 5099 3404 5146 aut
3427 5091 3563 5150 ditii-

1978 5174 2258 5231 cilioribus
2277 5172 2345 5229 ad
2368 5173 2805 5250 cognoscendum
2831 5177 3062 5250 negotiis
3081 5192 3244 5235 causa
3266 5188 3347 5237 est
3381 5181 3560 5255 impli-

1977 5272 2121 5322 cata.

2046 5354 2206 5427 321
2244 5352 2378 5410 CAR.
2410 5382 2483 5394 --
2513 5351 2598 5408 An
2624 5369 2840 5426 semper
2865 5345 3150 5429 perspicue
3187 5360 3426 5418 exordiri
3469 5362 3563 5420 de-

1977 5445 2072 5504 bet
2101 5447 2321 5502 orator?
2349 5475 2421 5487 —
2448 5444 2581 5503 Au.
2613 5446 2914 5518 Aliquando
2938 5449 3245 5520 perspicue,
3271 5451 3565 5526 aliquando

1977 5556 2076 5613 per
2117 5531 2508 5597 ci‘rcuitionem.
2563 5537 2857 5610 Perspicua
2915 5544 3094 5600 oratio
3140 5553 3245 5612 est,
3295 5546 3384 5602 cui
3434 5563 3560 5606 mox

1980 5635 2196 5690 animus
2254 5632 2518 5690 auditoris
2575 5632 2741 5700 favet,
2801 5645 2861 5689 ut
2921 5635 3021 5703 (in
3078 5634 3309 5694 honesto
3364 5656 3564 5712 genere

1981 5738 2158 5782 causa:
2215 5723 2412 5795 [Edit.,
2476 5721 2666 5797 causa]
2727 5735 2831 5780 est.
2864 5725 2956 5780 Elia
2986 5741 3116 5783 vero
3153 5744 3272 5799 quae
3307 5745 3406 5801 per
3454 5732 3560 5788 clr.

1980 5816 2273 5874 cuitionem
2342 5813 2538 5888 [Ms.,
2609 5801 2958 5890 circuitum]
3024 5817 3085 5875 ﬁt
3126 5862 3139 5884 ,
3205 5822 3344 5876 clam
3409 5824 3556 5881 subit

1982 5909 2221 5963 animum
2245 5905 2532 5973 auditoris,
2563 5915 2620 5964 ut
2646 5906 2702 5962 in
2727 5906 2939 5978 humili,
2966 5909 3201 5981 ancipiti,
3223 5911 3306 5968 vel
3325 5914 3560 5971 obscuro
