4106 6530
310 436 414 493 933

1127 423 1600 484 DlDASCALlCA.
1631 453 1702 465 -
1740 417 2014 479 DlALOG.
2056 417 2146 473 DE
2186 415 2393 473 RHET.
2435 417 2523 473 ET
2560 416 2743 472 VIRT.

3476 415 3582 471 θδι

308 547 627 623 prmseferre
650 546 1049 619 conjecturam;
1082 551 1143 600 ut
1169 559 1343 609 amor,
1372 540 1677 605 iracundia,
1719 535 1890 595 mole-
1917 539 1964 598 Α
1993 536 2147 593 dines
2174 541 2355 599 erunt,
2378 535 2479 588 has
2504 530 2675 606 [eum]
2723 538 2816 585 aut
2840 530 3215 601 imprudentia:
3258 528 3581 602 [necessitu-

313 645 435 709 stia,
466 652 752 714 propterea
780 639 924 711 quod
954 646 1008 695 et
1048 638 1288 708 ipsorum
1317 634 1400 691 vis
1441 632 1762 703 intelligitur
1784 671 1799 694 ,
1841 635 1897 684 et

310 750 431 807 qua:
469 749 559 790 res
589 735 781 789 harum
829 729 1031 801 aliquid
1084 727 1239 802 [Ms.,
1282 726 1519 798 aliquam
1562 723 1700 797 rem]
1754 736 1890 777 con-

310 832 632 895 sequantur,
674 819 862 877 faciles
889 819 1111 892 cognitu
1137 825 1281 874 sunt.

381 916 634 973 Studium
674 922 876 979 autem,
937 912 1082 983 quod
1120 919 1204 967 est
1246 909 1464 966 assidua
1501 914 1558 964 et
1604 907 1899 961 vehemens

310 1004 493 1075 aliqua
539 1003 609 1058 ad
640 1016 757 1057 rem
792 1001 1058 1073 applicata
1092 1014 1289 1073 magna
1319 1014 1444 1055 cum
1484 998 1762 1067 voluptate
1806 1009 1899 1050 oc-

311 1095 551 1167 cupatio,
599 1092 759 1151 facile
808 1109 874 1150 ex
909 1108 977 1150 eo
1010 1094 1226 1151 ducitur
1272 1090 1702 1162 argumentatio,
1738 1094 1902 1159 prout

314 1202 403 1244 res
440 1186 559 1258 ipsa
582 1184 638 1239 in
663 1199 827 1241 causa
857 1183 1188 1242 desiderabit
1218 1182 1411 1256 [Edit.,
1456 1177 1896 1251 desiderabitur].

314 1274 447 1330 item
477 1289 545 1329 ex
575 1273 795 1329 consilio
827 1275 1060 1331 sumitur
1109 1273 1314 1344 aliquid
1362 1271 1721 1342 suspicionis;
1771 1284 1898 1325 nam

277 1366 283 1383 ‘
314 1364 598 1420 consilium
624 1371 709 1419 est
732 1362 935 1435 aliquid
958 1363 1189 1421 faciendi
1216 1362 1370 1438 [Ms.,
1397 1361 1658 1436 faciundi]
1685 1362 1771 1417 vel
1792 1376 1898 1417 non

312 1453 545 1512 faciendi
586 1456 891 1528 excogitata
937 1456 1097 1513 ratio.

390 1544 562 1602 Facta
590 1555 770 1602 autem
798 1555 854 1601 et
878 1563 1033 1602 casus
1064 1555 1121 1602 et
1154 1546 1418 1603 orationes
1453 1559 1523 1600 ex
1555 1544 1731 1600 tribus
1770 1551 1904 1597 tem—

310 1637 537 1708 poribus
564 1638 1079 1705 considerabuntur;
1108 1636 1238 1709 quid
1268 1636 1479 1703 fecerit,
1512 1644 1608 1691 aut
1639 1635 1771 1707 quid
1799 1635 1899 1705 ipsi

313 1732 599 1798 acciderit,
632 1740 728 1787 aut
753 1729 883 1802 quid
924 1731 1154 1797 dixerit;
1191 1740 1250 1785 et
1271 1729 1401 1800 quid
1429 1728 1614 1795 faciat,
1646 1729 1775 1799 quid
1799 1726 1901 1797 ipsi

312 1825 544 1893 accidat,
589 1826 717 1896 quid
739 1825 902 1892 dicat,
927 1831 1021 1878 aut
1047 1822 1176 1895 quid
1207 1821 1452 1877 facturus
1492 1820 1565 1876 sit
1590 1836 1604 1885 ;
1637 1818 1766 1890 quid
1796 1819 1899 1889 ipsi

1999 627 2169 701 dine],
2200 640 2294 682 aut
2314 626 2692 682 adolescentiae
2712 626 3062 695 persuasione
3090 634 3463 695 perpetrasse;
3489 634 3584 681 aut

1999 722 2302 793 aliquorum
2344 719 2546 774 invidia
2588 717 2762 783 fictas,
2808 724 2900 772 aut
2950 716 3084 773 falsa
3112 717 3364 787 opinione
3406 717 3584 775 illatas

1997 828 2117 869 esse
2142 812 2426 869 dicendum
2451 810 2575 864 erit.
2603 810 2660 864 Si
2689 818 2869 864 autem
2899 808 3044 863 nullo
3080 809 3241 865 modo
3262 809 3386 864 vitae
3409 810 3584 880 turpi-

2001 907 2150 971 tudo,
2177 912 2270 960 aut
2296 903 2517 958 infamia
2540 902 2695 957 leniri
2715 909 2893 971 potest
2915 902 3184 967 oratione,
3214 915 3411 973 negare
3431 916 3587 970 opor-

2004 998 2157 1064 tebit,
2199 998 2267 1053 de
2310 997 2418 1050 vita
2461 996 2579 1067 ejus
2623 1003 2719 1048 aut
2757 994 3002 1049 moribus
3028 994 3381 1064 qumrendum
3428 991 3583 1064 [Ms.,

2000 1088 2291 1161 qncerere],
2341 1088 2436 1143 sed
2485 1086 2552 1141 de
2600 1102 2709 1141 uno
2739 1086 2985 1152 crimine,
3032 1086 3101 1141 de
3144 1101 3252 1157 quo
3305 1094 3583 1156 arguatur.

2001 1180 2179 1249 Quare
2206 1179 2471 1234 anteactis
2497 1179 2713 1234 omissis
2742 1178 2890 1245 illud,
2918 1176 3062 1248 quod
3089 1178 3274 1243 instat,
3300 1178 3385 1249 agi
3416 1192 3584 1249 opor-

2003 1284 2136 1332 tere.

2072 1368 2207 1424 Cm.
2278 1366 2495 1431 Dixisti,
2545 1365 2688 1436 quod
2718 1360 2821 1419 alia
2876 1370 3195 1435 argumenta
3242 1376 3273 1418 a
3310 1362 3584 1434 personis,

2000 1460 2106 1517 alia
2158 1475 2189 1515 a
2229 1460 2459 1531 negotiis
2496 1459 2626 1513 sint.
2683 1457 2810 1512 [hee
2833 1458 3002 1519 enim,
3048 1471 3169 1527 quae
3194 1457 3354 1512 modo
3376 1456 3586 1521 dixisti,

2001 1566 2032 1607 a
2062 1552 2309 1624 personis
2361 1558 2503 1606 sunt.
2545 1550 2827 1620 Superest,
2890 1554 2951 1602 ut
2995 1562 3082 1613 ea,
3114 1560 3235 1618 quae
3286 1566 3319 1603 a
3366 1549 3588 1620 negotiis

2003 1653 2146 1710 sunt,
2205 1643 2371 1699 dicas.
2414 1642 2480 1696 Et
2521 1642 2772 1713 primum,
2833 1639 2963 1711 quid
3012 1640 3289 1711 negotium
3339 1640 3590 1695 nomines

2003 1724 2157 1812 [Λίδη
2212 1737 2428 1809 nrgotia
2459 1734 2748 1807 nominas],
2799 1733 2984 1788 dicito.
3016 1762 3089 1773 --
3119 1732 3252 1788 Aen.
3302 1733 3587 1805 Negotium

2002 1836 2087 1884 est
2140 1828 2314 1899 ipsum
2346 1827 2570 1893 factum,
2598 1827 2653 1881 in
2701 1842 2809 1896 quo
2837 1825 2981 1880 inter
3024 1832 3392 1880 accusatorem
3418 1832 3475 1881 et
3496 1824 3592 1882 de-

310 1932 571 1974 casurum
613 1918 723 1982 Sit;
763 1931 870 1987 (ιιια
906 1916 1151 1972 oratione
1203 1929 1402 1969 “sums
1441 1912 1530 1968 δίει
1572 1911 1652 1965 ΕΙ
1704 1910 1899 1981 finibus
1935 1904 1977 1964 Β
2004 1921 2273 1977 fensorem
2311 1918 2681 1975 controversia
2728 1927 2830 1974 est.
2883 1916 3020 1974 Cum
3068 1933 3200 1974 vero
3238 1933 3306 1974 ex
3358 1920 3591 1992 negotiis

313 2009 474 2066 facile
500 2010 606 2067 erit
635 2009 921 2065 videndum
945 2008 1079 2079 quid
1112 2003 1342 2061 afferant
1367 2004 1436 2059 ad
1476 2000 1903 2059 confirmandam

312 2102 691 2174 conjecturam
712 2098 1058 2171 suspicionis.

387 2194 524 2252 CAR.
563 2192 702 2251 Sunt
729 2194 845 2249 haec
870 2191 989 2247 loca
1007 2190 1310 2247 accusatori
1338 2204 1435 2244 seu
1466 2186 1739 2243 defensori
1760 2198 1907 2241 com-

315 2285 534 2342 munia?
559 2312 634 2327 -ο
675 2284 808 2340 Au.
842 2283 1005 2341 Fiunt
1051 2281 1348 2340 secundum
1398 2279 1683 2350 utriusque
1729 2293 1908 2335 causa:

316 2378 686 2436 commodum.

387 2469 523 2527 Cn.
561 2468 884 2538 Quomodo?
906 2498 980 2512 --
1006 2468 1140 2526 Au.
1172 2466 1310 2523 Nam
1349 2473 1638 2521 accusator
1660 2461 1778 2533 ejus
1823 2463 1907 2519 vi-

315 2573 430 2621 tam
454 2571 782 2629 anteactam,
809 2576 973 2633 quam
999 2560 1200 2633 arguit,
1224 2558 1313 2616 vel
1335 2566 1644 2630 protervam
1664 2555 1782 2626 ejus
1810 2572 1908 2612 na-

312 2665 525 2723 tnram;
558 2671 653 2712 seu
683 2656 863 2712 studia
897 2653 1191 2721 malitiosa,
1244 2652 1325 2708 vel
1371 2666 1552 2708 mores
1600 2650 1896 2722 improbos,

310 2747 404 2805 vel
431 2746 575 2803 facta
602 2755 824 2802 cruenta
855 2744 1165 2817 improbare
1192 2744 1430 2809 debebit,
1453 2750 1509 2797 et
1527 2740 1838 2807 ostendere,
1858 2742 1906 2797 si

313 2840 574 2911 potuerit,
607 2837 653 2893 si
680 2838 734 2893 in
766 2837 928 2893 simili
960 2836 1114 2911 [Ms.,
1144 2836 1192 2894 si
1221 2835 1278 2892 in
1308 2850 1417 2906 quo
1442 2833 1586 2906 pari]
1614 2841 1740 2889 ante
1778 2847 1906 2903 pec-

314 2943 444 2991 cato
467 2933 750 2991 convictus
772 2933 876 2999 sit;
908 2941 965 2988 et
989 2947 1154 3003 quam
1187 2931 1383 3003 turpis,
1414 2936 1511 2984 aut
1530 2927 1759 2998 cupidus
1775 2969 1791 2993 ,
1815 2932 1910 2981 aut

312 3028 587 3102 petulans,
621 3036 716 3084 aut
742 3033 1000 3083 cruentus
1024 3032 1191 3091 esset,
1238 3032 1300 3079 ut
1331 3022 1643 3079 mirandum
1679 3036 1788 3076 non
1834 3019 1909 3076 sit

315 3122 483 3178 talem
514 3121 789 3177 hominem
828 3120 899 3175 ad
930 3119 1036 3174 tale
1063 3117 1277 3174 facinus
1302 3116 1601 3187 proruisse.
1631 3113 1904 3182 Quantum

314 3216 464 3272 enim
489 3215 557 3270 de
598 3216 879 3271 honestate
908 3220 963 3268 et
991 3212 1318 3269 auctoritate
1362 3207 1477 3278 ejus
1506 3210 1598 3279 qui
1624 3208 1902 3279 arguitur,

2003 2021 2316 2084 argumenta
2338 2012 2599 2068 sumenda
2647 2019 2795 2079 sunt,
2845 2009 2950 2068 tria
3000 2012 3388 2069 consideranda
3439 2020 3589 2068 sunt.

2002 2104 2205 2171 Primo,
2234 2102 2361 2174 quid
2388 2104 2458 2160 sit
2480 2112 2603 2159 ante
2626 2119 2761 2169 rem,
2792 2104 2918 2174 quid
2943 2104 2997 2160 in
3029 2119 3107 2169 re,
3137 2104 3266 2175 quid
3294 2112 3417 2173 post
3438 2104 3589 2159 rem?

2005 2197 2079 2254 Ut
2126 2196 2182 2252 in
2221 2194 2365 2252 facto
2429 2194 2691 2269 cauponis
2738 2194 2936 2270 [Edit.,
2985 2211 3165 2253 causa:
3207 2197 3412 2269 ponis].
3454 2197 3588 2251 Ante

2005 2305 2113 2344 rem
2139 2287 2262 2353 fuit,
2296 2287 2438 2359 quod
2474 2288 2527 2343 in
2552 2288 2749 2344 itinere
2779 2288 2853 2343 illi
2891 2289 2997 2345 duo
3032 2288 3373 2344 familiariter
3402 2288 3587 2354 ibant;

2005 2377 2149 2451 quod
2189 2379 2350 2435 simul
2396 2380 2728 2436 diverterent
2779 2377 2849 2434 ad
2877 2378 3203 2451 hospitium;
3256 2378 3404 2449 quod
3430 2378 3593 2434 simul

2005 2479 2304 2529 ctenarent.
2364 2471 2425 2527 In
2459 2485 2708 2537 re:nox,
2764 2482 2989 2528 somnus
3027 2468 3224 2544 [Edit.,
3269 2469 3587 2543 somnium],

2004 2563 2226 2622 occisio.
2285 2561 2413 2620 Post
2437 2580 2545 2620 rem
2576 2579 2595 2619 :
2622 2563 2767 2635 quod
2813 2563 2961 2620 solus
2998 2563 3145 2629 ierit,
3189 2563 3335 2635 quod
3385 2563 3593 2620 socium

2006 2655 2308 2726 reliquerit,
2361 2655 2505 2726 quod
2546 2662 2831 2711 cruentum
2879 2653 3117 2726 gladium
3167 2653 3439 2710 habuerit.
3497 2654 3595 2711 Est

2007 2761 2222 2818 quoque
2264 2755 2542 2817 quartum,
2597 2746 2741 2818 quod
2793 2746 2862 2802 ad
2903 2746 3180 2819 negotium
3218 2746 3478 2818 pertinet,
3540 2746 3594 2803 id
3670 2758 3673 2761 ‘

2007 2849 2111 2905 est,
2133 2854 2253 2910 quae
2290 2839 2376 2895 lex
2402 2840 2475 2896 sit
2500 2838 2618 2910 ejus
2643 2840 2760 2907 rei;
2790 2839 2877 2895 vel
2895 2839 2987 2912 qui
3021 2839 3131 2895 sint
3148 2846 3401 2895 auctores
3430 2838 3546 2910 ejus
3576 2858 3590 2906 ;

2005 2932 2093 2989 vel
2145 2946 2255 3004 quo
2274 2933 2330 2987 id
2364 2932 2601 2997 nomine,
2664 2931 2807 3004 quod
2835 2930 3037 2988 factum
3059 2939 3165 2995 est,
3204 2932 3467 3005 appellari
3496 2934 3597 2989 de-

2006 3023 2151 3079 beat.
2208 3021 2342 3077 Ante
2363 3023 2508 3077 enim
2564 3037 2679 3078 rem
2719 3039 2887 3079 causa
2915 3021 3043 3079 facti
3069 3023 3460 3080 consideranda
3488 3032 3593 3088 est,

2009 3116 2063 3172 id
2091 3124 2193 3182 est,
2262 3131 2329 3171 an
2376 3131 2471 3186 spe
2510 3114 2667 3182 lucri,
2720 3115 2804 3173 vel
2832 3131 2994 3173 causa
3030 3116 3459 3184 inimicitiarum,
3504 3117 3597 3173 vel

2009 3217 2205 3276 metus,
2235 3208 2321 3264 vel
2365 3208 2524 3264 amici
2551 3207 2744 3282 [Edit.,
2797 3208 3072 3281 amicitim]
3116 3210 3375 3267 occiderit
3410 3211 3587 3266 homi-

314 3311 620 3366 detractum
650 3308 776 3374 erit,
812 3314 1021 3361 tantum
1043 3305 1151 3361 erit
1178 3305 1247 3361 de
1290 3278 1553 3358 facultate
1581 3278 1747 3357 totius
1788 3298 1905 3369 ejus
1934 3278 1981 3346 Ο
2012 3303 2174 3358 nem?
2222 3316 2349 3361 nam
2382 3278 2586 3358 frustra
2626 3303 2901 3359 hominem
2929 3278 3179 3360 occidere
3208 3304 3344 3362 velle
3364 3304 3594 3361 incredi-

313 3401 647 3459 defensionis
672 3400 1018 3456 diminutum.
1055 3398 1113 3453 Si
1164 3396 1312 3452 nullo
1341 3402 1468 3450 ante
1513 3403 1639 3450 acto
1679 3401 1906 3464 peccato
2008 3394 2115 3449 bile
2140 3401 2242 3450 est.
2301 3394 2533 3450 Omnino
2577 3395 2630 3449 in
2672 3396 2917 3467 gestione
2953 3396 3033 3452 rei
3066 3394 3263 3469 [Edit.,
3326 3413 3386 3456 re
3412 3398 3589 3472 gesta]

313 3509 446 3551 reus
486 3491 741 3549 infamari
779 3490 1004 3563 poterit,
1049 3488 1240 3545 orandi
1268 3485 1423 3559 [Δίκη
1456 3483 1732 3557 hortandi]
1780 3493 1909 3540 sunt
2008 3487 2187 3556 locus,
2212 3496 2449 3560 tempus,
2483 3489 2721 3554 occasio,
2754 3489 2966 3557 modus,
2998 3488 3229 3571 facultas
3262 3491 3597 3548 considerari

308 3587 548 3657 judices,
596 3600 706 3640 non
754 3591 996 3639 veterem
1044 3579 1246 3637 famam
1290 3578 1549 3645 hominis,
1582 3577 1678 3633 sed
1706 3591 1906 3632 novum
2008 3580 2168 3645 solet,
2192 3581 2245 3637 id
2270 3589 2373 3649 est,
2420 3580 2476 3637 in
2506 3596 2612 3652 quo
2637 3580 2774 3648 loco,
2806 3580 2914 3654 [vel
2949 3581 3005 3637 in
3031 3581 3163 3656 quo]
3222 3589 3487 3654 tempore,
3511 3583 3598 3640 vel

319 3676 531 3733 facinus
565 3673 802 3732 hominis
837 3668 1085 3745 judicent
1127 3669 1293 3744 [Ms.,
1344 3683 1465 3726 esse
1500 3667 1901 3742 judicandum].

316 3767 453 3825 Nam
482 3775 610 3823 ante
652 3765 887 3822 celatum
915 3780 1056 3831 esse,
1107 3763 1285 3835 qualis
1324 3770 1502 3829 esset;
1532 3776 1679 3819 nunc
1722 3769 1906 3820 autem

320 3858 674 3917 manifestum
715 3872 835 3914 esse
870 3874 886 3925 ;
934 3872 1108 3928 quare
1152 3857 1296 3913 hanc
1354 3870 1472 3912 rem
1506 3870 1577 3910 ex
1640 3856 1908 3926 superiori

314 3956 431 4010 vita
458 3969 570 4009 non
613 3950 801 4008 deberi
829 3950 1199 4017 considerari;
1229 3949 1327 4006 sed
1359 3950 1697 4020 superiorem
1737 3949 1909 4004 vitam

318 4062 387 4105 ex
413 4049 516 4104 hac
542 4047 876 4118 turpitudine
903 4046 1317 4117 improbandam
1364 4044 1519 4121 [Ms.,
1548 4045 1746 4103 debere
1778 4061 1911 4103 con-

320 4135 625 4195 siderare...
637 4177 651 4191 .
682 4135 1041 4209 improbare].
1058 4175 1071 4187 .

392 4227 527 4284 Cm.
564 4228 623 4284 Si
661 4230 777 4284 haec
800 4228 982 4284 omnia
1011 4235 1299 4285 accusator
1324 4242 1419 4283 reo
1437 4227 1659 4299 ingerit,
1685 4228 1808 4299 quis
1832 4227 1911 4285 lo-

316 4337 417 4379 cus
441 4321 773 4379 defensionis
810 4321 1137 4393 relinquitur
1162 4321 1248 4377 ei?
1290 4348 1363 4362 --
1400 4319 1534 4376 Ann.
1566 4319 1912 4390 Relinquitur

2006 3688 2104 3745 per
2139 3688 2301 3744 quem
2330 3673 2575 3740 modum,
2603 3672 2689 3728 vel
2722 3689 2828 3744 qua
2852 3674 3160 3741 occasione,
3201 3683 3297 3731 aut
3340 3675 3600 3733 facultate

2006 3768 2270 3824 occiderit
2309 3768 2606 3835 hominem,
2668 3767 3017 3840 querendum
3069 3775 3175 3824 est.
3240 3767 3370 3825 Post
3388 3778 3597 3839 gestam

2008 3877 2126 3917 rem
2167 3861 2655 3919 considerabuntur
2680 3862 2833 3933 signa
2881 3861 3128 3932 quaedam
3158 3862 3238 3918 rei
3275 3868 3440 3931 gestae
3461 3902 3479 3928 ,
3537 3870 3601 3919 ut

2007 3970 2173 4011 cruor
2195 3954 2359 4010 caedis
2388 3953 2605 4024 signum
2627 3961 2743 4021 est,
2770 3961 2829 4009 et
2848 3945 2973 4025 fug'a
3002 3959 3186 4009 reatus
3217 3968 3359 4024 stepe
3386 3953 3600 4026 signum

2007 4060 2130 4103 esse
2153 4045 2312 4103 solet.

2081 4135 2216 4194 Cm.
2256 4136 2715 4194 Commemoratis
2733 4135 2870 4193 locis
2908 4145 3355 4210 argumentorum
3384 4144 3440 4192 et
3464 4152 3595 4194 con-

2008 4229 2398 4299 ﬁrmationum,
2430 4233 2544 4303 ipsa
2571 4233 2975 4304 argumentatio,
3005 4239 3065 4286 ut
3084 4247 3226 4297 reor,
3258 4246 3600 4303 nequaquam

2009 4324 2297 4381 uniformis
2325 4338 2446 4380 esse
2471 4332 2668 4395 potest.
2694 4353 2767 4365 --
2800 4323 2932 4380 Arn.
2976 4323 3094 4381 Non
3125 4324 3446 4391 uniformis;
3504 4326 3602 4382 sed

319 4413 655 4471 defensionis
682 4414 909 4470 idoneus
933 4412 1084 4469 locus
1111 4413 1181 4468 ei.
1229 4412 1386 4483 Saepe
1415 4412 1558 4468 enim
1586 4427 1695 4467 uno
1723 4421 1909 4483 prote-
2010 4422 2188 4479 omnis
2236 4420 2656 4495 argumentatio,
2703 4435 2825 4491 qua:
2854 4436 2922 4477 ex
2955 4419 3041 4476 his
3077 4418 3213 4476 locis
3248 4434 3384 4490 quos
3442 4434 3600 4475 com-

318 4515 481 4578 gente
514 4513 667 4559 scuto
693 4503 861 4560 multa
890 4504 1137 4560 nocentis
1171 4502 1510 4573 repelluntur
1536 4502 1767 4573 spicula.
1801 4501 1910 4559 De-

2011 4513 2453 4581 memoravimus,
2509 4511 2814 4578 conficitur,
2856 4519 2946 4567 aut
2972 4511 3269 4582 probabilis
3296 4521 3390 4567 aut
3413 4520 3601 4566 neces-

318 4595 508 4654 Ῑθῐιεον
531 4596 727 4668 ρνίωον
758 4596 804 4652 εί
832 4596 1048 4668 Ροῑθνίιι
1082 4595 1301 4652 debebit
1326 4593 1444 4664 eius
1471 4594 1636 4649 Vitam
1666 4608 1787 4650 esse
1810 4595 1911 4650 110'
1941 4651 1988 4676 η
2012 4608 2155 4664 saria
2183 4608 2342 4663 debet
2368 4621 2506 4662 esse.
2540 4602 2854 4661 Necessaria
2873 4613 2976 4672 est,
3015 4620 3135 4676 quae
3155 4604 3316 4661 aliter
3342 4603 3460 4662 ﬁeri
3488 4621 3597 4661 non

318 4690 707 4754 nestissimam,
735 4688 1107 4745 fidelissimam
1130 4689 1528 4751 demonstrare,
1558 4686 1729 4742 autin
1765 4701 1909 4742 rem-
1942 4686 2211 4770 "potest,
2258 4706 2353 4753 υιε
2386 4695 2446 4754 Si
2502 4694 2732 4768 peperit,
2794 4698 3087 4754 concubuit
3138 4713 3264 4754 cum
3306 4697 3445 4753 vim,
3505 4697 3600 4754 ιιω

320 4778 614 4850 inimicam»
645 4786 744 4833 θυι
770 4778 823 4832 ίη
854 4785 1123 4849 Ρποηῐθεν
1148 4783 1431 4847 οοὸηθῐοδν
1459 4775 1690 4841 amicos;
1720 4776 1911 4847 “eius
2013 4789 2165 4864 [Ms,.
2207 4788 2355 4862 llaec]
2381 4805 2511 4844 vero
2533 4804 2628 4860 per
2653 4789 3100 4860 complexionem,
3141 4804 3233 4846 seu
3254 4802 3351 4861 per
3378 4804 3601 4845 enume-

318 4870 458 4925 bcne
486 4878 636 4942 gesta
682 4869 915 4924 ﬁdeliter
956 4884 1022 4924 ac
1064 4868 1301 4933 fortiter,
1348 4867 1395 4922 si
1422 4882 1530 4938 qua
1573 4864 1732 4938 [Ms.,
1763 4866 1906 4940 quae]

2011 4882 2279 4939 rationem
2301 4896 2396 4937 seu
2423 4895 2520 4951 per
2547 4880 2849 4950 simplicem
2876 4881 3282 4937 conclusionem
3306 4879 3457 4935 linnt.
3492 4879 3599 4936 Per

321 4970 469 5026 sunt,
528 4960 881 5031 proferenda;
926 4970 983 5014 et
1024 4959 1285 5014 miserum
1334 4973 1476 5024 esse,
1526 4966 1636 5011 tam
1676 4958 1908 5028 insignia

2012 4973 2437 5046 complexionem,
2466 4974 2520 5030 in
2552 4990 2679 5046 qua,
2708 4984 2889 5030 utrum
2921 4974 3278 5040 concesseris,
3301 4974 3596 5047 reprehen-

322 5057 464 5112 bona
492 5066 602 5110 tam
626 5070 795 5126 parvo
823 5063 976 5109 reatu
1004 5053 1306 5109 obscurari.
1336 5050 1448 5106 Nec
1478 5052 1580 5107 hoc
1602 5051 1779 5121 ipsum
1811 5051 1911 5106 ali-

2013 5066 2159 5120 ditur
2193 5064 2249 5122 in
2269 5066 2411 5121 hunc
2431 5066 2651 5122 modum
2681 5082 2695 5121 :
2728 5065 2787 5121 Si
2816 5067 3091 5138 improbus
3118 5078 3223 5131 est,
3260 5082 3359 5122 cur
3380 5066 3590 5121 tueris?

323 5173 431 5229 qua
474 5156 766 5228 cupiditate
812 5155 897 5209 vel
944 5154 1175 5220 malitia,
1227 5169 1323 5209 seu
1364 5151 1681 5207 infidelitate
1717 5165 1914 5222 perpe-
2016 5157 2076 5211 Si
2109 5157 2332 5227 probus,
2361 5172 2458 5212 cur
2487 5157 2752 5212 accusas?
2782 5155 2889 5213 Per
2907 5159 3374 5223 enumerationem,
3408 5158 3462 5212 in
3487 5172 3597 5227 qua

323 5256 520 5312 trasse,
552 5246 647 5301 sed
684 5260 813 5301 casu
858 5252 914 5299 et
959 5245 1287 5316 ignorantia,
1318 5252 1413 5298 aut
1440 5242 1669 5298 alterius
1716 5258 1912 5315 sugge-

2014 5246 2260 5317 pluribus
2280 5247 2443 5302 rebus
2472 5245 2706 5303 inductis
2732 5264 2838 5303 una
2881 5247 3190 5303 necessario
3220 5248 3599 5313 confirmatur.

324 5338 503 5396 stione
549 5335 762 5399 fecisse,
807 5336 1125 5407 nullumque
1152 5335 1311 5408 323
1350 5335 1540 5405 patriae
1583 5333 1918 5405 profectibus
2015 5339 2123 5395 hoc
2175 5346 2333 5409 pacto
2366 5355 2379 5391 :
2411 5337 2664 5405 Necesse,
2715 5347 2809 5393 aut
2861 5337 3270 5393 inimicitiarum
3323 5353 3486 5394 causa
3530 5338 3609 5394 ab

325 5430 412 5488 vel
437 5433 637 5503 pietate
661 5442 973 5501 parentum,
998 5429 1086 5485 vel
1113 5430 1373 5500 dignitate
1418 5428 1616 5501 [Edit3,
1654 5429 1914 5500 pietati...

2017 5432 2123 5487 hoc
2141 5445 2261 5487 esse
2286 5432 2429 5486 hunc
2456 5431 2716 5497 occisum,
2744 5439 2836 5485 aut
2864 5440 3064 5495 metus,
3092 5436 3181 5484 aut
3206 5445 3299 5499 spe
3323 5429 3479 5495 lucri,
3509 5439 3603 5486 aut

326 5522 605 5597 dignitati]
651 5538 863 5578 morum
914 5522 1129 5577 studere
1179 5520 1319 5576 velle
1351 5519 1561 5592 [Edit.,
1613 5519 1819 5592 posse],
1871 5519 1919 5575 si
2023 5522 2250 5592 alicujus
2280 5522 2440 5577 amici
2496 5538 2696 5588 causa;
2755 5531 2811 5579 et
2857 5522 2905 5578 si
2952 5523 3148 5578 horum
3181 5521 3315 5577 nihil
3368 5530 3473 5588 est,
3515 5538 3605 5578 re-

327 5615 570 5690 quolibet
596 5631 764 5687 parvo
809 5615 915 5688 [vel
964 5613 1088 5687 levi]
1126 5624 1277 5669 reatu
1309 5615 1490 5684 priora
1537 5615 1679 5670 bona
1726 5614 1918 5669 annul-

325 5707 487 5765 landa
518 5716 679 5774 sunt;
710 5715 971 5778 praeterea
1003 5705 1101 5779 [et]
1131 5708 1235 5762 hoc
1259 5706 1479 5775 optimis
1500 5706 1633 5761 viris
1653 5720 1773 5762 esse
1796 5722 1917 5777 per-

331 5800 618 5863 niciosum,
650 5809 711 5853 ut
749 5798 1053 5854 malitiosus
1081 5799 1337 5870 quislibet
1364 5798 1536 5854 bonos
1564 5797 1762 5854 audeat
1788 5799 1917 5854 insi-

332 5888 559 5947 mulare.
587 5880 647 5947 Si
675 5898 854 5946 autem
880 5900 932 5947 et
959 5891 1012 5947 in
1040 5901 1165 5949 ante
1188 5898 1307 5948 acta
1332 5889 1440 5945 vita
1464 5890 1657 5962 aliqua!
1683 5892 1915 5962 turpitu—

2023 5614 2307 5685 linquitur,
2359 5615 2427 5669 ab
2460 5630 2526 5671 eo
2565 5615 2709 5670 hunc
2748 5629 2855 5670 non
2881 5629 3001 5671 esse
3029 5614 3302 5681 occisum;
3336 5630 3460 5670 nam
3490 5616 3599 5670 fru-

2022 5714 2135 5761 stra
2198 5705 2359 5761 homo
2384 5706 2557 5761 occidi
2610 5721 2716 5760 non
2739 5712 2935 5776 potest.
2996 5703 3103 5760 Per
3144 5705 3429 5775 simplicem
3483 5722 3607 5760 con-

2021 5797 2329 5863 clusionem,
2388 5799 2494 5854 hoc
2542 5798 2705 5852 modo
2745 5811 2762 5850 :
2803 5797 2862 5853 Si
2899 5812 2993 5853 vos
3014 5812 3101 5854 me
3141 5797 3318 5852 isthuc
3356 5812 3422 5852 eo
3471 5805 3605 5851 tem-

2021 5904 2152 5961 pore
2174 5890 2356 5946 dicitis
2400 5888 2551 5962 [hoc]
2608 5888 2821 5956 fecisse,
2874 5904 3065 5963 egoen
3118 5897 3361 5959 tempore
3405 5886 3604 5960 [Edit.,
