4090 6492
539 449 648 509 935

1383 433 1446 488 Β.
1484 429 1550 486 F.
1594 423 1822 484 ALBlNl
1863 419 1998 477 SEU
2023 411 2300 473 ALCUINI
2336 411 2623 470 Ol’ERUM
2664 407 2845 464 PARS
2885 402 2996 459 \‘ll.

3707 383 3838 443 936

543 566 684 638 tum]
707 574 857 619 trans
870 572 1018 615 mare
1039 553 1139 610 fui.
1173 551 1298 609 Ideo
1325 550 1380 605 id
1413 546 1558 618 quod
1605 540 1812 601 dicitis,
1840 552 1946 592 non
1975 530 2138 587 modo
2169 530 2215 587 Δ
2243 528 2507 598 optimum
2547 528 2724 580 virum
2780 522 2864 577 vis
2888 517 3120 579 habere;
3173 519 3229 568 et
3259 517 3316 565 tu
3342 506 3642 579 Xenophon
3686 519 3848 559 uxo-

1548 633 1599 638 ·-
1741 626 1825 638 η’
2001 637 2004 638 ν
2048 634 2109 638 υ
2410 618 2786 638 ιν---ε--ε-η-
2841 607 2947 638 ιιι.
3051 597 3427 638 ιοηίιεεςνηοηιι
3457 598 3690 638 ..ηπςηιρ
3715 594 3842 638 τις,

546 626 814 718 ιιοιιῖεοί,
862 647 958 704 sed
994 639 1263 701 nefacere
1289 637 1440 710 potui
1471 633 1691 707 quidem
1741 626 1897 702 [Ms.,
1950 637 2018 678 ne
2047 634 2142 691 po-

547 746 744 803 tuerim
769 739 985 812 quidem
1038 729 1262 804 facere].

619 836 753 892 Cm.
783 805 910 886 iisne
933 825 1175 888 omnino,
1205 829 1266 876 ut
1309 815 1569 886 intelligo,
1622 805 1940 867 necessaria
1979 808 2141 865 sunt;

548 927 645 985 aed
679 921 780 998 [et]
820 928 879 981 ut
907 918 1084 982 video,
1146 911 1437 980 diligenter
1479 903 1776 998 videndum
1806 904 1908 960 est,
1936 908 2007 949 ne
2036 903 2144 962 quo

548 985 708 1090 pacto
744 985 848 1071 hoc
886 1023 1056 1083 genus
1102 995 1590 1074 argumentationis
1628 988 1810 1047 refelli
1845 985 2039 1058 possit.
2073 1009 2145 1021 —-

551 1083 684 1170 λιιι.
735 1109 851 1175 Est,
921 1112 982 1159 ut
1040 1097 1318 1168 intelligis,
1373 1090 1566 1150 Carolo
1621 1086 1778 1162 [Ms.,
1832 1083 1983 1137 omtt.
2029 1091 2147 1132 voc.

552 1202 790 1276 Carolo].

623 1264 769 1352 CAR:
783 1293 910 1350 [hcc
922 1292 1260 1360 argumenta,
1281 1293 1403 1351 quae
1418 1272 1623 1338 dixisti,
1649 1264 1962 1326 necessaria
1985 1265 2145 1317 sunt:

547 1389 662 1459 jam
701 1352 1016 1457 probabilia.
1054 1387 1275 1448 quoque
1316 1368 1483 1424 dicito
1534 1361 1690 1436 [Ms.,
1748 1354 1880 1428 die].
1911 1383 1982 1394 -—
2011 1352 2144 1406 Acs.

558 1445 864 1538 'Probobilia
912 1445 1089 1535 sunt;
1114 1481 1236 1538 quae
1255 1476 1384 1518 vere
1433 1456 1553 1514 ﬁeri
1582 1453 1784 1516 solent,
1812 1455 1873 1503 ut
1902 1465 1916 1501 :
1941 1445 2001 1538 Si
2031 1457 2148 1538 rua-

558 1534 790 1634 terest,
847 1534 1272 1636 diligitﬂlium;
1320 1553 1369 1609 si
1411 1560 1610 1606 avarus
1631 1551 1738 1610 est,
1784 1536 2011 1609 negligit
2036 1534 2153 1603 jus»

554 1662 868 1738 iurandum.

566 1716 766 1815 itit—Ita.
796 1748 936 1804 Num
984 1738 1283 1816 probabilia
1325 1745 1542 1803 semper
1586 1742 1716 1783 vera
1744 1716 2148 1781 sunt?—-—Ar.a.

561 1806 836 1905 Alia-vera
869 1806 1023 1912 [Μελ
1046 1828 1200 1904 vero]
1247 1827 1306 1883 in
1356 1819 1644 1894 opinione;
1684 1813 1788 1868 alia
1816 1813 1871 1865 in
1901 1806 2160 1865 similitu-

563 1944 710 2001 dine.
760 1937 830 1993 In
867 1897 1129 2006 opinione,
1150 1897 1233 1989 ut,
1255 1919 1470 1977 inferna
1485 1927 1608 1970 esse
1627 1910 1731 1967 sub
1764 1914 1917 1961 terra
1950 1897 2153 1956 Simili-

562 2034 690 2090 tado
736 2031 791 2085 in
813 2023 1102 2084 contrariis
1145 2025 1201 2074 et
1231 2014 1287 2071 iu
1330 2009 1555 2084 paribus
1607 2009 1911 2074 Spectatur.

634 2126 768 2182 Cm.
830 2114 1110 2190 Quomodo
1157 2110 1213 2165 in
1246 2097 1539 2162 contrariis
1592 2102 1649 2152 et
1702 2095 1758 2148 in
1795 2085 2158 2163 paribus?—

561 2179 698 2276 Anu.
731 2213 792 2270 In
819 2179 1106 2266 contrariis
1134 2201 1241 2258 hoc
1258 2194 1420 2252 modo
1449 2209 1463 2244 :
1497 2187 1636 2245 Nam
1658 2185 1703 2242 si
1733 2183 1799 2276 iis
1834 2179 1932 2276 qui
1955 2179 2160 2246 impru-

564 2311 758 2366 denter
792 2303 1071 2363 laeserunt,
1122 2288 1331 2364 ignosci
1377 2280 1653 2342 convenit,
1705 2275 1814 2333 illis
1842 2271 1935 2342 qui
1970 2282 2163 2325 neces-

564 2399 712 2458 sario
763 2356 1107 2468 profuerunt,
1142 2356 1354 2438 vhaberi
1380 2373 1614 2456 gratiam
1642 2383 1748 2424 non
1769 2359 2030 2436 oportet?
2082 2356 2164 2412 Ex

567 2453 687 2567 pari
735 2453 862 2561 [sic]
892 2500 907 2537 :
939 2479 1076 2535 Nam
1097 2483 1159 2532 ut
1185 2474 1338 2528 locus
1389 2453 1510 2522 sine
1554 2467 1716 2532 portu
1761 2453 1992 2512 navibus
2042 2461 2166 2554 esse

569 2540 680 2643 rrton
699 2540 879 2654 potest
913 2582 1080 2636 tutus,
1111 2567 1191 2625 sic
1217 2563 1432 2621 animus
1470 2557 1590 2615 sine
1640 2551 1747 2608 ﬁde
1786 2546 2005 2606 stabilis
2029 2540 2167 2598 ami-

570 2678 653 2737 cis
681 2688 788 2730 uon
823 2673 1006 2743 potest
1029 2677 1172 2721 esse.

639 2764 805 2842 32h.
825 2732 975 2819 Ὀιιι.
999 2758 1086 2814 An
1111 2751 1292 2811 omnis
1317 2737 1717 2819 argumentatio
1747 2751 1818 2792 ex
1839 2732 1930 2790 bis
1953 2734 2169 2784 tantum

571 2820 1116 2922 locis-continuatur,
1139 2850 1368 2901 ornatur
1406 2847 1464 2896 et
1481 2826 1905 2916 consideratur?
1931 2853 2003 2864 -——
2034 2820 2168 2876 Au.

741 2904 1541 3021 vq'uo-que‘arg’umentationes,
1585 2937 1710 2997 qua
1748 2904 1850 3021 per:
1878 2911 2174 3021 .inductio-

576 3063 703 3105 nem
746 3002 835 3098 vel
875 3002 1348 3094 ratiocinationem
1375 3025 1702 3082 tractantur,
1755 3011 1855 3069 sed
1878 3009 1966 3066 bat
1996 3002 2173 3083 magis

578 3141 650 3200 ad
697 3130 1048 3211 philosophos
1087 3123 1379 3199 pertinent.

2244 636 2360 677 rem
2401 618 2788 674 electissimam
2841 607 2993 684 [Ms.,
3051 597 3427 672 lectissimam]
3457 598 3691 654 maxime
3715 594 3842 650 vis.

2243 710 2423 776 Quare
2440 708 2542 761 nisi
2565 707 2670 761 hoc
2683 698 3040 773 perfeceritis,
3059 707 3117 749 ut
3140 706 3312 764 neque
3327 690 3409 744 vir
3421 686 3630 751 melior,
3649 696 3848 754 neque

2243 801 2444 857 lemina
2474 797 2701 853 elcctior
2726 795 2780 849 in
2806 791 2970 847 terris
2995 788 3086 851 sit,
3121 783 3365 856 proiecto
3393 779 3468 846 id,
3518 779 3661 849 quod
3681 790 3850 833 sem—

2243 907 2344 964 per
2369 891 2633 960 optimum
2659 884 2812 960 [Ms.,
2839 878 3141 954 optumum]
3180 874 3436 946 putabitis
3478 887 3617 932 esse,
3658 866 3854 924 maxi-

2245 959 2333 1040 me
2371 959 2680 1054 requiretis,
2736 987 2794 1030 ut
2825 985 2882 1030 tu
2927 973 3155 1028 maritus
3214 969 3289 1023 sis
3331 964 3552 1035 optima:
3591 959 3852 1024 feminae,

2245 1088 2303 1134 et
2335 1079 2451 1134 haec
2480 1091 2643 1146 quam
2667 1074 2873 1144 optimo
2918 1069 3115 1123 marito
3161 1064 3289 1138 [513.
3364 1059 3504 1131 viro]
3547 1065 3707 1128 nupta
3739 1057 3847 1110 sit.

2247 1170 2350 1226 Hic
2370 1167 2534 1224 rebus
2559 1180 2667 1221 non
2696 1162 2876 1220 dubiis
2906 1160 3068 1216 dubia
3116 1153 3364 1227 probavit
3389 1167 3488 1223 per
3529 1146 3852 1206 similitudi-

2247 1279 2374 1318 nem
2397 1257 2740 1316 induetionis.
2792 1254 2946 1323 Quod
2967 1253 3014 1307 si
3057 1250 3179 1321 quis
3208 1245 3501 1317 separatim
3544 1248 3851 1311 quaereret,

2249 1355 2391 1412 forte
2416 1368 2521 1406 non
2554 1349 2963 1406 concederetur.

2321 1449 2456 1504 Cu.
2471 1446 2577 1500 Iste
2589 1441 2945 1515 philosophus
2957 1452 3064 1492 non
3087 1436 3188 1489 fuit
3211 1420 3589 1506 Evangelicus.
3614 1464 3682 1474 -—
3705 1433 3846 1487 Ann.

2254 1538 2374 1596 Non
2429 1536 2554 1611 [fuit
2601 1527 3014 1604 Evangelicus],
3065 1526 3159 1582 sed
3207 1525 3531 1580 rhetoricus.
3579 1554 3653 1564 -—
3705 1522 3847 1578 Cui.

2254 1633 2368 1690 Cur
2408 1631 2680 1687 credimus
2710 1625 2802 1682 ei?
2830 1621 3054 1677 -—-ALs.
3105 1617 3199 1674 Ille
3251 1627 3473 1675 secutus
3512 1614 3638 1688 [est]
3689 1627 3846 1669 suam

2258 1731 2455 1780 artem.

2333 1811 2468 1870 CAR.
2500 1802 2649 1880 Quid
2687 1810 2754 1865 ad
2784 1806 2940 1864 lucc?
2994 1804 3301 1876 Sequamur
3336 1809 3391 1858 et
3435 1815 3534 1856 nos
3567 1805 3832 1855 nostram.

2211 1872 2231 1924 ι
2256 1938 2330 1948 -—
2359 1906 2493 1962 Ann.
2521 1872 2784 1972 wSequere
2823 1914 2944 1972 quae
2973 1872 3128 1961 velis,
3187 1910 3384 1966 sequar
3410 1902 3464 1948 te
3511 1898 3834 1962 sequentem.

2328 1998 2461 2054 Cas.
2486 1994 2676 2064 Qualis
2697 1993 2858 2050 debet
2882 2007 3004 2048 esse
3029 1989 3118 2044 illa
3148 1987 3424 2045 inductio?
3443 2015 3516 2029 --
3532 1983 3660 2041 Au.
3685 1980 3841 2037 Simi-

2257 2090 2328 2146 lis
2359 2103 2574 2159 semper
2617 2086 2667 2141 ei
2698 2085 2800 2151 rei,
2848 2083 3003 2154 cujus
3063 2096 3226 2138 causa
3275 2077 3568 2135 inducitur.
3599 2106 3670 2118 ——
3702 2073 3830 2129 Cn.

2260 2182 2342 2238 An
2369 2178 2568 2242 lucida,
2591 2191 2657 2231 an
2680 2176 2911 2232 obscura
2926 2174 3021 2228 ?—
3033 2171 3168 2227 Ann.
3185 2169 3488 2226 Videndum
3503 2175 3588 2223 est
3609 2161 3848 2234 diligenti

2262 2289 2418 2339 cura,
2439 2277 2500 2326 ut
2524 2284 2629 2324 non
2652 2265 2918 2336 intelligat
2946 2262 3313 2326 adversarius,
3355 2275 3462 2331 quo
3483 2265 3728 2330 spectent
3752 2253 3855 2311 illa:

2261 2363 2453 2435 prima!
2489 2359 2850 2423 inductiones,
2886 2364 2941 2411 et
2970 2355 3038 2410 ad
3067 2368 3231 2426 quem
3270 2351 3433 2408 linem
3472 2351 3586 2407 sint
3625 2363 3860 2420 perven—

2264 2463 2432 2521 turae;
2466 2466 2590 2508 nam
2630 2450 2724 2522 qui
2771 2447 2972 2504 viderit
2998 2444 3155 2520 [Ms.,
3194 2441 3391 2517 videt],
3419 2440 3561 2516 [aut]
3601 2439 3856 2502 tacendo,

2269 2543 2408 2620 [aut]
2447 2541 2693 2614 negando
2713 2555 2822 2596 non
2848 2539 2980 2594 sinit
3006 2538 3218 2610 longius
3247 2536 3328 2591 ire
3353 2533 3860 2605 interrogationem.

2264 2667 2341 2683 --
2361 2636 2496 2694 αλιι.
2526 2635 2586 2691 Si
2614 2632 2816 2706 negat?
2839 2661 2909 2674 —-
2926 2631 3060 2689 Aut.
3091 2628 3440 2687 Ostendenda
3465 2636 3550 2684 est
3569 2624 3869 2682 similitudo

2267 2746 2455 2790 earum
2478 2745 2599 2801 quae
2645 2738 2771 2786 ante
2792 2740 3066 2784 concessa:
3095 2738 3244 2781 sunt.
3284 2753 3358 2764 ——
3381 2720 3518 2779 Cu.
3571 2719 3630 2776 Si
3685 2718 3872 2774 tacet?

2270 2852 2344 2866 —
2377 2820 2513 2878 Αιιι.
2549 2819 2670 2876 Jam
2698 2817 2962 2876 elicienda
2987 2825 3074 2874 est
3097 2815 3409 2888 responsio,
3475 2819 3587 2876 aut,
3634 2811 3762 2883 quia
3787 2819 3876 2864 ta-

2271 2915 2560 2974 citurnitas
2587 2913 2834 2969 imitatur
2890 2909 3314 2975 confessionem,
3364 2903 3735 2964 concludenda
3782 2913 3881 2960 est

2273 3006 2695 3081 argumentatio,
2735 3003 2876 3061 sicut
2908 3003 2966 3060 iu
2994 3001 3292 3059 concessis.

2347 3100 2483 3158 CAR.
2542 3096 2825 3168 Quomodo
2852 3111 2952 3168 per
2981 3093 3436 3150 ratiocinationem
3491 3085 3871 3147 confirmanda

651 3180 1225 3290 .bicrtamen-de
1244 3213 1371 3270 illis.
1397 3239 1466 3250 -—
1494 3206 1632 3263 Au.
1663 3200 1692 3257 1
1697 3197 1913 3256 nductio
1935 3202 2175 3292 estora—
2199 3223 2252 3292 ο
2278 3203 2363 3254 est
2374 3189 2813 3267 argumentatio?
2831 3187 3046 3244 -—-Ar.a.
3068 3185 3162 3242 Illa
3176 3182 3370 3260 [enim]
3387 3182 3449 3238 lit
3465 3180 3865 3254 propositione,

583 3286 821 3394 tio'qua:
861 3331 961 3389 per
983 3319 1164 3369 certas
1186 3321 1277 3363 res
1309 3301 1560 3375 quaedam
1604 3295 1817 3351 incerta
1843 3286 2064 3361 probat,
2119 3288 2179 3338 et

583 3392 860 3484 nolentem
888 3405 1040 3463 ducit
1095 3399 1151 3455 in
1186 3392 1580 3454 assensionem.

658 3480 795 3562 Cui.
835 3497 950 3554 Hoc
975 3493 1175 3550 mirum
1207 3487 1444 3550 videtur,
1478 3481 1524 3537 si
1547 3479 1729 3536 facere
1763 3477 1967 3545 potest,
1998 3475 2060 3522 ut
2083 3479 2181 3520 no-

584 3601 706 3657 lens
750 3589 1073 3652 consentiat.
1100 3613 1172 3625 —-
1218 3580 1349 3636 Ann.
1401 3573 1605 3632 Audies
1633 3577 1691 3627 et
1739 3566 1883 3622 forte
1928 3557 2180 3630 exemplo

586 3655 796 3751 credes.
845 3684 983 3741 Nam
1005 3673 1358 3754 philosophus
1393 3669 1613 3742 quidam
1661 3676 1786 3719 cum
1821 3655 2183 3754 Xenophonte

589 3743 911 3860 [quondam]
931 3782 987 3830 et
1007 3743 1176 3840 lejus]
1198 3743 1366 3821 uxore
1392 3759 1517 3816 iniit
1537 3752 1961 3828 disputationem
1983 3743 2182 3818 [Edit.,

587 3837 1174 3943 iriitadisputatioue],
1196 3866 1254 3913 et
1277 3855 1517 3928 primum
1558 3863 1686 3904 eum
1717 3856 1889 3899 uxore
1926 3837 2046 3906 ejus
2070 3847 2186 3890 ser-

590 3981 814 4029 monem
839 3927 1078 4020 instituit
1117 3927 1143 4009 ε’
1177 3927 1294 4007 Die
1341 3944 1494 4009 mihi,
1540 3953 1748 4014 quaeso,
1806 3927 2186 4001 XenOpbontis

589 4077 754 4126 uxor,
792 4057 842 4114 si
869 4052 1051 4110 vicina
1081 4056 1175 4103 tua
1220 4037 1416 4099 melius
1452 4035 1655 4091 habeat
1707 4040 1901 4082 aurum
1927 4033 2093 4094 quam
2131 4024 2188 4072 tu

592 4109 1020 4218 habes-utrum
1077 4136 1299 4202 illudne,
1345 4146 1413 4185 an
1450 4134 1602 4182 tuum
1643 4118 1850 4176 malis?
1890 4112 2048 4178 Illud,
2109 4109 2191 4164 iu-

596 4246 735 4318 quit.
771 4216 932 4309 Quid
962 4235 1011 4292 si
1038 4239 1246 4288 vestem
1274 4233 1332 4282 et
1378 4227 1638 4278 cartorum
1665 4216 2048 4269 ornamentum
2071 4218 2192 4260 mu-

594 4304 768 4395 liebre
798 4304 1020 4402 majoris
1039 4321 1198 4397 pretii
1238 4317 1436 4374 habeat
1461 4325 1628 4383 quam
1659 4314 1716 4360 tu
1745 4304 1938 4362 habes.
1969 4307 2194 4353 tuumne

597 4388 1112 4491 an—illius'malles
1159 4410 1319 4487 μὴ,
1376 4401 1605 4476 malis]?
1651 4393 1970 4467 Respondit,
2022 4388 2191 4446 illius.

599 4485 736 4593 xge,
760 4513 954 4586 inquit,
983 4485 1178 4583 [ιιιιίίὶ]⁷
1202 4501 1249 4558 si
1269 4500 1449 4555 virum
1487 4493 1773 4549 meliorem
1795 4485 1996 4540 habeat
2028 4494 2195 4552 quam

601 4571 914 4671 titubabeas,
941 4571 1212 4659 utrumne
1275 4601 1428 4648 tuum
1450 4587 1632 4642 virum
1680 4580 1858 4642 malis,
1901 4591 1971 4630 an
2009 4571 2197 4628 illius?

604 4705 708 4761 Hic
755 4697 951 4755 mulier
987 4687 1225 4748 erubuit.
1251 4676 1615 4749 Philosophus
1661 4679 1845 4727 autem
1893 4676 2197 4721 sermonem

605 4809 731 4851 cum
758 4753 1125 4856 Xenophonte
1188 4772 1445 4831 instituit.
1499 4767 1715 4835 Qiueso,
1783 4757 1980 4827 inquit,
2015 4753 2199 4808 Xeno-

599 4849 774 4962 phon,
806 4880 857 4937 si
902 4849 1116 4933 vicinus
1141 4876 1266 4926 tuus
1289 4876 1490 4933 equum
1513 4856 1794 4913 meliorem
1820 4849 2019 4905 habeat
2038 4858 2200 4915 quam

1277 4958 1310 4962 --
1889 4959 1930 4962 η
1977 4944 1999 4962 η
2034 4940 2178 4962 ,,,,___

609 4940 738 5036 {nus
762 4940 868 5039 est,
918 4978 1144 5025 tuumne
1187 4958 1346 5017 malis
1397 4967 1618 5025 equum,
1667 4965 1735 5003 an
1790 4944 1999 5006 illius,?
2034 4940 2202 5000 illius.

610 5069 808 5141 inquit.
853 5037 993 5130 Quid
1017 5057 1063 5111 si
1105 5048 1331 5108 fundum
1373 5044 1656 5101 meliorem
1703 5037 1906 5093 habeat
1955 5046 2119 5102 quam
2149 5037 2207 5083 tu

2279 3286 2620 3360 probatione,
2663 3281 2797 3357 [vel]
2833 3279 3227 3351 assumptione,
3259 3275 3358 3352 [et]
3384 3275 3752 3334 conclusione.

2347 3377 2484 3435 CAR.
2524 3374 2780 3432 Planiora
2817 3372 2935 3430 haec
2982 3369 3242 3440 exemplo
3284 3366 3528 3441 quolibet
3575 3365 3762 3422 facito.
3803 3391 3884 3406 -—

2281 3469 2416 3528 Au.
2448 3466 2748 3538 Propositio
2776 3471 2883 3531 est,
2909 3469 2971 3520 ut
3005 3477 3021 3518 :
3065 3461 3259 3518 Helius
3280 3465 3606 3517 accurantur
3626 3455 3763 3530 [Al.,
3786 3471 3890 3511 ac-

2282 3558 2567 3634 curentur]
2614 3572 2736 3631 quae
2774 3554 3004 3614 consilio
3052 3563 3339 3624 geruntur,
3396 3566 3564 3624 quam
3611 3563 3733 3623 qua
3762 3547 3892 3606 sine

2283 3652 2514 3712 consilio
2560 3649 3036 3706 administrantur.
3063 3644 3387 3716 Approbatio
3415 3650 3502 3699 est
3525 3659 3539 3697 :
3567 3641 3770 3698 Domus
3792 3653 3887 3702 ea,

2285 3762 2408 3820 quae
2445 3745 2656 3802 ratione
2681 3751 2738 3798 et
2786 3739 3014 3797 consilio
3044 3739 3273 3809 regitur,
3305 3733 3561 3792 omnibus
3608 3733 3774 3789 rebus
3801 3741 3892 3788 est

2285 3837 2625 3902 instructior,
2648 3849 2810 3906 quam
2842 3829 2952 3906 [ea]
2983 3845 3105 3902 quae
3133 3830 3251 3884 sine
3293 3823 3522 3883 consilio
3571 3823 3894 3893 rationeque

2289 3929 2722 3988 administratur.
2774 3923 3075 3995 Assumptio
3119 3927 3204 3978 est
3244 3919 3328 3976 sic
3359 3938 3373 3973 :
3403 3916 3490 3973 Nil
3518 3915 3762 3974 omnium
3804 3928 3891 3969 re-

2288 4037 2412 4079 rum
2462 4017 2598 4095 [Αι.,
2641 4019 2699 4074 in
2762 4015 3015 4073 omnibus
3047 4010 3233 4084 rebus]
3283 4009 3479 4066 melius
3520 4022 3686 4080 quam
3731 4021 3892 4062 mun-

2291 4114 2393 4170 dus
2435 4109 2868 4169 administratur.
2912 4105 3011 4161 llic
3063 4104 3235 4161 altera
3263 4100 3518 4174 probatio
3565 4099 3880 4157 inducitur:

2289 4204 2429 4260 Nam
2475 4203 2752 4275 signorum
2782 4209 2938 4254 ortus
2961 4203 3019 4253 et
3056 4209 3302 4260 occasus,
3341 4201 3400 4251 et
3441 4206 3633 4249 annuae
3650 4188 3878 4261 frugum,

2293 4306 2623 4366 temporum,
2669 4300 2726 4347 et
2760 4291 2968 4348 dierum
3008 4287 3337 4344 mutationes
3377 4284 3510 4341 satis
3531 4279 3759 4341 mirabili
3789 4293 3884 4334 or-

2293 4387 2422 4443 dine
2455 4393 2511 4441 et
2552 4393 2702 4440 certa
2742 4379 3117 4437 vicissitudine
3149 4377 3532 4446 disponuntur,
3573 4387 3692 4446 qua
3726 4372 3886 4445 signa

2298 4489 2446 4544 sunt,
2507 4492 2708 4548 magno
2753 4473 2982 4531 consilio
3031 4469 3293 4528 mundum
3341 4468 3480 4542 regi.
3533 4467 3672 4526 Tum
3711 4473 3893 4523 autem

2227 4584 2279 4648 ι)
2301 4579 2617 4643 exspectata
2639 4566 2905 4624 conclusio
2927 4563 3249 4636 proferenda
3276 4569 3384 4627 est,
3404 4562 3509 4618 hoc
3529 4559 3721 4617 modo:
3740 4556 3898 4627 Quod

2304 4666 2351 4721 si
2377 4663 2568 4719 melius
2616 4668 2878 4732 geruntur
2905 4672 2970 4712 ea
3009 4670 3130 4727 qua:
3167 4652 3396 4709 consilio
3422 4665 3587 4724 quam
3631 4663 3754 4722 qua
3779 4648 3899 4704 sine

2304 4755 2533 4813 consilio
2571 4751 3061 4813 administrantur;
3117 4745 3218 4817 [nil
3241 4751 3419 4800 autem
3442 4743 3684 4799 omnium
3715 4754 3899 4797 rerum

2303 4849 2498 4905 melius
2548 4843 2961 4900 administratur
3010 4852 3175 4908 quam
3225 4843 3374 4893 totus
3429 4831 3719 4913 mundus];
3762 4846 3899 4889 con-

2307 4940 2429 4996 silio
2459 4937 2623 5006 igitur
2647 4932 2881 4990 mundus
2902 4928 3317 4984 administratur
3339 4925 3473 5000 [Al.,
3505 4925 3741 4982 mundus
3767 4938 3904 4981 sane

2307 5031 2513 5101 optime
2536 5022 2790 5097 regitur].
2817 5021 2932 5077 Hoc
2969 5026 3350 5091 argumentum
3383 5016 3646 5072 adversus
3674 5027 3769 5068 eos
3807 5028 3906 5068 va-

2310 5123 2405 5188 let,
2438 5120 2532 5192 qui
2576 5119 2763 5174 dicunt
2783 5113 3046 5170 mundum
3070 5125 3200 5169 casu
3221 5109 3329 5182 agi,
3358 5125 3469 5166 non
3512 5107 3740 5165 consilio
3764 5105 3901 5178 regi.

609 5125 820 5222 labes,
882 5163 1107 5207 tuumne
1177 5141 1368 5205 malis,
1418 5154 1487 5192 an
1536 5129 1861 5190 meliorem?
1908 5125 2204 5184 Meliorem,

614 5215 819 5324 inquit,
849 5244 1003 5319 [Ms.,
1048 5247 1231 5295 utrum
1271 5231 1490 5289 tandem
1522 5226 1749 5282 fundum
1782 5222 1982 5278 habere
2011 5215 2210 5272 malis?

615 5310 791 5406 illum,
848 5310 1040 5407 inquit,
1076 5327 1359 5386 meliorem
1407 5317 1666 5390 scilicet}.
1729 5312 1872 5382 Quid
1899 5310 1945 5366 si
1973 5315 2210 5363 'uxorem

617 5401 899 5495 meliorem
925 5401 1150 5483 'habeat
1186 5433 1352 5491 quam
1389 5423 1447 5470 tu
1474 5412 1667 5475 habes,
1722 5403 1964 5475 nunquid
1988 5411 2044 5459 et
2065 5401 2212 5457 illam

617 5493 779 5589 malis
819 5521 973 5598 [Ma.,
1030 5526 1215 5571 utram
1258 5504 1478 5577 malis?]
1535 5502 1715 5573 Atque
1777 5498 1866 5554 hic
1909 5493 2214 5564 Xenophon

2382 5213 2518 5268 Cm.
2574 5206 2714 5276 Quid
2738 5205 2958 5261 stultius
2976 5212 3062 5258 est
3090 5215 3254 5272 quam
3293 5201 3398 5257 hoc
3417 5199 3652 5271 putare?
3675 5228 3752 5240 —
3766 5196 3903 5252 Ana.

2313 5303 2523 5360 Stultus
2559 5299 2722 5355 stulta
2751 5296 3004 5358 aestimat,
3046 5293 3130 5348 cui
3162 5300 3345 5346 tamen
3367 5290 3523 5363 juxta
3554 5288 3905 5346 Salomoncm

2313 5394 2746 5467 respondendum
2775 5398 2882 5454 est,
2939 5401 3009 5442 ne
3034 5385 3138 5441 sibi
3167 5385 3385 5455 sapiens
3421 5383 3689 5439 videatur.

2388 5488 2521 5545 Clin.
2562 5481 2764 5540 Recolo
2795 5489 2868 5544 te,
2931 5477 3216 5548 magister,
3268 5478 3410 5532 inter
3435 5475 3699 5532 orationis
3724 5487 3908 5546 partes

2319 5577 2769 5653 reprehensionem
2800 5571 3140 5634 nominasse;
3191 5568 3284 5624 sed
3311 5575 3518 5624 tantam
3541 5563 3911 5622 conﬁrmatio-

2157 5678 2217 5742 it,
2321 5652 2453 5729 num
2473 5669 2671 5725 seriem
2697 5662 2900 5727 audivi,
2927 5667 2990 5714 ut
3015 5660 3104 5715 vix
3131 5659 3379 5715 videatur
3403 5652 3781 5728 reprehensori
3812 5652 3912 5710 alio

666 5747 729 5770 uc
764 5747 1017 5769 Ἶῠδιιμιιιν
1067 5747 1260 5769 -.νγ-η,
1303 5747 1333 5749 η
2012 5747 2025 5750 _

624 5747 771 5880 good
815 5816 916 5876 ego
966 5795 1138 5852 solum
1179 5788 1369 5846 audire
1424 5783 1731 5846 volueram,
1770 5783 1994 5849 egomet
2043 5775 2222 5831 dicam
2323 5767 2447 5838 quis
2493 5757 2656 5834 325
2693 5756 2842 5812 locus
2870 5752 3112 5816 relictus,
3141 5747 3250 5823 quo
3282 5751 3458 5821 possit
3479 5749 3759 5805 infirmare
3785 5760 3915 5802 con-

1428 5877 1439 5880 -
1583 5873 1653 5880 ---
1812 5868 1845 5880 ,.
1911 5877 1919 5880 _
2095 5867 2131 5880 μ
2329 5857 2600 5880 η-..μ.....
2632 5849 2697 5880 κε
2730 5845 3061 5880 anan-nantia
3098 5858 3318 5880 animum
3374 5873 3443 5880 __.
3482 5841 3587 5880 Am
3642 5839 3895 5880 nolinnni

666 5839 771 5865 uvu
815 5839 916 5858 νυ
968 5839 1138 5852 ...,.....-
1180 5839 1363 5846 ______
1717 5839 1728 5846 _
1807 5839 1834 5849 ν

627 5839 755 5972 :uid
782 5839 1009 5964 utgrque
1054 5894 1294 5943 vestrum
1321 5877 1546 5949 cogitet.
1582 5873 1745 5949 [Nam
1770 5868 1869 5945 et],
1904 5877 1963 5925 tu
1999 5867 2219 5936 mulier,
2329 5857 2603 5914 ﬁrmatam
2632 5849 2700 5906 iis
2729 5845 3063 5919 argumentis
3098 5858 3340 5902 causam.
3374 5873 3443 5885 --
3475 5841 3609 5899 Am.
3642 5839 3896 5913 Relinqui
