4090 6504
232 397 347 454 937

1058 399 1531 458 DIDASCALICA.
1569 431 1638 442 ——
1678 398 1950 457 DIALOG.
1992 399 2080 454 DE
2121 396 2327 454 RIIET.
2369 395 2456 453 ET
2497 394 2677 454 VIIIT.

3404 400 3508 455 938

239 520 333 566 tur
359 507 410 564 ei
457 506 608 566 locus
639 509 981 578 inﬁrmandi;
1019 513 1116 566 sed
1160 528 1268 568 non
1309 529 1409 568 nos
1442 515 1510 568 de
1560 527 1626 568 ea
1669 513 1829 568 debe-
1858 519 1905 577 Α
1936 512 2158 570 —Csn.
2190 513 2304 570 [Ioc
2333 517 2565 571 maxime
2595 515 2754 569 velim
2797 514 2957 571 scire.
2985 514 3255 584 quomodo
3287 516 3339 570 id
3375 516 3514 572 elIiei

237 617 367 659 mus
413 601 679 658 laborare.
717 603 862 660 Pene
905 606 1086 661 omnis
1124 621 1293 661 causa
1339 605 1394 662 in
1429 605 1608 677 seipsa
1663 606 1832 662 habet

239 695 364 753 loca
386 692 741 752 conﬁrmandi
780 704 836 752 et
875 695 990 752 loca
1025 696 1476 766 reprehendendi.

315 783 453 844 Cas.
494 785 800 857 Suspensus
828 803 945 843 sum
977 796 1154 842 tamen
1192 786 1322 857 quid
1352 786 1425 843 de
1445 801 1510 842 ea
1528 785 1664 841 velis
1690 784 1835 840 dice-

243 891 330 932 re.
365 905 437 918 —-
473 875 605 931 Au.
635 875 847 942 Dicam,
875 885 931 933 et
953 876 1194 932 breviter
1227 876 1423 932 dicam.
1481 875 1834 947 Reprehensio

243 974 362 1022 est.
395 980 494 1037 per
519 980 683 1036 quam
717 967 1143 1038 argumentando
1169 966 1606 1022 adversariorum
1632 966 1836 1022 conﬁr-

244 1056 418 1114 matio
461 1067 554 1113 aut
595 1058 926 1122 infirmatur,
963 1069 1059 1113 aut
1097 1058 1324 1114 tollitur.
1382 1059 1510 1114 Hmc
1544 1067 1723 1115 autem
1747 1061 1841 1115 iis—

243 1149 373 1205 dem
401 1146 560 1221 [Hs.,
577 1147 828 1219 .hisdem]
851 1164 918 1205 ex
945 1147 1081 1205 locis
1104 1150 1370 1216 sumitur,
1410 1150 1608 1220 quibus
1630 1158 1688 1206 et
1711 1165 1841 1206 con-

245 1237 522 1306 ﬁrmatio;
576 1239 699 1307 quia
743 1238 922 1295 omnis
969 1253 1059 1294 res
1107 1236 1314 1313 [pene]
1341 1239 1485 1294 unde
1527 1239 1841 1295 conﬁrmari

244 1338 448 1403 potest,
481 1329 606 1385 inde
627 1340 680 1384 et
713 1327 978 1388 inﬁrmari
1004 1338 1212 1400 potest;
1248 1331 1394 1404 quod
1421 1331 1500 1388 sic
1531 1331 1748 1396 evenit,
1794 1331 1842 1386 si

245 1433 345 1480 aut
369 1422 570 1495 falsum
601 1432 722 1488 est,
791 1424 934 1479 unde
972 1424 1315 1494 componitur
1351 1423 1692 1479 conﬁrmatio
1737 1423 1844 1479 hoc

246 1515 412 1573 modo
436 1533 449 1568 :
477 1512 594 1570 Non
617 1523 795 1585 potest
815 1514 1031 1584 sapiens
1060 1529 1201 1577 esse,
1228 1514 1321 1584 qui
1349 1515 1637 1588 pecuniam
1662 1513 1844 1584 negle-

250 1605 425 1674 xerit;
474 1605 630 1661 multi
668 1607 948 1676 sapientes
985 1605 1272 1676 pecuniam
1310 1604 1687 1677 neglexerunt.
1736 1604 1846 1658 Aut

249 1713 526 1752 commune
549 1735 568 1762 ,
613 1695 759 1767 quod
795 1694 1150 1752 nihilominus
1188 1698 1259 1752 ab
1299 1695 1626 1752 adversariis
1665 1703 1845 1765 potest

246 1788 384 1855 dici,
413 1788 519 1844 hoc
547 1788 708 1844 modo
733 1805 748 1842 :
779 1786 1018 1847 Idcirco.
1057 1786 1305 1856 iudices,
1355 1779 1483 1858 quia
1509 1801 1692 1842 veram
1717 1801 1847 1843 cau-

1934 604 2125 674 possit.
2151 635 2222 644 ——
2243 603 2375 660 Ars.
2409 605 2538 675 Ejus
2569 614 2836 677 praecepta
2864 606 3095 676 plurima
3138 614 3282 661 sunt.
3325 607 3514 684 [Alia].

1934 696 1981 752 si
2007 696 2443 753 demonstramus
2466 739 2480 762 ,
2513 699 2659 754 illam
2699 715 2813 754 rem
2853 715 3017 771 quam
3046 701 3391 755 adversarius
3419 702 3517 757 dc-

1936 787 2139 856 fendit,
2169 791 2274 847 diis
2305 792 2717 858 immortalibus,
2741 793 3157 863 sapientissimis
3189 793 3516 857 hominibus.

1936 881 2168 946 senatui,
2197 882 2346 936 omni
2375 881 2570 951 populo
2599 881 2872 956 indignam
2910 883 3104 938 videri.
3167 883 3320 947 Item,
3351 883 3396 940 si
3424 884 3518 940 de-

1937 981 2304 1028 monstramus
2333 973 2632 1028 adversarii
2667 973 2770 1028 alia
2817 974 2960 1028 facta
2987 973 3224 1030 crudelia
3245 1015 3259 1037 ,
3300 972 3518 1043 injuste.

1941 1080 2106 1121 avara
2129 1107 2144 1131 ,
2176 1067 2488 1131 inhonesta,
2531 1066 2890 1122 contumacia.
2931 1065 3087 1130 Item,
3120 1067 3164 1120 si
3195 1073 3524 1123 transactam

1941 1154 2058 1224 ejus
2079 1158 2246 1212 vitam
2283 1172 2572 1226 moresque
2599 1157 2983 1227 improbamus.
3038 1157 3202 1219 Item,
3230 1157 3360 1226 quid
3395 1155 3526 1212 mali

1942 1248 2014 1302 sit
2041 1245 2298 1311 futurum,
2327 1249 2372 1302 si
2398 1265 2502 1304 non
2528 1249 2804 1318 puniatur.
2841 1247 2994 1313 Item,
3025 1248 3330 1304 voluntario
3359 1248 3526 1304 male—

1943 1338 2068 1395 ﬁcio
2114 1338 2198 1394 vel
2237 1339 2554 1394 inconsueto
2595 1340 2810 1394 veniam
2856 1353 2962 1394 non
3006 1339 3203 1394 debere
3241 1337 3360 1393 dari
3390 1337 3524 1412 [ΑΛ.

1945 1445 2053 1487 non
2076 1429 2315 1504 deberi].
2356 1431 2490 1486 Item
2517 1473 2531 1495 ,
2571 1431 2616 1487 si
2655 1431 2962 1502 superbiam
3007 1431 3127 1501 ejus
3150 1432 3233 1487 vel
3262 1446 3526 1502 arrogan-

1945 1524 2078 1577 tiam
2105 1522 2461 1578 ostendimus.
2495 1522 2661 1590 Item,
2705 1531 2764 1578 ut
2800 1523 2868 1580 de
2892 1538 2953 1580 se
2977 1521 3096 1594 ipso
3113 1521 3279 1593 iudex
3307 1523 3530 1593 cogitet,

1947 1613 2034 1669 vel
2058 1615 2125 1671 de
2149 1614 2264 1671 suis
2289 1615 2504 1681 charis,
2545 1616 2591 1672 si
2622 1615 2754 1687 quid
2785 1616 2891 1672 tale
2915 1618 2997 1672 eis
3025 1616 3336 1672 accidisset.
3372 1617 3531 1682 Item,

1947 1705 2147 1762 multos
2171 1705 2381 1762 alacres
2407 1715 2745 1777 exspectare,
2773 1707 2904 1778 quid
2926 1714 3197 1762 statuatur
3227 1708 3330 1762 hac
3358 1707 3425 1763 de
3448 1721 3532 1772 re,

1946 1803 2009 1850 ut
2032 1811 2100 1851 ex
2125 1811 2191 1852 eo
2218 1797 2364 1867 quod
2406 1797 2535 1853 huic
2573 1812 2897 1853 concessum
2922 1798 3025 1864 sit,
3063 1798 3167 1854 sibi
3194 1812 3410 1869 quoque
3437 1795 3535 1853 tali

249 1897 371 1939 sam
396 1878 687 1945 habebam,
733 1878 976 1935 breviter
1013 1878 1288 1950 peroravi.
1344 1877 1453 1934 Aut
1493 1877 1600 1934 leae
1626 1887 1748 1934 est:
1783 1877 1841 1934 Si
1875 1875 1922 1936 Β
1947 1876 2014 1942 de
2042 1900 2102 1942 re
2126 1885 2257 1957 quid
2288 1886 2475 1952 liceat,
2508 1885 2809 1959 intelligere
2836 1888 3064 1956 possint.
3105 1887 3258 1950 Item,
3290 1887 3537 1958 indigna-

250 1974 310 2033 in
336 1981 575 2031 mentem
601 1988 708 2029 non
728 1972 984 2037 venisset,
999 1987 1107 2026 non
1131 1971 1513 2028 commisisset.
1549 1971 1656 2026 Aut
1676 1987 1844 2026 remo-

249 2076 365 2122 M
393 2073 450 2121 et
473 2064 688 2137 longius
707 2063 898 2136 incipit
922 2054 1084 2135 quam
1110 2063 1245 2120 satis
1272 2070 1357 2118 est
1400 2080 1414 2117 :
1460 2061 1519 2117 Si
1545 2061 1729 2132 Scipio
1753 2060 1845 2118 Ti-

250 2157 411 2214 berio
433 2155 680 2212 Graccho
715 2154 884 2210 ﬁliam
916 2169 1069 2210 suam
1111 2153 1420 2210 Corneliam
1448 2169 1556 2208 non
1584 2153 1842 2220 dedisset,

253 2247 378 2304 bac
399 2246 595 2305 seditio
617 2262 651 2302 a
679 2245 806 2302 ﬁliis
848 2259 1040 2304 eorum
1070 2244 1126 2302 in
1148 2244 1347 2315 popqu
1376 2259 1482 2299 non
1511 2243 1798 2299 accidisset
1826 2259 1842 2298 :

251 2352 430 2411 quare
452 2336 693 2409 Scipioni
721 2337 827 2393 hoc
853 2336 1056 2392 malum
1085 2334 1460 2406 imputandum
1497 2333 1652 2406 [Ms.,
1681 2334 1848 2406 depu-

254 2429 508 2503 tandum]
531 2437 637 2486 est.
661 2430 773 2484 Aut
796 2430 1056 2500 oﬁ'ensunt
1080 2425 1207 2500 [est,
1236 2427 1290 2484 id
1311 2424 1440 2499 est],
1472 2427 1614 2498 quod
1634 2440 1844 2491 eorum,

252 2523 353 2595 qui
380 2523 610 2580 audiunt
632 2563 648 2589 ,
694 2521 843 2577 lmdit
861 2520 1224 2584 voluntatem,
1255 2527 1354 2583 ut,
1400 2519 1448 2573 si
1475 2526 1602 2574 ante
1622 2531 1850 2572 avarum

253 2612 402 2671 forte
448 2627 672 2670 accuses
716 2613 961 2684 pecunia:
998 2626 1261 2668 amorem.
1317 2610 1426 2666 Aut
1461 2611 1847 2675 aduersarium,

255 2705 340 2781 [id
365 2705 474 2781 est]
515 2705 661 2777 quod
696 2713 803 2761 tua
845 2719 1025 2761 causa:
1063 2703 1252 2771 ofﬁcit,
1304 2712 1383 2770 ut,
1426 2704 1472 2761 si
1496 2702 1700 2761 milites
1725 2709 1850 2756 tuos

253 2796 471 2854 hortari
496 2795 726 2861 debeas,
756 2794 943 2863 copias
970 2793 1206 2850 hostium
1244 2803 1300 2850 et
1332 2793 1704 2850 fortitudinem
1733 2793 1850 2848 lau-

258 2886 379 2945 des.
414 2886 571 2952 Item,
606 2885 915 2957 complexio
939 2887 1375 2958 reprehenditur,
1407 2886 1454 2942 si
1483 2885 1723 2942 converti
1755 2897 1850 2956 po-

262 2984 408 3043 test,
445 2977 552 3033 hoc
595 2977 796 3033 modo:
847 2974 906 3031 Si
935 2985 1171 3042 veretur,
1218 2992 1330 3032 non
1369 2984 1456 3032 est
1491 2974 1845 3038 accusandus,

260 3070 396 3144 quia
445 3071 652 3143 probus
687 3076 800 3135 est;
827 3069 874 3124 si
902 3067 1079 3142 [vero]
1109 3085 1216 3126 non
1258 3077 1497 3136 veretur,
1543 3068 1647 3124 scit
1673 3082 1732 3123 se
1765 3067 1847 3120 in-

258 3170 549 3222 nocentem
597 3176 720 3218 esse
744 3201 761 3228 ,
790 3171 847 3217 et
884 3159 1009 3215 ideo
1052 3175 1161 3216 non
1201 3166 1289 3215 est
1313 3159 1669 3216 accusandus.
1725 3155 1846 3220 llic,

1943 1991 2068 2032 mur
2087 1983 2285 2032 tetrum
2303 2016 2319 2042 ,
2364 1975 2613 2040 crudele,
2661 1976 2928 2034 nefarium
2946 2021 2959 2039 ,
2990 1979 3333 2050 tyrannicum
3360 1975 3539 2033 scelus

1944 2082 2052 2123 non
2076 2066 2300 2134 ulcisci;
2338 2068 2485 2140 quod
2502 2076 2771 2125 remotum
2794 2069 2867 2125 sit
2894 2070 2963 2124 ah
2981 2068 3129 2123 omni
3153 2068 3268 2142 lege
3295 2076 3352 2122 et
3369 2068 3538 2138 tequi-

1945 2165 2092 2223 tate,
2137 2158 2244 2213 tale
2274 2157 2477 2214 factum
2502 2174 2612 2214 non
2647 2160 2933 2215 vindicari.
2984 2159 3150 2226 Item,
3195 2160 3252 2215 in
3287 2175 3410 2215 eum
3438 2159 3535 2231 qui
3584 2203 3586 2205 ›

1945 2247 2168 2302 laederet
2195 2245 2380 2321 [Νίκη
2405 2248 2458 2303 in
2494 2264 2591 2304 eos
2612 2290 2628 2313 ,
2658 2250 2752 2319 qui
2780 2249 2999 2322 laedere]
3028 2251 3193 2316 alios,
3223 2266 3323 2306 nec
3346 2267 3404 2306 sc
3437 2252 3534 2305 dr-

1947 2334 2168 2390 fendere
2195 2344 2508 2407 potuerunt,
2541 2337 2832 2394 crudeliter
2878 2337 3020 2394 facta
3067 2340 3338 2405 dicemus,
3384 2347 3444 2396 ut
3477 2341 3534 2396 in

1945 2442 2166 2497 pueros,
2197 2428 2476 2494 mulieres,
2508 2443 2689 2497 senes,
2722 2430 2988 2486 inﬁrmos.
3030 2432 3182 2498 Item,
3217 2433 3272 2487 in
3293 2432 3536 2504 peregri-

1948 2532 2069 2583 nos,
2095 2519 2148 2573 in
2172 2518 2431 2590 hospites,
2464 2520 2518 2575 in
2547 2521 2784 2588 vicinos,
2816 2521 2870 2576 in
2901 2523 3104 2578 amicos
3129 2524 3334 2578 atrocia
3360 2531 3533 2594 gesta.

1949 2606 2106 2674 Item,
2133 2617 2190 2664 ut
2213 2607 2379 2679 iudex
2401 2610 2614 2674 videat,
2656 2611 2702 2666 si
2736 2611 2850 2682 ipse
2873 2611 3182 2667 interfuerit
3206 2626 3268 2666 ac
3295 2625 3537 2682 praesens

1948 2699 2166 2755 viderit.
2205 2699 2365 2766 item,
2397 2701 2444 2758 si
2469 2702 2681 2758 ostendi
2701 2710 2884 2772 potest
2906 2703 2974 2758 ab
3001 2718 3069 2759 eo
3090 2701 3321 2764 factum,
3369 2716 3400 2756 a
3427 2717 3540 2772 quo

1948 2791 2174 2846 minime
2193 2793 2527 2864 oportuerit,
2570 2801 2626 2848 et
2650 2807 2681 2847 a
2709 2807 2840 2864 quo,
2872 2794 2917 2848 si
2947 2793 3086 2849 alius
3114 2791 3327 2859 fecerit,
3355 2793 3544 2863 prohi-

1950 2883 2069 2939 beri
2093 2885 2424 2940 conveniret.
2468 2883 2565 2939 His
2608 2894 2662 2940 et
2710 2886 2832 2942 aliis
2868 2885 3034 2959 326
3065 2884 3316 2958 pluribus
3343 2884 3540 2954 modis,

1950 2984 2114 3048 prout
2154 2991 2214 3032 se
2238 2990 2425 3042 causa,
2456 2977 2630 3042 locus.
2663 2985 2878 3048 tempus
2903 2993 3253 3048 personaeque
3282 2976 3541 3048 aderunt,

1953 3068 2376 3140 indignationem
2416 3067 2501 3125 vel
2531 3069 2880 3126 oﬂ'ensionem
2922 3068 2977 3124 in
3006 3068 3380 3125 adversarium
3404 3083 3542 3126 con.

1953 3160 2126 3216 citare
2172 3160 2357 3217 debes.
2393 3191 2468 3202 -—
2504 3160 2640 3217 Csa.
2682 3161 2824 3216 Bene
2878 3160 3119 3233 intelligo
3162 3161 3230 3217 de
3276 3160 3542 3231 ejusmodi

260 3254 440 3313 vereri
461 3267 587 3310 eum
627 3254 744 3310 sive
782 3267 892 3308 non
919 3252 1097 3308 vereri
1125 3251 1305 3317 dicas,
1339 3252 1447 3308 hoc
1469 3259 1625 3321 putat
1656 3265 1851 3308 conce-
1874 3231 1923 3293 ο
1955 3250 2204 3307 oratione
2231 3265 2392 3321 posse
2417 3252 2629 3308 animos
2658 3251 2991 3308 audientium
3021 3231 3089 3306 ad
3122 3251 3546 3322 indignationem

263 3346 523 3410 dendum,
565 3351 627 3400 ut
669 3351 1053 3414 negetseesse
1093 3343 1457 3399 accusandum
1506 3339 1657 3414 (Ila,
1688 3356 1852 3412 neges

260 3453 385 3496 esse
403 3437 830 3511 accusandum];
878 3438 1024 3508 quod
1051 3436 1406 3492 conversione
1436 3435 1516 3489 sic
1550 3433 1849 3504 reprehen-

263 3532 452 3589 ditur:
481 3529 598 3587 Imo
635 3529 973 3587 accusandus
1017 3537 1133 3596 est;
1165 3529 1213 3586 si
1241 3536 1490 3591 veretur,
1535 3534 1772 3583 testatur
1794 3541 1852 3580 se

265 3621 613 3680 innocentem
657 3635 766 3678 non
810 3635 970 3677 esse:
1001 3620 1048 3675 si
1073 3634 1206 3676 vero
1228 3635 1337 3676 non
1372 3626 1611 3683 veretur,
1651 3617 1854 3688 probus

265 3731 376 3773 non
397 3723 504 3781 est,
531 3721 586 3770 et
614 3713 736 3770 ideo
757 3710 1095 3768 accusandus
1113 3717 1216 3767 est.
1254 3709 1387 3766 Item
1406 3707 1746 3765 enumeratio
1770 3722 1857 3761 re-

265 3805 644 3880 prehenditur,
679 3805 727 3860 si
752 3803 1064 3874 praeteritur
1100 3802 1358 3874 quiddam
1395 3803 1451 3857 in
1487 3800 1853 3856 enumeratio-

266 3912 360 3964 ne,
387 3897 494 3952 hoc
517 3895 714 3951 modo:
738 3895 877 3963 Quia
908 3893 1080 3951 habes
1102 3909 1303 3963 equum
1331 3893 1515 3959 istum,
1546 3899 1642 3946 aut
1674 3890 1854 3945 emisti

265 4002 416 4052 eum,
443 3994 540 4043 aut
565 3986 881 4043 hereditate
921 3985 1021 4041 tibi
1067 3985 1271 4043 evenit.
1318 3991 1414 4040 aut
1445 3994 1673 4038 munere
1698 3979 1858 4036 datus

269 4080 369 4138 tibi
407 4087 495 4136 est
530 4076 648 4151 [aut
682 4077 829 4134 domi
866 4083 1028 4133 natus
1058 4073 1188 4148 est].
1242 4074 1385 4138 Aut,
1422 4074 1468 4128 si
1495 4073 1692 4128 horum
1723 4070 1858 4126 nihil

260 4180 385 4237 est,
433 4167 772 4241 subripueris
795 4182 922 4223 eum
951 4180 1172 4223 necesse
1211 4172 1315 4220 est.
1378 4163 1534 4231 Quod
1562 4163 1668 4219 hoc
1695 4163 1858 4217 modo

269 4259 712 4334 reprehenditur,
759 4258 806 4315 si
850 4257 961 4316 dici
984 4264 1162 4329 potest
1183 4272 1254 4311 ex
1283 4256 1533 4312 hostibus
1563 4269 1687 4312 esse
1724 4269 1856 4324 cap-

271 4359 412 4408 tum.
451 4349 551 4408 Ilia
591 4358 649 4408 et
691 4348 814 4404 aliis
847 4348 1034 4404 multis
1071 4345 1246 4403 modis
1286 4344 1608 4417 reprehendi
1630 4352 1859 4413 possunt

274 4441 774 4514 argumentationes
796 4479 812 4505 ,
853 4439 945 4508 qui
989 4451 1205 4492 summo
1245 4435 1424 4490 studio
1462 4433 1687 4490 cavendi
1732 4441 1861 4489 sunt

271 4533 480 4590 oratori
521 4531 729 4602 magis,
774 4544 937 4601 quam
966 4527 1097 4584 mihi
1115 4567 1131 4594 ,
1161 4535 1382 4599 propter
1406 4525 1729 4581 brevitatem
1758 4539 1855 4580 ex-

274 4625 553 4701 pianandi.

345 4715 481 4774 Cn.
531 4714 720 4771 Restat
765 4712 1030 4770 conclusio
1075 4713 1189 4770 sola
1208 4751 1224 4777 ,
1275 4726 1440 4784 quam
1486 4726 1583 4767 sex
1623 4713 1860 4784 partium

276 4808 544 4866 orationis
569 4807 801 4881 posuisti
827 4796 1129 4863 extremam
1147 4846 1164 4870 ,
1205 4806 1274 4861 de
1299 4819 1408 4876 qua
1435 4805 1573 4860 ordo
1596 4804 1860 4873 postulat,

276 4909 342 4957 ut
371 4899 545 4956 dicas.
565 4897 789 4953 —-A1.a.
814 4894 1096 4952 Conclusio
1123 4903 1210 4951 est
1243 4895 1420 4952 exitus
1452 4902 1510 4951 et
1528 4895 1861 4951 determina-

280 4989 358 5046 tio
382 4989 551 5046 totius
570 5001 769 5045 causte.
794 5015 866 5029 —-
885 4985 1020 5043 Cn.
1051 4983 1195 5053 Quot
1217 4986 1383 5042 habet
1401 4985 1618 5056 partes?
1637 5016 1710 5027 —
1729 4986 1858 5044 Au.

280 5077 442 5137 τινα.
477 5076 978 5142 Enumerationem,
1007 5073 1429 5146 indignationem
1445 5115 1462 5141 ,
1507 5074 1866 5145 conquestio-

283 5183 431 5226 nem.
450 5198 525 5215 -—-
541 5166 675 5225 Cas.
707 5167 1060 5223 Enumeratio
1087 5165 1452 5221 conclusionis
1492 5180 1614 5236 qua:
1642 5165 1768 5220 est?
1794 5194 1867 5206 —

282 5264 421 5322 Διι.
446 5261 792 5319 Enumeratio
821 5258 1190 5316 conclusionis
1215 5267 1324 5324 est,
1348 5273 1449 5330 per
1474 5273 1635 5329 quam
1663 5271 1752 5314 res
1780 5257 1865 5312 di-

282 5369 486 5431 spersa
530 5354 589 5409 in
637 5366 806 5408 unum
845 5351 1024 5406 locum
1065 5357 1354 5421 coguntur,
1388 5357 1444 5405 et
1482 5347 1868 5405 reminiscendi

278 5461 452 5506 eausa
488 5460 657 5503 unum
697 5443 800 5501 sub
839 5449 1117 5514 aspectum
1155 5441 1317 5497 simul
1348 5440 1733 5511 subjiciuntur,
1765 5440 1870 5495 hoc

284 5537 488 5598 modo:
516 5534 786 5606 Quidnam
811 5532 1045 5605 amplius
1065 5532 1409 5598 desideratis,
1437 5547 1471 5587 o
1489 5532 1718 5602 judices,
1742 5523 1870 5588 cum

286 5629 444 5688 vobis
461 5628 567 5685 hoc
589 5634 647 5683 et
671 5627 777 5681 hoc
797 5625 942 5691 dixi;
979 5625 1085 5680 hoc
1105 5633 1162 5679 et
1181 5625 1286 5680 hoc
1307 5622 1527 5694 planum
1555 5621 1692 5678 feci?

356 5719 492 5778 Cn.
517 5717 659 5788 Quid
675 5714 841 5774 eﬂcit
858 5715 1191 5785 indignatio?
1215 5745 1286 5756 —
1307 5713 1440 5770 AL.
1475 5713 1668 5771 Odium
1695 5713 1751 5769 in
1775 5715 1870 5770 ad-

287 5810 590 5872 versarium
609 5817 669 5867 et
685 5807 868 5881 [Uss.,
886 5806 995 5882 vel]
1016 5806 1365 5867 ofensionem
1401 5808 1456 5862 in
1482 5805 1600 5877 ejus
1621 5822 1864 5864 causam.

648 5900 926 5961 Panos.
971 5895 1074 5959 CI.

1955 3344 2224 3415 instigari.
2254 3374 2324 3384 —
2349 3343 2483 3399 Aul.
2512 3343 2648 3399 Nam
2674 3351 2734 3400 ut
2755 3343 2889 3409 dixi,
2915 3358 2982 3399 ex
3005 3343 3090 3398 his
3120 3345 3548 3415 argumentatio-

1953 3437 2134 3500 nibus,
2157 3449 2279 3507 qua:
2299 3452 2365 3492 ex
2395 3437 2644 3507 personis
2676 3445 2730 3492 et
2769 3451 2836 3492 ex
2863 3437 3096 3507 negotiis
3124 3438 3396 3503 eveniunt,
3430 3452 3546 3494 am-

1951 3525 2312 3597 pliﬁcationes
2339 3535 2397 3583 et
2420 3527 2816 3600 indignationes
2849 3528 2998 3585 nasci
3020 3536 3266 3598 possunt.

2024 3661 2160 3718 Csn.
2198 3663 2455 3730 Possunt,
2479 3673 2539 3721 ut
2561 3671 2770 3723 certum
2797 3671 2973 3722 teneo.
3028 3663 3136 3720 Sed
3161 3664 3295 3735 quid
3318 3664 3392 3720 sit
3417 3679 3548 3720 con-

1956 3752 2190 3821 questio,
2217 3761 2274 3808 et
2296 3753 2424 3823 quid
2447 3752 2676 3820 efﬁciat,
2714 3763 2775 3812 et
2800 3755 3070 3825 quomodo
3098 3757 3170 3811 sit
3191 3754 3544 3827 perﬁcienda,

1957 3841 2178 3898 edicito.
2199 3873 2270 3885 ——
2292 3843 2425 3900 Acs.
2459 3843 2774 3917 Cosquestio
2799 3854 2884 3901 est
2905 3847 3083 3902 oratio
3113 3848 3420 3902 auditorum
3444 3848 3549 3903 mi-

1957 3936 2311 3992 sericordiam
2344 3947 2591 4008 captans.
2647 3936 2706 3993 In
2739 3937 2844 3993 hac
2869 3938 3105 4009 primum
3129 3939 3370 3994 animum
3397 3939 3550 3993 audi-

1959 4029 2095 4083 toris
2123 4027 2310 4083 mitem
2338 4044 2405 4085 ac
2425 4029 2834 4087 misericordem
2865 4029 3132 4086 conﬁcere
3163 4037 3399 4102 oportet,
3426 4046 3549 4101 quae

1957 4118 2146 4174 multis
2174 4119 2351 4177 modis
2375 4118 2456 4185 ﬁt,
2494 4127 2556 4176 ut
2589 4135 2713 4192 quas
2736 4121 3018 4177 commoda
3040 4120 3369 4192 perdiderit,
3408 4130 3464 4176 et
3490 4120 3550 4180 in

1957 4212 2161 4281 quibus
2180 4212 2540 4270 incommodis
2561 4212 2672 4269 sit:
2705 4219 2766 4267 ut
2788 4211 2844 4266 in
2875 4220 3051 4269 morte
3081 4213 3177 4268 lilii
3200 4227 3375 4278 amor,
3400 4227 3548 4283 spes.

1959 4302 2255 4369 solatium,
2292 4302 2564 4359 educatio.
2622 4301 2785 4369 Item,
2836 4312 3040 4374 quanta
3080 4306 3219 4360 bona
3257 4302 3475 4361 fecisset
3496 4303 3552 4362 ei

1958 4393 2055 4465 qui
2083 4401 2233 4449 tanta
2254 4393 2400 4450 mala
2429 4391 2557 4450 fecit
2577 4391 2764 4467 [Ifss.,
2792 4391 3033 4467 fecisset]
3056 4394 3183 4450 sibi.
3206 4393 3363 4460 Item,
3387 4410 3550 4464 quam

1962 4491 2152 4553 turpes
2175 4497 2266 4539 res
2293 4490 2350 4537 et
2385 4481 2679 4540 illiberales
2720 4482 3068 4540 adversarius
3104 4483 3330 4554 profert.
3391 4485 3549 4550 Item,

1885 4585 1936 4645 ι)
1961 4589 2128 4646 quam
2154 4575 2413 4631 miserum
2437 4574 2591 4629 vobis
2618 4573 2916 4640 videretur,
2950 4587 2985 4630 o
3002 4571 3216 4642 iudices
3234 4615 3248 4640 ,
3278 4574 3325 4630 si
3348 4575 3553 4632 adfuis-

1962 4667 2118 4725 setis.
2155 4665 2310 4732 Item,
2346 4666 2475 4722 dum
2503 4667 2645 4724 bona
2668 4668 2900 4737 speravi,
2931 4677 3196 4724 venerunt
3223 4668 3357 4725 mihi
3383 4669 3549 4725 mala.

1962 4755 2096 4814 Item
2122 4757 2328 4830 inopia,
2359 4755 2665 4821 inﬁrmitas,
2697 4755 2986 4814 infelicitas
3009 4757 3191 4832 [ιαη
3222 4758 3556 4818 inﬁrmitatis

1963 4844 2279 4919 infelicitas]
2319 4846 2691 4916 conqueritur.
2746 4846 2914 4914 Item,
2959 4845 3249 4918 disiunctio
3287 4851 3552 4920 parentis,

1963 4936 2082 5003 ﬁlii,
2107 4935 2305 5001 amici,
2341 4933 2529 4991 fratris
2545 4976 2562 5001 ,
2605 4937 2791 4992 uxoris
2816 4944 2876 4992 et
2898 4937 3145 4993 suavium
3172 4952 3552 5009 personarum.

1963 5029 2120 5096 Item,
2151 5029 2298 5102 quod
2318 5027 2461 5084 male
2487 5036 2748 5087 metetur
2771 5029 2840 5086 ab
2861 5030 2941 5084 eis
2958 5070 2974 5094 ,
3017 5029 3267 5100 aquibus
3290 5045 3399 5087 non
3423 5045 3558 5088 con-

1965 5123 2170 5188 veniat,
2195 5121 2416 5187 ausicis,
2439 5121 2631 5177 servis.
2672 5119 2827 5184 Item,
2858 5135 3019 5190 quam
3047 5120 3357 5177 misericors
3377 5135 3554 5180 essem

1968 5215 2023 5271 in
2047 5215 2220 5271 illum.
2279 5212 2414 5270 Nam
2446 5213 2688 5284 gravitas
2726 5220 2783 5267 et
2823 5213 3117 5267 auctoritas
3144 5212 3410 5269 sermonis
3433 5211 3558 5282 plus

1968 5311 2232 5376 provocat
2288 5301 2472 5376 (Msa,
2518 5299 2754 5374 proﬁcit]
2795 5316 2936 5371 saepe
2986 5301 3056 5356 ad
3100 5302 3553 5367 misericOrdiam,

1971 5411 2138 5468 quam
2159 5394 2442 5452 humilitas
2460 5401 2519 5450 et
2545 5391 2871 5449 obsecratio.
2910 5390 3018 5448 Sed
3045 5407 3196 5448 nunc
3227 5391 3461 5467 [habes]
3488 5393 3560 5454 de

1972 5488 2150 5560 prima
2177 5494 2236 5542 et
2258 5484 2499 5540 maxima
2523 5492 2682 5554 parte
2710 5483 2997 5540 rhetorica:
3037 5483 3192 5548 artis,
3235 5482 3290 5538 id
3313 5493 3427 5551 est,
3472 5487 3560 5540 its-

1971 5579 2228 5635 eeatioss.
2267 5575 2392 5633 Iam
2419 5584 2762 5632 mnseamus
2785 5573 2856 5629 ad
2881 5573 3021 5629 alias
3042 5582 3244 5644 partes.

2045 5711 2181 5767 Cn.
2221 5708 2609 5766 Transeamus.
2652 5704 2762 5763 Sed
2799 5707 3038 5778 primum
3075 5705 3168 5763 die
3202 5721 3327 5778 qua
3369 5704 3554 5779 με..

1975 5803 2127 5877 quid]
2157 5803 2232 5860 sit
2250 5801 2548 5874 sophistica
2569 5798 2770 5856 locutio
2783 5799 2808 5855 ?
2822 5829 2892 5843 --
2909 5797 3041 5856 Διι.
3075 5797 3252 5952 Ergone
3279 5796 3415 5855 alios
3435 5799 3558 5869 quis
