4090 6486
569 288 681 345 ’939

1434 281 1493 334 Β.
1529 279 1593 333 F.
1628 275 1855 333 ALBINI
1888 272 2022 330 SEU
2058 268 2336 328 ALCL‘INI
2377 265 2662 325 OPERUM
2686 263 2866 320 PARS
2890 263 2998 320 VII.

3745 255 3863 313 9.50

578 403 648 457 de
673 398 856 458 schola
900 395 1086 467 palatii
1118 394 1196 449 tui
1239 391 1627 464 interrogasset
1651 431 1667 458 ,
1719 389 1945 445 forsitan
1977 384 2157 459 [λίθω
2189 392 2240 453 Δ
2267 383 2386 438 sine
2415 382 2686 453 ambiguo,
2721 396 2839 442 non
2869 379 3031 434 nimis
3068 376 3254 448 procul
3277 375 3454 432 ductis
3479 374 3857 467 translationi-

581 489 789 562 forsan]
817 488 1176 545 ostendissent
1197 485 1268 540 ei.

651 581 786 636 (ΖΑΒ.
823 579 935 635 Cur
980 576 1136 631 alteri
1186 582 1244 630 et
1285 589 1390 628 non
1418 571 1693 627 mihi?An
1719 569 1927 625 invides
1960 576 2021 624 ut
2063 568 2170 624 hoc

582 674 754 730 sciam
779 670 957 744 [Mss.,
987 668 1193 723 invides
1214 681 1303 722 me
1329 662 1491 736 scire]
1510 663 1532 718 ?
1550 662 1764 718 -—Atn.
1787 661 1904 716 Non
1931 661 2166 726 invideo,

581 765 678 821 sed
728 775 893 834 parco
944 767 1001 814 et
1043 753 1519 813 honoro.—CAn.
1564 752 1680 807 Non
1709 752 1865 806 video
1905 751 2166 804 honorem

582 858 717 914 mihi
746 870 886 920 esse,
916 855 1042 909 dum
1072 853 1401 919 interrogata
1432 862 1614 917 negas.
1640 875 1712 885 —-
1730 846 1862 900 ΑιΒ.
1891 844 2042 898 Licet
2068 843 2168 897 mi-

583 955 636 1010 hi
688 955 1025 1020 interrogare
1060 946 1148 1001 te?
1168 974 1240 984 —-
1266 943 1399 998 (ΖΑΒ.
1437 940 1547 996 Cur
1578 938 1720 993 non?
1772 938 1907 992 Nam
1938 938 2166 991 interro-

582 1065 710 1122 gare
737 1047 1009 1118 sapienter
1050 1050 1135 1098 est
1161 1039 1396 1094 docere:
1425 1045 1482 1092 et
1525 1036 1571 1090 si
1607 1032 1745 1088 alter
1774 1032 1846 1087 sit
1876 1033 1966 1122 qui
2002 1031 2170 1122 inter:-

585 1121 756 1214 rogat,
797 1139 934 1194 alter
979 1135 1072 1206 qui
1122 1133 1306 1196 docet,
1357 1143 1426 1184 ex
1474 1143 1584 1182 uno
1619 1135 1799 1180 tamen
1825 1164 1841 1190 ,
1892 1121 2022 1195 [hoc
2050 1121 2166 1214 est]

584 1230 865 1304 sapientiae
907 1226 1054 1281 fonte
1093 1223 1379 1292 utriusque
1418 1234 1612 1274 sensus
1655 1215 1918 1286 procedit.
1943 1213 2168 1268 —At.n.

581 1326 761 1382 Etiam
790 1319 1055 1393 procedit.
1097 1316 1167 1372 Et
1191 1315 1237 1369 si
1263 1313 1400 1368 alter
1418 1319 1523 1375 est,
1547 1309 1639 1378 qui
1667 1309 1998 1377 interrogat,
2031 1305 2170 1358 alter

583 1418 676 1490 qui
722 1411 1042 1485 respondeat
1089 1408 1271 1481 [Mss.,
1297 1401 1649 1474 respondet],
1692 1409 1823 1454 tunc
1859 1406 1913 1454 tu
1951 1398 2168 1490 quidem

583 1489 692 1565 non
716 1523 779 1564 es
804 1507 950 1561 idem
976 1502 1070 1573 qui
1103 1502 1408 1569 interrogas
1435 1494 1577 1566 quod
1601 1508 1700 1564 ego
1724 1492 1816 1562 qui
1843 1489 2163 1559 respondeo.

581 1633 652 1643 ——-
674 1600 806 1656 (ΖΑΒ.
838 1596 1190 1666 Nequaquam
1219 1591 1382 1644 idem.
1406 1619 1477 1629 -—-
1495 1586 1627 1642 Acs.
1653 1585 1796 1652 Quid
1825 1583 1919 1638 tu?
1939 1612 2010 1623 ——
2031 1581 2166 1637 (ΖΑΒ.

583 1697 696 1766 Ego
720 1695 901 1749 homo.
923 1718 996 1729 —-
1022 1687 1155 1741 Acs.
1193 1683 1357 1739 Vides
1387 1679 1655 1751 quomodo
1689 1685 1745 1732 tu
1770 1690 1855 1731 me
1877 1674 2167 1731 conclude-

583 1803 643 1844 re
670 1784 862 1857 potes?
887 1811 959 1822 -—-
987 1779 1124 1837 (ΖΑΒ.
1161 1773 1475 1843 Quomodo?
1499 1801 1570 1812 -—-
1598 1769 1731 1826 ΑιΒ.
1760 1768 1816 1824 Si
1859 1768 1994 1823 dicis
2019 1785 2032 1821 :
2059 1782 2166 1821 non

583 1879 726 1934 idem
754 1891 854 1947 ego
876 1881 931 1929 et
955 1881 1043 1937 tu;
1090 1877 1146 1925 et
1180 1883 1280 1936 ego
1311 1868 1497 1930 homo,
1531 1877 1868 1932 consequens
1894 1875 1983 1923 es,
2019 1866 2081 1912 ut
2112 1866 2168 1912 tu

583 1971 748 2026 homo
799 1981 906 2020 non
960 1963 1055 2018 sis.
1097 1988 1172 2000 —
1208 1958 1344 2014 (ΖΑΒ.
1388 1955 1757 2024 Consequens.
1784 1982 1856 1992 -—
1885 1949 2016 2004 Acs.
2063 1947 2170 2004 Sed

585 2068 718 2132 quot
759 2055 994 2130 syllabas
1033 2052 1198 2107 habet
1239 2047 1440 2104 homo?
1472 2077 1543 2086 ——
1569 2045 1703 2101 (ΖΑΒ.
1751 2043 1914 2098 Duas.
1946 2071 2015 2082 -—-
2038 2040 2168 2094 Atn.

585 2150 838 2222 Nunquid
859 2158 916 2204 tu
938 2148 1058 2203 duae
1077 2145 1179 2201 illa:
1199 2143 1419 2215 syllabae
1445 2137 1764 2196 eS?—CAB.
1794 2136 2168 2206 Nequaquam.

586 2243 695 2301 Sed
721 2255 980 2312 quorsum
1006 2237 1144 2293 ista?
1162 2266 1236 2277 -—
1261 2234 1392 2289 Acs.
1421 2232 1494 2289 Ut
1520 2229 1876 2302 sophisticam
1904 2225 2173 2296 intelligas

585 2334 906 2397 versutiam,
935 2339 990 2386 et
1009 2329 1196 2383 videas
1234 2323 1506 2396 quomodo
1542 2319 1790 2378 concludi
1834 2326 1988 2389 potes
2034 2313 2172 2387 [A!.,

585 2427 812 2502 potest].
836 2456 906 2465 —
929 2424 1061 2479 (ΖΑΒ.
1091 2421 1260 2477 Video
1289 2428 1345 2473 et
1373 2415 1632 2487 intelligo,
1658 2428 1724 2468 ex
1747 2411 2021 2483 prioribus
2043 2424 2172 2502 con-

587 2501 779 2585 cessis,
802 2517 928 2572 dum
957 2509 1197 2568 concessi
1221 2551 1236 2575 ,
1279 2517 1340 2562 ut
1363 2516 1417 2561 et
1445 2521 1546 2577 ego
1572 2505 1736 2561 homo
1763 2517 1964 2567 essem,
1991 2507 2048 2555 et
2070 2501 2171 2553 ho-

589 2628 681 2668 mo
705 2611 816 2666 duo
840 2606 1057 2679 syllabae
1082 2609 1227 2669 sunt,
1276 2598 1523 2656 concludi
1551 2612 1638 2654 me
1662 2609 1846 2668 posse,
1875 2602 1934 2648 ut
1960 2607 2060 2662 ego
2089 2591 2174 2646 hae

588 2705 708 2761 dua:
738 2700 957 2774 syllaba:
980 2699 1104 2753 sim.
1145 2695 1212 2749 Et
1237 2694 1427 2758 miror,
1455 2705 1618 2760 quam
1646 2688 1882 2742 latenter
1916 2681 2174 2740 induxisti

586 2809 676 2851 me
697 2794 867 2864 prius,
895 2797 955 2845 ut
979 2785 1354 2844 concluderem
1383 2791 1460 2848 te,
1487 2780 1629 2852 quod
1660 2779 1822 2834 horno
1851 2792 1957 2832 non
1988 2789 2173 2842 esses;

587 2897 710 2960 post
730 2895 785 2943 et
803 2883 1096 2953 meipsum,
1121 2878 1266 2951 quod
1294 2878 1414 2931 duae
1440 2874 1662 2946 syllabae
1688 2886 1887 2928 essem.

1069 2993 1161 3048 DE
1199 2987 1696 3046 DISPOSITIONE.

2270 478 2391 542 bus,
2417 491 2518 532 nec
2543 475 2861 545 interposito
2893 474 3196 544 hyperbato
3234 469 3414 543 βίη,
3452 466 3862 541 hyperbaton]?

2339 586 2472 643 (ΖΑΒ.
2506 585 2785 654 Quomodo
2811 585 3042 655 facunda
3061 584 3086 638 .9
3104 613 3175 624 ——
3202 583 3334 638 Acs.
3371 581 3621 638 Facunda
3651 581 3777 646 erit,
3806 580 3863 636 si

2269 682 2638 755 grammatica:
2673 679 2886 750 regulas
2915 687 3128 744 servet,
3169 686 3226 734 et
3257 676 3581 733 auctoritate
3605 684 3860 731 veterum

2267 773 2542 828 fulciatur.
2571 803 2641 813 —
2677 770 2810 826 (ΖΑΒ.
2852 769 3094 836 Qualiter
3122 771 3190 824 ad
3223 769 3601 824 auctoritatem
3638 769 3860 838 prisco—

2269 879 2390 918 rum
2415 871 2595 934 potest
2621 864 2796 917 oratio
2821 871 3006 916 nostra
3033 861 3435 931 pervenire?-——
3459 861 3589 916 Ats.
3615 859 3860 930 Legendi

2269 964 2396 1010 sunt
2425 964 2707 1010 auctorum
2743 955 2884 1017 libri,
2919 969 3213 1024 eorumque
3242 955 3379 1010 bene
3407 954 3550 1008 dicta
3576 954 3860 1010 memoriae

2270 1047 2698 1103 commendanda
2713 1045 2967 1119 [quorum
2986 1060 3237 1101 sermone
3258 1043 3549 1101 assuefacti
3564 1044 3855 1115 quierunt,

2268 1153 2338 1191 ne
2378 1139 2657 1206 cupientes
2698 1135 2914 1207 quidem
2952 1144 3208 1207 poterunt
3243 1135 3422 1207 loqui,
3461 1135 3567 1190 nisi
3613 1133 3859 1209 ornate].

2270 1228 2455 1300 Neque
2482 1239 2662 1286 tamen
2685 1229 2817 1303 [Αι.,
2837 1229 3006 1303 enim]
3032 1231 3291 1285 utendum
3312 1232 3420 1286 erit
3439 1229 3632 1301 priscis
3650 1231 3859 1297 verbis,

2270 1318 2466 1389 quibus
2485 1318 2600 1389 jam
2626 1319 2960 1376 consuetudo
2993 1327 3179 1376 nostra
3209 1335 3317 1376 non
3345 1321 3533 1384 utitur,
3567 1320 3670 1375 nisi
3704 1335 3861 1383 raro,

2269 1413 2498 1468 ornandi
2526 1405 2691 1468 causa
2718 1419 2775 1468 et
2801 1427 2998 1483 parce;
3038 1413 3132 1469 sed
3159 1420 3342 1469 tamen
3369 1414 3584 1469 usitatis
3615 1413 3736 1484 plus
3760 1428 3861 1469 or-

2271 1514 2434 1562 natur
2459 1505 2790 1578 eloquentia.

2341 1619 2474 1675 (ΖΑΒ.
2503 1619 2587 1675 An
2619 1620 2793 1692 magis
2814 1629 3045 1676 ornatur
3075 1622 3130 1676 in
3161 1621 3387 1693 singulis
3411 1620 3623 1685 verbis,
3669 1619 3757 1675 vel
3802 1620 3864 1674 in

2201 1745 2249 1807 Β
2274 1711 2655 1780 conjunctione
2681 1713 2972 1768 verborum
3001 1712 3307 1783 eloquentia
3327 1713 3351 1768 ?
3368 1741 3442 1753 -—
3469 1711 3600 1766 Au.
3629 1710 3862 1768 Utrum-

2273 1823 2398 1877 que.
2430 1805 2568 1862 Nam
2598 1808 2655 1862 in
2681 1807 2907 1878 singulis
2931 1807 3135 1873 verbis,
3163 1815 3220 1862 et
3245 1807 3302 1861 in
3329 1805 3712 1878 conjunctione
3739 1820 3864 1860 ver-

2271 1899 2464 1953 borum
2489 1897 2654 1963 decus
2679 1897 2944 1953 orationis
2967 1905 3201 1953 constat.

2344 2010 2476 2067 (ΖΑΒ.
2517 2011 2574 2066 Si
2614 2011 2670 2065 in
2703 2010 2953 2080 utrisque
2987 2017 3232 2074 constat,
3267 2009 3336 2065 de
3368 2009 3617 2080 utrisque
3653 2008 3759 2064 die.
3784 2035 3864 2049 —-

2272 2100 2405 2158 ΑιΒ.
2446 2102 2504 2156 in
2531 2101 2761 2174 singulis
2784 2102 2970 2158 verbis
2996 2102 3105 2158 duo
3132 2109 3261 2157 sunt
3295 2116 3416 2171 qua:
3448 2102 3753 2158 orationem
3789 2100 3862 2155 il—

2273 2193 2540 2261 lustrant;
2593 2203 2690 2249 aut
2733 2195 2779 2250 si
2821 2196 2894 2249 sit
2935 2195 3217 2264 proprium
3245 2194 3508 2257 verbum,
3557 2200 3649 2248 aut
3693 2193 3739 2247 si
3789 2193 3869 2248 sit

2275 2287 2621 2342 translatum.
2669 2287 2728 2343 In
2757 2289 2994 2358 propriis
3024 2287 3114 2342 illa
3152 2287 3272 2342 laus
3295 2294 3413 2351 est,
3457 2295 3520 2341 ut
3554 2284 3767 2354 abjecta
3808 2294 3873 2340 et

2274 2381 2592 2437 inconsueta
2623 2381 2922 2453 fugiamus;
2970 2379 3161 2436 electis
3195 2388 3251 2437 et
3287 2379 3592 2436 illustribus
3619 2389 3866 2443 utamur,

2275 2473 2332 2528 in
2360 2474 2558 2544 quibus
2586 2472 2803 2542 plenum
2832 2471 3089 2542 quiddam
3132 2478 3188 2525 et
3227 2484 3534 2528 consonans
3573 2471 3755 2525 inesse
3783 2470 3870 2523 vi-

2275 2564 2488 2629 deatur,
2517 2563 2571 2618 in
2597 2579 2706 2633 quo
2727 2561 3064 2618 consuetudo
3088 2561 3256 2618 etiam
3283 2561 3423 2616 bene
3443 2560 3697 2632 loquendi
3721 2559 3872 2616 valet

2273 2655 2590 2726 plurimum.
2637 2655 2697 2710 In
2726 2654 3004 2710 translatis
3029 2661 3181 2725 patet
3205 2665 3455 2719 ornatus,
3487 2669 3649 2724 quem
3678 2654 3872 2725 genuit

2275 2749 2592 2816 necessitas,
2640 2749 2822 2820 inopia
2873 2755 3063 2804 coacta
3105 2755 3164 2802 et
3207 2756 3458 2818 angusta,
3483 2755 3608 2817 post
3633 2744 3866 2819 [autem]

2274 2840 2568 2895 delectatio
2610 2849 2667 2894 et
2700 2839 3018 2908 iucunditas
3059 2839 3372 2894 celebravit.
3422 2838 3559 2893 Num
3601 2847 3664 2893 ut
3696 2838 3870 2894 vestis

2278 2931 2571 3001 repellendi
2617 2930 2838 3002 frigoris
2882 2945 3048 2985 causa
3093 2929 3270 2999 primo
3315 2937 3530 3000 reperta
3570 2937 3691 2994 est,
3739 2936 3868 3000 post

2279 3023 2528 3077 adhiberi
2557 3031 2746 3077 coacta
2782 3029 2871 3076 est
2908 3022 2976 3075 ad
3017 3028 3271 3074 ornatum
3311 3021 3478 3074 etiam
3518 3019 3767 3089 corporis
3811 3027 3871 3072 et

661 3113 880 3171 Memini
907 3121 989 3177 te,
1045 3109 1334 3178 magister,
1375 3113 1498 3176 post
1525 3103 1892 3158 inventionem
1929 3100 2175 3172 posuisse

2279 3114 2636 3186 dignitatem;
2684 3115 2765 3169 sic
2793 3113 2974 3168 verbis
3002 3113 3336 3168 translativis
3362 3113 3612 3168 instituta
3636 3121 3722 3169 est
3748 3112 3872 3168 ino-

588 3209 1013 3280 dispositionem;
1045 3203 1100 3257 in
1127 3216 1233 3271 qua
1262 3198 1565 3270 praecepisti
1595 3197 1792 3270 [Edit.,
1818 3195 2174 3268 praecipitur],

590 3304 838 3358 inventas
859 3314 948 3355 res
984 3305 1259 3352 oratorem
1300 3293 1550 3350 ordinate
1579 3292 1925 3348 distribuere.
1977 3289 2036 3346 Si
2062 3290 2180 3348 haec

591 3408 805 3465 quoque
833 3389 938 3445 alia
967 3388 1147 3463 [Mss.,
1176 3385 1380 3460 aliqua]
1407 3387 1607 3440 habeat
1635 3391 1908 3456 praecepta
1925 3423 1942 3450 ,
1978 3384 2176 3454 pande.

661 3489 794 3543 ALn.
826 3483 945 3540 Non
981 3481 1148 3539 multa
1176 3496 1272 3550 per
1311 3496 1369 3535 se
1397 3481 1561 3535 habet
1581 3480 1697 3534 hzec
1721 3493 1848 3548 pars
1881 3477 1946 3531 ad
1968 3489 2027 3532 se
2057 3475 2180 3549 [so—

592 3577 726 3649 lam]
753 3574 1078 3646 pertinentia
1109 3581 1379 3642 prmcepta
1399 3611 1414 3636 ,
1463 3586 1584 3639 qua:
1607 3584 1717 3624 non
1748 3568 2095 3622 inveniantur
2122 3568 2178 3621 in

592 3667 919 3726 inventionis
963 3665 1247 3734 praeceptis
1289 3663 1373 3716 vel
1417 3659 1756 3717 elocutionis.
1815 3658 1952 3712 Nam
1979 3665 2035 3712 et
2063 3657 2180 3713 haec

594 3763 758 3819 rebus
794 3765 849 3814 et
875 3756 1058 3812 verbis
1085 3755 1320 3808 maxime
1343 3752 1592 3822 prodest,
1619 3760 1673 3805 et
1692 3757 2072 3804 ornamentum
2111 3749 2178 3801 li-

593 3852 826 3920 demque
852 3843 1412 3917 argumentationibus
1443 3848 1682 3911 praestat,
1732 3849 1786 3894 et
1817 3838 2029 3892 laudem
2057 3852 2182 3892 ora-

595 3945 729 4000 tioni
754 3941 962 4002 tribuit,
984 3953 1107 3993 cum
1127 3938 1309 3991 omnia
1333 3951 1442 3989 non
1467 3934 1638 3989 solum
1658 3933 1871 3996 ordine,
1898 3931 1991 3986 sed
2013 3930 2178 3985 etiam

593 4039 872 4089 momento
931 4030 1162 4100 quodam
1228 4035 1391 4096 atque
1449 4025 1654 4093 judicio
1709 4024 2071 4092 dispensanda
2125 4031 2181 4076 et

596 4125 963 4197 componenda
996 4134 1123 4178 sunt
1142 4163 1157 4188 ,
1189 4129 1350 4193 prout
1376 4135 1616 4189 praesens
1644 4119 1781 4172 ratio
1811 4117 2060 4172 utilitatis
2089 4126 2181 4172 aut

596 4217 810 4274 decoris
855 4223 950 4270 aut
989 4213 1329 4269 necessitatis
1355 4211 1614 4281 exegerit.
1665 4209 1772 4263 Sed
1797 4209 1938 4278 quod
1967 4209 2034 4262 ad
2062 4223 2183 4264 ver-

596 4309 789 4365 borum
829 4306 1236 4377 dispositionem
1265 4302 1501 4372 pertinet
1527 4341 1541 4367 ,
1592 4300 1725 4356 satis
1748 4300 1907 4370 plene
1935 4301 2181 4365 docetur,

593 4416 721 4455 eum
750 4401 818 4454 de
856 4397 1159 4453 elocutione
1197 4395 1516 4449 tractabitur
1560 4392 1716 4465 [Ms.,
1748 4389 2055 4464 tractatur].
2108 4392 2184 4446 De

599 4505 782 4548 rerum
828 4504 959 4543 vero
987 4488 1336 4556 dispositione
1359 4527 1374 4551 ,
1421 4500 1517 4556 per
1547 4484 1753 4556 singula
1790 4485 2032 4539 membra
2059 4498 2184 4539 ora-
2212 4477 2258 4538 ί)

602 4584 784 4648 tionis,
817 4581 870 4636 in
893 4579 1218 4636 inventionis
1244 4577 1527 4648 praeceptis
1552 4577 1809 4631 traditum
1837 4584 1940 4631 est.

1088 4689 1180 4745 DE
1224 4686 1681 4745 ELOCUTIONE.

670 4808 806 4864 (ΖΑΒ.
847 4805 965 4861 Jam
1011 4820 1156 4861 nunc
1202 4819 1301 4858 nos
1325 4803 1458 4857 ordo
1500 4801 1883 4870 disputationis
1912 4801 1980 4855 ad
2010 4801 2182 4855 elocu-

603 4901 759 4956 tionis
799 4899 1020 4956 deduxit
1063 4896 1464 4966 inquisitionem
1489 4935 1504 4960 ,
1547 4909 1667 4963 qua:
1716 4908 1965 4962 magnam
2004 4907 2184 4947 causa:

601 4993 762 5048 affert
781 4999 1120 5046 venustatem
1163 4995 1218 5041 et
1250 4987 1455 5040 rhetori
1501 4986 1836 5056 dignitatem.
1897 4985 2010 5040 Nec
2036 4992 2088 5039 te
2117 4985 2186 5038 ab

603 5085 766 5156 huius
790 5092 902 5137 tam
932 5080 1090 5135 facile
1119 5092 1346 5134 excusas
1374 5078 1668 5148 responsis,
1692 5092 1853 5146 quam
1883 5075 2013 5148 [Al.,
2042 5073 2184 5148 qum]

606 5193 672 5233 ex
704 5173 1072 5245 dispositionis
1112 5171 1397 5240 praeceptis
1425 5170 1522 5244 [te]
1563 5169 1774 5224 eruisti.
1804 5199 1876 5208 —-
1906 5168 2036 5223 ALB.
2068 5166 2188 5221 Non

608 5263 742 5338 [me]
768 5277 966 5318 excuso
990 5301 1006 5328 ,
1047 5261 1141 5315 sed
1166 5268 1286 5313 tuas
1310 5299 1325 5324 ,
1368 5260 1582 5315 domine
1617 5260 1690 5312 mi
1720 5274 1812 5313 rex
1835 5299 1850 5323 _..
1881 5258 2008 5312 licet
2037 5258 2189 5313 tardo

607 5358 763 5428 pede,
793 5372 900 5411 non
927 5364 1110 5409 tamen
1136 5353 1297 5423 327
1344 5354 1493 5407 tarda
1523 5352 1796 5407 voluntate
1815 5393 1829 5416 ,
1886 5367 2083 5421 sequar
2109 5353 2189 5406 in—

609 5447 1019 5517 terrogationes.
1057 5474 1131 5484 —
1171 5443 1308 5497 (ΖΑΒ.
1360 5442 1571 5508 Primo,
1619 5441 1794 5511 qualis
1840 5457 1960 5498 esse
2000 5443 2194 5498 debeat

607 5539 851 5600 elocutio,
878 5535 1046 5606 aperi.
1077 5533 1296 5587 —-Ar.n.
1342 5533 1593 5588 Facunda
1618 5532 1777 5587 debet
1816 5548 1936 5587 esse
1962 5542 2016 5588 et
2038 5550 2192 5604 aper-

610 5641 685 5685 ta.
715 5659 783 5667 —-
803 5628 937 5682 (ΖΑΒ.
971 5626 1250 5693 Quomodo
1293 5624 1605 5694 aperta?——
1633 5623 1763 5678 Atti.
1817 5623 2019 5693 Aperta
2062 5626 2189 5690 erit,

607 5722 655 5777 si
681 5721 851 5777 utaris
887 5718 1314 5791 significantibus
1342 5718 1646 5788 ctpropriis
1666 5717 1864 5783 verbis,
1899 5726 1955 5772 et
1979 5719 2192 5774 usitatis

2281 3206 2384 3278 pize
2413 3204 2546 3278 [Al.,
2577 3205 2756 3275 inopia
2787 3203 2865 3277 et]
2910 3218 3111 3270 causa,
3158 3203 3354 3260 deinde
3398 3203 3743 3274 frequentata
3783 3215 3871 3261 est

2279 3297 2641 3354 delectatione
2663 3306 2719 3352 et
2738 3307 2954 3354 ornatu.
2989 3295 3126 3352 Nam
3146 3313 3408 3367 gemmare
3429 3301 3581 3363 uites,
3601 3297 3872 3354 luxuriari

2279 3406 2522 3455 messem,
2551 3391 2810 3459 ﬂuctuare
2837 3400 3031 3460 segetes
3058 3390 3224 3445 etiam
3255 3389 3446 3446 rustici
3473 3390 3693 3455 dicunt;
3724 3390 3874 3461 quod

2279 3481 2424 3535 enim
2452 3463 2720 3536 declarari
2747 3480 2835 3533 vix
2863 3489 3042 3549 potest
3068 3480 3235 3536 verbo
3258 3481 3498 3550 proprio,
3525 3479 3580 3535 id
3605 3481 3874 3537 translato

2282 3573 2601 3627 illustratur.
2636 3571 2711 3626 Ea
2738 3580 2918 3626 tamen
2947 3572 3235 3626 transferri
3259 3579 3494 3641 oportet,
3521 3587 3643 3642 qum.
3663 3572 3876 3629 faciunt

2281 3678 2396 3718 rem
2437 3662 2759 3729 clariorem;
2813 3673 2873 3717 ut
2921 3672 3052 3719 est:
3105 3665 3360 3719 horrescit
3404 3682 3549 3718 mare
3600 3664 3674 3736 [et
3713 3666 3873 3736 feruet

2281 3765 2415 3809 aestu
2441 3754 2705 3827 pelagus].
2753 3753 3151 3826 Nonnunquam
3179 3757 3345 3812 etiam
3374 3756 3614 3813 brevitas
3639 3759 3873 3815 transla-

2285 3851 2430 3904 tione
2459 3848 2762 3912 conficitur,
2811 3859 2889 3916 ut,
2920 3850 3082 3904 telum
3109 3867 3269 3905 manu
3299 3851 3468 3922 fugit;
3505 3851 3871 3923 imprudentia

2281 3943 2429 3996 enim
2453 3940 2545 3995 teli
2568 3941 2720 3995 missi
2763 3941 3000 4011 propriis
3025 3941 3210 3998 verbis
3236 3943 3468 4012 exprimi
3497 3943 3722 4000 brevius
3762 3961 3871 4000 non

2283 4043 2496 4107 posset;
2545 4040 2600 4089 et
2639 4034 2898 4104 quoniam
2927 4050 3138 4089 summa
3167 4036 3282 4090 haec
3321 4036 3437 4091 laus
3470 4043 3556 4091 est
3581 4037 3870 4092 verborum

2284 4127 2694 4192 translatorum,
2724 4134 2782 4180 ut
2807 4141 3024 4181 sensum
3052 4126 3299 4197 aperiant
3322 4125 3504 4200 [Mss.,
3524 4128 3677 4184 verbi
3701 4137 3871 4184 trans-

2285 4217 2379 4271 lati
2495 4215 2724 4288 aperiat]

2357 4331 2488 4386 (ΖΑΒ.
2519 4330 2600 4385 Λη
2626 4332 2986 4401 undecunque
3018 4331 3146 4388 licet
3179 4333 3379 4389 ducere
3416 4336 3821 4393 translationem
3841 4337 3867 4391 ἲ

2284 4453 2356 4464 -
2375 4424 2507 4478 ΑιΒ.
2547 4423 2919 4493 Nequaquam,
2952 4426 3046 4481 sed
3077 4435 3288 4482 tantum
3319 4428 3384 4483 de
3411 4431 3655 4486 honestis
3686 4431 3867 4486 rebus.

2287 4513 2423 4568 Nam
2453 4530 2794 4585 summopere
2837 4514 3088 4586 fugienda
3133 4528 3216 4574 est
3254 4521 3433 4576 omnis
3478 4525 3755 4593 turpitudo
3780 4539 3871 4581 ea-

2289 4623 2408 4661 rum
2453 4623 2666 4671 rerum,
2715 4609 2782 4662 ad
2825 4624 2962 4678 quas
3003 4625 3193 4665 eorum
3237 4613 3448 4668 animos
3496 4616 3590 4685 qui
3646 4618 3869 4676 audiunt

2288 4701 2469 4755 trahet
2513 4701 2844 4767 similitudo;
2896 4711 2956 4756 ut
2996 4702 3200 4758 dictum
3242 4713 3365 4760 est:
3417 4705 3589 4760 Morte
3630 4707 3872 4780 Africani

2287 4806 2573 4849 castratam
2611 4799 2981 4868 rempublicam
3012 4809 3068 4854 et
3097 4812 3293 4858 stercus
3322 4807 3504 4860 curiae.
3551 4805 3608 4861 In
3641 4815 3870 4876 utroque

2290 4885 2547 4942 deformis
2573 4889 2830 4957 cogitatio
2858 4891 3247 4948 similitudinis.
3295 4895 3430 4950 Item
3468 4913 3573 4952 non
3603 4899 3675 4952 sit
3699 4899 3870 4968 major

2291 4978 2571 5033 translatio
2598 4994 2762 5048 quam
2789 4995 2876 5035 res
2901 4983 3160 5053 postulet,
3187 4993 3267 5052 ut,
3298 4995 3576 5058 tempestas
3603 4989 3730 5042 litis.
3766 4991 3873 5044 Aut

2290 5079 2479 5125 contra
2509 5073 2705 5138 minor,
2739 5082 2800 5126 ut
2825 5092 2837 5127 :
2872 5074 2988 5147 [aer
3015 5077 3212 5150 tonat],
3250 5095 3348 5135 ceu
3379 5092 3558 5152 aperto
3585 5099 3716 5136 nare
3744 5084 3867 5137 dor-

2292 5164 2453 5217 miens
2481 5167 2670 5219 stertit.
2705 5166 2799 5220 Est
2828 5182 3042 5238 quoque
3071 5172 3298 5240 pulchra
3333 5173 3618 5231 translatio
3643 5190 3742 5246 per
3768 5191 3870 5230 me-

2291 5255 2613 5323 tonymiam,
2659 5271 2782 5310 cum
2826 5273 2913 5312 res
2954 5275 3053 5328 per
3078 5270 3356 5317 auctorem
3395 5264 3474 5318 rei
3513 5264 3864 5335 signiﬁcatur,

2292 5355 2374 5412 ut,
2420 5363 2519 5417 pm
2561 5347 2702 5403 bello
2743 5348 2990 5418 Martem,
3039 5369 3138 5423 pro
3183 5353 3427 5426 frugibus
3456 5355 3716 5411 Cererem.
3767 5356 3871 5412 Aut

2291 5458 2415 5498 cum
2445 5445 2673 5501 virtutes
2701 5455 2757 5500 et
2785 5448 2915 5501 vitia
2948 5463 3047 5518 pro
3074 5449 3229 5520 ipsis,
3276 5452 3330 5505 in
3357 5453 3554 5521 quibus
3579 5460 3735 5515 sunt,
3778 5466 3868 5522 ap-

2293 5537 2572 5608 pellamus,
2605 5548 2700 5594 ut:
2735 5538 2803 5593 In
2827 5557 2986 5611 quam
3015 5543 3227 5597 domum
3260 5542 3495 5600 luxuries
3523 5547 3751 5616 irrupit,
3781 5557 3868 5599 aut

2292 5633 2516 5686 avaritia
2562 5636 2868 5702 penetravit.
2922 5635 3018 5690 Est
3061 5645 3119 5691 et
3164 5638 3539 5707 synecdocltica
3587 5639 3869 5693 translatio

2295 5723 2541 5794 pulchra,
2572 5741 2694 5781 cum
2723 5740 2788 5781 ex
2817 5736 2970 5798 parte
3004 5736 3176 5785 totum
3206 5737 3299 5784 aut
3327 5746 3393 5785 cx
3423 5739 3537 5788 toto
3563 5739 3772 5800 partem
3803 5730 3869 5785 si-
