4090 6526
261 403 369 461 9H

1086 404 1566 462 DIDASCAUCA.
1608 437 1676 446 -α
1720 403 1995 460 υιΑωο.
2037 404 2125 461 DE
2152 404 2362 462 RHET.
2404 404 2492 462 ET
2534 403 2714 461 Vili].

3441 399 3548 459 943

259 516 611 591 gniﬁcamus,
654 528 716 574 ut
756 534 858 592 pro
898 525 1009 574 tota
1046 519 1207 574 domo
1245 529 1436 575 lectum
1472 520 1737 583 dicamus,
1766 528 1862 573 aut
1887 521 1939 579 Α
1968 526 2167 585 motus,
2193 534 2315 590 quae
2341 535 2450 575 non
2481 528 2593 574 tam
2620 518 2755 573 artis
2784 526 2930 583 sunt,
2960 533 3122 588 quam
3148 517 3367 575 laboris.
3406 520 3549 575 Vitia

258 623 367 680 pro
394 610 555 665 undis
579 626 746 664 mare.

334 697 473 755 Clin.
505 698 693 769 Qualis
726 707 943 771 oportet
978 699 1051 755 sit
1085 699 1381 756 verborum
1414 700 1767 770 conjunctio?
1788 730 1859 741 -—

259 788 402 848 Au.
419 787 629 846 Decens
642 799 697 845 et
709 791 1009 863 composita
1025 798 1081 847 et
1094 799 1378 862 compacta
1396 810 1411 859 ;
1431 801 1607 847 utnec
1628 792 1699 849 sit
1719 792 1860 846 hiul-

259 898 331 940 ca
344 882 647 949 vocalibus,
660 890 722 938 ut
737 900 750 937 :
768 882 993 939 Placide
1008 901 1141 939 aura
1157 886 1325 940 adest.
1342 885 1452 941 Nec
1468 900 1659 957 aspera
1674 900 1864 941 conso-

264 968 549 1035 nantibus,
566 977 628 1023 ut
645 987 658 1023 :
683 969 911 1024 Multum
930 970 1020 1025 ille
1039 970 1201 1041 luget.
1219 969 1332 1025 Nec
1354 973 1423 1026 ab
1442 972 1634 1027 ultima
1652 972 1860 1044 syllaba

265 1060 473 1131 prioris
498 1060 651 1118 verbi
681 1076 917 1132 sequens
949 1063 1179 1119 verbum
1218 1062 1445 1132 incipiat
1464 1102 1480 1127 ,
1528 1071 1627 1118 ut:
1673 1062 1862 1119 Prima

264 1160 458 1206 mater.
474 1150 587 1208 Nec
608 1152 783 1223 prima
800 1168 923 1208 cum
937 1152 1125 1209 ultima
1141 1152 1305 1209 faciat
1320 1153 1754 1222 obsctnnitatem,
1769 1164 1830 1209 ut
1845 1172 1858 1209 :

270 1241 574 1297 Numerum
600 1260 870 1315 nunquam
894 1243 1149 1299 intellexi.
1176 1244 1489 1301 Cavendum
1516 1260 1732 1316 quoque
1755 1254 1861 1314 est,

267 1348 343 1390 ne
381 1334 563 1390 inania
598 1336 766 1391 verba
803 1350 910 1390 non
956 1336 1035 1391 rei
1076 1337 1328 1408 gerendae
1367 1336 1544 1409 [Mss.,
1577 1338 1859 1411 agendae],

250 1427 363 1483 sed
392 1434 685 1483 structurae
724 1428 1099 1483 tantummodo
1140 1428 1427 1498 implenda:
1471 1444 1634 1485 causa
1674 1430 1860 1501 profe-

261 1523 480 1571 rantur.
509 1516 577 1570 Et
601 1525 664 1571 ut
689 1516 757 1571 ad
786 1532 1061 1573 summum
1088 1519 1329 1586 veniam,
1360 1520 1503 1574 sicut
1529 1520 1864 1590 reliquarum

265 1622 455 1663 rerum
481 1606 893 1665 fundamentum
916 1617 1003 1665 est
1025 1610 1313 1680 sapientia,
1344 1611 1418 1665 ita
1444 1617 1500 1666 et
1528 1613 1584 1668 in
1610 1612 1865 1684 eloquen-

261 1698 343 1754 tia
370 1714 607 1769 quoque.
641 1700 714 1756 Ut
748 1701 895 1756 enim
924 1702 979 1757 in
1006 1702 1141 1768 vita,
1171 1702 1248 1758 ita
1280 1711 1338 1758 et
1372 1703 1428 1757 in
1453 1705 1703 1760 oratione
1728 1706 1862 1760 nihil

260 1789 472 1845 clarius
493 1788 646 1863 [est],
668 1805 833 1860 quam
853 1792 1035 1846 omnia
1055 1794 1334 1863 sapienter
1352 1792 1491 1849 ﬁen’.
1523 1794 1863 1866 Quapropter

1960 624 2198 679 quoque,
2229 610 2274 666 si
2303 625 2423 680 quae
2448 608 2633 683 [Mss.,
2661 608 2789 680 qua]
2818 618 2976 672 sunt,
3007 609 3121 664 oris
3145 608 3386 679 diligenti
3412 624 3548 665 cura

1962 709 2091 757 sunt
2110 703 2463 758 emendanda.
2497 701 2609 757 Nec
2633 701 2797 756 verba
2820 702 2931 756 sint
2955 699 3135 754 inﬂata
3160 699 3245 754 vel
3273 698 3551 768 anhelata,

1961 792 2047 847 vel
2080 793 2136 847 in
2168 792 2417 849 faucibus
2446 792 2782 856 frendentia,
2821 806 2925 846 nec
2953 791 3066 846 oris
3095 791 3355 846 inanitate
3392 805 3548 847 reso-

1961 884 2168 951 nantia,
2200 900 2308 940 non
2337 898 2529 954 aspera
2558 883 2935 939 frondentibus
2961 882 3232 948 dentibus,
3257 897 3366 937 non
3392 882 3551 938 hian-

1960 972 2107 1027 tibus
2135 974 2300 1029 labris
2320 974 2553 1044 prolata,
2576 973 2671 1030 sed
2698 972 2927 1043 pressim
2954 980 3010 1028 et
3031 973 3371 1041 aequabiliter
3390 970 3548 1045 [Λίδη

1961 1064 2264 1139 aequaliter]
2305 1074 2360 1121 et
2399 1065 2595 1121 leniter
2635 1072 2691 1120 et
2730 1063 2877 1120 clare
2902 1066 3291 1134 pronuntiata,
3336 1071 3399 1117 ut
3436 1065 3551 1119 suis

1962 1174 2190 1229 qumque
2216 1159 2412 1213 litterae
2436 1158 2583 1214 sonis
2611 1156 2992 1221 enuncientur,
3032 1164 3090 1210 et
3125 1155 3553 1227 unumquodque

1961 1246 2185 1302 verbum
2213 1246 2455 1317 legitimo
2479 1253 2709 1301 accentu
2732 1244 3037 1311 decoretur,
3064 1256 3169 1299 nec
3192 1243 3552 1299 immoderato

1962 1336 2201 1394 clamore
2230 1338 2578 1404 vociferetur,
2607 1336 2693 1393 vel
2726 1336 3108 1415 ostentationis
3134 1352 3297 1392 causa
3326 1335 3549 1407 franga-

1964 1438 2056 1485 tur
2081 1430 2289 1495 oratio;
2333 1445 2524 1485 verum
2553 1445 2653 1501 pro
2678 1428 2827 1491 locis,
2859 1429 3046 1495 rebus,
3074 1429 3341 1499 personis,
3370 1430 3552 1485 causis

1962 1530 2020 1577 et
2041 1522 2378 1594 temporibus
2399 1522 2759 1593 dispensanda
2781 1531 2883 1578 est.
2914 1521 3053 1576 Nam
3077 1521 3181 1577 alia
3207 1523 3555 1593 simplicitate

1964 1613 2234 1669 narranda
2261 1621 2414 1680 sunt,
2455 1614 2563 1669 alia
2592 1613 2917 1670 auctoritate
2943 1614 3217 1668 suadenda
3236 1655 3250 1680 ,
3290 1614 3395 1668 alia
3423 1630 3553 1670 cum

1964 1706 2333 1779 indignatione
2355 1705 2741 1778 depromenda,
2766 1707 2872 1762 alia
2896 1706 3245 1763 miseratione
3266 1705 3552 1772 ﬂectenda,

1963 1808 2024 1854 ut
2048 1815 2264 1879 semper
2290 1815 2393 1856 vox
2428 1808 2483 1854 et
2516 1800 2692 1855 oratio
2720 1802 2832 1855 sum
2858 1815 3037 1856 causa:
3066 1800 3373 1856 conveniat.
3424 1799 3556 1855 Haec

261 1880 474 1936 oratori
501 1896 848 1952 summopere
884 1883 1291 1953 praevidendum
1318 1893 1433 1950 est,
1475 1887 1605 1957 quid
1635 1888 1736 1942 sibi
1769 1887 1861 1944 de-
1891 1874 1939 1934 Β
1967 1900 2019 1945 te
2044 1874 2317 1961 pracepta
2344 1892 2413 1948 ad
2439 1891 2896 1962 pronuntiationis
2924 1890 3140 1947 laude‘m
3169 1891 3466 1958 deducunt,
3495 1900 3552 1946 et

261 1978 414 2037 ceat,
443 1978 500 2026 et
526 1986 639 2028 sua:
666 1974 960 2029 conveniat
982 1989 1186 2040 causae,
1216 1990 1325 2030 non
1362 1977 1418 2030 in
1454 1979 1741 2034 sententiis
1774 1994 1863 2034 so-

258 2060 404 2128 lum,
430 2064 526 2119 sed
548 2063 716 2119 etiam
757 2064 815 2119 in
839 2065 1042 2121 verbis.
1091 2064 1209 2121 Non
1239 2069 1387 2123 enim
1412 2070 1595 2125 omnis
1622 2068 1861 2137 fortuna,

261 2169 377 2211 non
404 2155 585 2211 omnis
611 2156 807 2222 bonos,
844 2171 957 2212 non
986 2157 1167 2212 omnis
1190 2160 1507 2225 auctoritas,
1551 2175 1661 2217 non
1684 2163 1864 2219 omnis

258 2256 441 2315 aetas;
490 2263 597 2305 nec
639 2264 773 2305 vero
818 2249 993 2316 locus,
1042 2249 1181 2322 [aut]
1230 2259 1467 2322 tempus,
1517 2261 1613 2308 aut
1646 2254 1866 2309 auditor

258 2340 448 2407 omnis
474 2340 668 2396 eodem
704 2349 802 2398 aut
827 2343 1118 2399 verborum
1159 2357 1360 2414 genere
1401 2345 1718 2401 tractandus
1741 2354 1827 2401 est
1847 2386 1863 2413 ,

257 2437 365 2488 aut
381 2431 801 2498 sententiarum,
816 2447 1141 2504 semperque
1159 2433 1215 2489 in
1236 2436 1385 2490 omni
1404 2444 1559 2506 parte
1577 2438 1864 2505 orationis,
1923 2449 1939 2463 '

256 2528 331 2582 ιιι
352 2523 498 2592 νίιῖε,
525 2523 657 2595 quid
684 2524 898 2590 deceat,
920 2532 1002 2581 est
1027 2525 1507 2582 considerandum.

738 2620 906 2692 323
940 2620 1028 2676 DE
1065 2618 1403 2676 MEMORIA.

341 2713 479 2772 Cn.
507 2714 649 2783 Quid
679 2715 816 2771 dicis
836 2715 905 2770 de
935 2715 1298 2781 nobilissima,
1321 2725 1382 2771 ut
1402 2728 1552 2782 reor,
1576 2720 1868 2776 rhetorica

261 2816 447 2879 parte,
461 2808 716 2861 memoria
730 2806 837 2861 7——
853 2805 988 2862 ALs.
1002 2804 1144 2873 Quid
1161 2806 1333 2872 aliud,
1354 2822 1517 2878 quam
1542 2806 1698 2881 [Μαι.
1710 2852 1725 2875 ,
1737 2809 1867 2885 nisi]

264 2898 418 2967 quod
440 2897 655 2954 Marcus
665 2897 875 2953 Tullius
892 2898 1047 2964 dicit,
1062 2897 1210 2968 quod
1224 2898 1512 2956 thesaurus
1528 2907 1614 2955 est
1625 2904 1868 2959 omnium

267 3006 462 3047 rerum
476 2990 766 3057 memoria,
778 3006 901 3061 quae
920 2991 1027 3046 nisi
1047 3001 1233 3047 custos
1248 2993 1506 3065 cogitatis
1526 2995 1870 3066 inventisque

268 3083 440 3139 rebus
468 3088 524 3138 et
550 3081 735 3137 verbis
764 3081 1092 3137 adhibeatur
1116 3080 1250 3156 [Al.,
1280 3084 1684 3159 adhiberetur],
1710 3086 1869 3143 intel-

263 3173 492 3244 ligimus
515 3173 722 3240 omnia,
758 3174 975 3231 etiamsi
1001 3174 1262 3247 praeclara
1303 3175 1529 3243 fuerint,
1556 3178 1613 3232 in
1650 3188 1869 3237 oratore

268 3270 542 3338 peritura.

343 3358 480 3417 Cn.
515 3358 723 3415 Suntne
752 3359 933 3430 aliqua
971 3359 1092 3432 ejus
1128 3370 1434 3431 praecepta,
1476 3364 1751 3434 quomodo
1784 3365 1868 3419 vel

268 3450 364 3508 illa
391 3450 698 3506 adhibenda
718 3450 803 3506 vel
825 3451 1069 3521 augenda
1098 3452 1282 3507 sit?--
1304 3454 1436 3508 Aw.
1463 3452 1579 3507 Non
1607 3454 1869 3511 habemus

265 3540 392 3612 ejus
412 3539 521 3596 alia
545 3549 840 3612 praecepta,
867 3542 973 3597 nisi
1002 3542 1216 3599 dicendi
1240 3541 1397 3615 μίση
1416 3542 1687 3617 discendi]
1712 3560 1872 3603 exer-

269 3634 590 3690 citationem
641 3643 700 3690 et
748 3635 1024 3690 scribendi
1062 3650 1222 3691 usum
1246 3675 1263 3701 ,
1318 3644 1376 3691 et
1428 3637 1702 3708 cogitandi
1752 3647 1869 3694 stu-

271 3727 455 3791 dium;
495 3733 552 3781 et
575 3727 895 3781 ebrietatem
923 3727 1220 3782 cavendam
1240 3768 1254 3792 ,
1286 3742 1411 3797 qua:
1436 3728 1689 3783 omnibus
1714 3729 1872 3785 bonis

274 3817 470 3872 studiis
503 3825 665 3872 nocet
700 3817 972 3882 maxime;
1008 3831 1130 3887 quae
1156 3833 1265 3873 non
1294 3817 1472 3873 solum
1496 3821 1746 3889 corporis
1769 3835 1870 3876 au-

272 3907 386 3964 fert
408 3910 717 3975 sanitatem,
743 3910 839 3965 sed
858 3910 1025 3965 etiam
1054 3910 1255 3965 mentis
1278 3909 1435 3983 [Ma.,
1458 3911 1653 3986 menti]
1680 3912 1875 3968 adimit

274 4003 668 4074 integritatem.

346 4097 483 4154 Cas.
514 4096 804 4154 Sufﬁciunt
831 4098 950 4153 haec
971 4105 1242 4169 praecepta
1259 4138 1274 4163 ,
1305 4098 1352 4155 si
1381 4099 1506 4168 quis
1531 4098 1761 4156 idoneus
1785 4109 1876 4154 est

275 4189 345 4245 ad
384 4190 504 4248 haec
543 4190 839 4261 implenda.
895 4188 1068 4255 Nam,
1107 4196 1170 4243 ut
1195 4189 1380 4255 video,
1419 4197 1530 4244 tam
1557 4190 1725 4244 ardua
1749 4197 1877 4245 sunt

276 4301 460 4350 sensu,
475 4299 640 4355 quam
660 4298 781 4339 rara
798 4282 1211 4341 verbis—Au.
1228 4282 1406 4337 Etiam
1429 4282 1600 4338 ardua
1623 4290 1679 4338 et
1696 4282 1869 4337 utilia.

696 4394 789 4449 DE
826 4392 1458 4450 PRONUNTIATIONE.

347 4464 485 4524 ω.
532 4465 641 4522 Sed
682 4465 821 4521 ordo
862 4481 998 4521 mea:
1037 4466 1485 4536 interrogationis
1533 4465 1773 4537 postulat
1814 4474 1876 4520 ut

278 4566 373 4616 tua
411 4558 691 4629 responsio
732 4557 802 4612 ad
840 4557 1341 4639 pronuntiationem
1367 4558 1628 4628 procedat
1648 4599 1664 4623 ,
1708 4574 1872 4630 quam

276 4652 525 4725 quintam
562 4660 774 4722 partem
814 4652 951 4709 artis
990 4652 1281 4708 rhetorica:
1309 4648 1477 4723 [esse]
1506 4652 1563 4706 in
1604 4651 1874 4723 principio

275 4753 482 4802 nostrae
508 4744 892 4815 disputationis
922 4744 1145 4799 memini
1174 4751 1229 4799 te
1255 4744 1480 4812 dixisse,
1510 4744 1875 4813 magister.—

276 4836 413 4894 ALs.
460 4838 831 4893 Pronuntiatio
854 4846 944 4894 est
964 4839 1259 4894 verborum
1285 4836 1542 4908 dignitas,
1570 4839 1721 4895 vocis
1752 4854 1876 4895 sen-

279 4931 435 4989 sibus
460 4932 891 4988 accommodatio
911 4929 1046 5003 [Αι,,
1071 4929 1522 5003 accommodata],
1553 4939 1610 4985 et
1630 4930 1877 5001 corporis

279 5025 607 5084 moderatio.
653 5023 782 5080 Haec
808 5024 952 5079 enim
982 5025 1037 5078 in
1070 5032 1281 5080 tantum
1308 5024 1561 5089 excellit,
1606 5034 1667 5079 ut
1708 5026 1875 5080 etiam

281 5118 581 5173 secundum
621 5117 947 5171 sententiam
988 5115 1213 5171 maximi
1246 5115 1406 5171 Tullii
1446 5115 1661 5171 indocta
1694 5117 1874 5171 oratio

282 5210 497 5266 laudem
524 5206 753 5280 [tamen]
778 5216 1166 5277 consequatur,
1191 5207 1237 5262 si
1264 5207 1468 5277 optime
1493 5208 1877 5278 pronuntietur

284 5303 473 5378 [Hu.,
499 5299 849 5376 proferatur].
893 5299 963 5355 Et
985 5300 1332 5371 quantumvis
1357 5300 1620 5369 expolita,
1646 5300 1693 5355 si
1725 5298 1876 5353 inde-

282 5407 474 5453 center
491 5393 897 5465 pronuntietur,
930 5400 1301 5461 contemptnm
1325 5390 1743 5459 irrisionemque
1764 5405 1878 5445 me-

285 5497 461 5551 retur,
492 5485 596 5540 nisi
623 5484 763 5539 forte
785 5484 907 5549 tibi,
929 5485 1147 5538 domine
1176 5483 1249 5537 mi
1278 5496 1396 5547 rex,
1424 5480 1583 5536 aliter
1606 5482 1872 5537 videatur.

356 5580 493 5636 Clin.
535 5578 665 5633 Mihi
696 5592 1039 5647 nequaquam
1071 5576 1249 5630 aliter.
1308 5574 1417 5629 Sed
1460 5573 1623 5645 hujus
1662 5588 1880 5644 quoque

286 5675 460 5747 partis
487 5681 757 5744 praecepta
787 5670 1058 5740 sequenda
1089 5668 1173 5722 vel
1202 5667 1332 5721 vitia
1362 5667 1601 5722 cavenda
1630 5666 1790 5720 velim
1821 5674 1883 5719 ut

291 5767 498 5822 indices
522 5764 708 5839 [Mss.,
735 5762 934 5836 dicas].
961 5793 1033 5803 —-
1069 5762 1202 5816 Aut.
1234 5761 1419 5815 Primo
1445 5760 1688 5815 exerceri
1719 5760 1881 5814 debet

290 5859 443 5915 vocis
483 5868 540 5913 et
576 5858 804 5928 spiritus
845 5854 1171 5922 moderatio,
1216 5862 1293 5910 et.
1316 5852 1560 5922 corporis
1595 5858 1651 5906 et
1682 5850 1881 5921 linguae

1965 1983 2064 2039 tibi
2092 1984 2436 2041 honestatem
2476 1993 2533 2041 et
2574 1992 2679 2039 tua:
2706 1998 2886 2041 causa:
2912 1984 3075 2041 ﬁdem
3111 1983 3359 2040 efﬁciunt
3394 1983 3551 2057 [Δίκη

1961 2073 2249 2150 efficient].

2033 2165 2170 2224 ΟΑιι.
2200 2167 2339 2237 Quid
2368 2177 2453 2225 est
2481 2169 2626 2240 quod
2663 2168 2827 2238 paulo
2863 2176 2990 2224 ante
3028 2169 3277 2240 corporis
3306 2171 3556 2226 modera-

1963 2263 2171 2317 tionem
2202 2262 2389 2319 dixisti
2418 2275 2539 2318 esse
2566 2262 2963 2318 observandam
2983 2262 3097 2316 ‘l—
3118 2263 3251 2319 Ana.
3278 2262 3399 2317 Dixi
3426 2265 3557 2333 quia

1962 2353 2273 2409 necessarie
2298 2352 2700 2409 observandum
2730 2361 2848 2420 est,
2873 2361 2936 2406 ut
2964 2363 3113 2409 recta
3144 2353 3216 2409 sit
3245 2352 3443 2419 facies,
3487 2366 3559 2408 ne

1966 2443 2118 2498 labra
2146 2442 2594 2513 detorqueantur,
2624 2456 2694 2497 ne
2720 2442 3047 2497 immodicus
3074 2441 3258 2498 hiatus
3287 2441 3561 2497 distendat

1966 2534 2187 2599 rictum,
2206 2548 2278 2588 ne
2297 2531 2523 2602 supinus
2540 2530 2744 2596 vultus,
2766 2545 2836 2585 ne
2864 2528 3057 2598 dejecti
3085 2531 3141 2585 in
3163 2537 3368 2585 terram
3390 2529 3559 2594 oculi,

1967 2633 2038 2680 ne
2063 2622 2322 2678 inclinata
2347 2622 2561 2687 cervix,
2589 2635 2769 2692 neque
2791 2621 2935 2677 elata
2961 2630 3056 2677 aut
3080 2622 3338 2693 depressa
3364 2636 3561 2693 super-

1966 2717 2113 2773 cilia.
2137 2714 2415 2771 Inﬁnitum
2432 2716 2579 2771 enim
2602 2715 2658 2771 in
2681 2716 2769 2771 bis
2791 2729 3009 2786 quoque
3030 2716 3195 2771 rebus
3222 2724 3561 2770 momentum

1966 2817 2084 2875 est,
2124 2808 2254 2877 quia
2293 2806 2431 2862 nihil
2456 2808 2601 2878 quod
2629 2822 2736 2861 non
2772 2809 2956 2873 decet,
2998 2807 3219 2877 placere
3244 2815 3443 2876 potest.
3492 2805 3565 2861 Et

1966 2911 2029 2957 ut
2066 2902 2143 2956 ait
2179 2901 2249 2955 Μ.
2284 2900 2432 2967 Tul.,
2463 2900 2635 2970 Caput
2673 2901 2807 2955 artis
2844 2909 2923 2954 est
2964 2902 3146 2955 decere
3178 2899 3320 2971 quod
3368 2899 3561 2968 facias.

1969 2992 2145 3048 Labra
2174 2992 2415 3048 lambere
2440 2991 2525 3047 vel
2555 2991 2805 3047 mordere
2835 2989 3078 3046 deforme
3103 2999 3210 3055 est,
3244 3005 3366 3044 cum
3394 2991 3561 3045 etiam

1969 3083 2025 3138 in
2052 3081 2355 3139 efficiendis
2379 3082 2560 3138 verbis
2591 3082 2835 3137 modicus
2863 3097 2985 3137 esse
3013 3082 3205 3137 debeat
3228 3096 3417 3137 eorum
3448 3096 3567 3136 mo-

1972 3182 2082 3229 tus.
2109 3172 2218 3231 Ore
2241 3174 2388 3229 enim
2413 3173 2586 3245 magis
2612 3188 2776 3243 quam
2802 3172 2969 3229 labris
2993 3173 3320 3242 loquendum
3347 3182 3451 3225 est.

1892 3239 1941 3304 C
2038 3265 2176 3322 CAR.
2216 3265 2371 3330 Haec,
2403 3266 2717 3322 venerande
2745 3267 3027 3337 magister,
3063 3264 3300 3335 jucunda
3347 3281 3467 3320 esse
3509 3274 3567 3319 et

1969 3358 2198 3412 honesta
2225 3356 2425 3423 fateor,
2465 3356 2712 3427 mihique
2739 3358 2968 3413 multum
3000 3358 3287 3429 placabilis
3315 3376 3327 3411 :
3358 3359 3475 3423 sed,
3504 3368 3567 3411 ut

1969 3452 2126 3507 video
2170 3460 2226 3507 et
2269 3452 2545 3523 intelligo,
2586 3450 2771 3521 jugem
2805 3453 3253 3506 exercitationem
3299 3457 3355 3504 et
3387 3454 3567 3518 quoti-

1970 3545 2191 3602 dianum
2221 3561 2382 3601 usum
2411 3546 2687 3615 postulant
2708 3587 2722 3611 ,
2763 3555 2821 3600 et
2855 3547 2924 3600 ad
2960 3545 3175 3615 plenam
3215 3558 3566 3600 consumma-

1969 3640 2205 3704 tionem,
2248 3640 2351 3694 nisi
2385 3640 2640 3694 continua
2677 3639 3028 3695 meditatione
3058 3648 3109 3693 et
3142 3637 3367 3692 instanti
3406 3651 3569 3691 exer-

1967 3731 2250 3797 citatione,
2289 3744 2397 3785 non
2436 3737 2664 3801 possunt
2692 3731 3002 3800 pervenire,
3050 3730 3168 3784 sine
3211 3742 3319 3797 qua
3364 3728 3566 3782 nullam

1972 3827 2314 3898 disciplinam
2362 3842 2483 3882 esse
2531 3826 2793 3882 illustrem
2842 3833 2991 3895 puto.
3022 3854 3097 3864 —
3136 3821 3268 3878 ALB.
3320 3820 3400 3875 lta
3443 3828 3567 3885 est,

1971 3919 2189 3975 domine
2217 3920 2293 3975 mi
2326 3934 2447 3985 rex,
2477 3924 2538 3973 ut
2568 3916 2723 3972 dicis.
2768 3915 2905 3971 Nam
2935 3913 3256 3971 exercitatio
3290 3911 3567 3982 ingenium

1971 4018 2028 4065 et
2054 4019 2309 4066 naturam
2332 4025 2478 4081 saepe
2502 4009 2701 4073 vincit,
2747 4016 2801 4062 et
2838 4022 2970 4062 usus
2995 4006 3241 4062 omnium
3282 4003 3571 4074 magistro-

1974 4118 2095 4157 rum
2133 4109 2404 4172 prtecepta
2444 4100 2743 4171 superabit.
2789 4098 3159 4167 Quamobrem
3191 4096 3469 4161 inventio,
3513 4102 3573 4149 et

1975 4194 2275 4266 dispositio,
2314 4200 2371 4248 et
2400 4192 2655 4257 elocutio,
2693 4200 2749 4245 et
2789 4190 3051 4247 memoria
3097 4196 3155 4245 et
3194 4188 3571 4259 pronuntiatio

1974 4304 2075 4343 usu
2113 4288 2228 4343 acri
2264 4294 2319 4343 et
2357 4286 2749 4342 exercitatione
2784 4284 3144 4339 intentissima
3182 4282 3573 4339 convalescunt

1979 4378 2112 4452 [Αι.,
2145 4375 2604 4448 convalescente].
2649 4375 2871 4431 Naturae
2898 4374 3042 4431 enim
3069 4375 3241 4430 vicem
3264 4389 3405 4445 pene
3430 4372 3573 4429 obtio

1976 4479 2069 4526 net
2091 4468 2451 4527 consuetudo.
2479 4468 2616 4523 Nam
2642 4469 2697 4523 in
2722 4476 2841 4523 arte
2864 4467 3105 4537 qualibet
3128 4466 3424 4521 exercitata
3446 4479 3575 4521 con-

1977 4564 2206 4619 suetudo
2234 4560 2619 4618 conﬁdentiam
2646 4558 3121 4628 constantiamque
3150 4564 3425 4627 procreat,
3453 4558 3574 4613 sine

1976 4668 2082 4723 qua
2113 4652 2188 4708 nil
2216 4667 2309 4707 ars
2331 4650 2567 4721 proﬁcit.
2600 4650 2743 4717 Quid
2768 4649 2915 4707 enim
2950 4649 3156 4705 timidis
3180 4664 3333 4703 arma
3353 4649 3378 4701 ἲ
3412 4647 3572 4704 Amet

1977 4743 2191 4798 laudem
2214 4740 2464 4810 juvenis,
2507 4753 2874 4811 magnumque
2902 4740 3043 4794 sciat
3068 4753 3222 4804 esse,
3269 4738 3454 4793 multis
3490 4746 3573 4794 ta-

1977 4835 2262 4900 centibus,
2304 4833 2479 4889 solum
2520 4833 2719 4888 audiri.
2770 4831 2908 4887 Nam
2951 4832 3079 4888 licet
3118 4832 3234 4902 ipsa
3269 4832 3458 4888 vitium
3499 4833 3574 4889 sit

1979 4926 2227 4992 ambitio,
2256 4925 2574 4995 frequenter
2597 4930 2781 4978 tamen
2801 4921 2966 4993 329
2989 4937 3152 4977 causa
3178 4922 3441 4977 virtutum
3463 4930 3569 4978 est.

1980 5021 2166 5095 Discat
2191 5022 2259 5075 ab
2285 5017 2649 5074 adolescentia
2684 5030 2794 5071 non
2828 5014 3183 5070 reformidare
3219 5020 3347 5069 ante
3374 5013 3574 5070 multos

1980 5113 2149 5183 loqui,
2176 5121 2239 5166 ut
2267 5126 2392 5166 eum
2418 5124 2523 5165 nec
2546 5115 2726 5164 metus
2748 5105 3035 5181 [frangat],
3058 5121 3159 5161 nec
3181 5104 3326 5161 ultra
3352 5106 3572 5162 modum

1983 5208 2286 5263 reverentia
2334 5205 2574 5262 retardet
2597 5245 2613 5270 ,
2659 5209 2721 5258 ut
2759 5216 2885 5258 cum
2924 5200 3176 5257 omnibus
3218 5199 3454 5255 oratoris
3500 5198 3574 5255 sit

1982 5302 2177 5372 opibus
2198 5300 2515 5363 instructus,
2539 5295 2707 5352 animi
2728 5308 2944 5365 quoque
2963 5291 3280 5363 praestantia
3301 5299 3356 5349 et
3376 5290 3575 5349 ﬁducia

1983 5394 2096 5450 oris
2119 5392 2195 5446 illi
2221 5407 2327 5446 non
2351 5389 2509 5445 desit.

2036 5484 2188 5540 .Ctn.
2219 5483 2582 5552 Quapropter,
2622 5488 2688 5536 ut
2730 5479 2866 5535 mihi
2895 5478 3131 5545 videtur,
3163 5477 3270 5533 illis
3310 5476 3578 5535 sermoci-

1983 5575 2147 5630 nandi
2188 5574 2351 5637 ratio,
2386 5573 2481 5642 qui
2510 5572 2692 5629 causis
2719 5569 2972 5625 civilibus
2995 5576 3052 5623 et
3079 5568 3312 5639 negotiis
3352 5564 3579 5623 saculo—

1985 5668 2138 5721 ribus
2164 5666 2427 5720 interesse
2452 5661 2754 5717 mstimandi
2774 5669 2921 5724 sunt,
2944 5674 3071 5714 mox
3099 5673 3129 5713 a
3150 5658 3380 5727 pueritia
3404 5655 3578 5711 multo

1986 5761 2165 5816 studio
2187 5758 2434 5813 habenda
2456 5765 2559 5812 est.
2578 5756 2741 5811 Vocis
2761 5768 2975 5824 quoque
2991 5752 3068 5824 [et
3091 5748 3403 5820 verborum]
3417 5763 3576 5802 exer-

1989 5851 2196 5920 citatio,
2226 5857 2286 5905 ut
2307 5849 2374 5904 ab
2402 5847 2621 5904 ineunte
2643 5853 2805 5903 aetate
2844 5850 3141 5908 assuescat,
3183 5841 3331 5895 vocis
3375 5834 3570 5893 ﬁducia
