4090 6486
520 418 634 479 915

1357 408 1421 463 Β.
1461 407 1524 462 ιε’.
1567 405 1794 462 ALBINI
1837 401 1971 461 εει]
2009 401 2292 460 ALCUINI
2326 396 2616 459 OPERUI
2653 394 2837 455 PARS
2875 395 2988 453 VII.

3713 393 3828 453 9M»

523 541 580 586 et
600 528 888 585 verborum
910 524 1085 596 c0pia,
1106 531 1162 578 et
1188 520 1401 576 decenti
1423 519 1668 588 corporis
1693 525 1858 580 motu,
1895 523 1956 571 ut
1986 514 2108 569 sine
2136 523 2183 578 Α
2211 501 2596 570 intellexerunt
2636 510 2692 566 in
2741 517 2932 565 natura
2976 508 3237 572 humana,
3284 514 3340 561 et
3372 521 3587 564 summo
3638 509 3831 567 studio

525 617 816 674 formidine
843 613 1007 670 faciat
1035 613 1087 667 in
1116 610 1350 682 publicis
1377 609 1791 679 quaesuonibus,
1832 605 1976 676 quod
1994 619 2121 659 cum

522 708 917 769 consuetudine
943 707 1109 778 gessit
1152 705 1206 760 in
1240 703 1489 774 privatis.
1517 733 1588 742 -
1615 702 1749 755 Ara.
1776 699 1916 755 Vere
1965 694 2125 752 intel-

525 804 651 875 ligis
674 814 733 858 et
758 800 962 871 optime
983 796 1348 868 prosequeris.
1383 793 1518 847 Nam
1543 803 1602 846 ut
1629 793 1682 845 in
1712 790 1908 845 castris
1941 786 2121 852 miles,

527 900 608 954 sic
630 897 684 950 in
715 895 874 950 domo
899 899 1088 945 orator
1115 889 1276 944 debet
1305 887 1508 942 erudiri
1530 904 1544 950 ;
1565 895 1623 940 ut
1641 885 1784 954 quod
1803 883 1950 938 solus
1966 896 2124 938 exer-

529 995 740 1050 cuerat,
769 985 912 1038 inter
934 980 1133 1036 multos
1155 979 1334 1034 facere
1353 994 1420 1032 ne
1451 976 1635 1049 [."88.,
1661 975 1788 1046 non]
1813 972 2086 1028 formidet.

605 1079 739 1134 Gut.
778 1075 897 1130 Jam
926 1088 1140 1144 quoque
1171 1086 1396 1126 necesse
1420 1085 1543 1124 esse
1576 1069 1749 1132 video,
1781 1074 1841 1121 ut
1867 1064 2125 1121 domesti-

535 1186 634 1228 cus
664 1184 795 1223 usus
829 1180 1023 1222 cavere
1062 1164 1305 1231 incipiat,
1344 1160 1487 1232 quod
1521 1159 1769 1230 publicus
1829 1163 2128 1213 conventus

529 1262 820 1318 detrahere
848 1257 1040 1328 possit,
1081 1254 1191 1308 Nec
1225 1254 1370 1307 enim
1411 1252 1714 1306 inhonestis
1753 1249 1939 1307 verbis
1983 1250 2128 1304 inter

530 1370 658 1412 suos
678 1353 756 1408 uti
802 1351 983 1413 debet,
1022 1347 1115 1418 qui
1156 1347 1402 1402 honestis
1423 1346 1567 1400 inter
1588 1343 1796 1399 alienos
1817 1343 1963 1413 loqui
1986 1343 2128 1398 desi—

531 1447 706 1501 derat.
738 1443 875 1500 Cum
902 1441 1049 1496 enim
1076 1440 1128 1493 in
1152 1440 1299 1494 omni
1329 1449 1483 1508 parte
1503 1438 1630 1492 vitae
1651 1438 1906 1491 honestas
1932 1450 2129 1507 perne-

532 1536 772 1593 cessaria
798 1535 889 1597 sit,
914 1530 1152 1588 maxime
1181 1530 1234 1584 in
1264 1528 1626 1590 sermonibus,
1651 1529 1779 1598 quia
1805 1527 1919 1582 fere
1947 1527 2128 1597 cujus-

532 1643 640 1698 que
665 1641 847 1682 mores
872 1638 1052 1679 sermo
1078 1625 1295 1693 prohat,
1340 1623 1444 1678 nisi
1486 1622 1606 1687 tibi,
1653 1623 1930 1694 magister,
1972 1622 2130 1676 aliter

535 1714 1040 1772 videatur.—-Au.
1061 1713 1189 1769 Mihi
1217 1729 1349 1769 vero
1369 1713 1436 1768 de
1463 1713 1566 1768 hac
1597 1730 1655 1768 re
1681 1713 1757 1768 nil
1784 1712 1929 1768 aliud
1954 1712 2127 1769 videri

537 1819 749 1882 potest,
787 1823 850 1864 ac
879 1807 1002 1862 ideo
1030 1805 1506 1862 consuetudinaria
1532 1803 1986 1860 sermocinatione
2007 1819 2129 1859 ver-

2219 605 2524 664 coluerunt.
2555 633 2624 642 -—-
2649 601 2785 656 Cn.
2826 599 2966 668 Quid
3010 610 3138 655 tunc
3186 601 3351 655 distat
3390 599 3534 656 inter
3575 600 3827 673 philoso-

2219 703 2390 775 phum
2418 699 2584 756 talem
2625 707 2682 753 et
2725 696 3097 754 Christianum
3118 698 3143 750 ’ἔ
3165 727 3234 734 -
3262 696 3392 752 ALn.
3443 694 3608 753 Fides
3644 703 3703 753 et
3727 696 3830 753 bl-

2222 794 2444 867 ptisma.

2293 885 2428 942 Cn.
2458 885 2802 956 Prosequere
2848 893 3030 939 tamen
3057 882 3462 955 philosophicas
3483 880 3836 939 definitiones

2222 979 2292 1036 de
2314 978 2646 1044 virtutibus;
2679 985 2735 1031 et
2775 977 3010 1047 primum
3057 977 3162 1038 dic,
3193 975 3325 1046 quid
3356 975 3428 1032 sit
3457 976 3572 1046 ipsa
3608 974 3782 1030 virtus
3805 974 3835 1027 ?

2222 1100 2292 1112 —-
2321 1072 2453 1127 Atti.
2487 1071 2672 1125 Virtus
2692 1081 2779 1126 est
2807 1071 2972 1126 animi
2991 1069 3231 1133 habitus,
3257 1079 3462 1124 natur-.e
3488 1071 3674 1135 decus,
3699 1069 3835 1125 vitta

2225 1167 2387 1231 ratio,
2414 1181 2629 1220 morum
2660 1164 2928 1220 nobilitas.
2959 1193 3030 1204 —
3055 1161 3190 1218 Cm.
3221 1162 3366 1231 Quot
3409 1164 3573 1218 habet
3595 1171 3782 1234 partes
3806 1162 3835 1216 ?

2223 1287 2298 1299 —
2320 1257 2454 1313 Au.
2485 1255 2767 1326 Quatuor:
2797 1255 3166 1327 prudentiam,
3213 1251 3508 1322 justitiam,
3555 1253 3835 1310 fortitudi-

2227 1369 2377 1420 nem,
2429 1353 2865 1422 temperantiam.
2905 1381 2978 1391 —
3002 1349 3138 1406 CAR.
3188 1349 3322 1418 Qua:
3364 1357 3449 1405 est
3495 1351 3775 1420 prudentia
3807 1350 3837 1403 ν

2225 1474 2298 1486 -
2317 1442 2449 1499 Ann.
2481 1444 2685 1497 Rerum
2710 1450 2768 1497 et
2785 1448 3107 1496 naturarum
3133 1441 3384 1496 scicntia.
3421 1471 3492 1480 —
3515 1438 3651 1496 Cn.
3683 1439 3838 1507 Quot

2229 1534 2393 1591 habet
2416 1542 2601 1604 partes
2623 1533 2647 1585 ?
2667 1562 2740 1572 —-
2766 1532 2898 1588 Au.
2932 1531 3107 1588 Tres:
3139 1533 3485 1598 memoriam,
3517 1530 3832 1601 intelligen-

2232 1627 2384 1691 tiam,
2426 1623 2842 1695 providentiam.
2869 1653 2942 1664 —-
2965 1623 3101 1680 Cui.
3146 1622 3352 1680 Harum
3391 1638 3607 1696 quoque
3641 1621 3840 1679 delini-

2233 1722 2408 1778 tiones
2433 1720 2620 1776 dicito.
2649 1749 2721 1762 --
2747 1719 2881 1776 Aut.
2922 1719 3183 1777 Nemoria
3222 1728 3328 1784 est,
3371 1734 3472 1791 per
3511 1733 3675 1790 quam
3717 1718 3838 1773 ani-

2230 1830 2355 1871 mus
2377 1815 2576 1888 repetit
2600 1814 2687 1870 illa
2713 1829 2836 1885 qua;
2860 1811 3101 1869 fuerunt.
3129 1812 3510 1885 lntelligentia,
3542 1825 3639 1882 per
3667 1824 3838 1882 quam

538 1904 606 1958 ba
636 1903 749 1959 sint
774 1901 934 1964 lecta,
963 1901 1210 1961 honesta,
1239 1897 1438 1962 lucida,
1486 1897 1775 1968 simplicia,
1816 1897 1976 1968 plano
2012 1911 2129 1963 ore,
2161 1885 2210 1948 Β
2234 1922 2300 1962 ea
2347 1885 2611 1979 μιξερίείι
2635 1920 2755 1975 qua;
2783 1913 2927 1961 sum,
2959 1903 3329 1969 pmvidenua,
3366 1919 3465 1974 per
3497 1916 3662 1974 quam
3689 1900 3841 1957 tum.

534 1993 685 2050 vultu
712 1992 920 2062 quieto,
966 1990 1102 2046 facie
1129 1988 1453 2059 composita.
1500 1991 1617 2044 sine
1658 1989 2015 2044 immoderato
2038 2003 2132 2044 ca—

532 2087 756 2150 chinno,
799 2085 1037 2142 clamore
1087 2081 1233 2136 nullo
1278 2080 1506 2151 prolata.
1559 2080 1694 2135 Nam
1734 2079 1910 2137 bonus
1939 2079 2133 2136 modus

533 2179 698 2236 estin
747 2175 1038 2247 loquendo,
1070 2183 1324 2245 tanquam
1353 2173 1406 2227 in
1455 2172 1804 2238 ambulando,
1833 2172 2135 2229 clementer

541 2273 648 2337 ire,
699 2271 819 2327 sine
863 2269 1025 2332 saltu,
1059 2267 1173 2323 sine
1219 2283 1394 2329 mora,
1426 2274 1693 2336 quatenus
1739 2267 1922 2322 omnia
1968 2266 2134 2322 medii

537 2362 926 2419 moderaminis
955 2359 1309 2431 temperantia
1354 2358 1615 2432 fulgeant,
1659 2373 1782 2430 quae
1808 2369 1892 2415 est
1932 2374 2038 2414 una
2066 2358 2134 2415 de

539 2463 776 2527 quatuor
817 2451 1130 2516 virtutibus,
1173 2452 1239 2507 de
1267 2451 1466 2522 quibus
1500 2459 1714 2507 caetera
1743 2459 2001 2521 tanquam
2047 2466 2167 2505 ra--

537 2545 752 2600 dicibus
775 2543 1077 2614 procedunt
1106 2541 1358 2607 virtutes,
1391 2543 1445 2596 in
1475 2542 1673 2611 quibus
1697 2549 1781 2597 est
1817 2542 2012 2596 animae
2036 2557 2137 2598 no-

539 2638 745 2705 bilitas,
771 2638 897 2694 vita:
936 2636 1191 2708 dignitas,
1223 2651 1436 2693 morum
1460 2636 1721 2692 honestas
1748 2643 1804 2690 et
1829 2632 1948 2689 laus
1972 2634 2136 2690 disci-

540 2732 719 2803 plinas.

617 2825 752 2882 Cui.
782 2824 1027 2897 Intelligo
1077 2823 1344 2881 comicum
1376 2822 1558 2897 [Hss.,
1584 2820 2041 2895 pbilosophicum]
2073 2821 2136 2877 il-

539 2917 634 2975 lud
656 2919 1002 2988 proverbium
1032 2933 1140 2972 non
1164 2916 1341 2970 solum
1383 2916 1435 2969 in
1467 2915 1731 2980 moribus,
1761 2916 1856 2970 sed
1885 2914 2049 2970 etiam
2080 2913 2136 2969 in

540 3013 726 3069 verbis
746 3026 866 3068 esse
894 3012 1283 3067 necessarium.
1307 3038 1380 3054 --
1401 3010 1534 3065 Aut.
1566 3010 1850 3078 Quodnam
1871 3012 1892 3066 ’Β
1912 3042 1984 3053 -
1998 3010 2131 3068 Cn.

548 3105 634 3160 Ne
660 3103 784 3175 quid
813 3104 989 3158 nimis.

1054 3195 1142 3250 DE
1178 3194 1616 3252 VIRTIITIBUS.

611 3288 740 3344 Aen.
773 3286 888 3352 Est,
914 3295 973 3340 et
998 3301 1126 3342 vere
1146 3295 1232 3341 est
1258 3287 1313 3341 in
1338 3289 1486 3342 omni
1509 3303 1567 3342 re
1590 3289 1984 3357 necessarium,
2006 3290 2133 3359 quia
2158 3258 2207 3320 δ

541 3378 801 3451 quidquid
829 3377 1048 3431 modum
1087 3376 1321 3442 excedit,
1348 3377 1403 3431 in
1427 3379 1561 3433 vitio
1590 3389 1693 3434 est.
1741 3379 1868 3434 ldeo
1905 3380 2138 3436 virtutes

541 3473 599 3527 in
630 3469 807 3525 medio
836 3469 1023 3538 posita:
1052 3474 1199 3533 sunt,
1229 3466 1295 3523 de
1321 3468 1518 3538 quibus
1545 3477 1651 3524 uite
1688 3469 2015 3526 venerandae
2041 3486 2137 3524 au-

540 3560 782 3618 ctoritati
806 3559 960 3629 plura
987 3557 1170 3612 dicere
1210 3558 1528 3626 potuissem,
1555 3559 1602 3615 si
1627 3559 1922 3630 disputatio
1948 3567 2134 3615 nostra

540 3653 609 3707 ad
639 3651 802 3705 linem
829 3664 937 3703 non
965 3647 1284 3716 festinaret;
1317 3658 1373 3704 et
1397 3650 1441 3704 si
1473 3665 1578 3704 non
1617 3650 1946 3720 superﬂuum
1987 3653 2142 3707 vide-

541 3752 696 3800 retur
725 3751 902 3797 tecum
932 3740 999 3795 de
1019 3740 1311 3795 virtutibus
1336 3755 1517 3812 agere,
1544 3757 1706 3812 quem
1733 3744 1997 3798 virtutum
2026 3758 2135 3798 non

541 3844 753 3890 tantum
784 3833 1030 3898 scientia,
1059 3831 1156 3889 sed
1184 3831 1349 3888 etiam
1377 3841 1544 3888 ornat
1573 3832 1881 3890 ellicientia.

611 3928 747 3982 Cas.
781 3923 899 3980 Non
928 3933 1109 3979 tamen
1139 3933 1210 3990 te,
1236 3927 1514 3996 magister,
1563 3927 1716 3994 prius
1744 3928 2016 3983 dimittam
2046 3942 2139 3984 ca-

543 4017 750 4073 lamum
779 4015 1145 4085 responsionis
1174 4015 1447 4081 claudere,
1478 4031 1639 4087 quam
1675 4018 1808 4073 mihi
1837 4021 2055 4075 nomina
2081 4029 2138 4075 et

542 4120 730 4184 partes
753 4119 989 4179 quatuor
1015 4111 1278 4164 virtutum
1307 4125 1566 4179 exponas,
1596 4125 1732 4180 quas
1770 4111 1982 4169 radices
2004 4111 2140 4167 alia-

545 4220 666 4259 rum
694 4217 814 4260 esse
851 4203 1114 4257 virtutum
1141 4202 1344 4258 dixisti.
1373 4201 1542 4256 Paulo
1565 4211 1690 4257 ante
1723 4202 1865 4257 inter
1885 4219 1986 4260 nos
2006 4220 2139 4261 con-

540 4301 702 4365 stitit,
765 4297 1238 4356 sermocinationis
1289 4299 1734 4352 exercitationem
1780 4311 1902 4352 esse
1947 4312 2139 4354 neces»

541 4391 762 4447 sariam.
797 4391 853 4445 ln
889 4406 995 4460 quo
1025 4391 1217 4445 melius
1259 4400 1343 4445 est
1373 4390 1682 4445 habendum
1728 4391 1998 4447 sermonis
2024 4399 2140 4446 stu-

541 4482 711 4546 dium,
742 4497 905 4551 quam
937 4482 991 4535 in
1012 4482 1276 4536 virtutum
1319 4482 1663 4545 excellentia,
1695 4498 1815 4551 quae
1857 4483 2133 4554 utrinque,

541 4583 598 4628 et
625 4574 987 4629 scribentibus
1011 4582 1066 4628 et
1092 4573 1395 4644 legentibus
1415 4575 1642 4629 multum
1671 4576 1929 4645 prodesse
1957 4574 2136 4629 valet?

543 4696 618 4708 —-
642 4667 773 4722 Aen.
803 4666 1056 4731 Prodest,
1089 4679 1149 4720 ut
1175 4667 1333 4732 dicis,
1361 4667 1578 4721 domine
1616 4668 1688 4720 mi
1719 4682 1836 4732 rex,
1865 4667 1963 4722 sed
1992 4668 2137 4722 inter

543 4768 834 4828 utrumque
860 4771 1126 4816 eoarctor.
1179 4759 1315 4814 Nam
1364 4761 1640 4815 succincta
1684 4760 1924 4816 brevitas
1963 4777 2137 4833 pauca

541 4850 803 4921 postulat,
833 4860 889 4905 et
918 4867 1007 4905 res
1033 4850 1203 4906 ardua
1230 4849 1385 4920 plura
1409 4850 1705 4906 desiderat.

617 4942 754 4997 CAR.
781 4941 1044 5014 Tempora
1074 4955 1126 4996 te
1151 4943 1293 4997 inter
1315 4951 1628 5011 utrumque,
1650 4956 1718 4997 ne
1740 4952 1830 4996 aut
1856 4943 2140 5014 prolixitas

546 5035 849 5098 fastidium,
880 5043 971 5088 aut
1000 5034 1238 5088 brevitas
1262 5033 1620 5105 ignorantiam
1651 5044 1890 5105 generet.
1911 5034 2134 5091 —At.n.

545 5126 733 5184 Primo
761 5125 1036 5181 sciendum
1063 5134 1167 5188 est,
1200 5125 1342 5195 quod
1367 5125 1613 5194 quaedam
1640 5139 1730 5180 res
1757 5134 1866 5180 tam
1898 5126 2058 5182 clara:
2085 5137 2140 5182 et

551 5229 664 5273 tam
692 5216 900 5270 nobiles
933 5225 1078 5281 sunt,
1125 5229 1186 5269 ut
1233 5232 1339 5272 non
1383 5228 1608 5288 propter
1637 5219 1778 5274 aliud
1808 5220 2143 5277 emolumen-

551 5320 666 5367 tum
704 5309 1019 5379 expetendze
1059 5310 1189 5375 sint,
1221 5310 1314 5364 sed
1359 5321 1580 5380 propter
1609 5327 1762 5368 suam
1805 5313 2142 5370 solummodo

552 5402 875 5474 dignitatem
899 5403 1140 5456 amanda
1165 5409 1292 5456 sunt
1317 5411 1373 5456 et
1390 5404 1766 5472 exsequendas.

622 5495 756 5549 Cm.
809 5493 919 5548 llas
947 5493 1094 5563 ipsas
1136 5508 1222 5547 res
1271 5508 1599 5565 magnopere
1636 5497 1796 5552 velim
1849 5513 2143 5570 agnoscere

553 5585 736 5660 [Μει.
769 5584 1136 5659 cognoscere].
1155 5585 1370 5641 “Ana.
1407 5587 1497 5641 Eua
1526 5599 1652 5643 sunt
1670 5591 1864 5656 virtus,
1888 5594 2140 5660 scientia,

552 5680 775 5740 veritas,
800 5692 951 5733 amor
970 5679 1162 5732 bonus.
1182 5707 1250 5716 ——
1270 5676 1401 5734 CAR.
1421 5677 1671 5749 Nunquid
1698 5681 1850 5753 [non]
1877 5685 1976 5738 has
1994 5683 2147 5740 Chri—

553 5771 729 5823 suam
758 5769 944 5839 religio
968 5770 1209 5838 apprime
1233 5769 1452 5824 laudat?
1475 5800 1544 5810 —-
1562 5772 1695 5828 Anu.
1727 5773 1938 5829 Laudat
1964 5785 2017 5831 et
2047 5791 2142 5830 co-

554 5854 636 5910 lil-
659 5893 727 5902 --
751 5862 884 5918 Cu.
914 5863 1050 5928 Quid
1092 5865 1427 5936 philosophis
1471 5881 1594 5923 cum
1642 5867 1708 5924 iis
1731 5868 1752 5921 ?
1772 5898 1842 5909 —
1871 5869 2003 5925 Au.
2033 5867 2143 5927 Has

2233 2013 2357 2053 rum
2385 1997 2584 2068 aliquid
2613 1997 2965 2067 prmvidetur,
2993 2005 3290 2068 antequam
3319 1995 3436 2052 ﬁat.

2301 2089 2469 2162 330
2486 2087 2619 2144 Cn.
2633 2085 2868 2145 Iustitia:
2889 2090 3160 2146 rationem
3178 2105 3410 2163 expone.
3429 2091 3645 2149 —-Au.
3669 2089 3842 2146 laui—

2231 2183 2308 2238 tia
2330 2193 2415 2238 est
2440 2182 2659 2238 habitus
2679 2183 2848 2239 animi
2869 2184 3166 2254 unicuique
3183 2183 3264 2240 rei
3290 2185 3568 2257 propriam
3595 2185 3844 2240 tribuens

2233 2272 2576 2344 dignitatem.
2609 2271 2667 2327 lu
2713 2273 2819 2329 hac
2855 2273 3157 2332 divinitatis
3182 2273 3360 2331 alitus
3399 2284 3456 2330 et
3483 2272 3844 2331 humanitatis

2225 2363 2377 2438 jura,
2420 2373 2478 2421 et
2524 2366 2756 2437 aequitas
2805 2365 2972 2422 totius
3020 2366 3150 2422 vita:
3198 2376 3572 2422 conservatur.
3601 2365 3838 2422 -—Cn.

2233 2455 2368 2529 Ejus
2399 2471 2615 2528 quoque
2661 2464 2850 2529 partes
2887 2459 3087 2529 pande.
3114 2487 3188 2500 —
3211 2457 3345 2515 Au.
3394 2460 3599 2516 Partim
3637 2459 3727 2516 illa
3751 2465 3844 2516 est

2234 2565 2306 2606 ex
2325 2559 2533 2606 natura)
2550 2548 2694 2619 jure,
2722 2550 2926 2622 partim
2948 2566 3017 2607 ex
3042 2553 3454 2610 consuetudinis
3474 2568 3595 2611 usu.
3613 2584 3684 2596 -—
3697 2551 3837 2611 Cu.

2234 2640 2517 2710 Quomodo
2559 2659 2630 2698 ex
2660 2652 2872 2700 nawrm
2913 2642 3039 2712 jure
3059 2645 3085 2698 τ’
3105 2675 3179 2686 -—
3204 2644 3340 2702 Au.
3373 2645 3512 2715 Quia
3558 2657 3742 2718 partes
3767 2647 3840 2703 il-

2234 2731 2342 2789 lius
2377 2733 2625 2803 quaedam
2653 2743 2864 2789 natura:
2905 2737 2991 2792 vis
3036 2733 3172 2810 [Αι.,
3203 2737 3470 2807 quasdam
3509 2738 3729 2812 natura]
3754 2740 3846 2796 in-

2235 2825 2392 2892 serit,
2429 2833 2491 2880 ut
2531 2824 2870 2897 religionem,
2918 2827 3182 2899 pietatem
3227 2827 3508 2902 [gratiam]
3531 2871 3546 2888 .
3595 2831 3841 2888 vindica-

2236 2919 2466 2985 tionem,
2505 2919 2934 2986 observantiam,
2983 2922 3298 2978 veritatem.
3338 2951 3412 2965 —-
3451 2922 3587 2978 Cn.
3636 2922 3713 2980 De
3750 2923 3841 2980 his

2236 3013 2464 3086 singulis
2489 3013 2721 3071 lucidius
2755 3016 2928 3086 aperi.
2962 3045 3036 3057 —
3059 3013 3195 3072 Au.
3236 3013 3441 3088 Religio
3466 3025 3570 3082 est,
3599 3031 3722 3089 qua:
3747 3032 3844 3073 su-

2236 3107 2469 3179 perioris
2511 3108 2798 3180 cujusdam
2843 3117 3074 3174 naturae,
3121 3123 3290 3181 quam
3331 3108 3571 3165 divinam
3623 3117 3840 3176 vocant,

2237 3212 2432 3254 curam
2465 3199 2912 3271 ceremoniasque
2935 3198 3114 3256 atfert.
3152 3199 3358 3266 Pietas,
3396 3216 3497 3274 per
3521 3215 3688 3272 quam
3713 3215 3844 3258 san-

2236 3290 2401 3363 guine
2422 3289 2750 3361 conjunctis,
2780 3291 3081 3361 patriaque
3115 3293 3394 3349 benevolis
3420 3292 3683 3360 oﬂicium,
3710 3291 3840 3350 dili-

2236 3396 2478 3455 gensque
2501 3382 2757 3439 tribuitur
2780 3383 2979 3440 cultas.
3010 3382 3222 3452 Gratia,
3252 3386 3308 3441 in
3336 3400 3445 3457 qua
3470 3387 3840 3443 amicitiarum

2238 3470 2422 3547 [lfu.,
2447 3473 2881 3548 inimicitiarum]
2911 3485 2971 3530 et
2993 3475 3295 3533 ofﬁciorum
3324 3477 3549 3534 alterius
3575 3478 3842 3535 memoria

2235 3575 2295 3620 et
2319 3567 2702 3623 remunerandi
2724 3567 2978 3624 voluntas
2998 3570 3329 3625 continetur.
3387 3567 3710 3637 Viadicatio,
3739 3584 3844 3643 per

2235 3671 2400 3726 quam
2439 3655 2532 3726 jus
2574 3667 2668 3713 aut
2696 3657 2892 3727 injuria
2915 3666 2972 3715 et
3017 3662 3241 3715 omnino
3283 3675 3466 3727 omne,
3497 3661 3642 3732 quod
3685 3658 3847 3718 obfu-

2238 3759 2424 3806 turum
2452 3759 2558 3816 est,
2604 3751 2945 3808 defendendo
2989 3761 3083 3808 aut
3131 3753 3446 3810 ulciscendo
3470 3753 3842 3825 propulsatur.

2241 3841 2605 3908 Obseruantia,
2624 3860 2733 3914 qua
2755 3845 3006 3901 homines
3032 3845 3212 3916 aliqua
3234 3845 3498 3919 dignitate
3517 3846 3845 3905 anteceden-

2239 3941 2321 3991 tes
2347 3935 2495 3991 cultu
2524 3937 2761 4008 quodam
2797 3945 2856 3994 et
2874 3937 3086 3994 honore
3111 3939 3422 4011 dignamur.
3476 3936 3680 3994 Veritas
3698 3979 3716 4004 ,
3742 3951 3847 4009 per

2237 4043 2401 4099 quam
2424 4043 2490 4084 ea
2520 4043 2641 4100 quae
2661 4037 2807 4096 sunt,
2836 4037 2932 4086 aut
2959 4044 3081 4101 quae
3105 4028 3346 4096 fuerunt,
3376 4038 3474 4087 aut
3499 4046 3621 4103 qua:
3660 4028 3846 4086 futura

2236 4131 2386 4189 sunt,
2413 4121 2892 4197 indicantur|'l!s.,
2908 4123 3208 4197 dicuntur].
3227 4155 3299 4166 —
3322 4124 3458 4182 Cu.
3474 4123 3757 4193 Quomodo
3772 4139 3844 4181 ex

2237 4215 2648 4271 consuetudinis
2671 4231 2769 4272 usu
2780 4215 2994 4287 justitia
3010 4225 3262 4272 servatur
3282 4217 3393 4269 ?-—
3404 4215 3536 4273 Au.
3569 4217 3645 4271 Ex
3658 4223 3841 4288 pacto,

2236 4305 2374 4376 pari,
2399 4304 2646 4374 judicato
2668 4304 2768 4380 [et]
2795 4321 2862 4362 ex
2891 4305 3028 4378 lege.
3063 4335 3136 4348 -η
3161 4307 3296 4362 Cn.
3328 4307 3458 4364 Plus
3477 4322 3665 4379 quam
3696 4315 3753 4364 et
3775 4308 3843 4366 de

2237 4398 2326 4455 his
2360 4413 2596 4469 quoque.
2622 4429 2694 4440 —
2728 4399 2864 4456 Au.
2896 4398 3122 4455 Pactum
3149 4409 3235 4458 est
3271 4401 3418 4472 quod
3452 4401 3599 4457 inter
3632 4401 3843 4475 aliquos

2235 4492 2511 4549 convenit.
2566 4487 2682 4547 Par
2716 4492 2770 4547 in
2799 4506 2990 4548 omnes
3031 4493 3296 4565 equabile
3338 4502 3444 4550 est.
3507 4494 3840 4563 Jadicataat,

2238 4585 2382 4655 quod
2412 4583 2640 4655 alicujus
2683 4587 2864 4657 magni
2909 4586 3036 4653 viri,
3091 4597 3188 4644 aut
3215 4587 3522 4658 aliquorum
3559 4589 3843 4646 sententiis

2239 4675 2594 4731 constitutum
2624 4684 2726 4732 est.
2752 4674 2866 4731 Lex
2892 4685 2978 4732 est
3005 4678 3152 4732 omni
3197 4677 3398 4749 populo
3426 4678 3690 4750 scriptum
3726 4677 3840 4749 jus,

2237 4766 2369 4836 quid
2394 4781 2589 4822 cavere
2617 4766 2700 4822 vel
2729 4768 2858 4838 quid
2886 4770 3181 4825 observare
3205 4771 3416 4825 debeat.

2311 4859 2446 4916 CAR.
2474 4858 2627 4915 Nunc
2655 4857 3033 4916 fortitudinem
3061 4876 3184 4916 cum
3225 4862 3342 4917 suis
3383 4863 3632 4934 partibus
3655 4870 3716 4918 ut
3740 4863 3839 4920 deo

2238 4965 2463 5021 promas
2489 4949 2741 5020 efﬂagito.
2771 4982 2841 4991 —-
2867 4951 2998 5007 Am.
3053 4950 3335 5008 Fortitudo
3377 4963 3462 5009 est
3497 4957 3841 5026 magnanima

2240 5042 2606 5114 periculorum
2634 5051 2692 5097 et
2727 5043 2971 5098 laborum
2997 5045 3297 5115 perpessio.
3333 5044 3464 5115 Ejus
3500 5056 3688 5116 partes
3714 5055 3843 5103 sunt

2247 5135 2670 5206 magniﬁcentia,
2721 5134 2963 5201 ﬁdentia,
3009 5137 3290 5208 patientia,
3321 5139 3745 5210 perseverantia.
3769 5168 3842 5182 -

2244 5224 2380 5282 CA8.
2407 5225 2614 5281 Harum
2636 5228 2876 5282 rationes
2902 5227 3135 5297 palefac.
3166 5258 3240 5269 —
3266 5226 3400 5284 Au.
3442 5226 3841 5299 Hagniﬁceatia

2247 5325 2333 5371 est
2352 5331 2533 5371 rerum
2559 5333 2878 5388 magnarum
2895 5327 2952 5372 et
2968 5317 3306 5375 excelsarum
3320 5334 3444 5375 cum
3465 5320 3635 5375 animi
3662 5321 3839 5393 ampla

2246 5410 2482 5483 quadam
2521 5417 2578 5465 et
2617 5409 2899 5479 splendida
2945 5410 3318 5480 propositione
3355 5411 3635 5484 cogitatio,
3680 5420 3840 5482 atque

2248 5504 2652 5559 administratio
2674 5502 2868 5576 [Edit.,
2896 5504 3063 5558 animi
3101 5503 3396 5578 invitatio].
3439 5503 3691 5560 Fidentia
3735 5514 3838 5571 est,

2244 5610 2344 5665 per
2373 5610 2538 5664 quam
2580 5594 2792 5666 magnis
2820 5605 2875 5651 et
2901 5595 3147 5651 honestis
3175 5597 3231 5650 in
3277 5597 3442 5652 rebus
3473 5596 3703 5652 multum
3726 5598 3841 5654 ani-

2245 5702 2368 5742 mus
2390 5687 2444 5740 in
2468 5701 2527 5741 se
2547 5685 2760 5742 fiduciae
2779 5695 2931 5742 certa
2960 5701 3087 5741 cum
3111 5702 3210 5757 spe
3233 5686 3538 5744 collocavit.
3573 5675 3839 5744 Patientia

2245 5788 2332 5832 est
2355 5779 2657 5835 honestatis
2696 5787 2793 5832 aut
2835 5777 3089 5833 utilitatis
3127 5793 3291 5834 causa
3321 5793 3504 5834 rerum
3549 5779 3839 5835 arduarum

2247 5881 2340 5927 aut
2363 5870 2659 5929 dilﬁcilium
2681 5868 2986 5929 voluntaria
3012 5885 3077 5928 ac
3098 5870 3352 5928 diuturna
3381 5872 3680 5944 perpessio.
3712 5870 3840 5930 Per-
