4090 6518
295 324 404 379 945

1151 319 1624 377 DIDASCALICA.
1663 349 1733 359 -—-
1769 316 2039 372 DIALOG.
2083 317 2171 372 DE
2207 315 2414 373 RHET.
2457 314 2546 371 ET
2585 314 2768 374 VIRT.

3474 322 3580 378 εις

297 439 594 494 severantia
622 445 707 494 est
736 437 790 493 in
820 438 1032 494 ratione
1058 437 1195 495 bene
1224 437 1565 494 considerata
1603 437 1812 492 stabilis
1832 446 1886 491 et
1917 442 1964 499 Α
1990 434 2135 487 vatio
2165 435 2624 504 spectem—Au.
2654 436 2725 492 Ut
2743 435 2998 506 diligatur
3021 435 3165 493 Deus
3189 445 3249 494 et
3272 438 3574 509 proximus.

299 539 559 601 perpetua
589 530 913 601 permansio.

372 621 508 679 Cn.
535 621 726 678 Restat
756 621 901 694 [tibi]
925 629 986 678 ut
1013 622 1081 678 de
1122 624 1482 695 temperantia
1512 624 1680 686 dicas,
1721 638 1752 677 a
1781 638 1887 692 qua

299 722 422 768 orta
441 723 525 768 est
547 714 702 768 nobis
721 714 788 769 de
806 713 1094 769 virtutibus
1121 714 1399 784 inquisitio
1422 729 1437 769 :
1467 716 1621 785 cujus
1643 717 1888 786 propric~

304 815 472 862 tatem
514 815 571 860 et
621 806 857 875 partium
912 803 1058 861 illius
1103 805 1294 860 audire
1340 815 1616 876 exspecto.
1643 839 1712 847 —
1748 806 1882 862 Aut.

307 897 675 968 Temperantia
692 905 776 953 est
799 895 1082 952 rationalis
1094 895 1277 970 [Hss.,
1301 896 1661 970 rationabilis]
1690 901 1742 952 in
1761 898 1885 953 libi-

302 989 487 1046 dinem
516 999 678 1061 atque
707 990 761 1044 in
789 989 926 1045 alios
947 1005 1054 1045 non
1073 998 1253 1047 rectos
1270 989 1502 1062 impetus
1518 989 1706 1063 [animi
1730 990 1886 1064 ﬁrma

299 1090 358 1136 et
385 1079 685 1153 moderata]
715 1079 1014 1136 dominatio
1038 1079 1235 1153 [Edit.,
1267 1081 1501 1152 impetus
1539 1080 1880 1156 moderatio].

230 1171 233 1174 ’
299 1169 433 1243 Ejus
460 1180 642 1242 partes
670 1181 798 1228 sunt
822 1190 834 1226 :
864 1171 1215 1236 continentia,
1243 1172 1559 1240 clementia,
1600 1174 1882 1230 modestia.

299 1261 634 1317 Continentia
659 1272 762 1329 est,
785 1278 884 1333 per
912 1276 1072 1332 quam
1098 1262 1276 1319 omnis
1305 1264 1445 1319 mala
1474 1264 1743 1334 cupiditas
1772 1281 1889 1320 ma-

297 1371 405 1428 gna
432 1355 642 1411 consilii
665 1355 1055 1425 gubernatione
1093 1355 1300 1426 regitur
1323 1364 1380 1410 et
1401 1355 1741 1425 deprimitur.
1771 1353 1890 1411 Cle-

297 1449 497 1502 utentia
516 1454 618 1508 est.
649 1461 748 1518 per
767 1463 932 1518 quam
958 1446 1154 1518 injuria
1183 1454 1240 1501 et
1256 1446 1380 1502 odia
1407 1447 1529 1501 miti
1556 1448 1739 1503 animo
1759 1448 1888 1503 reti-

297 1547 516 1593 nentur.
548 1537 811 1592 Modestia
851 1545 960 1604 est,
987 1552 1085 1608 per
1113 1551 1276 1607 quam
1319 1538 1486 1593 totius
1528 1538 1654 1594 vita:
1696 1539 1890 1596 modus

297 1647 397 1690 seu
441 1633 612 1689 animi
653 1647 748 1688 seu
794 1632 1041 1704 corporis
1083 1632 1322 1690 motibus
1371 1629 1572 1706 [Edit.,
1619 1631 1889 1708 moribus]

297 1728 500 1800 ubique
517 1729 732 1785 honesti
751 1744 883 1784 cura
905 1739 1172 1784 servatur.

1987 523 2069 578 An
2098 523 2242 578 aliud
2263 526 2538 581 :cstimas?

2055 613 2189 670 CAR.
2237 615 2322 670 Nil
2367 616 2618 686 equidem
2646 620 2811 676 aliud.
2849 619 2959 675 Sed
2997 636 3161 692 quam
3190 621 3357 678 breve
3391 622 3579 677 auditu

1986 715 2090 770 est,
2123 714 2231 761 tam
2256 708 2471 763 difﬁcile
2499 709 2644 765 factu
2685 722 2770 767 est
2809 721 2866 768 et
2902 714 3152 768 arduum.
3178 744 3250 754 -
3276 714 3409 770 Ann.
3438 714 3580 782 Quid

1987 794 2199 851 facilius
2225 809 2308 851 est
2339 815 2502 868 quam
2537 817 2724 857 amare
2755 805 2963 873 species
3000 804 3279 875 pulchras,
3309 814 3366 861 et
3394 807 3581 863 dulces

1986 902 2230 959 sapores,
2258 906 2421 947 sonos
2456 909 2678 960 suaves,
2700 897 2895 952 odores
2926 896 3250 968 fragrantes,
3281 907 3460 955 tactus
3491 898 3583 968 ju-

1985 980 2210 1044 cundos,
2243 983 2477 1040 honores
2506 992 2562 1039 et
2588 984 2876 1042 felicitates
2903 990 3119 1044 szeculi?
3149 988 3276 1058 Haec
3299 1005 3370 1046 ne
3393 1003 3581 1048 amare

1986 1071 2141 1129 facile
2159 1083 2246 1128 est
2265 1076 2476 1140 animm,
2505 1092 2624 1148 quae
2646 1077 2791 1133 velut
2812 1080 3043 1137 volatilis
3069 1082 3262 1138 umbra
3284 1083 3581 1148 recedunt;

1986 1177 2043 1223 et
2087 1167 2255 1222 Deum
2305 1183 2410 1224 non
2467 1184 2670 1233 amare,
2708 1171 2800 1241 qui
2849 1179 2935 1227 est
2977 1181 3178 1227 aeterna
3208 1172 3582 1243 pulchritudo,

1988 1267 2191 1315 aeterna
2225 1262 2491 1327 suavitas,
2517 1269 2722 1317 aeterna
2746 1262 2995 1329 dulcedo,
3023 1272 3228 1321 aeterna
3257 1262 3579 1336 fragrantia,

1988 1360 2191 1408 aeterna
2217 1351 2549 1424 jucunditas,
2579 1364 2874 1426 perpetuus
2898 1355 3089 1421 honor,
3120 1355 3439 1413 indeliciens
3461 1357 3582 1413 feli-

1988 1445 2161 1501 citas?
2185 1445 2418 1502 Maxime
2442 1462 2567 1503 cum
2591 1446 2788 1502 divinae
2814 1447 3111 1519 Scriptum
3130 1449 3206 1503 nil
3232 1448 3376 1504 aliud
3399 1449 3583 1504 nobis-

1990 1551 2115 1592 cum
2144 1545 2330 1609 agant,
2359 1538 2461 1593 nisi
2488 1548 2546 1593 ut
2574 1537 2862 1611 diligamus
2887 1540 3056 1596 Deum
3081 1550 3138 1596 et
3163 1539 3449 1598 Dominum
3478 1557 3579 1599 no-

1990 1640 2164 1687 strum
2183 1645 2253 1684 ex
2274 1638 2387 1685 toto
2406 1630 2594 1697 corde,
2615 1645 2683 1686 ex
2709 1639 2821 1687 tota
2840 1633 3022 1687 anima
3042 1641 3097 1688 et
3129 1648 3198 1690 ex
3227 1642 3344 1689 tota
3379 1643 3582 1701 mente,

1989 1727 2051 1778 et
2079 1721 2386 1790 proximum
2424 1730 2672 1777 nostrum
2727 1731 2984 1794 tanquam
3034 1726 3415 1796 nosmetipsos.
3446 1724 3585 1781 Nam

369 1818 505 1875 CAR.
549 1818 735 1876 Honor
766 1819 1000 1876 eximius
1041 1830 1127 1876 est
1170 1836 1356 1877 coram
1394 1820 1708 1876 hominibus
1749 1820 1893 1877 hanc
1918 1801 1965 1864 Β
1993 1812 2323 1883 Promissum
2347 1812 2612 1870 habemus
2635 1814 2703 1869 ab
2733 1813 2846 1881 illo,
2868 1816 2961 1886 qui
2983 1813 3173 1871 fallere
3198 1817 3412 1888 ignorat
3442 1836 3456 1871 :
3481 1817 3585 1872 Ju-

297 1911 561 1976 servanti,
590 1920 649 1967 et
673 1912 794 1968 laus
819 1912 962 1982 apud
1003 1913 1290 1968 Dominum
1324 1911 1506 1985 βίη,
1537 1911 1753 1986 Deum].
1784 1911 1891 1967 Sed

302 2005 476 2061 miror
514 2020 615 2061 nos
637 2003 996 2074 Christianos,
1024 2009 1070 2064 si
1102 2005 1225 2081 [illi]
1255 2007 1558 2079 philosophi
1588 2008 1689 2063 has
1721 2007 1894 2063 virtu-

298 2105 387 2152 tes
424 2096 495 2152 ob
535 2097 749 2153 illarum
797 2106 1008 2154 tantum
1046 2099 1362 2171 dignitatem
1384 2100 1471 2155 vel
1515 2099 1728 2155 laudem
1765 2101 1893 2157 vita:

299 2196 677 2256 servaverunt,
722 2204 822 2247 cur
848 2204 948 2246 nos
974 2188 1046 2246 ab
1085 2190 1153 2246 iis
1181 2192 1238 2246 in
1281 2192 1466 2248 multis
1506 2190 1666 2246 devio
1703 2206 1892 2249 errore

298 2279 656 2346 declinamus,
694 2295 817 2336 cum
857 2282 974 2338 haec
1009 2298 1153 2339 nunc
1182 2285 1238 2339 in
1267 2283 1374 2340 ﬁde
1403 2293 1459 2339 et
1486 2284 1754 2340 charitate
1777 2300 1892 2340 ser-

300 2372 556 2427 vantibus
579 2369 760 2444 [Hss.,
776 2372 1215 2446 observantibus]
1239 2382 1456 2431 aeternae
1481 2373 1664 2446 gloria:
1690 2374 1758 2430 ab
1775 2375 1890 2445 ipsa

301 2461 534 2518 veritate
570 2461 789 2519 Christo
829 2461 959 2521 Jesu
1002 2465 1224 2537 praemia
1265 2465 1635 2536 pollicentur?
1659 2497 1728 2508 —-
1752 2467 1887 2522 Au.

300 2551 432 2608 Plus
467 2553 762 2611 miserandi
788 2569 949 2624 quam
990 2556 1226 2614 mirandi
1261 2571 1470 2624 sumus,
1518 2557 1646 2629 quia
1672 2557 1892 2626 plurimi

300 2657 370 2698 ex
392 2643 594 2701 nostris
613 2653 760 2708 sunt,
780 2661 922 2718 quos
941 2663 1042 2703 nec
1061 2656 1242 2704 terror
1264 2651 1572 2720 prunarum,
1597 2663 1698 2704 nec
1723 2647 1892 2721 gloria

298 2736 648 2807 praemiorum
673 2738 742 2792 ad
770 2739 1033 2794 virtutum
1059 2739 1376 2813 dignitatem
1403 2749 1640 2798 revocat.

372 2825 509 2884 Cn.
552 2827 803 2901 Agnosco
843 2838 903 2888 et
928 2832 1048 2888 sine
1072 2831 1332 2907 lacrymis
1371 2851 1477 2890 non
1525 2834 1651 2892 dico
1690 2835 1894 2894 multos

301 2936 424 2978 esse
449 2921 604 2979 tales.
644 2922 901 2981 Attamen
923 2940 1079 2997 rogo,
1103 2932 1182 2992 ut,
1214 2943 1377 2999 quam
1419 2928 1660 2986 breviter
1685 2931 1886 3000 possis,

302 3013 576 3071 edisseras
612 3016 883 3086 quomodo
906 3016 991 3074 ha:
1014 3017 1342 3075 excellentes
1365 3020 1594 3076 virtutes
1625 3021 1679 3076 in
1704 3030 1892 3077 nostra

301 3106 564 3178 religione
600 3107 909 3166 Christiana
953 3111 1315 3183 intelligendas
1341 3121 1506 3186 atque
1540 3114 1893 3170 observanda:

301 3200 455 3256 sint?
480 3232 552 3243 —
573 3200 707 3258 Au.
732 3202 925 3261 Nonne
953 3204 1049 3260 tibi
1077 3205 1290 3261 videtur
1321 3207 1588 3278 sapientia
1617 3222 1760 3274 esse,
1783 3223 1892 3279 qua

301 3290 446 3351 Deus
471 3295 770 3351 secundum
796 3296 1073 3354 modulum
1103 3297 1357 3354 humanae
1399 3300 1598 3355 mentis
1637 3298 1894 3372 intelligi-

299 3394 394 3445 tur
418 3395 476 3444 et
502 3389 745 3452 timetur,
769 3396 828 3465 et
851 3387 1095 3446 futurum
1123 3391 1242 3461 ejus
1265 3392 1508 3448 creditur
1526 3390 1826 3460 judicium?

372 3477 509 3535 Cn.
547 3477 793 3552 intelligo
819 3479 899 3554 [et
926 3482 1187 3555 assentio]
1217 3485 1353 3539 nihil
1395 3500 1519 3542 esse
1556 3487 1660 3542 hac
1682 3487 1897 3557 sapien-

300 3569 377 3625 tia
403 3566 587 3642 [Msa.,
633 3571 759 3626 huic
805 3573 1106 3647 sapientiae]
1153 3575 1526 3633 excellentius.
1574 3577 1642 3633 Et
1692 3579 1748 3633 in
1792 3577 1896 3636 Joh

301 3661 487 3717 recolo
516 3662 812 3732 scriptum:
845 3663 986 3721 Ecce
1003 3664 1242 3722 hominis
1269 3668 1558 3737 sapientia,
1588 3669 1782 3738 pietas.
1806 3667 1897 3741 [Et

301 3753 436 3824 quid
483 3755 679 3825 pietas,
727 3755 831 3812 nisi
887 3756 982 3813 Dei
1030 3756 1227 3823 cultus,
1286 3758 1402 3833 qui]
1456 3757 1644 3816 Graece
1696 3761 1898 3818 dicitur

299 3847 576 3921 Θιοσᾶβιια
605 3843 788 3918 [Μηη
813 3848 1181 3923 theosebion].
1205 3879 1281 3892 —
1304 3849 1437 3907 Ann.
1466 3849 1612 3908 Bene
1641 3852 1898 3926 intelligis

301 3943 361 3992 et
379 3951 527 3993 vere.
557 3935 666 3994 Sed
693 3937 822 4009 quid
855 3940 952 3996 tibi
973 3940 1186 4010 justitia
1225 3941 1441 3998 videtur
1463 3957 1605 4008 esse,
1638 3945 1742 4000 nisi
1767 3945 1898 4002 cha-

303 4030 442 4086 ritas
466 4029 560 4086 Dei
590 4028 815 4102 ejusque
832 4033 1210 4089 mandatorum
1236 4035 1547 4090 observatio
1565 4036 1591 4089 ?

375 4119 510 4177 Cn.
540 4120 610 4180 Et
647 4122 752 4179 hoc
790 4138 1044 4195 agnosco.
1085 4123 1228 4181 Nihil
1277 4125 1380 4182 hac
1420 4125 1632 4194 justitia
1673 4128 1895 4200 justius,

305 4213 418 4269 into
443 4212 648 4269 nullam
673 4213 838 4269 aliam
875 4229 999 4271 esse
1022 4215 1128 4272 nisi
1158 4217 1337 4272 istam.
1371 4247 1446 4260 —-
1468 4218 1602 4275 Αιιι.
1642 4218 1900 4292 Nunquid

305 4321 415 4362 non
440 4304 811 4362 fortitudinem
854 4320 978 4362 esse
1021 4308 1222 4373 cernis,
1271 4323 1380 4378 qua
1425 4309 1598 4366 hostis
1642 4313 1900 4385 antiquus

307 4397 568 4462 vincitur,
590 4405 649 4453 et
668 4397 896 4453 adversa
925 4398 1112 4454 mundi
1140 4397 1359 4456 fortiter
1383 4401 1732 4458 tolerantur?

1989 1920 2134 1976 gum,
2165 1904 2360 1974 inquit,
2388 1921 2562 1960 meum
2591 1923 2749 1960 suave
2774 1915 2851 1961 est
2875 1916 2926 1960 et
2965 1923 3096 1962 onus
3124 1924 3298 1962 meum
3323 1906 3450 1964 leve.
3480 1909 3587 1964 La-

1988 1996 2260 2054 boriosior
2278 2007 2365 2052 est
2396 1999 2542 2053 enim
2588 2014 2742 2054 amor
2766 1999 2926 2070 hujus
2955 2002 3145 2056 mundi
3166 2017 3328 2073 quam
3357 2003 3584 2061 Christi.

1991 2085 2145 2156 Quod
2171 2087 2317 2142 enim
2347 2087 2402 2142 in
2433 2087 2525 2143 illo
2551 2089 2734 2144 anima
2758 2090 2975 2160 quatrit,
3005 2107 3114 2148 non
3137 2093 3365 2159 invenit,
3396 2095 3451 2152 id
3475 2104 3585 2163 est,

1988 2177 2308 2235 felicitatem
2332 2188 2388 2236 et
2413 2182 2808 2249 aeternitatem;
2836 2185 3094 2254 quoniam
3113 2187 3231 2244 haec
3255 2187 3440 2244 inﬁma
3465 2189 3590 2260 pul-

1988 2269 2246 2327 chritudo
2277 2272 2476 2326 transit
2498 2281 2552 2327 et
2578 2273 2804 2339 recedit,
2833 2275 2918 2330 vel
2940 2285 3224 2336 amantem
3246 2279 3470 2348 deserit,
3497 2283 3588 2340 vel

1989 2361 2062 2418 ab
2097 2371 2318 2417 amante
2366 2361 2655 2418 deseritur.
2689 2363 2895 2420 Teneat
2940 2380 3073 2439 ergo
3116 2369 3296 2425 anima
3333 2370 3583 2430 ordinem

2062 2544 2197 2602 Cn.
2229 2545 2362 2613 Quis
2387 2554 2476 2603 est
2490 2548 2628 2604 ordo
2652 2549 2848 2605 animm
2860 2549 3089 2608 i—Aui.
3126 2551 3197 2611 Ut
3214 2551 3588 2626 diligat,quod

1992 2641 2242 2712 superius
2270 2650 2374 2707 est,
2412 2642 2467 2698 id
2492 2651 2594 2709 est,
2635 2643 2839 2712 Deum;
2868 2652 2926 2702 et
2949 2656 3124 2718 regat,
3166 2650 3312 2718 quod
3359 2648 3588 2706 inferius

1991 2741 2097 2800 est,
2123 2732 2180 2790 id
2201 2742 2305 2799 est,
2329 2749 2560 2806 corpus;
2611 2744 2668 2790 et
2699 2736 2876 2792 socias
2916 2737 3127 2794 animas
3165 2738 3451 2795 dilectione
3484 2755 3586 2795 nu-

1992 2827 2125 2883 triat
2148 2835 2206 2884 et
2233 2826 2433 2885 foveat.
2494 2826 2591 2908 His
2637 2830 2783 2885 enim
2830 2830 3115 2890 sacriﬁciis
3146 2844 3378 2906 purgata
3421 2843 3590 2907 atqu

1992 2931 2290 2980 exonerata
2323 2923 2505 2979 anima
2533 2923 2603 2978 ab
2630 2925 2735 2980 hac
2758 2923 3031 2983 laboriosa
3056 2936 3114 2983 et
3144 2943 3448 2986 aerumnosa
3476 2932 3589 2986 vita
3653 2952 3656 2954 ·

1993 3017 2261 3075 revolabit
2287 3015 2381 3090 [ad
2406 3016 2670 3092 quietem]
2697 3026 2752 3075 et
2777 3019 3004 3076 intrabit
3024 3019 3158 3094 [AI.,
3189 3020 3500 3097 emigrabit]
3531 3025 3587 3080 in

1994 3109 2254 3181 gaudium
2283 3108 2499 3166 Domini
2523 3109 2627 3166 sui.

2066 3199 2201 3260 Ctn.
2241 3201 2491 3273 Magnum
2531 3202 2825 3274 quemdam
2867 3203 3045 3260 virum
3094 3212 3151 3261 et
3196 3220 3324 3261 vere
3369 3207 3588 3263 beatum

1992 3293 2279 3365 praedicas,
2310 3293 2588 3365 magister.
2617 3322 2691 3334 ——
2711 3292 2844 3350 Au.
2876 3294 3129 3367 Magnum
3159 3305 3214 3352 te
3242 3296 3409 3353 faciat
3444 3297 3589 3353 Deus

1994 3392 2052 3440 et
2074 3398 2206 3440 vere
2229 3383 2472 3450 beatum,
2490 3383 2708 3440 domine
2735 3385 2808 3439 mi
2839 3399 2956 3450 rex,
2985 3392 3043 3440 et
3078 3387 3134 3441 in
3181 3385 3287 3441 hac
3327 3387 3590 3442 virtutum

1994 3474 2279 3548 quadriga,
2298 3475 2367 3532 de
2389 3490 2493 3547 qua
2515 3476 2679 3547 paulo
2695 3483 2822 3531 ante
2834 3477 3067 3549 egimus,
3090 3477 3159 3532 ad
3179 3477 3414 3535 cmicstis
3436 3480 3588 3550 regni

1995 3579 2175 3620 arcem
2221 3566 2452 3638 geminis
2494 3565 2799 3623 dilectionis
2840 3567 3034 3638 pennis
3075 3568 3332 3625 saeculum
3359 3570 3464 3626 hoc
3489 3585 3589 3627 ne-

1994 3670 2158 3727 quam
2186 3655 2527 3713 transvolare
2555 3658 2834 3715 concedat.

2067 3746 2202 3804 Can.
2231 3747 2371 3811 Fiat,
2401 3748 2516 3815 ﬁat,
2543 3751 2714 3822 gratia
2741 3751 2923 3808 divina
2940 3752 3432 3813 donante—Ann.
3460 3757 3590 3815 Ser-

1995 3853 2088 3897 mo
2114 3840 2219 3898 iste
2248 3849 2460 3908 noster,
2488 3843 2583 3912 qui
2610 3842 2680 3898 de
2707 3843 2929 3900 volubili
2959 3845 3199 3902 civilium
3229 3850 3590 3918 quaestionum

1997 3936 2218 4008 inglorio
2245 3933 2388 4010 [Al.,
2435 3935 2631 4012 genio]
2660 3939 2872 3994 initium
2926 3940 3138 4005 habuit,
3182 3943 3326 3998 hunc
3372 3952 3591 4002 eterna:

1995 4026 2312 4084 stabilitatis
2369 4028 2569 4086 habeat
2621 4027 2805 4096 linem,
2837 4045 2906 4086 ne
2935 4031 3134 4101 aliquis
3173 4049 3273 4089 nos
3312 4034 3592 4092 incassum

1997 4129 2210 4177 tantum
2240 4122 2566 4193 disputando
2591 4122 2804 4179 itineris
2831 4125 3105 4198 peregisse
3129 4129 3443 4185 contendat.

2067 4212 2202 4272 Cari.
2228 4213 2363 4283 Quis
2387 4223 2491 4284 est,
2524 4218 2618 4286 qui
2657 4215 2862 4274 frustra
2901 4222 3260 4278 sermocinari
3287 4225 3487 4281 audeat
3508 4226 3594 4284 dis

1995 4321 2143 4374 cere.
2165 4308 2212 4363 si
2235 4315 2329 4362 aut
2355 4309 2708 4365 honestarum
2732 4308 2843 4384 {est
2858 4310 3068 4387 saeculi]
3087 4322 3365 4371 scrutator
3387 4315 3592 4392 [curio-

1997 4397 2116 4474 sus]
2162 4400 2384 4467 artium,
2439 4409 2536 4460 ant
2577 4403 2960 4461 excellentium
3011 4413 3252 4463 sectator
3283 4409 3591 4470 virtutum?

378 4487 536 4559 331
565 4487 699 4543 Cia.
729 4484 910 4545 Cerno
929 4489 1205 4581 equidem,
1232 4505 1336 4548 nec
1354 4491 1564 4564 aliquid
1599 4495 1706 4551 hac
1728 4497 1900 4552 victo-
1922 4519 1978 4581 υ
1997 4490 2138 4547 Nam
2182 4506 2292 4558 me,
2346 4500 2407 4547 ut
2454 4489 2650 4557 fateor,
2703 4494 2772 4551 ad
2813 4495 2914 4552 has
2941 4496 3320 4567 inquisitiones
3349 4500 3592 4557 scientia:

310 4577 394 4634 ria
418 4575 744 4634 laudabilius
764 4579 998 4636 aestimo.
1027 4610 1100 4622 -
1125 4579 1257 4639 Au.
1285 4582 1370 4639 An
1394 4587 1751 4655 temperantia
1785 4605 1895 4646 non
1922 4575 1966 4581 ⁷
2000 4598 2156 4641 amor
2179 4583 2407 4640 adduxit
2434 4602 2448 4638 :
2479 4591 2538 4640 et
2565 4585 2664 4641 tibi
2682 4587 2916 4657 gratiam
2937 4589 3132 4657 habeo,
3159 4593 3304 4662 quod
3332 4593 3592 4663 inquisita

309 4679 415 4734 est,
467 4684 588 4742 quae
639 4668 915 4728 libidinem
976 4670 1252 4738 refrenat,
1291 4668 1577 4732 avaritiam
1625 4680 1897 4751 reprimit,

312 4773 504 4815 omnes
525 4759 693 4816 animi
720 4759 956 4832 impetus
976 4763 1131 4819 sedat
1145 4771 1202 4819 et
1226 4766 1529 4834 temperat?
1549 4796 1619 4808 --
1640 4766 1776 4823 Cia.
1801 4768 1900 4825 Est

313 4860 370 4908 et
393 4866 523 4908 vere
550 4849 680 4925 ιω,
714 4850 792 4925 ct]
829 4854 982 4909 omni
1013 4853 1220 4911 homini
1247 4855 1405 4912 valde
1430 4860 1760 4915 necessaria.
1791 4859 1898 4917 Sed

314 4943 493 5003 adhuc
517 4961 724 5017 quaero,
749 4946 819 5002 ad
840 4961 1005 5019 quem
1028 4947 1190 5004 linem
1217 4947 1412 5006 harum
1431 4949 1692 5007 virtutum
1713 4951 1897 5008 obser-

2002 4690 2111 4731 non
2134 4676 2370 4748 negasti.
2398 4674 2478 4732 Ac
2505 4677 2628 4732 ideo
2651 4677 2793 4734 hanc
2821 4687 3032 4735 tuarum
3057 4682 3471 4754 responsionum
3497 4683 3597 4741 be-

2002 4766 2363 4824 nevolentiam
2387 4768 2577 4839 probo,
2617 4775 2674 4825 et
2701 4769 2962 4827 studiosis
2992 4770 3329 4848 profuturam
3353 4789 3475 4831 esse
3503 4791 3594 4830 ar-

1998 4859 2202 4924 bitror;
2240 4860 2287 4916 si
2333 4861 2495 4916 modo
2545 4861 2757 4918 macula
2808 4860 2995 4919 livoris
3023 4862 3291 4936 legentem
3327 4881 3433 4921 non
3472 4882 3593 4925 cor-

2000 4953 2222 5024 rumpit.

1716 5061 2158 5126 SCHEMATA

321 5159 471 5237 Qua
499 5167 871 5241 sequuntur,
904 5160 972 5223 in
1005 5156 1143 5222 cod.
1184 5177 1328 5223 mss.
1356 5161 1424 5225 S.
1456 5159 1856 5249 Entrnerqmi,
1888 5163 2288 5249 Frisingensi
2311 5211 2328 5237 ,
2376 5165 2526 5228 aliis
2558 5212 2574 5240 ,
2636 5174 2820 5249 atque
2869 5171 2937 5231 in
2970 5170 3242 5235 editione
3283 5174 3592 5238 Βησοωεὶ

1339 5239 1491 5302 ιιηηὶ
1528 5241 1684 5304 1561ι
1713 5243 1937 5322 ﬁguris
1969 5239 2521 5324 representantur.

1571 5441 1756 5494 Natura

1122 5503 1212 5556 Vir
1236 5504 1392 5556 bonus
1470 5503 1490 5556 1
1572 5504 1791 5556 Moribus

727 5565 944 5617 Oratoris
1023 5565 1044 5617 1
1469 5565 1489 5605 ι
1571 5566 1776 5617 Artibus

726 5630 954 5688 specialis

724 5689 945 5740 diflinitio
1031 5689 1049 5740 Ι
1130 5690 1336 5739 Dicendi
1464 5689 1486 5740 I
1571 5690 1760 5739 Natura

1131 5751 1329 5800 l'erilus
1468 5751 1487 5805 ί
1574 5752 1808 5805 Doctrina

1133 5814 1418 5867 essedebet
1467 5812 1488 5867 l
1573 5812 1671 5866 Usu

2835 5446 3057 5498 Inventio

2397 5509 2571 5558 Partes
2731 5509 2755 5571 \
2835 5509 3101 5571 Dispositio

2357 5568 2633 5623 Rhetorica:
2733 5568 2754 5623 ἰ
2836 5568 3057 5622 Elocutio

2303 5640 2414 5684 sunt
2437 5637 2653 5696 quinque
2729 5633 2754 5696 Ι
2835 5633 3064 5696 Memoria

2836 5695 3170 5750 Pronuntiatlo
