4090 6500
609 336 706 392 951

1421 335 1482 389 Β.
1525 335 1586 390 F.
1627 336 1855 392 ALBIM
1895 337 2028 396 SEU
2053 340 2330 397 ALCUIN
2364 341 2653 401 OPEBUM
2693 341 2874 398 PARS
2913 340 3022 398 VII.

3767 345 3892 402 953

610 469 641 530 ι.
665 446 1297 530 Animadvertis-credo,
1348 444 1861 530 lector,‘Alcuinum
1893 463 2190 530 _enumera-
2219 457 2265 514 Α
2292 463 2476 520 gnum.
2504 479 2576 490 —-
2594 448 2657 505 C.
2686 450 2869 508 Primo
2907 454 3149 510 omnium
3191 454 3279 511 dic
3307 456 3450 512 unde
3485 456 3627 513 dicta
3654 457 3727 513 sit
3753 457 3893 530 phi.

603 522 751 574 tione
777 519 959 588 potius
999 526 1054 574 et
1080 515 1480 589 deﬁnitionibus
1503 525 1671 589 atque
1699 519 1957 587 exemplis
1985 522 2187 589 passim

601 586 878 654 usum,'eo
920 589 1063 659 quod
1092 604 1199 643 non
1229 599 1336 643 tam
1373 586 1620 659 subtilem
1644 595 1699 645 et
1720 586 2028 644 accuratam
2061 592 2186 645 Dia-

597 658 1026 731 lecticam_(quo
1072 659 1290 715 nomine
1339 668 1493 731 extra
1524 658 1772 731 lycaaurn
1823 661 2084 731 quidquid
2119 662 2186 715 ad

599 675 849 716 tecucam
896 675 1026 731 tquo
1072 675 1290 715 nomine
1339 675 1493 712 extra
1548 675 1772 728 iyeaaum
1863 675 2084 730 umqum
2119 675 2186 715 au

598 729 900 802 disserendi
927 731 1192 802 rationem
1224 729 1477 802 pertinet,
1520 675 1860 802 intelligitur?
1888 740 2061 786 artem
2092 747 2186 787 seu

599 801 914 872 methodum
956 801 1198 856 scribere
1241 800 1559 872 instituerit,
1600 815 1764 872 quam
1790 800 2032 872 ejusdem
2063 803 2190 856 Dia-

598 874 806 928 lecticae
853 869 1727 943 elementorum__qualemqualem
1758 869 1974 927 traiere
2003 873 2190 943 cogni-

596 946 822 1000 tionem.
861 963 881 995 ι
923 940 1047 997 Hac
1077 942 1185 996 ille.
1217 941 1346 1012 Mihi
1373 941 1518 1012 haud
1547 942 1771 997 dubium
1799 952 1885 998 est
1920 943 2059 997 hanc
2075 940 2187 997 ’ΔΙ-

597 1015 746 1070 cuiui
770 1012 1138 1076 Dialecticam,
1168 1013 1273 1067 etsi
1296 1010 1543 1066 fortassis
1567 1012 1746 1067 minus
1767 1013 1980 1068 subtilis
2002 1014 2187 1069 videa-

599 1095 691 1139 tur
728 1099 893 1154 quam
940 1083 1141 1153 Logiea
1168 1083 1403 1154 vulgaris
1436 1082 1920 1154 Peripateticorum
1951 1084 2186 1154 proximi

599 1153 877 1224 temporis,
909 1153 1079 1208 multo
1107 1164 1285 1209 tamen
1309 1153 1409 1207 ista
1434 1167 1552 1207 esse
1581 1153 1870 1224 utiliorem.

669 1223 780 1280 Nos
805 1241 925 1280 eam
1084 1225 1201 1281 loco
1228 1225 1546 1302 exh-ihelnps
1570 1223 1976 1302 plurimislocis
2001 1239 2184 1302 emen-

594 1296 778 1376 datam
807 1312 873 1350 ex
918 1296 1075 1376 codd.
1103 1311 1246 1376 mss.
1280 1294 1704 1376 Vindolioneusi,
1754 1295 2084 1376 Frisingensi
2130 1304 2187 1376 et

596 1367 654 1422 S.
695 1368 1057 1430 Emmerami;
1101 1366 1360 1422 lectiones
1409 1366 1685 1420 variantes
1729 1375 1786 1420 et
1834 1365 2077 1435 suppleta
2129 1367 2182 1421 in

597 1447 745 1493 testu
773 1438 916 1492 inter
939 1452 1106 1493 uncos
1123 1435 1377 1492 conclusa
1400 1451 1550 1490 more
1571 1443 1758 1491 nostro
1778 1437 2179 1491 collocavimus.

664 1507 825 1562 Juvat
854 1510 961 1563 huc
991 1506 1353 1563 transcribere
1391 1522 1510 1576 qua:
1538 1506 1775 1576 adhunc
1804 1507 1998 1562 librum
2029 1515 2185 1561 nota-

593 1579 1073 1633 vitceleberrimus
1100 1577 1397 1646 Basnagius
1410 1575 1550 1631 tom.
1578 1575 1618 1630 ll
1640 1576 1792 1633 Lect.
1812 1579 2177 1648 antiquarum,

591 1663 717 1720 pag.
745 1649 872 1714 488,
897 1658 1008 1705 not.
1047 1667 1066 1700 ι
1101 1649 1222 1703 Alia
1251 1648 1552 1720 dialectica,
1571 1648 1765 1720 inquit,
1797 1652 1911 1704 sive
1937 1648 2076 1702 alius
2099 1655 2183 1720 est

593 1717 992 1789 de’Categoriis
1020 1720 1156 1775 liber
1191 1734 1258 1773 ex
1299 1717 1606 1789 Aristotele
1627 1719 1695 1789 ab
1719 1719 1916 1774 Albino
1954 1717 2183 1773 transla-

595 1798 682 1845 tus
710 1803 733 1830 ι
757 1787 902 1862 apud
932 1807 1017 1845 me
1044 1807 1144 1846 ms.
1175 1804 1337 1860 quem
1371 1787 1565 1844 Carolo
1595 1787 1789 1862 Magno
1811 1790 1916 1845 hoc
1942 1789 2098 1845 titulo
2125 1797 2180 1845 et

594 1861 838 1918 carmine
864 1862 1111 1917 inscribit
1145 1879 1158 1912 :
1197 1881 1216 1913 ι

592 1953 847 2027 Alcuinus
889 1956 1139 2027 magister
1163 1974 1190 2010 e
1218 1957 1457 2027 partibus
1495 1954 1722 2027 Scythite
1766 1956 2039 2013 deueniens
2083 1957 2181 2012 Itas

663 2024 1058 2097 Categoriasab
1085 2024 1362 2081 Aristotele
1383 2024 1684 2082 Grecorum
1719 2045 1958 2082 sermone
1986 2030 2177 2097 editus,

662 2095 851 2168 etpost
877 2097 1268 2168 arb_Augustino
1295 2097 1498 2152 Latinis
1531 2097 1722 2152 litteris
1755 2098 2047 2154 elucidatas
2076 2095 2180 2153 Caé

663 2112 713 2149 et
771 2112 851 2150 ost
877 2112 940 2149 ao
979 2112 1268 2168 augustino
1295 2112 1498 2152 Lamus
1531 2112 1722 2152 tuteris
1755 2112 2047 2154 etucsuatas
2076 2112 2105 2153 ι

663 2112 777 2221 ro];
807 2167 916 2238 regi
935 2165 1270 2222 Francorum
1295 2184 1413 2222 cum
1438 2169 1519 2223 his
1554 2170 1781 2224 versibus
1807 2169 2105 2224 destinavit.

593 2257 849 2314 Continet
880 2259 986 2313 iste
1008 2259 1194 2314 decem
1221 2268 1430 2316 naturae
1461 2262 1625 2316 verba
1648 2260 1878 2327 libellus,

593 2349 724 2416 Quae
741 2350 857 2422 jam
893 2349 1061 2405 verba
1086 2358 1292 2417 tenent,
1323 2367 1506 2408 rerum
1538 2353 1749 2409 ratione
1779 2351 2066 2423 stupenda,

593 2440 768 2497 Omne
796 2441 942 2512 quod
969 2441 1025 2496 in
1063 2451 1305 2499 nostrum
1326 2444 1528 2514 poterit
1553 2444 1841 2498 decurrere
1865 2459 2105 2520 sensum.

591 2532 697 2600 Qui
725 2532 874 2605 legit,
905 2533 1180 2606 ingenium
1207 2543 1451 2591 veterum
1477 2535 1725 2590 mirabile
1757 2535 1960 2604 laudet,

590 2622 770 2692 Atque
794 2639 953 2678 suum
976 2624 1194 2680 studeat
1217 2626 1311 2681 tali
1334 2641 1590 2684 exercere
1615 2627 1820 2696 labore,

593 2713 879 2770 Exornans
915 2715 1086 2772 titulis
1113 2717 1240 2772 vitae
1273 2717 1398 2774 data
1427 2725 1671 2789 tempora
1692 2720 1954 2776 honestis.

590 2808 749 2865 ilunc
776 2808 1080 2878 Augustino
1103 2809 1308 2882 placuit
1337 2811 1636 2866 transferre
1662 2811 1927 2883 magistro

591 2898 670 2954 De
697 2907 940 2956 veterum
965 2903 1114 2973 gazis
1142 2901 1454 2958 Graecorum
1474 2901 1626 2959 clave
1653 2901 1845 2961 Latina
1876 2922 1893 2960 :

590 2991 765 3059 Quem
790 2991 888 3046 tibi
918 3007 1038 3058 rex,
1071 3007 1299 3063 magnus
1326 2993 1532 3064 sophia:
1558 3001 1815 3062 sectator,
1833 3004 2067 3065 amator,

588 3082 815 3139 Munere
840 3084 932 3154 qui
960 3085 1056 3140 tali
1094 3085 1316 3156 gaudes,
1343 3085 1505 3142 modo
1536 3087 1694 3141 mitto
1718 3086 2026 3159 legendus.

2204 3165 2252 3226 C

2289 540 2568 611 losophia?
2593 571 2666 582 ——
2694 544 2760 596 Α.
2784 543 2866 601 Ab
2903 559 3090 600 amore
3115 546 3411 616 sapientiae.
3446 545 3604 620 [Nam
3631 547 3893 619 philoso-

2288 631 2415 699 phia
2437 647 2594 686 amor
2619 641 2705 688 est
2733 635 3054 709 sapientia].
3082 636 3259 693 Graeci
3291 637 3470 709 philoa
3496 639 3676 715 (φασιν)
3715 656 3888 699 amo-

2290 739 2435 789 rem,
2465 725 2701 797 sophiam
2731 729 2949 803 (σοφίαν)
2976 731 3299 802 sapientiam
3326 742 3546 791 vocant.

2358 814 2420 870 ϐ.
2454 815 2552 872 Dic
2594 819 2712 888 ejus
2747 834 2965 892 quoque
3011 822 3402 880 denitionem.
3429 825 3588 880 —-A.
3618 826 3888 884 Philoso-

2286 909 2412 980 phia
2440 918 2526 965 est
2563 921 2881 967 naturarum
2927 915 3207 987 inquisitio
3233 956 3249 983 ,
3279 932 3462 974 rerum
3500 919 3882 977 humanarum

2286 998 2699 1072 divinarumque
2745 1004 3016 1074 cognitio,
3047 1014 3308 1076 quantum
3355 1008 3562 1064 homini
3610 1011 3885 1081 possibile
3921 1028 3924 1030 ‘

2285 1097 2366 1143 est
2389 1091 2679 1147 aestimare.
2704 1094 2800 1148 Est
2823 1109 3039 1166 quoque
3053 1096 3389 1171 philosophia
3405 1100 3663 1157 honestas
3688 1100 3876 1174 [Elin

2287 1182 2607 1254 honestitas]
2649 1184 2793 1250 vitaz,
2844 1186 3079 1242 studium
3124 1187 3262 1245 bene
3308 1191 3541 1257 vivendi,
3589 1193 3884 1250 meditatio

2286 1274 2499 1339 mortis,
2535 1283 2879 1346 contemptus
2928 1277 3150 1346 saeculi;
3197 1281 3345 1350 quod
3398 1283 3570 1355 magis
3613 1285 3886 1340 convenit

2285 1361 2629 1430 Christianis,
2651 1366 2745 1435 qui
2776 1367 2960 1424 saeculi
2989 1371 3284 1428 ambitione
3322 1373 3528 1430 calcata
3555 1372 3882 1448 disciplina-

2283 1453 2378 1509 hili
2417 1454 2770 1511 similitudine
2797 1455 2994 1515 futurae
3021 1463 3212 1531 patriae
3239 1464 3445 1519 vivunt.

2354 1544 2415 1601 C.
2449 1546 2526 1602 Ex
2556 1563 2662 1619 qua
2683 1551 2910 1608 materia
2946 1556 3195 1611 constat?
3219 1587 3290 1598 —
3309 1557 3376 1612 Α.
3398 1555 3639 1616 Scientia
3667 1569 3724 1618 et
3749 1563 3884 1635 opl-

2283 1637 2445 1694 nione
2474 1637 2651 1711 [Mss.,
2682 1643 3023 1713 opinatione;
3074 1655 3130 1702 et
3157 1647 3323 1718 infra,
3375 1651 3662 1726 opinatio].
3703 1683 3778 1697 -
3800 1652 3876 1712 ϐ.

2284 1727 2523 1786 Scientia
2550 1732 2681 1803 quid
2719 1734 2837 1789 est?
2864 1766 2936 1778 —
2960 1736 3026 1790 Δ.
3066 1735 3304 1795 Scientia
3330 1747 3415 1796 est
3458 1755 3585 1798 cum
3631 1757 3719 1800 res
3766 1744 3878 1801 ali-

2208 1809 2258 1872 B
2281 1835 2388 1890 qua
2415 1829 2565 1877 certa
2603 1824 2813 1881 ratione
2836 1828 3153 1898 percipitur,
3176 1837 3259 1896 ut,
3293 1829 3512 1902 eclipsis
3536 1833 3668 1890 solis
3710 1833 3878 1891 qua-

2283 1913 2359 1967 ris
2395 1913 2640 1984 corporis
2683 1915 2898 1988 obiectu
2943 1926 3048 1973 est.
3094 1948 3169 1960 -
3207 1917 3269 1973 C.
3321 1918 3517 1991 Opinio
3551 1923 3681 1994 quid
3736 1926 3877 1980 est?

2279 2030 2352 2042 --
2375 2003 2441 2058 Δ.
2470 2002 2667 2075 Opinio
2693 2015 2797 2072 est,
2823 2021 2948 2062 eum
2971 2007 3182 2064 incerta
3218 2024 3311 2066 res
3338 2010 3472 2068 latet
3515 2020 3572 2067 et
3598 2011 3746 2070 nulla
3771 2013 3874 2070 ﬁr-

2281 2110 2370 2149 ma
2401 2097 2609 2152 ratione
2639 2096 2860 2153 diliiniri
2888 2108 3086 2172 potest,
3130 2108 3205 2163 ut,
3233 2103 3550 2174 magnitudo
3585 2105 3709 2162 ccli
3728 2148 3744 2172 ,
3777 2107 3871 2164 vel

2279 2184 2618 2254 profunditas
2655 2197 2834 2245 terra.
2885 2221 2958 2232 —
2997 2189 3058 2246 C.
3116 2190 3176 2246 in
3225 2202 3357 2263 quot
3386 2192 3540 2266 μη,
3592 2195 3650 2252 in
3697 2196 3869 2270 quas]

2279 2287 2461 2350 partes
2487 2280 2747 2337 dividitur
2789 2281 3167 2354 philosophia?
3208 2313 3282 2327 --
3307 2285 3373 2340 Α.
3401 2285 3459 2341 ln
3487 2297 3599 2344 tres
3627 2301 3644 2344 :
3674 2289 3870 2362 physi-

2279 2387 2421 2439 cam,
2466 2376 2723 2441 ethicam,
2776 2375 3126 2449 logicam.-—
3153 2375 3215 2434 C.
3263 2379 3391 2437 Hec
3429 2395 3645 2453 quoque
3691 2384 3872 2440 latino

2278 2479 2376 2522 ore
2401 2480 2659 2536 exprome
2680 2466 2812 2540 [Αι.,
2843 2484 3073 2539 expone.
3107 2499 3180 2511 —
3209 2471 3275 2524 A.
3308 2471 3540 2543 Physica
3572 2482 3660 2530 est
3702 2483 3876 2531 natu-

2281 2558 2431 2624 ralis,
2477 2559 2656 2616 ethica
2711 2561 2968 2630 moralis,
3003 2562 3179 2634 logica
3225 2563 3524 2621 rationalis.
3550 2564 3707 2621 κϐ.
3736 2564 3873 2624 OB-

2280 2651 2362 2706 eia
2393 2650 2723 2724 singularum
2769 2654 3072 2725 specierum
3098 2655 3295 2728 pande.
3341 2687 3414 2699 -
3450 2656 3518 2713 Α.
3549 2657 3610 2715 lu
3634 2660 3869 2733 physica

2280 2743 2444 2816 igitur
2479 2759 2640 2801 causa
2677 2747 2976 2817 quaerendi,
3023 2746 3077 2804 in
3114 2747 3295 2806 ethice
3335 2750 3472 2807 ordo
3517 2750 3755 2820 vivendi,
3802 2755 3864 2811 in

2280 2835 2452 2908 logica
2482 2838 2622 2892 ratio
2651 2837 2982 2911 intelligendi
3003 2846 3274 2896 versatur.

2334 2927 2395 2983 C.
2411 2927 2467 2983 ln
2479 2938 2613 3001 quot
2625 2930 2833 3002 species
2848 2930 3070 3004 physica
3088 2933 3514 2990 dividitur?——A.
3531 2934 3591 2992 In
3601 2945 3866 3006 quatuor:

2281 3021 2702 3089 arithmeticam,
2732 3021 3110 3094 geometriam,
3133 3026 3420 3093 musicam,
3450 3029 3866 3085 minium.

2281 3144 2350 3154 -—
2374 3110 2435 3169 C.
2475 3111 2531 3169 In
2560 3122 2695 3186 quot
2713 3123 2897 3186 partes
2924 3113 3183 3174 dividltur
3205 3113 3419 3175 ethica'l
3443 3149 3518 3160 -—
3540 3120 3605 3174 A.
3649 3119 3709 3176 in
3731 3137 3871 3193 qua-

642 3237 656 3252 .
691 3237 706 3253 .
740 3239 774 3280 ._
790 3217 825 3280 t_
839 3198 944 3280 Sed
975 3199 1276 3280 gategoriae
1307 3201 1410 3280 illae
1437 3202 1646 3280 decem
1670 3201 1971 3280 Augustino
2014 3204 2179 3280 tribui
2205 3198 2252 3226 “
2287 3213 2408 3260 tuor
2430 3218 2646 3277 quoque
2685 3221 2698 3261 :
2731 3205 3110 3278 prudentiam,
3127 3209 3422 3278 justitiam,
3449 3209 3823 3269 fortitudinem
3848 3253 3869 3280 ,

589 3284 701 3324 non
740 3269 957 3325 debent.
991 3271 1057 3324 Et
1083 3269 1269 3327 revera
1317 3271 1647 3328 Benedictini
1679 3269 2006 3330 acutissimas
2033 3277 2181 3331 naris

589 3340 646 3392 in
674 3338 1070 3421 distinguendis
1102 3343 1352 3414 genuinis
1399 3342 1684 3421 Augustini
1715 3346 1987 3421 _operibus
2031 3346 2086 3400 in
2117 3363 2179 3421 ea

588 3412 1058 3534 Braestantissima,
1089 3412 1254 3481 quam
1284 3412 1568 3478 curarunt,
1599 3412 1853 3479 editione,
1885 3431 1992 3471 non
2021 3417 2182 3473 modo

640 3479 938 3534 ialecticam
977 3492 1034 3534 et
1059 3482 1372 3534 Cateuorias
1413 3499 1478 3534 ex
1526 3485 1816 3534 Aristotele
1847 3487 2174 3534 desumutas-

640 3479 938 3557 ialecticam
977 3492 1034 3536 et
1059 3479 1372 3557 categorias
1413 3485 1816 3557 ex_Aristotele
1847 3487 2176 3557 desumptas,

589 3551 688 3629 sed
726 3561 782 3629 et
826 3551 1247 3629 Grammaticafn
1276 3563 1336 3609 ut
1380 3565 1435 3629 et
1483 3555 1834 3629 Rhetoricam
1879 3551 2182 3629 Augustino

589 3619 993 3695 abjudicarunt,
1030 3632 1087 3678 et
1113 3625 1167 3678 in
1194 3626 1546 3695 appendicem
1584 3629 1713 3684 tomi
1744 3628 1766 3684 Ι
1804 3643 1928 3684 cum
1966 3619 2181 3684 ‘éazteris

589 3692 847 3767 operibus
875 3696 1076 3767 spuriis
1108 3692 1432 3767 rejecérunt.
1475 3718 1493 3750 ι

663 3762 775 3840 Nec
795 3764 861 3840 de
884 3762 1242 3840 versibushic
1273 3768 1560 3840 descriptis
1581 3781 1792 3826 certum
1823 3771 2044 3826 omnino
2072 3780 2176 3836 est,

589 3850 720 3889 num
743 3835 978 3912 habeant
999 3835 1286 3912 AlcuinAum
1313 3835 1613 3912 auctorem,
1645 3844 1893 3912 quamvis
1919 3841 2063 3898 illius
2084 3835 2181 3897 noé

589 3920 714 3960 men
745 3906 801 3960 in
839 3903 1019 3961 fronte
1067 3906 1320 3977 pmeferat
1350 3911 1524 3966 codex
1599 3903 1790 3967 'ui'dam
1837 3921 2181 3983 pervetustus

590 3974 1171 4034 Sanct—Germanensis
1196 3978 1280 4034 his
1319 3982 1498 4036 verbis
1530 4000 1541 4036 :
1569 3928 1834 4036 Ἱδνοιοσιιε
1863 3982 2072 4036 Aleuim'
2109 3987 2179 4036 ad

590 3974 1171 4054 §anc_t-Germanensis
1196 3978 1280 4034 his
1319 3982 1498 4054 verbis
1530 4000 1541 4036 :
1574 3974 2072 4054 Prologus-Alsium
2093 3987 2179 4054 iud

589 4043 841 4126 gerulum
863 4047 1336 4126 Augustum_s§per
1356 4048 1663 4126 Calegorias
1687 4043 1854 4126 σαλειρ
1878 4053 2175 4126 Augustini.

591 4117 730 4173 Vide
756 4117 1081 4189 appendices
1114 4121 1184 4176 ad
1206 4117 1383 4192 Opera
1407 4117 1583 4179 sancti
1617 4125 1922 4195 Augustini.

1141 4235 1303 4308 335
1331 4236 1605 4294 vsusus

594 4325 679 4383 Ile
707 4326 845 4398 lege,
873 4327 964 4397 qui
995 4337 1240 4383 veterum
1269 4330 1457 4399 cupias
1483 4345 1816 4401 cognoscere
1843 4347 2059 4403 sensus,

664 4417 746 4472 Ile
770 4420 1080 4489 quicunque
1105 4421 1271 4489 capit,
1310 4421 1616 4479 rusticitate
1647 4434 1822 4482 caret.

592 4511 728 4566 Nolo
763 4527 918 4567 meus
945 4512 1116 4567 lector
1141 4514 1322 4584 segnis
1343 4515 1434 4581 sit,
1456 4515 1582 4571 nolo
1611 4520 1897 4588 superbus,

663 4603 852 4658 Devoti
873 4612 929 4658 et
953 4603 1173 4661 humilis
1195 4607 1433 4675 pectoris
1461 4619 1614 4663 antra
1646 4610 1782 4666 colo.

591 4695 703 4753 Has
730 4713 862 4769 rogo
887 4697 1103 4752 divitias
1139 4698 1345 4771 sophia:
1371 4715 1478 4756 non
1511 4708 1719 4756 temnat
1745 4712 1980 4770 amator,

664 4793 858 4848 Navita
889 4807 1030 4863 quas
1052 4791 1227 4864 pelagi
1254 4801 1437 4861 portat
1463 4793 1534 4849 ab
1560 4796 1692 4850 orbe
1712 4811 1830 4852 suo.

1106 4883 1335 4940 CAPUT
1372 4885 1663 4942 PRIMUM.

861 4975 926 5012 DE
962 4971 1310 5013 PHILOSOPBIA
1350 4973 1418 5011 ΕΤ
1458 4973 1725 5014 Ρλιτιιιος
1759 4976 1900 5017 usus.

661 5049 907 5108 Carolus.
947 5049 1083 5129 Quia
1130 5049 1459 5106 mentionem
1505 5051 1856 5123 philosophia:
1903 5056 1956 5110 in
1994 5059 2180 5127 priore

593 5140 974 5214 disputationis
1004 5148 1203 5195 nostra:
1245 5154 1497 5194 sermone
1549 5140 1781 5198 fecimus
1817 5142 1993 5216 [Edit.
2043 5145 2182 5201 λιθι-

594 5233 775 5298 tlteri.,
805 5231 932 5302 quia
960 5233 1290 5287 mentionem
1314 5231 1366 5286 in
1391 5232 1560 5302 priori
1581 5233 1944 5303 disputatione
1969 5237 2038 5292 de
2062 5241 2182 5310 phi-

593 5311 839 5397 losophia
881 5339 1131 5379 sermone
1185 5332 1372 5379 nostro
1417 5322 1692 5398 fecimus],
1742 5324 1963 5383 videtur
1989 5332 2167 5386 condi.

593 5431 780 5488 gnum,
813 5415 1090 5486 magister,
1123 5423 1183 5470 ut
1206 5414 1479 5484 aliquanto
1503 5416 1698 5489 latipre
1719 5418 2065 5489 indagatione
2113 5423 2181 5478 de

592 5523 659 5565 ea
691 5507 968 5576 disputare
1011 5507 1354 5575 incipiamus.
1383 5539 1453 5550 -—
1482 5507 1727 5563 Albinus.
1768 5509 2075 5579 Faciamus,
2105 5514 2178 5569 si-

591 5599 705 5657 cuti
756 5606 861 5654 tua:
905 5598 1119 5653 videtur
1171 5597 1326 5672 μαι,
1351 5599 1621 5674 videatur]
1659 5603 1937 5671 sapientiae
1986 5608 2178 5664 condi-

2281 3297 2715 3366 temperantiam,
2738 3305 2810 3339 —‘-
2831 3295 2894 3353 C.
2925 3297 3120 3372 Logica
3151 3302 3207 3355 in
3251 3310 3385 3372 quot
3427 3303 3640 3372 species
3673 3302 3872 3359 dividi-

2281 3387 2411 3441 tur?
2439 3419 2509 3431 ——
2533 3389 2600 3444 Α.
2630 3387 2688 3445 In
2737 3391 2893 3457 duas,
2926 3393 2983 3448 in
3025 3392 3366 3450 dialecticam
3409 3403 3468 3450 et
3512 3391 3866 3453 rhetoricam.

2279 3478 2336 3535 In
2383 3480 2469 3537 his
2505 3483 2703 3554 quippe
2749 3485 3045 3555 generibus
3084 3485 3256 3542 tribus
3298 3487 3655 3562 philosophiae
3695 3488 3866 3547 etiam

2278 3572 2495 3644 eloquia
2530 3575 2710 3632 divina
2733 3575 3061 3632 consistunt.

2351 3683 2411 3740 ϐ.
2440 3685 2904 3754 ρυοηιοάοῖ-Α,
2925 3687 3057 3747 Nam
3083 3697 3176 3750 aut
3197 3693 3264 3750 de
3285 3700 3478 3752 natura
3491 3695 3870 3768 disputareso-

2278 3774 2410 3842 lent,
2425 3775 2554 3832 utin
2573 3777 2773 3836 Genesi
2785 3789 2841 3837 et
2861 3781 2916 3837 in
2939 3779 3299 3852 Ecclesiaste;
3318 3787 3497 3843 autde
3523 3785 3782 3854 moribus,
3805 3798 3870 3845 ut

2280 3867 2334 3921 in
2360 3864 2672 3925 Proverbiis
2711 3879 2765 3927 et
2789 3869 2846 3928 in
2875 3871 3128 3931 omnibus
3169 3873 3399 3948 sparsim
3432 3873 3616 3945 libris;
3649 3885 3744 3935 aut
3797 3879 3868 3938 de

2279 3956 2473 4029 logica,
2495 3971 2596 4029 pro
2619 3972 2726 4030 qua
2755 3961 2925 4018 nostri
2956 3961 3318 4038 theologicam
3354 3962 3461 4024 sibi
3486 3963 3778 4037 vindicant,
3804 3979 3867 4028 ut

2279 4049 2333 4105 in
2357 4046 2596 4106 Canticis
2619 4052 2955 4110 canticorum
2995 4064 3051 4112 et
3077 4066 3268 4113 sancto
3295 4058 3608 4131 Evangelia.

2269 4190 2274 4195 .
2349 4138 2411 4197 C.
2443 4141 2768 4214 Theologica
2791 4143 2923 4216 quid
2946 4145 3064 4202 est?
3087 4178 3159 4190 -—
3178 4148 3245 4204 Α.
3273 4149 3598 4224 Tbeologica
3616 4162 3722 4219 est,
3745 4169 3866 4224 qua

2278 4232 2471 4290 Latine
2497 4234 2796 4307 inspectiva
2819 4237 3036 4305 dicitur,
3089 4253 3199 4313 qua
3236 4245 3577 4316 supergressi
3629 4246 3864 4302 visibilis

2280 4327 2348 4382 de
2370 4327 2567 4386 divinis
2609 4339 2664 4386 et
2718 4332 3032 4391 cmicstihus
3061 4333 3264 4405 aliquid
3293 4344 3477 4393 mente
3509 4338 3684 4395 solum
3735 4353 3865 4394 con-

2279 4421 2623 4493 templamur.
2654 4423 2792 4481 Nam
2818 4436 2876 4482 et
2901 4428 2956 4483 in
2978 4429 3077 4485 has
3116 4442 3334 4500 quoque
3353 4431 3492 4487 duas
3527 4440 3714 4503 partes
3743 4433 3867 4503 phi-

2204 4525 2259 4588 ι)
2281 4512 2525 4584 losophia
2558 4529 2693 4572 vera
2719 4517 2999 4585 dividitur,
3030 4521 3087 4577 id
3106 4529 3212 4587 est,
3236 4521 3293 4576 in
3317 4523 3671 4596 inspectivam
3697 4533 3755 4582 et
3775 4541 3866 4582 ac-

2288 4608 2506 4664 tualem.

2356 4701 2419 4757 ε.
2443 4701 2687 4760 Actualis
2727 4719 2848 4776 quae
2881 4707 3001 4762 est?
3037 4736 3116 4749 —
3139 4708 3204 4762 Δ.
3242 4708 3484 4766 Actualis
3508 4718 3612 4779 est,
3647 4726 3768 4783 qua
3809 4711 3864 4768 in

2286 4796 2690 4866 operationibus
2707 4799 2833 4856 huic
2851 4801 2980 4858 vitae
3000 4800 3218 4857 mortali
3243 4804 3568 4862 necessariis
3597 4805 3861 4863 consistit.

2287 4884 2393 4940 Per
2442 4886 2583 4943 hanc
2638 4888 2804 4958 igitur
2853 4890 3046 4947 modus
3083 4888 3264 4964 [Hss.,
3304 4892 3446 4967 mos]
3480 4896 3739 4951 honestus
3781 4894 3863 4951 vi-

2285 4975 2444 5032 vendi
2489 4979 2760 5048 appetitur
2792 4989 2868 5036 et
2913 4981 3160 5036 instituta
3210 4983 3280 5038 ad
3312 4985 3545 5041 virtutes
3592 4985 3863 5042 tendentia

2286 5076 2639 5133 exercentur;
2663 5083 2763 5136 per
2784 5068 2934 5124 illam
2954 5084 3086 5126 vero
3107 5070 3250 5128 Deus
3278 5081 3510 5139 amatur,
3539 5088 3634 5144 spe
3657 5081 3712 5130 et
3761 5074 3864 5132 ﬁde

2287 5157 2504 5212 colitur.
2547 5188 2620 5199 σ-
2656 5158 2717 5212 C.
2749 5158 2882 5227 Quis
2905 5170 3008 5227 est,
3047 5163 3137 5233 qui
3159 5164 3725 5237 philosophia:[£dit.,
3747 5165 3865 5237 phi-

2288 5247 2612 5324 losophiam]
2657 5252 2941 5307 detrahere
2970 5252 3186 5309 audeat.
3212 5285 3286 5296 -—
3329 5255 3395 5310 Α.
3420 5255 3607 5312 Nullus
3633 5258 3860 5329 sapiens.

2286 5369 2361 5384 -—-
2384 5338 2445 5395 ϐ.
2476 5341 2614 5397 Vere
2657 5343 2835 5398 nullus
2863 5345 3099 5414 sapiens.
3127 5344 3234 5401 Sed
3267 5361 3556 5418 pergamus
3594 5347 3662 5402 ad
3710 5348 3868 5405 diale-

2285 5426 2440 5484 ctica:
2468 5430 2603 5486 artis
2626 5431 3030 5501 inquisitionem
3058 5433 3195 5507 [Al.,
3235 5436 3640 5508 quaestionem].
3670 5438 3738 5493 Et
3762 5437 3867 5508 pri-

2285 5533 2434 5575 mum
2458 5522 2568 5589 dic,
2598 5523 2728 5593 quid
2743 5526 2815 5580 sit
2837 5525 3156 5584 dialectica?
3182 5557 3253 5568 ——
3267 5529 3330 5581 Α.
3351 5529 3639 5585 Dialectica
3655 5537 3738 5585 est
3756 5529 3863 5585 dis-

2289 5610 2486 5681 ciplina
2511 5615 2790 5670 rationalis
2819 5618 3116 5687 quaarendi,
3141 5617 3436 5675 diliiniendi
3463 5629 3519 5675 et
3545 5617 3863 5686 disserendi,

667 5730 693 5756 ι
734 5714 1058 5802 Ali/ilcuino
1095 5713 1671 5802 tqa'nslptits.ni'allitur.
1721 5732 1787 5772 ex
1820 5717 2208 5802 inadvertentia
2245 5723 2327 5779 vir
2397 5725 2608 5784 doctus.
2655 5727 2845 5786 Dicere
2890 5730 3037 5787 enim
3081 5731 3343 5800 debebat;
3390 5749 3410 5786 ί
3456 5731 3524 5789 ab
3571 5731 3864 5802 Augustino

595 5787 910 5851 translatus,
933 5801 1092 5856 quem
1121 5785 1379 5844 Alcuiuus
1407 5784 1601 5842 Carolo
1623 5786 1879 5859 Magno...
1909 5790 2173 5848 inscribit.
2191 5813 2207 5846 ι
