4090 6518
379 342 484 401 953
1362 355 1834 415 DIDASCALICA.
1876 391 1945 400 —-
1984 362 2072 418 DE
2114 364 2542 426 DIALEC'I'ICA.
3533 382 3643 443 95‘

375 461 542 516 ctiam
559 467 616 515 et
635 475 762 517 vera
793 478 823 516 a
851 461 1001 520 falsis
1025 465 1366 524 discernendi
1389 480 1597 542 potens.
1615 503 1684 513 —-
1705 469 1765 527 C.
1799 471 1951 528 Unde
1980 480 2025 535 Α
2056 476 2256 534 risibile
2277 489 2381 547 est,
2408 483 2574 538 homo
2603 492 2704 540 est.
2739 485 2806 541 Et
2833 487 2949 545 haec
2974 490 3361 551 circumversio
3386 511 3640 555 necessa-

377 551 518 610 dicta
555 561 640 612 εει
671 552 988 612 dialectica?
1017 589 1088 597 —
1131 558 1194 613 Α.
1223 559 1378 617 Dicta
1401 572 1485 618 est
1505 565 1808 629 dialectica,
1831 567 1957 636 quia
2059 569 2137 624 ria
2185 571 2400 628 dicitur.
2457 575 2568 632 Nec
2605 578 2681 634 ita
2728 580 2989 638 rationale
3038 584 3385 643 circumverti
3433 601 3629 662 potest.

378 640 433 701 in
464 658 532 701 ea
561 645 631 702 de
657 645 816 704 dictis
854 649 1176 719 disputatur.
1201 651 1336 708 Nam
1382 653 1554 710 lecton
1583 654 1760 731 [λέξις]
1790 659 1957 715 dictio
2055 658 2248 717 Dicere
2295 680 2424 721 vero
2464 681 2751 738 possumus
2783 691 2796 727 :
2821 672 3094 745 Quidquid
3121 640 3637 748 homo-vesgrrati;

372 733 597 793 dicitur.
2055 753 2177 808 nale
2213 764 2329 823 est;
2363 733 2668 817 nec'tamen
2694 733 2959 823 converso
2979 733 3172 825 ordine
3204 788 3218 825 :
3250 733 3524 844 Quidquid
3546 790 3638 831 ra-

443 830 610 903 336
630 829 693 888 ο.
722 831 863 901 Quid
883 834 1136 892 estinter
1157 837 1498 895 dialecticam
1518 848 1575 897 et
1591 841 1956 899 rhetoricam?
2053 844 2252 901 tionale
2295 858 2400 915 est,
2423 851 2586 906 homo
2614 863 2695 908 est
2725 870 2740 920 ;
2771 857 2898 926 quia
2928 859 3104 930 angeli
3149 829 3448 920 rationales
3484 874 3629 934 sunt,

369 949 442 963 ο-
466 921 534 977 Α.
560 923 858 982 Dialectica
893 936 950 982 et
975 928 1246 986 rhetorica
1276 939 1378 993 est,
1406 932 1551 1003 quod
1586 932 1638 988 in
1665 949 1831 989 manu
1857 936 1952 991 ho-
2050 949 2159 990 non
2206 944 2388 994 tamen
2412 940 2662 1000 homines
2697 921 2842 1002 sunt.

370 1015 534 1070 minis
567 1031 778 1088 pugnus
805 1020 1064 1081 astrictus
1093 1030 1150 1077 et
1185 1024 1362 1093 palma
1386 1024 1619 1081 distenta
1645 1024 1841 1098 [Edit.,
1871 1027 1953 1083 di-
2120 1026 2182 1084 (ἔ.
2214 1029 2354 1098 Quid
2380 1043 2463 1089 est
2487 1037 2771 1094 accidens?
2789 1069 2863 1080 -—
2885 1042 2950 1096 Α.
2981 1043 3250 1103 Accidens
3266 1056 3352 1103 est
3370 1050 3634 1122 quidquid

368 1108 598 1181 stensa].
628 1109 722 1167 illa
771 1110 925 1169 brevi
976 1116 1224 1171 oratione
1249 1127 1568 1188 argumenta
1597 1116 1731 1192 [ΑΙ.,
1785 1128 1843 1175 ει
1866 1137 1951 1176 ar-
2049 1121 2248 1177 accidit
2271 1123 2356 1179 vel
2380 1129 2585 1183 recedit
2610 1139 2810 1200 praeter
2836 1135 3154 1194 substantiae
3203 1108 3630 1213 corruptionem,

367 1203 648 1277 gumento]
679 1204 977 1275 concludit;
1018 1207 1120 1265 ista
1148 1224 1248 1281 per
1281 1207 1548 1269 facundiae
1588 1227 1810 1285 campos
1855 1231 1950 1271 co-
2046 1219 2108 1268 ut
2138 1214 2287 1270 color
2312 1219 2572 1276 candidus
2595 1223 2681 1276 vel
2718 1223 2871 1295 uiger
2891 1234 3056 1294 stare,
3079 1229 3164 1286 vel
3181 1203 3387 1302 jacere,
3418 1203 3630 1291 esurire

366 1294 522 1365 pioso
557 1312 810 1355 sermone
853 1301 1131 1358 discurrit.
1161 1299 1258 1357 Illa
1281 1300 1447 1359 verba
1484 1304 1790 1373 contrahit;
1837 1304 1942 1361 ista
2045 1303 2130 1359 vel
2150 1306 2371 1373 satiari,
2401 1318 2458 1364 et
2484 1322 2682 1368 caetera
2705 1294 2854 1370 talia.
2887 1315 3027 1373 Sunt
3055 1294 3271 1392 quatiue
3300 1294 3628 1390 accidentia.

364 1391 647 1451 distendit.
690 1394 982 1453 Dialectica
1028 1396 1294 1469 siquidem
1336 1398 1403 1454 ad
1448 1399 1801 1457 inveniendas
1851 1416 1942 1457 res
2041 1406 2163 1463 (lu-'1'
2181 1395 2263 1451 Sic
2287 1398 2538 1454 αοεὶάῑιῐιι
2567 1398 2751 1474 [Μηον
2798 1407 3108 1481 accedunt].
3152 1391 3214 1465 ut
3254 1413 3472 1482 penitus
3517 1427 3629 1471 non

363 1485 603 1553 acutior;
653 1487 924 1544 rhetorica
958 1490 1026 1545 ad
1049 1490 1297 1547 inventas
1327 1489 1583 1548 dicendas
1628 1489 1936 1549 facundior.
2040 1487 2317 1555 recedant,
2354 1498 2415 1545 ιιι
2439 1495 2740 1562 proceritas
2777 1497 2861 1554 vel
2902 1499 3142 1557 brevitas
3169 1503 3226 1557 in
3265 1520 3517 1576 corpore,
3568 1516 3629 1564 et

360 1575 457 1633 Illa
480 1594 634 1637 raros
660 1590 718 1637 et
745 1581 1017 1639 studiosos
1043 1582 1308 1656 requirit;
1341 1586 1460 1642 hinc
1486 1585 1799 1657 frequenter
1820 1604 1939 1658 pro-
2037 1588 2256 1648 cmtera,
2281 1596 2403 1652 quae
2425 1583 2480 1639 in
2508 1585 2735 1656 singulis
2756 1603 2971 1662 quoque
2992 1593 3252 1651 membris
3293 1575 3628 1669 inseparabi-

358 1669 508 1727 cedit
537 1672 593 1727 in
617 1674 824 1730 turbas.
855 1705 933 1715 —
962 1674 1023 1730 Ο.
1045 1673 1188 1742 Quot
1208 1685 1336 1732 sunt
1361 1677 1569 1747 species
1598 1677 1896 1738 dialectica

2037 1669 2164 1728 liter
2179 1673 2466 1744 aliquoties
2489 1679 2763 1744 accidunt,
2795 1691 2856 1737 ut
2883 1686 3124 1742 curvitas
3147 1687 3266 1744 nasi
3297 1687 3480 1763 [κει.
3527 1707 3626 1748 nae

357 1789 431 1802 -
450 1761 516 1817 Α.
545 1761 795 1836 Quinque
816 1766 1184 1838 principales:
1219 1766 1467 1841 isagogze,
1498 1772 1808 1844 categoria,
1831 1773 1937 1845 syl-

2037 1764 2162 1839 ris],
2183 1766 2414 1824 latitudo
2435 1771 2521 1826 vel
2547 1773 2793 1842 angustia
2826 1775 2940 1831 oris
2965 1778 3271 1836 rotunditas
3293 1779 3490 1854 [Edit.,
3536 1783 3624 1852 io-

356 1849 709 1923 logismomm
750 1855 995 1914 manu];
1014 1857 1115 1932 [et]
1169 1857 1536 1930 ἀίωηειίοηεε,
1585 1841 1786 1936 inpia,
1958 1841 2009 1905 Β
2036 1859 2310 1933 cunditas]
2339 1841 2642 1930 oculorum,
2669 1865 2955 1936 equalitas
2981 1841 3394 1942 superciliorum
3420 1841 3488 1931 et,
3515 1841 3622 1933 alia

355 1941 677 2002 riermeaie.

980 2039 1210 2099 CAPUT
1244 2041 1308 2098 11.

956 2146 1022 2188 DE
1061 2147 1265 2190 ιεΑεοσι
1271 2150 1319 2190 8.

431 2221 494 2278 C.
524 2220 656 2289 Quae
676 2231 804 2279 sunt
825 2222 1091 2296 isagogar?
1116 2256 1188 2266 -—
1216 2225 1280 2281 Α.
1309 2216 1532 2300 [sagoga
1569 2229 1771 2302 quippe
1815 2230 1927 2287 La-

351 2313 466 2369 tine
503 2311 829 2368 introductio
851 2313 1067 2370 dicitur.
1099 2345 1170 2357 --
1195 2313 1258 2371 C.
1286 2316 1427 2386 Quid
1461 2319 1731 2391 signiﬁcat
1759 2322 1926 2376 intro-

349 2404 570 2462 ductio?
587 2432 660 2444 —-
683 2403 746 2458 Α.
781 2403 1114 2462 introductio
1131 2415 1238 2474 est,
1279 2423 1402 2478 qua:
1445 2425 1662 2466 sensum
1680 2423 1924 2470 nostrum

346 2512 448 2570 per
472 2497 652 2554 varias
684 2498 976 2554 divisiones
1004 2513 1184 2555 rerum
1213 2502 1580 2558 communium
1602 2502 1669 2560 ad
1683 2506 1927 2576 proprie-

345 2596 513 2651 tatem
545 2588 831 2661 cujuslibet
861 2591 940 2646 rei
971 2590 1282 2648 introducit.

415 2678 478 2739 ε.
517 2681 649 2751 Quae
667 2689 796 2762 sunt
810 2691 995 2754 partes
1029 2681 1192 2752 eius?
1214 2715 1289 2727 —
1309 2687 1373 2743 Α.
1405 2685 1722 2763 [Quinque],
1767 2692 1922 2749 vide-

343 2772 471 2831 licet
497 2789 685 2846 gcnus,
713 2775 943 2846 species,
966 2774 1291 2845 diﬂ'erentia,
1322 2780 1595 2848 accidens,
1619 2783 1917 2853 proprium.

340 2898 413 2912 --
433 2867 497 2923 C.
525 2867 699 2923 Genus
722 2868 851 2939 quid
885 2867 1004 2925 est?
1033 2897 1106 2911 --
1134 2867 1199 2923 Α.
1223 2868 1408 2928 Genus
1430 2881 1516 2929 est
1541 2876 1760 2946 proprie
1780 2875 1924 2946 quod

339 2962 625 3032 speciebus
647 2961 871 3030 didert;
913 2969 970 3019 et
997 2961 1129 3033 quid
1151 2963 1228 3020 sit
1253 2979 1314 3022 ea
1344 2967 1668 3035 substantia,
1708 2969 1777 3026 de
1812 2984 1921 3040 qua

338 3058 557 3126 quaeris,
585 3059 857 3114 communi
893 3057 1159 3116 vocabulo
1185 3060 1440 3126 ostendit,
1467 3069 1526 3118 ut
1556 3060 1778 3120 animal.
1813 3061 1921 3121 Per

336 3148 581 3220 singulas
605 3149 750 3206 enim
772 3149 1003 3220 species,
1034 3146 1086 3206 id
1113 3157 1219 3218 est,
1250 3150 1506 3220 hominis,
1537 3152 1684 3223 equi,
1734 3152 1912 3219 bovis,

2039 1950 2229 2008 multa.

2108 2041 2170 2098 C.
2202 2041 2311 2101 llas
2338 2047 2576 2118 quinque
2600 2059 2786 2121 partes
2811 2067 2921 2125 uno
2941 2055 3183 2126 quolibet
3206 2059 3458 2132 exemplo
3485 2077 3620 2120 con-

2030 2131 2196 2206 iunge
2223 2132 2355 2208 [ΑΙ.,
2387 2135 2650 2213 declara].
2677 2172 2751 2184 —-
2771 2145 2835 2198 Α.
2862 2141 3039 2203 Genus
3067 2157 3171 2215 est,
3194 2159 3256 2206 ut
3283 2131 3488 2207 animal
3499 2162 3618 2218 ,°est

2033 2223 2180 2280 enim
2216 2228 2540 2285 vocabulum
2566 2235 2844 2304 generale,
2872 2251 3160 2295 commune
3209 2244 3452 2300 omnium
3500 2245 3618 2300 ani-

2032 2330 2178 2371 mam
2213 2315 2550 2376 habentium.
2578 2320 2789 2394 Species
2828 2336 2934 2393 est,
2990 2342 3053 2384 ut
3098 2330 3274 2387 homo.
3311 2330 3423 2390 Sua
3467 2337 3617 2392 enim

2032 2408 2266 2478 quadam
2295 2412 2476 2481 specie
2498 2424 2787 2484 separatur
2812 2433 2842 2473 a
2870 2422 3084 2478 caeteris
3109 2425 3498 2483 animantibus.
3545 2429 3618 2486 Et

2031 2507 2305 2569 genusest
2341 2507 2538 2567 totum,
2561 2511 2621 2558 ut
2646 2515 2795 2574 puta,
2827 2517 2937 2564 tota
2969 2509 3227 2581 viventia,
3259 2518 3510 2574 animalia
3533 2520 3616 2575 di-

2027 2591 2231 2658 cimus;
2257 2595 2467 2665 species
2486 2597 2704 2667 quidem
2733 2616 2863 2671 pars
2908 2611 3022 2672 est;
3068 2616 3149 2672 ut,
3199 2623 3327 2679 pars
3366 2613 3615 2680 quaedam

2029 2684 2340 2742 animalium
2371 2688 2533 2744 homo
2560 2701 2663 2746 est.
2687 2691 3000 2763 Diﬂ'erentia
3027 2707 3134 2764 est,
3161 2701 3443 2758 rationalis
3465 2719 3616 2760 mor-

2028 2771 2182 2839 talis;
2222 2774 2310 2830 his
2330 2777 2476 2830 enim
2509 2777 2737 2845 duobus,
2769 2789 2832 2835 ut
2859 2787 3109 2854 superius
3144 2787 3403 2856 diximus,
3425 2789 3612 2850 diﬂ'ert

2025 2861 2191 2919 homo
2211 2879 2240 2919 a
2259 2868 2470 2923 caeteris
2498 2870 2886 2928 animantibus.
2919 2871 3204 2946 Propriam
3227 2889 3311 2934 est
3351 2880 3606 2955 [ridere];

2025 2953 2154 3024 quia
2189 2956 2366 3012 ridere
2379 2966 2585 3032 praeter
2611 2962 2888 3020 hominem
2915 2965 3116 3023 nullius
3146 2972 3468 3029 naturaliter
3492 2953 3611 3032 ani-

2025 3043 2184 3102 malis
2205 3055 2290 3103 est
2316 3047 2446 3123 [Al.,
2476 3052 2683 3109 nullum
2710 3095 2724 3108 .
2752 3096 2768 3110 .
2799 3095 2815 3110 .
2841 3057 3042 3113 animal
3067 3061 3290 3135 potest].
3348 3064 3606 3124 Accidens

2024 3144 2130 3203 est,
2157 3145 2216 3192 ut
2238 3137 2386 3194 color
2414 3141 2469 3195 in
2523 3158 2771 3214 corpore,
2820 3146 3069 3203 doctrina
3116 3149 3172 3206 in
3223 3154 3426 3210 animo.
3476 3155 3606 3216 Haec

335 3219 510 3298 leam,
530 3245 584 3298 οι
606 3219 947 3310 emerui-um,
985 3256 1157 3315 genus
1182 3251 1268 3301 εει
1290 3219 1514 3311 mm].
1542 3219 1605 3303 εί
1631 3247 1916 3319 equum.
1934 3219 1987 3284 (Ξ
2016 3227 2161 3283 enim
2185 3237 2490 3300 temporum
2511 3235 2778 3293 varietate
2805 3246 2862 3294 et
2888 3240 3161 3310 accidunt,
3211 3252 3266 3300 et
3294 3256 3598 3307 mutantur.

333 3324 403 3389 de
425 3330 675 3390 omnibus
703 3333 1048 3406 pradicatur.

405 3414 468 3479 ο.
499 3419 638 3492 Quid
685 3429 770 3482 est
791 3426 1027 3498 species?
1046 3458 1119 3468 η
1136 3427 1202 3483 Α.
1230 3427 1450 3501 Species
1471 3438 1573 3498 est,
1601 3435 1745 3503 quod
1777 3431 1911 3506 [Αι.,

332 3509 477 3590 qua]
506 3510 574 3574 de
597 3512 842 3588 pluribus
875 3524 931 3574 et
955 3516 1330 3578 differentibus
1369 3539 1615 3590 numero,
1644 3541 1752 3581 non
1793 3542 1916 3598 spe-

330 3608 436 3675 cie,
465 3603 521 3665 in
548 3625 615 3666 eo
637 3605 779 3682 quod
828 3606 959 3682 quid
995 3609 1098 3679 sit,
1143 3611 1488 3684 prmdicatur.
1530 3617 1666 3673 Nam
1696 3619 1764 3675 de
1813 3616 1915 3673 So-

330 3708 503 3767 crate,
547 3701 772 3759 Platone
818 3711 876 3759 et
919 3703 1182 3762 Cicerone
1215 3704 1498 3777 aequaliter
1533 3706 1698 3765 homo
1720 3711 1913 3780 praedi-

328 3801 506 3848 catur.
547 3795 661 3850 Una
699 3793 892 3870 [enim]
931 3799 1142 3868 species
1189 3801 1471 3857 hominum
1497 3811 1582 3858 est
1614 3803 1909 3860 secundum

329 3892 611 3952 naturam;
640 3886 731 3943 sed
760 3888 917 3944 multi
947 3888 1241 3946 secundum
1278 3906 1581 3949 numerum.

399 3968 462 4034 Ο.
495 3972 635 4046 Quid
657 3985 742 4035 est
759 3976 1062 4050 diﬂemttia
1087 3980 1111 4035 7
1133 4010 1204 4023 --
1227 3980 1292 4038 Α.
1317 3979 1631 4042 Dili‘erentia
1656 3993 1764 4054 est,
1787 4002 1909 4057 qua

326 4066 485 4144 quale
515 4068 585 4129 sit
621 4068 722 4128 hoc
760 4071 845 4129 vel
889 4070 1019 4130 illud
1048 4072 1270 4142 animal,
1300 4075 1556 4132 ostendit.
1588 4076 1661 4134 Ut
1685 4077 1732 4133 si
1761 4093 1908 4149 quae—

326 4166 482 4220 ratur
521 4160 699 4234 qualis
743 4161 815 4222 sit
843 4164 1024 4230 homo,
1067 4164 1297 4224 dicimus
1329 4185 1344 4223 :
1373 4166 1588 4225 Animal
1643 4170 1907 4228 rationale

324 4261 383 4309 et
409 4249 655 4310 mortale.
698 4251 754 4309 In
785 4252 871 4310 his
918 4257 1064 4310 ernim
1115 4257 1325 4313 duobus
1372 4259 1442 4313 ab
1497 4259 1748 4316 omnibus
1785 4261 1905 4318 aliis

322 4346 689 4402 animantibus
717 4349 1038 4403 secernitur.
1086 4347 1147 4404 In
1202 4364 1268 4405 eo
1293 4349 1486 4424 [enim]
1536 4353 1680 4424 quod
1705 4353 1904 4410 dicitur

321 4433 603 4504 rationale,
635 4442 952 4510 segregatur
977 4438 1046 4495 ab
1069 4437 1322 4496 omnibus
1347 4443 1560 4498 ratione
1595 4459 1705 4498 non
1749 4453 1903 4500 uten-

324 4528 487 4585 tibus.
510 4528 646 4584 Dum
674 4525 893 4592 dicitur,
925 4527 1173 4596 mortale,
1197 4529 1253 4585 in
1281 4544 1348 4586 eo
1368 4531 1438 4587 ab
1464 4532 1673 4604 angelis
1695 4534 1894 4591 (ἥσθη.

323 4617 509 4690 Angeli
548 4617 692 4674 enim
729 4618 1020 4674 rationales
1053 4626 1111 4675 et
1138 4618 1474 4679 immortales
1496 4631 1658 4690 sunt;
1686 4626 1898 4683 anima-

321 4707 394 4765 lia
421 4723 550 4765 vero
597 4716 792 4764 caetera
844 4711 1093 4766 mortalia
1122 4722 1269 4778 sunt,
1301 4711 1396 4769 sed
1444 4729 1552 4771 non
1587 4718 1896 4774 rationalia.

322 4798 494 4857 Homo
522 4808 704 4856 autem
738 4801 887 4858 solus
910 4818 979 4858 ex
1004 4804 1254 4874 utrisque
1281 4814 1528 4872 constat;
1561 4807 1664 4866 hoc
1695 4811 1900 4867 habens

317 4909 444 4953 cum
468 4893 673 4965 angelis
701 4909 1005 4962 commune,
1036 4896 1164 4952 illud
1211 4913 1336 4953 cum
1368 4901 1584 4956 caeteris
1609 4903 1902 4959 animanti—

318 4984 443 5042 bus.
467 4983 513 5042 Ο
561 4986 757 5040 mirum
797 4987 1026 5041 animal!
1067 5003 1170 5042 una
1195 4995 1349 5058 parte
1373 4990 1613 5058 cmicste,
1643 5001 1698 5049 et
1725 4994 1897 5050 altera

319 5084 596 5133 terrenum
619 5077 633 5132 !

389 5165 450 5224 ϐ.
477 5167 617 5238 Quid
657 5178 741 5226 est
763 5171 1072 5242 proprium?
1094 5202 1166 5212 —
1185 5172 1251 5227 Α.
1274 5170 1559 5243 Proprium
1596 5185 1700 5243 est,
1729 5195 1902 5250 quan-

318 5257 390 5316 do
416 5259 778 5330 unaquzelibet
807 5261 1016 5330 species
1043 5262 1363 5319 naturaliter
1403 5263 1586 5334 aliquo
1609 5276 1760 5323 certo
1801 5270 1900 5326 ad-

318 5349 618 5409 ditamento
641 5351 909 5422 designari
937 5359 1146 5423 potest,
1178 5363 1236 5410 et
1257 5355 1326 5410 ab
1355 5356 1502 5412 omni
1529 5355 1758 5414 aliarum
1785 5375 1904 5432 spe-

319 5442 524 5497 cierum
545 5443 926 5499 communione
952 5443 1212 5515 separari.
1235 5443 1324 5508 Ut,
1349 5445 1517 5502 solius
1530 5445 1763 5505 hominis
1777 5467 1904 5522 pro-

318 5534 523 5605 prietas
540 5541 642 5600 est,
675 5533 896 5589 risibilis
922 5533 1152 5606 [Forte.,
1177 5535 1470 5602 risibilem;
1501 5538 1596 5604 aL,
1621 5542 1900 5612 proprium

319 5635 403 5681 est
430 5626 593 5699 risus]
621 5641 761 5684 esse.
787 5626 855 5682 Et
877 5627 1155 5685 sciendum
1184 5635 1266 5683 est
1291 5629 1432 5698 quod
1453 5630 1726 5702 singulare
1753 5650 1897 5690 scm-

324 5729 420 5786 per
468 5719 743 5787 proprium
796 5718 1140 5776 circumverti
1190 5734 1350 5788 posse
1391 5737 1611 5780 necesse
1663 5735 1782 5792 est;
1843 5739 1903 5784 nt

325 5815 454 5877 puta
483 5826 492 5860 :
530 5806 798 5880 Quidquid
838 5810 998 5867 homo
1026 5820 1108 5868 cst
1135 5811 1336 5869 risibile
1361 5821 1460 5870 est.
1491 5814 1557 5871 Et
1592 5814 1898 5889 :Quidquid

2085 3322 2246 3395 337
2274 3324 2556 3394 Quomodo
2601 3346 2668 3386 ex
2721 3331 2807 3388 bis
2853 3335 3095 3407 quinque
3137 3341 3383 3410 partibus
3427 3348 3608 3405 oratio

2013 3416 2188 3488 plena
2239 3416 2393 3492 [Hs.,
2435 3422 2619 3497 plena]
2661 3428 2949 3484 sententiae
2991 3429 3244 3504 conjungi
3285 3435 3448 3492 debet
3466 3437 3504 3492 2.
3533 3469 3607 3482 -

2015 3517 2078 3573 Α.
2104 3518 2214 3573 Ita:
2247 3516 2421 3577 Homo
2442 3530 2529 3578 est
2549 3524 2749 3581 animal
2777 3529 3062 3598 rationale,
3089 3535 3340 3602 mortale,
3370 3537 3601 3605 risibile,

2011 3609 2139 3665 boni
2166 3611 2400 3682 malique
2425 3631 2618 3685 capax.
2647 3615 2740 3674 Sic
2758 3622 2924 3677 etiam
2951 3622 3006 3678 in
3029 3625 3176 3681 omni
3205 3629 3453 3686 oratione
3473 3630 3604 3688 sub-

2012 3699 2248 3755 stantiali
2279 3704 2464 3759 tandiu
2497 3707 2842 3778 interponere
2871 3711 3130 3771 debemus
3156 3719 3366 3787 species
3399 3729 3456 3775 et
3493 3720 3604 3778 dif-

2011 3789 2293 3860 ferentias,
2321 3796 2556 3865 quandiu
2582 3800 2809 3858 seclusis
2837 3805 3091 3864 omnibus
3109 3849 3123 3872 ,
3155 3825 3277 3880 qua:
3303 3811 3446 3867 idem
3474 3829 3598 3871 esse

2010 3893 2256 3954 possunt,
2285 3887 2428 3956 quod
2450 3889 2700 3960 inquiris,
2728 3899 2784 3948 et
2809 3895 2878 3949 ad
2900 3896 2954 3951 id
2978 3900 3328 3968 perveniatur
3356 3900 3487 3976 [ΑΛ.
3520 3907 3592 3962 ad

2010 3972 2086 4041 id,
2123 3977 2269 4047 quod
2308 3979 2571 4049 inquiris,"
2618 3987 3012 4064 perveniatur],
3045 4001 3105 4046 ut
3129 3972 3436 4066 proprietas
3479 3998 3599 4068 ejus

2009 4068 2327 4124 substantia:
2362 4077 2512 4126 certa
2558 4083 2844 4142 teneatur,
2889 4093 3052 4148 quam
3087 4082 3317 4141 delinire
3356 4089 3594 4158 cmpisti.

2008 4157 2135 4215 Haec
2159 4164 2552 4220 commentario
2573 4163 2724 4238 μὴ..
2751 4173 3153 4241 commentitio;
3180 4175 3254 4231 al.
3273 4219 3289 4241 ,
3319 4157 3601 4237 commen-

2007 4249 2207 4324 tatitio]
2256 4267 2511 4310 sermone
2550 4255 2620 4311 de
2657 4257 2892 4332 isagogis
2928 4259 3214 4335 Porphyrii
3260 4266 3404 4324 dicta
3441 4267 3596 4324 sum-

2005 4342 2173 4398 ciant.
2219 4341 2373 4436 Nunc
2398 4345 2534 4403 ordo
2560 4350 2800 4420 postulat
2835 4353 2907 4409 ad
2946 4355 3253 4415 Aristotelis
3289 4363 3595 4436 categorias

2004 4448 2106 4491 nos
2130 4435 2391 4494 transire.

2615 4530 2850 4591 CAPUT
2884 4535 2974 4592 Ill.

2578 4639 2646 4680 DE
2682 4641 3027 4686 CATIGOIIIS.

2077 4721 2139 4780 C.
2191 4722 2497 4794 Seqnamur
2538 4726 2826 4796 ordinem,
2876 4738 2932 4786 et
2976 4731 3096 4800 dus
3149 4735 3309 4793 nobis
3352 4739 3589 4798 nominis

2004 4812 2182 4883 primo
2195 4815 2372 4883 pande
2382 4815 2928 4888 etymologiam—.4.
2949 4819 3250 4895 Catcgoriae
3263 4825 3467 4895 Graec,
3485 4828 3591 4886 La—

2004 4902 2118 4958 tine
2141 4904 2558 4973 praedicamenta
2581 4906 2902 4984 [dicuntur].
2932 4942 3003 4954 —-—
3032 4911 3093 4969 ϐ.
3120 4915 3261 4983 Quid
3287 4919 3584 4991 significas,

2004 4993 2132 5048 dum
2159 4994 2300 5050 dicis
2325 4997 2782 5066 medicamenta?
2811 5030 2888 5042 --
2910 5001 2977 5056 Α.
3000 5002 3138 5060 Dum
3160 5007 3227 5063 de
3260 5009 3500 5080 qualibet
3526 5029 3589 5071 re

2007 5087 2219 5158 loquor,
2235 5096 2352 5143 tum
2372 5088 2440 5144 de
2460 5104 2524 5145 ea
2543 5092 2799 5160 pradico,
2817 5093 2959 5149 sicut
2981 5096 3286 5169 philosophi
3300 5100 3586 5161 voluerunt

2003 5176 2252 5249 intelligi.
2291 5208 2362 5218 --
2392 5176 2453 5232 C.
2485 5179 2626 5246 Quot
2647 5180 2822 5237 modis
2855 5181 2918 5237 lit
2939 5182 3027 5239 illa
3052 5188 3387 5256 praedicatio,
3418 5206 3584 5262 quam

2004 5267 2350 5334 locutionem,
2375 5278 2437 5325 ut
2464 5271 2598 5326 mihi
2619 5271 2851 5339 videtur,
2875 5275 3156 5333 nominare
3179 5292 3486 5347 possumus.
3513 5314 3585 5325 -

2007 5358 2071 5412 Α.
2107 5359 2274 5416 Recte
2302 5361 2398 5416 tibi
2441 5361 2673 5418 videtur.
2707 5361 2927 5421 Duobus
2952 5367 3126 5424 modis
3154 5368 3216 5424 ﬁt
3255 5370 3460 5431 locutio
3483 5389 3586 5432 no-

2005 5458 2156 5516 stra;
2199 5460 2290 5507 aut
2337 5452 2405 5507 de
2447 5454 2745 5510 substantia
2766 5494 2782 5522 ,
2826 5464 2924 5512 aut
2967 5456 3035 5514 de
3077 5460 3465 5520 accidentibus.
3509 5496 3583 5508 -

2003 5540 2066 5597 C.
2091 5542 2244 5598 Unde
2269 5544 2466 5600 dicitur
2491 5547 2794 5611 substantia
2813 5548 2838 5602 τ
2854 5579 2925 5590 --
2946 5548 3012 5605 Α.
3028 5549 3339 5613 Substantia
3358 5557 3576 5624 dicitur,

2003 5634 2127 5704 quia
2153 5637 2422 5703 subsistit,
2448 5647 2508 5693 nt
2536 5637 2691 5714 illa,
2720 5639 2798 5713 et]
2836 5649 2921 5697 est
2945 5657 3281 5717 unaquaque
3301 5657 3493 5705 natura
3523 5651 3580 5708 in

2003 5742 2099 5782 sua
2155 5729 2501 5799 proprietate.
2545 5761 2616 5772 —
2661 5731 2722 5789 C.
2771 5732 2914 5803 Quot
2956 5745 3084 5793 sunt
3125 5739 3473 5798 accidentia?
3508 5775 3579 5787 -

2003 5821 2068 5879 Α.
2108 5821 2492 5894 Corporalibus
2531 5826 2739 5884 naturis
2769 5843 2980 5886 novem.
3021 5860 3091 5870 -
3134 5829 3194 5888 ε.
3227 5831 3390 5901 ρηςεῖ
3411 5865 3483 5877 -
3507 5837 3573 5892 Α.
