4090 6486
490 396 596 450 935

1300 393 1360 446 Β.
1401 391 1464 446 F.
1504 390 1732 446 ALBIM
1770 389 1899 446 SEU
1935 390 2214 449 ALCUIN!
2250 391 2536 446 OPERUM
2575 390 2756 445 PARS
2795 390 2905 446 ΥΠ.

3657 385 3760 440 956

486 509 797 577 Quantitas,
829 508 898 562 ad
925 506 1125 576 aliquid
1148 547 1162 570 ,
1203 505 1456 575 qualitas,
1503 503 1702 568 facere,
1734 504 1868 574 pati,
1899 503 2067 568 situs,
2102 516 2151 573 Α
2179 501 2384 558 fontem
2412 505 2644 559 dicimus
2667 522 2681 572 ;
2707 519 2806 575 pro
2833 512 2987 574 parte
3013 505 3246 574 quadam
3269 503 3487 572 utrique
3510 501 3588 557 rei
3611 500 3762 556 simi-

487 601 603 667 ubi,
633 601 869 672 quando,
901 600 1102 653 habere
1128 597 1261 671 [Al.,
1305 596 1565 669 habitus].
1605 596 1701 652 liis
1733 611 1928 651 novem
1947 593 2077 665 jun-

487 695 594 750 ctis
629 693 698 749 ad
722 693 1102 756 substantiam,
1134 707 1295 762 quam
1324 690 1498 746 Graeci
1523 692 1678 744 usian
1703 697 1922 754 vocant,
1945 687 2080 742 fiunt

486 786 675 843 decem
719 787 1026 857 categorias.
1071 785 1138 840 Et
1183 787 1326 840 inter
1351 785 1467 838 hac
1490 782 1681 838 decem
1703 782 1887 846 verba,
1916 778 2076 850 quid-

487 880 617 950 quid
659 878 822 934 homo
866 878 1136 948 loquitur,
1185 874 1571 931 inevitabiliter
1626 873 1918 928 invenitur.
1969 870 2078 927 Sed

487 971 804 1040 priusquam
829 969 895 1024 de
917 969 1004 1024 his
1026 967 1252 1039 singulis
1273 966 1548 1036 disputare
1568 964 1912 1035 incipiamus,
1927 978 2079 1018 omo-

484 1079 771 1136 nymorum
825 1062 1039 1132 legem,
1091 1076 1213 1130 qua:
1253 1059 1654 1130 categoriarum
1699 1065 1829 1113 sunt
1874 1057 2075 1110 instru-

484 1165 691 1223 menta,
722 1157 1024 1212 videamus.

554 1246 618 1304 C.
648 1247 772 1303 Fiat
796 1249 809 1301 !
842 1246 911 1302 Et
935 1246 1171 1316 primum
1195 1245 1370 1316 pande
1396 1241 1871 1313 interpretationes
1896 1239 2075 1295 nomi-

481 1358 613 1397 num
641 1341 710 1396 de
749 1338 858 1394 illis
885 1338 1060 1392 tribus
1097 1337 1407 1406 speciebus,
1439 1349 1575 1404 quas
1616 1332 1672 1388 in
1719 1330 2076 1403 grammatica

480 1433 814 1506 legebamus,
845 1430 899 1485 id
920 1439 1026 1494 est,
1048 1444 1357 1499 omonyma,
1377 1441 1700 1498 synonyma,
1728 1424 2072 1496 polyonyma.

479 1561 553 1571 —-
581 1531 647 1584 Α.
675 1526 978 1596 Omonyma
1005 1524 1301 1594 aequivoca,
1335 1537 1633 1593 synonyma
1679 1521 1932 1585 univoca,
1979 1535 2077 1589 po-

483 1623 734 1694 lyonyma
765 1618 1041 1690 plurivoca
1065 1615 1258 1670 Latine
1284 1615 1388 1670 dici
1412 1624 1660 1684 possunt.
1685 1645 1757 1654 —
1786 1612 1846 1668 C.
1873 1613 2075 1668 Eorum

480 1729 696 1785 quoque
717 1709 1077 1767 dill‘erentiam
1097 1708 1287 1762 audire
1313 1713 1586 1776 exspecto.
1602 1707 1751 1760 —A.
1779 1703 2076 1776 Omonyma

481 1816 632 1871 sunt,
661 1819 787 1861 cum
817 1804 935 1858 duae
959 1816 1046 1857 res
1073 1813 1361 1855 commune
1406 1797 1680 1869 accipiunt
1726 1812 1945 1863 nomen,
1992 1797 2074 1850 rei

2175 594 2347 650 litudo
2375 596 2610 650 nominis
2633 597 2849 652 videtur
2889 595 3160 666 adjuncta.
3201 595 3279 650 Ab
3314 611 3443 659 uno,
3469 607 3594 648 cum
3629 591 3766 648 dici-

2177 704 2300 744 mus
2361 689 2684 746 medicinale
2737 689 2976 756 ferrum,
3031 687 3350 745 medicinale
3394 694 3761 758 praeceptum,

2177 781 2518 837 medicinalis
2562 784 2826 852 scientia,
2875 783 3210 839 medicinalis
3255 796 3422 847 usus;
3459 781 3528 836 ab
3570 795 3678 835 uno
3706 779 3763 834 in

2177 881 2372 928 cuncta
2402 874 2754 930 descendunt.
2786 876 2867 930 Ad
2894 893 3057 930 unum
3085 884 3187 942 cst,
3216 887 3293 938 ut,
3328 875 3419 928 illa
3445 874 3593 945 potio
3617 872 3764 928 salu-

2175 965 2290 1021 hris
2335 974 2417 1023 est
2437 1010 2450 1034 ,
2484 968 2575 1023 ille
2619 970 2862 1026 medicus
2889 969 3123 1025 salubris
3151 977 3267 1034 est,
3307 968 3397 1023 illa
3424 968 3592 1022 herba
3619 965 3766 1022 salu-

2177 1056 2292 1112 bris
2316 1067 2420 1114 est.
2451 1059 2577 1114 llaec
2593 1061 2740 1116 enim
2763 1073 2959 1118 cuncta
2987 1060 3122 1134 (AL,
3138 1061 3350 1131 juncta,
3372 1069 3420 1116 et
3450 1055 3764 1132 conjuncta]

2177 1163 2367 1215 unum,
2399 1150 2453 1206 id
2478 1159 2579 1215 est,
2609 1152 2864 1220 salutem,
2887 1142 3137 1209 videntur
3161 1155 3445 1224 attingere.

2249 1238 2311 1295 C.
2342 1241 2479 1309 Quia
2509 1243 2641 1297 mihi
2665 1246 2949 1314 perspicue
2979 1245 3256 1300 nominum
3284 1243 3602 1299 varietatem
3629 1241 3770 1299 dixi-
3844 1293 3854 1302 .

2176 1333 2281 1397 sti,
2312 1343 2560 1404 superest
2584 1343 2646 1390 ut
2667 1337 3023 1406 quaestionum
3055 1338 3319 1393 rationem
3339 1352 3606 1406 exponas,
3635 1352 3770 1406 quas

2176 1441 2283 1482 non
2314 1427 2418 1482 nisi
2448 1429 2755 1484 nominibus
2779 1437 2834 1484 et
2861 1431 3042 1486 verbis
3066 1440 3321 1486 constare
3344 1445 3504 1502 posse
3531 1430 3764 1486 aestimo.

2175 1517 2300 1573 Ideo
2329 1519 2428 1574 has
2453 1522 2587 1575 duas
2613 1530 2797 1590 partes
2825 1521 3151 1592 principales
3175 1538 3295 1579 esse
3323 1533 3522 1578 natura
3544 1538 3645 1579 nos
3672 1523 3770 1578 do-

2175 1617 2284 1666 cet.
2311 1609 2516 1665 Nomen
2548 1627 2783 1682 namque
2807 1614 3165 1668 substantiam
3192 1615 3431 1670 ostendit
3455 1631 3471 1679 ;
3513 1613 3765 1682 verbum,

2176 1701 2305 1772 quid
2328 1704 2556 1772 quisque
2586 1702 2768 1769 faciat,
2799 1705 2997 1774 quidve
3027 1706 3285 1777 patiatur.

2246 1815 2312 1869 Α.
2338 1816 2536 1871 Tribus
2556 1834 2621 1871 ex
2645 1817 2884 1874 fontibus
2905 1834 3094 1874 omnes
3111 1819 3387 1890 proﬂuunt
3405 1819 3765 1890 qua‘stiones;

481 1916 610 1956 vero
639 1898 1086 1968 interpretatione
1110 1906 1470 1966 separantur;
1511 1903 1590 1960 ut,
1619 1893 1783 1949 homo
1811 1893 1986 1964 pictus
2014 1900 2072 1945 et

2186 1914 2273 1961 aut
2298 1907 2366 1961 ab
2395 1907 2479 1962 his
2506 1924 2628 1977 quae
2667 1919 2826 1976 sunt;
2856 1919 2950 1964 aut
2976 1910 3044 1965 ab
3086 1876 3172 1966 liis
3198 1925 3318 1980 qua:
3347 1876 3764 1980 percipiuntur;

481 1998 646 2051 homo
681 2008 862 2047 verus.
893 1993 950 2046 ln
984 1991 1068 2046 his
1102 2004 1337 2059 namque
1359 2004 1525 2043 unum
1565 2003 1761 2042 nomen
1787 1995 1904 2053 est,
1933 1985 2077 2041 ratio

479 2105 612 2145 vero
638 2087 726 2142 vel
768 2084 1148 2156 interpretatio
1186 2084 1423 2138 diversa.
1464 2080 1601 2138 Cum
1643 2082 1790 2136 enim
1839 2080 2074 2145 dixeris,

479 2198 670 2239 verum
700 2181 973 2236 hominem
1019 2177 1223 2233 animal
1262 2191 1402 2241 esse,
1431 2176 1575 2246 quod
1607 2183 1855 2231 movetur
1896 2185 1950 2230 et
1993 2176 2075 2228 ci-

479 2277 609 2330 bum
639 2273 840 2343 capiat,
867 2280 923 2327 et
948 2271 1159 2327 ratione
1187 2269 1403 2340 vigeat;
1445 2284 1568 2324 cum
1608 2267 1745 2323 nihil
1773 2268 1966 2322 horum
2009 2267 2078 2320 de

478 2369 626 2440 picto
669 2375 826 2438 potes
873 2366 1077 2431 dicere,
1129 2362 1440 2419 necessario
1482 2361 1771 2416 videantur
1817 2359 2074 2430 disparia.

483 2459 791 2531 Synonyma
812 2471 944 2513 vero
973 2467 1119 2522 sunt,
1144 2471 1268 2526 quae
1291 2466 1347 2510 et
1373 2455 1592 2510 nomine
1621 2463 1676 2508 et
1695 2453 1780 2508 sui
1810 2453 2079 2522 interpre-

484 2553 688 2607 tatione
705 2552 1044 2622 junguntur;
1080 2556 1140 2603 ut
1169 2547 1371 2603 animal
1395 2553 1498 2613 est,
1526 2545 1670 2616 quod
1700 2546 1882 2601 cibum
1910 2547 2076 2614 capit,

481 2645 672 2717 spirat,
702 2654 949 2700 movetur
975 2650 1031 2698 et
1057 2641 1288 2697 mortale
1314 2648 1397 2696 est
1423 2658 1437 2694 :
1481 2641 1598 2695 haec
1623 2639 1769 2694 enim
1799 2637 1982 2694 omnia
2011 2637 2078 2690 de

483 2740 725 2805 homine,
757 2755 920 2811 equo,
943 2748 1000 2793 et
1027 2738 1166 2793 bove
1193 2736 1444 2792 similiter
1467 2735 1572 2792 dici
1606 2742 1854 2806 possunt.
1885 2732 2081 2804 Polyo-

481 2848 644 2903 nyma
669 2841 821 2897 sunt,
852 2829 1071 2901 quando
1118 2829 1286 2884 multa
1323 2829 1544 2884 nomina
1575 2843 1737 2883 unam
1766 2842 1880 2882 rem
1909 2825 2079 2895 signi-

479 2923 670 2990 ficant,
691 2937 869 2993 neque
890 2922 998 2977 ulla
1022 2921 1328 2977 differentia
1356 2920 1442 2976 vel
1466 2921 1608 2974 ratio
1634 2920 1878 2975 redditur
1906 2917 2080 2972 nomi—

481 3031 635 3082 num,
659 3031 759 3070 cur
780 3029 941 3069 unam
971 3027 1087 3068 rem
1114 3023 1194 3069 tot
1213 3013 1432 3068 nomina
1455 3011 1786 3084 signiﬁcent,
1814 3018 1893 3076 ut,
1915 3011 2078 3076 ensis,

481 3122 687 3172 πηίου-ο,
713 3105 947 3178 gladius.

555 3201 654 3256 His
690 3215 908 3270 quoque
939 3198 1244 3270 junguntur
1281 3200 1619 3270 heteronyma
1667 3197 1687 3272 [
1699 3197 1783 3252 Al.
1805 3239 1820 3263 ,
1863 3197 2079 3252 hemio-

485 3293 683 3367 nyma]
714 3291 942 3365 [multis]
970 3307 1124 3361 aeque
1153 3291 1461 3348 nominibus
1489 3307 1580 3347 res
1607 3290 1848 3361 singulas
1869 3287 2079 3361 signifi-

487 3385 690 3452 cantia,
727 3386 822 3440 sed
863 3385 917 3438 in
958 3384 1044 3440 his
1092 3383 1234 3438 ratio
1263 3383 1633 3439 diversitatem
1662 3382 2082 3437 nominum-dis-

483 3476 680 3541 cernit,
732 3476 901 3542 velut,
929 3476 1128 3542 homo,
1170 3475 1439 3542 mortalis,
1470 3485 1740 3531 terrenus.
1793 3474 1966 3531 Homo
2013 3475 2082 3530 ab

489 3568 855 3634 humanitate,
881 3567 1128 3624 mortalis
1166 3583 1198 3621 a
1234 3568 1562 3623 necessitate
1593 3567 1805 3633 mortis,
1835 3575 2083 3621 terrenus

487 3675 520 3715 a
551 3668 723 3727 terra,
765 3659 820 3715 in
845 3657 980 3732 [Al.,
1013 3656 1103 3731 ex]
1133 3675 1240 3730 qua
1270 3659 1451 3714 omnia
1487 3660 1782 3730 gignuntur
1811 3657 2077 3730 [dicitur].

559 3745 623 3803 C.
652 3748 736 3802 Ad
766 3763 928 3818 quam
955 3748 1192 3818 speciem
1220 3748 1438 3819 propria
1460 3749 1678 3802 nomina
1699 3747 2085 3816 pertinent?—

487 3844 556 3898 Α.
582 3842 925 3915 Regulariter
949 3843 1092 3898 scire
1117 3843 1395 3908 debemus,
1421 3845 1602 3900 omnia
1623 3845 1843 3913 propria
1865 3844 2082 3898 nomina

489 3936 796 3993 communia
823 3950 946 3990 esse
976 3949 1154 4005 posse,
1183 3944 1240 3991 et
1261 3950 1554 4006 omonyma
1577 3936 1786 4001 vocari,
1816 3934 2086 3990 utCicero

487 4045 597 4084 non
627 4043 769 4084 unus
791 4028 887 4083 sed
911 4027 1097 4096 plures
1121 4046 1134 4081 :
1172 4027 1267 4082 sed
1293 4027 1463 4097 signis
1491 4036 1547 4082 et
1587 4027 1924 4097 pr0prietate
1951 4044 2087 4098 qua-

487 4123 613 4178 dam
640 4120 986 4177 discernendi
1011 4129 1179 4186 sunt;
1219 4122 1344 4190 quis
1370 4121 1440 4175 sit
1470 4120 1557 4175 ille
1593 4129 1649 4175 et
1693 4121 1815 4189 quis
1857 4121 1996 4175 alius
2031 4130 2086 4175 et

491 4215 616 4284 quis
639 4214 833 4269 tertius
857 4213 1072 4278 Cicero,
1103 4221 1165 4268 ut
1193 4213 1360 4269 alium
1384 4227 1628 4268 crassum
1659 4214 1832 4278 dicas,
1855 4213 2088 4267 alterum

492 4316 741 4372 tenuem;
774 4305 861 4361 vel
886 4306 1079 4375 longus
1112 4305 1325 4361 dicatur
1351 4306 1512 4371 alius,
1541 4304 1681 4360 alter
1705 4305 1915 4370 brevis;
1957 4320 2088 4360 can-

493 4401 620 4456 dido
641 4400 823 4457 colore
847 4399 993 4470 quis,
1017 4399 1157 4455 alter
1187 4400 1364 4471 nigro.

567 4495 629 4551 C.
661 4495 961 4565 Oi'nonyma
985 4502 1117 4563 quot
1139 4494 1311 4549 modis
1335 4491 1506 4548 fiunt?
1528 4523 1601 4532 -—
1620 4491 1690 4546 Α.
1720 4490 1959 4546 Duobus.
1983 4491 2092 4544 Aut

2175 2007 2270 2053 aut
2296 1999 2362 2054 de
2392 1999 2525 2072 [ΑΛ.
2552 2000 2641 2074 ab]
2664 2001 2748 2057 his
2774 2017 2895 2072 quae
2922 2002 3194 2058 dicuntur.
3247 2003 3360 2058 Una
3399 2009 3484 2058 est
3511 2001 3768 2057 substan-

2178 2093 2407 2158 tiarum;
2457 2094 2582 2163 quia
2624 2093 2771 2166 [Αι.,
2818 2103 2875 2149 et
2913 2092 3062 2168 sunt]
3107 2103 3234 2150 sunt
3270 2109 3462 2149 omnes
3491 2108 3597 2156 res,
3629 2107 3770 2164 quas

2176 2195 2369 2242 natura
2398 2189 2626 2258 peperit.
2657 2187 2841 2242 Altera
2875 2203 3168 2252 sensuum;
3208 2189 3334 2257 quia
3374 2202 3534 2242 sensu
3562 2185 3770 2256 percipi

2178 2297 2284 2336 non
2311 2289 2554 2352 possunt,
2588 2281 2693 2336 nisi
2719 2281 2803 2336 hae
2829 2297 2919 2335 res
2946 2297 3066 2350 qum
3092 2289 3238 2345 sunt,
3275 2288 3332 2335 et
3370 2293 3599 2350 quarum
3628 2279 3764 2334 ima-

2177 2372 2331 2445 gines
2381 2373 2563 2427 animo
2592 2370 2890 2428 formamus
2914 2379 2971 2427 et
2996 2372 3300 2428 condimus.
3354 2370 3539 2426 Tertia
3573 2370 3772 2426 dictio-

2179 2481 2328 2531 num,
2357 2466 2410 2519 id
2451 2480 2706 2537 namque,
2739 2466 2883 2535 quod
2913 2465 3036 2534 quis
3073 2464 3313 2534 concipit
3339 2463 3472 2537 [Αι.,
3499 2460 3770 2536 concepit]

2178 2557 2394 2623 animo,
2435 2558 2617 2628 lingua
2645 2559 2994 2629 prosequenti
3021 2558 3379 2613 demonstrat.
3412 2556 3556 2628 Ergo
3596 2571 3772 2627 quan-

2179 2664 2343 2720 quam
2369 2651 2662 2720 separatim
2688 2651 2805 2705 hazc
2827 2651 2932 2705 tria
2957 2650 3328 2715 nominentur,
3353 2649 3570 2703 mistam
3589 2656 3773 2704 tamen

2179 2743 2246 2797 de
2271 2742 2446 2797 tribus
2471 2743 2890 2813 disputationem
2934 2743 3194 2798 debemus
3238 2726 3506 2810 accipere.
3543 2739 3681 2795 Nam
3705 2740 3774 2795 de

2179 2836 2465 2906 praceptis
2494 2835 2624 2907 [Al.,
2653 2833 2948 2907 perceptis]
2978 2834 3070 2905 qui
3112 2834 3370 2905 loquitur,
3414 2841 3470 2888 et
3504 2832 3772 2904 originem

2182 2943 2364 2983 rerum
2409 2927 2593 2988 trahit,
2624 2934 2681 2982 et
2717 2927 2965 2997 praesidia
3010 2926 3273 2981 orationis
3315 2923 3587 2994 implorat.
3631 2921 3776 2980 Sunt

2181 3019 2347 3091 igitur
2379 3019 2488 3082 illa,
2523 3033 2643 3087 qua:
2691 3026 2783 3072 aut
2822 3017 3152 3087 percipimus
3195 3014 3444 3072 sensibus
3489 3013 3774 3085 corporis;

2183 3120 2278 3166 aut
2304 3118 2484 3166 mente
2515 3117 2571 3164 et
2603 3110 2931 3181 cogitatione
2968 3108 3292 3180 colligimus.
3337 3107 3601 3162 Sensibus
3625 3115 3776 3161 tene-

2185 3218 2326 3268 mus,
2365 3218 2487 3273 quae
2532 3210 2627 3257 aut
2651 3201 2907 3268 videndo,
2957 3211 3052 3256 aut
3099 3198 3507 3264 contrectando,
3538 3205 3633 3254 aut
3679 3211 3777 3251 au-

2185 3295 2412 3361 diendo,
2463 3303 2559 3349 aut
2609 3294 2906 3365 gustando,
2958 3303 3052 3348 aut
3098 3290 3378 3348 odorando
3421 3290 3772 3361 percipimus.

2184 3388 2360 3444 Mente
2390 3386 2782 3458 cognoscimus,
2811 3384 2940 3439 dum
2981 3384 3258 3455 quodlibet
3284 3399 3505 3455 corpus,
3535 3391 3597 3438 ut
3641 3388 3772 3453 puta

2183 3481 2420 3540 hominis
2449 3480 2536 3536 vel
2563 3480 2815 3534 animalis
2847 3479 3030 3535 multis
3055 3488 3310 3536 constare
3336 3495 3402 3535 ex
3426 3477 3672 3548 partibus
3696 3477 3777 3532 in-

2185 3576 2503 3647 telligimus;
2528 3573 2695 3628 etiam
2725 3573 2806 3627 vel
2836 3587 3086 3628 crescere
3123 3573 3208 3628 vel
3250 3585 3573 3638 senescere;
3615 3569 3777 3626 modo

2185 3668 2305 3738 angi
2333 3667 2502 3731 curis,
2533 3665 2693 3721 modo
2714 3680 2906 3720 securo
2930 3673 3150 3736 pectore
3172 3664 3563 3735 conquiescere
3586 3679 3601 3730 ;
3631 3663 3778 3718 sani-

2186 3766 2296 3813 tate
2326 3758 2460 3813 alias
2483 3757 2610 3824 frui,
2643 3758 2778 3814 alias
2807 3758 3019 3814 dolores
3047 3759 3290 3829 perpeti;
3318 3759 3553 3830 peritum
3580 3771 3650 3812 ex
3670 3756 3774 3812 im-

2184 3854 2383 3924 perito,
2415 3868 2482 3908 ex
2507 3852 2726 3908 indocto
2753 3853 2993 3908 doctum.

2259 3947 2321 4001 C.
2359 3947 2521 4003 Forte
2545 3948 2663 4003 hzcc
2685 3948 2957 4017 sapientes
2978 3947 3214 4017 propriis
3239 3945 3552 4001 nominibus
3575 3944 3782 4001 discer-

2187 4055 2318 4094 nere
2345 4039 2669 4093 voluerunt?
2692 4068 2762 4078 —
2785 4038 2849 4092 Α.
2880 4038 3074 4092 Etiam.
3105 4035 3238 4091 Nam
3265 4037 3321 4092 id
3341 4036 3486 4107 quod
3511 4033 3780 4106 corporali

2188 4149 2350 4190 sensu
2400 4131 2763 4197 discernitur,
2795 4133 2981 4194 usian,
3023 4131 3076 4185 id
3122 4138 3238 4195 est,
3268 4129 3628 4185 substantiam
3673 4127 3781 4184 dici

2183 4228 2481 4299 jusserunt.
2529 4223 2664 4279 illud
2698 4232 2879 4279 autem
2904 4266 2917 4288 ,
2949 4225 3093 4293 quod
3133 4223 3301 4277 animi
3333 4231 3567 4278 tractatu
3606 4221 3782 4278 solum

2189 4317 2482 4388 colligitur,
2509 4324 2603 4371 aut
2635 4312 2789 4388 [Λίδη
2819 4315 2905 4388 ac]
2933 4331 3076 4384 saepe
3095 4322 3338 4370 mutatur
3367 4313 3705 4384 symbebicos,
3727 4310 3784 4368 id

2189 4421 2291 4474 est,
2317 4403 2570 4465 accidens
2605 4408 2873 4463 nominari
2904 4406 3090 4479 [Mss.,
3115 4403 3420 4476 nominare]
3451 4402 3782 4460 maluerunt.

2195 4503 2362 4559 Usian
2391 4517 2606 4572 quoque
2632 4502 3006 4572 ypacimenon,
3035 4500 3089 4553 id
3133 4507 3218 4552 est
3237 4539 3252 4563 ,
3283 4495 3570 4566 subjacens
3603 4494 3786 4566 appel-

493 4589 639 4644 enim
669 4587 894 4642 fortuito
922 4586 1078 4650 ﬁunt,
1119 4594 1210 4640 aut
1237 4585 1517 4640 hominum
1549 4584 1824 4639 voluntate
1853 4597 2086 4636 nascun-
2117 4627 2167 4685 ι)
2191 4597 2305 4651 lare
2330 4594 2633 4649 volnerum,
2652 4592 2743 4647 [ua
2767 4607 2900 4645 vero
2919 4606 3040 4660 qua:
3059 4587 3782 4670 accidunt,enypocimenon,

494 4691 603 4734 tur.
635 4709 705 4720 --
732 4675 795 4732 C.
824 4675 1071 4732 Fertuito
1097 4675 1404 4747 quomodo?
1440 4706 1511 4715 —
1544 4675 1608 4728 Α.
1665 4673 1800 4730 Cum
1849 4675 2084 4744 quodam

491 4787 624 4827 casu
654 4769 831 4826 simile
857 4771 980 4840 quis
1009 4770 1166 4823 alteri
1193 4769 1425 4839 accipiat
1454 4765 1590 4839 [Al.,
1621 4766 1843 4820 alterius
1864 4765 2084 4836 accipit]

495 4881 714 4921 nomen.
743 4895 812 4905 —
847 4863 911 4920 C.
941 4864 1224 4932 Quomodo
1247 4863 1560 4917 voluntate?
1589 4891 1662 4902 —
1684 4861 1750 4916 Α.
1776 4860 1912 4916 Cum
1937 4862 2089 4916 simi-

494 4958 666 5013 litudo
694 4958 929 5012 nominis
950 4971 1016 5011 ex
1046 4955 1313 5011 industria
1337 4954 1662 5024 imponentis
1688 4951 1923 5023 all‘lgitur
1953 4951 2088 5024 [Al.,

497 5049 816 5122 cllingitur].
837 5079 909 5089 ——
935 5048 996 5104 C.
1025 5048 1084 5102 Si
1107 5049 1190 5103 hze
1215 5057 1396 5119 partes
1416 5047 1537 5117 plus
1556 5053 1782 5118 possunt
1804 5044 2002 5100 dividi?
2019 5074 2092 5082 ——-

497 5144 566 5200 Α.
615 5142 822 5197 ﬂorum
852 5151 1068 5206 autem,
1113 5158 1235 5212 qua:
1277 5155 1345 5195 ex
1375 5140 1641 5195 industria
1686 5137 1771 5193 vel
1815 5137 2091 5192 voluntate

502 5246 822 5302 nascuntur,
854 5247 1086 5305 quatuor
1109 5245 1240 5290 sunt
1262 5229 1461 5306 gen'era
1488 5253 1501 5288 :
1545 5233 1695 5297 lcon,
1743 5243 1863 5286 cata
1907 5230 2092 5284 analo-

495 5329 667 5402 giam,
697 5345 909 5398 apertos,
927 5345 1151 5400 prosena
1175 5327 1372 5400 [Εὶκών,
1397 5327 1505 5383 κατ’
1529 5328 1815 5398 ἀναλογίαν,
1844 5325 1926 5396 ἀφ’
1959 5324 2088 5389 ἑνὸς,

504 5424 638 5496 πρὸς
663 5420 768 5492 iv].

577 5515 744 5587 338
765 5513 826 5569 C.
859 5514 1054 5570 Latino
1090 5531 1187 5569 ore
1215 5515 1329 5569 hzec
1360 5513 1529 5584 aperi.
1559 5499 1629 5552 -ὲ
1656 5512 1719 5565 Α.
1751 5509 2056 5564 Similitudo
2075 5548 2091 5574 ,

503 5620 608 5678 pro
632 5614 807 5678 parte,
849 5607 918 5660 ab
946 5623 1074 5669 uno,
1105 5607 1170 5660 ad
1215 5621 1403 5661 unum.
1445 5635 1514 5645 -—
1557 5601 1618 5658 C.
1657 5600 1928 5670 Exemplis
1969 5616 2099 5654 con-

507 5703 685 5757 ﬁrma.
715 5729 778 5739 —--
804 5699 868 5753 Α.
900 5697 1225 5763 Similitudo,
1257 5707 1316 5752 ut
1340 5698 1502 5751 homo
1529 5696 1703 5764 pictus
1723 5703 1777 5747 et
1804 5709 1963 5747 verus
1985 5692 2096 5746 sola

509 5802 564 5855 in
596 5801 944 5856 similitudine
977 5798 1315 5868 copulantur.
1361 5795 1469 5874 Pro
1503 5799 1668 5865 parte,
1696 5803 1774 5857 ut,
1809 5809 1917 5863 quo
1943 5802 2100 5864 pacto

507 5893 833 5964 principium
855 5891 1102 5947 animalis
1119 5905 1216 5946 cor
1232 5889 1482 5954 dicimus,
1510 5887 1581 5941 ita
1602 5885 1924 5956 principium
1948 5901 2098 5956 aqum

2193 4691 2246 4745 id
2273 4698 2374 4752 est,
2411 4689 2463 4742 in
2503 4685 2803 4754 subjacenti
2847 4681 3194 4756 [accidentia]
3240 4663 3513 4736 dixerunt.
3551 4678 3786 4734 Necesse

2193 4788 2278 4834 est
2310 4793 2440 4833 vero
2462 4776 2762 4832 accidentia
2793 4775 2849 4829 in
2877 4773 3121 4844 qualibet
3159 4787 3282 4828 esse
3310 4770 3629 4826 substantia.
3659 4769 3786 4825 Ideo

2195 4870 2616 4928 illasubstantia
2647 4868 2936 4939 subjacens
2957 4867 3187 4931 dicitur;
3215 4865 3306 4919 illa
3334 4878 3465 4919 vero
3489 4862 3785 4918 accidentia

2197 4964 2250 5016 in
2279 4961 2578 5032 subjacenti
2612 4959 2949 5014 substantia:
2983 4966 3044 5012 ut
3079 4965 3228 5027 pote,
3262 4953 3548 5025 disciplina
3586 4953 3642 5007 in
3671 4953 3790 5007 ani-

2199 5071 2308 5118 mo,
2335 5055 2485 5109 color
2507 5055 2561 5107 in
2583 5067 2832 5123 corpore,
2862 5059 2956 5105 aut
2983 5051 3047 5105 dc
3076 5049 3183 5104 illis
3204 5062 3395 5103 novem
3418 5044 3790 5102 accidentibus

2198 5135 2498 5220 quodlibet,
2527 5163 2647 5217 quae
2685 5146 2936 5216 superius
2960 5141 3378 5197 nominavimus.

2269 5236 2332 5293 C.
2365 5237 2633 5292 Debemus
2655 5245 2834 5292 tamen
2861 5241 2976 5304 ipsa
3005 5232 3302 5288 accidentia
3326 5229 3406 5283 vel
3431 5228 3482 5282 in
3505 5228 3621 5296 ipsa
3647 5227 3785 5289 asia,

2200 5330 2282 5384 vel
2310 5337 2463 5383 extra
2491 5329 2662 5382 usiam
2688 5326 2870 5381 dicere
2895 5324 3052 5379 esse?
3078 5353 3150 5364 -—
3173 5323 3241 5376 Α.
3267 5321 3384 5374 Alia
3417 5319 3470 5374 in
3498 5319 3611 5388 ipsa
3628 5358 3644 5383 ,
3681 5316 3785 5369 alia

2201 5431 2378 5477 extra.
2403 5420 2550 5474 lntra
2592 5417 2762 5472 usiam
2793 5425 2921 5471 sunt
2949 5415 3200 5486 qualitas,
3237 5411 3513 5484 quantitas
3549 5418 3606 5464 et
3632 5409 3788 5465 sitne.

2201 5515 2328 5569 Haec
2355 5513 2500 5567 enim
2526 5512 2642 5565 sine
2670 5511 2783 5581 ipsa
2805 5523 2925 5565 esse
2954 5524 3060 5562 non
3087 5515 3334 5578 possunt.
3367 5503 3486 5558 Mox
3521 5502 3702 5568 enim,
3730 5507 3796 5558 ut

2199 5606 2473 5661 hominem
2499 5601 2584 5657 vel
2614 5617 2815 5672 equum
2842 5599 3045 5654 dixeris
3064 5639 3079 5664 ,
3109 5597 3319 5652 adverti
3348 5608 3570 5650 necesse
3594 5600 3680 5647 est
3701 5590 3790 5645 bi-

2200 5698 2446 5770 pedalcm
2495 5703 2588 5749 aut
2624 5691 3121 5764 quadrnpedalem;
3176 5689 3356 5743 album
3409 5696 3501 5740 aut
3531 5685 3746 5754 nigrum
3773 5723 3788 5748 ,

2202 5797 2435 5846 stantem
2468 5795 2561 5840 aut
2579 5783 2872 5853 jaccntem.
2904 5783 3071 5835 Extra
3103 5781 3258 5835 usian
3291 5794 3420 5832 vero
3451 5785 3578 5830 sunt
3609 5775 3786 5838 locus,

2205 5894 2415 5952 tempus
2438 5888 2492 5934 et
2518 5877 2755 5934 habitus.
2788 5875 2923 5930 Nam
2953 5876 3006 5929 in
3031 5875 3148 5930 loco
3177 5872 3259 5927 vel
3287 5881 3528 5941 tempore
3554 5883 3672 5925 esse
3696 5867 3788 5921 ali-
