4090 6504
316 422 422 481 957

1312 427 1791 485 DIDASCALICA.
1832 455 1904 466 —-
1940 424 2032 479 DE
2070 425 2499 482 DlALECTlCA.

3504 423 3608 479 9.38

314 551 513 612 quem;
537 540 726 598 vestiri
753 542 838 597 vel
864 541 1091 608 armari,
1110 541 1178 596 ab
1203 541 1322 595 usia
1349 550 1601 611 separata
1625 548 1768 595 sunt.
1793 537 1910 592 Alia
1941 539 1985 596 Α
2015 549 2234 591 emensa
2248 538 2357 591 erit
2380 535 2607 592 latitudo
2623 550 2745 591 cmn
2766 535 3119 605 longitudine,
3135 534 3369 607 epifania
3385 536 3604 600 dicitur,

314 644 444 692 sunt
477 635 811 700 communia,
842 635 897 689 id
921 642 1024 700 est,
1057 633 1200 689 intra
1223 640 1279 689 et
1305 643 1460 689 extra
1484 634 1640 687 usian
1658 672 1673 699 ,
1700 638 1791 697 ut,
1822 646 1910 685 re-

312 727 448 782 latio
467 768 481 792 ,
510 726 690 783 facere
720 736 777 783 et
808 728 939 798 pati.
964 724 1137 797 Majus
1163 742 1294 783 vero
1323 736 1380 783 et
1402 727 1616 794 minus,
1655 740 1824 781 unum
1852 725 1908 780 in

308 836 369 875 se
395 819 613 886 habent,
644 820 788 875 aliud
816 830 966 874 extra
989 836 1065 875 se.
1106 820 1240 875 Item
1275 821 1449 891 facere
1475 829 1531 875 et
1562 828 1715 876 extra
1744 827 1801 874 et
1825 820 1907 874 in-

312 918 419 975 tra,
449 919 510 965 ut
535 909 747 966 caedere
773 910 1003 981 quisque
1027 910 1135 966 dici
1165 926 1276 966 non
1301 918 1513 982 potest,
1547 910 1650 964 nisi
1676 909 1907 964 alterum

310 1004 522 1067 exedat;
567 1001 820 1057 similiter
844 1003 998 1074 pati:
1026 1002 1161 1059 czedi
1189 1003 1334 1057 enim
1357 1002 1445 1057 vel
1482 1003 1566 1057 uri
1602 1002 1782 1057 nullus
1812 1017 1908 1072 po-

311 1102 438 1158 test,
470 1092 573 1148 nisi
600 1093 671 1148 ab
693 1093 866 1148 altero
894 1094 1134 1164 patiatur
1161 1092 1315 1167 [Hs.,
1346 1094 1629 1167 patietur].

380 1182 443 1239 C.
473 1184 639 1241 Estne
676 1186 782 1241 alia
824 1187 1020 1242 horum
1062 1188 1423 1243 accidentium
1467 1187 1807 1244 dilferentia?
1834 1218 1906 1230 ——

306 1278 373 1331 Α.
407 1278 521 1333 Est.
566 1278 641 1332 Ea
672 1280 818 1334 enim
848 1294 971 1349 quae
998 1279 1184 1335 insunt
1217 1280 1435 1350 cuique,
1469 1289 1564 1335 aut
1596 1281 1652 1334 in
1682 1280 1819 1345 solo,
1847 1288 1904 1336 et

305 1368 363 1422 in
386 1368 533 1423 omni
561 1386 576 1435 ;
617 1378 712 1425 aut
738 1370 794 1425 in
815 1369 934 1425 solo
958 1378 1016 1426 et
1039 1386 1147 1427 non
1171 1372 1226 1426 in
1251 1373 1435 1438 omni;
1476 1382 1564 1427 aut
1593 1373 1648 1428 in
1673 1375 1822 1428 omni
1849 1382 1907 1429 et

306 1479 415 1519 non
445 1464 499 1519 in
526 1465 680 1532 solo;
720 1474 816 1523 aut
855 1482 959 1523 nec
984 1467 1043 1523 in
1079 1467 1218 1536 solo,
1253 1484 1357 1523 nec
1388 1470 1441 1523 in
1468 1469 1617 1524 omni
1647 1485 1768 1526 esse
1809 1486 1905 1525 ne-

304 1571 459 1613 cesse
504 1565 609 1612 est.
658 1557 728 1613 Et
777 1559 879 1615 has
917 1567 1153 1630 quatuor
1192 1561 1403 1631 species
1445 1558 1623 1617 Graeci
1664 1570 1899 1629 vocant;

303 1632 707 1721 Eumocepanti,
722 1653 1216 1723 enmonoccupanti,
1228 1654 1443 1723 expetiti
1451 1694 1465 1718 ,
1482 1669 1706 1708 enmono
1720 1652 1873 1726 [Mss.
1883 1695 1900 1721 ,

301 1738 760 1813 Enmonocepanti
881 1745 1117 1816 enpauti,
1163 1743 1440 1820 ceunomo]
1480 1757 1647 1814 ceute,
1677 1764 1902 1804 enmono

298 1834 550 1904 utipanti.

2011 629 2066 684 id
2090 637 2195 696 est,
2220 629 2575 701 superﬁcialis
2598 646 2873 685 mensura.
2899 661 2971 679 --.-
3000 629 3061 685 C.
3092 629 3233 697 Quid
3273 632 3317 684 si
3352 631 3438 685 his
3467 631 3605 685 duo-

2006 722 2110 778 bus
2159 723 2495 779 altitudinem
2548 724 2917 796 adjungit?—
2963 725 3026 778 Α.
3081 723 3287 779 Cuncta
3338 725 3453 779 haec
3500 726 3604 779 tria

2006 827 2277 868 mensum
2302 813 2508 869 sociata
2535 813 2767 870 solidum
2807 830 3006 884 corpus
3035 813 3326 883 perﬁciunt
3353 830 3476 868 cum
3508 831 3602 871 sex

2006 904 2121 959 suis
2148 906 2394 975 partibus
2422 908 2778 977 praescriptis,
2828 908 3025 978 hisque
3063 907 3355 962 ascribitur
3403 922 3605 963 secun-

2007 995 2135 1050 dum
2164 997 2489 1067 positionem
2517 996 2706 1069 [loci],
2755 997 2914 1069 longe
2947 998 3030 1053 vel
3050 996 3227 1067 juxta.
3258 996 3391 1053 Nam
3431 997 3603 1062 aliud,

2006 1088 2151 1156 quod
2194 1088 2328 1143 mihi
2378 1104 2411 1143 a
2470 1091 2677 1145 dextris
2718 1089 2804 1145 vel
2852 1090 3111 1154 sinistris,
3165 1096 3291 1144 ante
3340 1090 3425 1144 vel
3455 1098 3606 1145 retro

1996 1181 2160 1251 juxta
2181 1189 2297 1247 est;
2326 1182 2471 1237 aliud
2499 1182 2643 1253 quod
2666 1182 2850 1253 longe;
2875 1183 3024 1238 verbi
3051 1183 3226 1254 gratia
3255 1198 3269 1236 :
3297 1182 3396 1239 llic
3420 1183 3606 1255 paries

2003 1287 2173 1342 prope
2208 1284 2325 1341 est;
2353 1282 2408 1328 et
2437 1274 2525 1329 ille
2554 1275 2637 1329 vel
2678 1274 2770 1329 ille
2802 1290 2959 1329 mons
2990 1274 3166 1345 longe.

2074 1362 2138 1418 C.
2172 1365 2358 1421 Potest
2408 1363 2483 1421 ita
2536 1366 2603 1421 de
2651 1364 2794 1420 inira
2840 1374 2898 1421 et
2943 1354 3108 1436 supra
3140 1364 3497 1436 intelligi?—-
3533 1366 3600 1421 Α.

2003 1455 2209 1513 Potest.
2260 1455 2414 1530 [Sed]
2451 1457 2734 1513 sciendum
2788 1456 2916 1529 [est]
2970 1457 3117 1512 aliud
3173 1472 3295 1534 esse
3346 1457 3601 1515 naturale

2002 1565 2168 1620 super
2186 1559 2242 1604 et
2270 1550 2460 1605 subter
2484 1568 2496 1604 :
2531 1550 2678 1604 aliud
2702 1566 2864 1615 vero,
2907 1551 3053 1621 quod
3084 1550 3231 1606 circa
3256 1565 3360 1608 nos
3399 1558 3503 1606 est.
3530 1581 3605 1593 -—

2004 1640 2065 1697 C.
2083 1641 2238 1709 Quod
2265 1649 2350 1697 est
2373 1643 2641 1707 naturale,
2659 1651 2715 1699 et
2736 1643 2879 1714 quod
2908 1646 3054 1699 circa
3081 1658 3182 1699 nos
3194 1644 3480 1698 est?-—-A.
3500 1643 3604 1698 Na-

2002 1734 2254 1789 turaliter
2279 1735 2424 1790 enim
2456 1735 2653 1791 coelum
2699 1735 2965 1809 [semper]
3019 1752 3184 1807 supra
3234 1744 3321 1791 est
3367 1746 3424 1793 et
3453 1746 3601 1792 terra

2001 1823 2162 1891 infra,
2196 1827 2341 1895 quod
2365 1826 2687 1896 migratione
2729 1836 2914 1882 nostra
2966 1828 3166 1882 mutari
3214 1826 3389 1900 [Edit.
3414 1869 3430 1894 ,
3465 1844 3605 1899 pun-

371 1920 433 1979 C.
462 1923 590 1979 Haec
627 1925 891 1996 exemplis
931 1925 1180 1997 planiora
1224 1927 1394 1985 facias
1423 1929 1607 1984 velim.
1634 1930 1792 1985 -—A.
1827 1930 1887 1987 UI

2001 1919 2172 1984 ctari;
2202 1917 2360 1984 Mss.,
2388 1918 2713 1989 migratio...
2751 1918 3064 1991 immutare]
3095 1935 3199 1973 non
3225 1928 3425 1989 potest.
3495 1918 3603 1975 No-

300 2017 346 2071 si
372 2017 650 2073 hominem
676 2020 799 2090 quis
823 2019 1050 2075 delinire
1078 2021 1265 2078 volens
1288 2022 1454 2088 dicat,
1487 2023 1631 2080 risus
1660 2038 1781 2080 esse
1804 2040 1896 2079 ea-

300 2122 520 2176 pacem;
553 2109 657 2163 hoe
677 2118 733 2165 et
755 2110 809 2165 in
836 2109 951 2166 solo
979 2110 1200 2167 homine
1229 2123 1334 2177 est,
1363 2120 1419 2169 et
1444 2113 1499 2167 iu
1525 2115 1674 2169 omni
1700 2132 1714 2170 :
1746 2115 1897 2171 solus

300 2215 537 2270 namque
567 2201 730 2257 homo
766 2202 925 2269 ridet,
964 2210 1021 2259 et
1052 2204 1267 2260 cunctis
1294 2203 1475 2261 ridere
1515 2206 1762 2262 naturale
1789 2216 1892 2265 est.

298 2287 358 2346 lu
387 2289 505 2345 solo
528 2298 586 2346 et
606 2307 714 2346 non
742 2291 796 2346 in
822 2293 989 2358 omni,
1020 2302 1081 2349 ut
1109 2294 1157 2350 si
1177 2296 1301 2366 quis
1321 2294 1591 2353 dilliniens
1621 2298 1896 2355 hominem

299 2394 557 2451 capacem
588 2381 892 2453 disciplina:
921 2384 1069 2439 dicat
1095 2397 1218 2440 esse
1243 2402 1259 2451 ;
1299 2386 1405 2442 hoc
1444 2387 1499 2441 in
1528 2385 1645 2443 solo
1673 2389 1895 2458 quidem

296 2472 519 2529 homine
541 2474 773 2531 inveniri
802 2484 1016 2546 potest,
1048 2493 1156 2533 non
1196 2486 1377 2536 tamen
1408 2478 1463 2534 in
1486 2481 1636 2536 omni
1661 2500 1676 2549 ;
1717 2498 1896 2554 neque

293 2565 443 2620 enim
488 2578 676 2621 omnes
722 2567 1040 2638 disciplinas
1108 2569 1275 2641 339
1317 2570 1622 2628 didicerunt
1662 2572 1891 2644 aliquas.

295 2655 353 2711 ln
375 2658 525 2712 omni
554 2665 610 2712 et
638 2674 744 2715 non
776 2659 831 2714 in
853 2659 1000 2727 solo;
1030 2668 1091 2716 ut
1113 2662 1161 2717 si
1182 2663 1306 2732 quis
1328 2663 1603 2720 hominem
1628 2663 1896 2723 dil'liniens

292 2751 461 2818 dicat,
499 2752 553 2806 id
575 2767 696 2808 esse
722 2755 998 2810 hominem
1026 2756 1169 2825 quod
1195 2757 1387 2827 spirat,
1422 2760 1566 2828 quod
1594 2760 1774 2815 cibum
1798 2775 1892 2815 ca-

292 2845 425 2914 piat,
448 2845 554 2901 hoc
582 2846 636 2901 in
675 2849 823 2904 omni
849 2849 1070 2921 quidem
1093 2857 1178 2905 est
1204 2851 1444 2918 homine,
1484 2867 1593 2907 non
1631 2860 1811 2909 tamen
1837 2854 1895 2910 in

290 2936 408 2992 solo
432 2955 447 3003 ;
488 2954 616 2992 nam
645 2947 700 2995 et
720 2941 953 3010 pecudes
983 2940 1166 2996 cibum
1185 2942 1408 3012 capiunt
1428 2950 1485 2998 et
1508 2941 1638 2998 ferae
1660 2945 1889 3015 spirant.

292 3027 403 3085 Nec
432 3030 489 3084 in
514 3031 654 3096 solo,
676 3046 780 3087 nec
802 3032 858 3085 in
885 3032 1034 3089 omni
1059 3049 1075 3099 ;
1116 3041 1178 3087 ut
1220 3034 1265 3089 si
1302 3034 1425 3104 quis
1450 3034 1504 3089 in
1530 3036 1766 3092 hominis
1789 3034 1894 3093 dil-

290 3121 536 3177 tiuitione
562 3121 615 3177 id
639 3136 761 3178 esse
782 3120 928 3178 dicat
954 3123 1251 3189 hominem,
1279 3126 1423 3195 quod
1449 3126 1631 3181 album
1652 3134 1763 3194 est;
1790 3142 1894 3183 nec

290 3214 346 3269 in
372 3213 491 3270 solo
517 3228 618 3270 nec
646 3214 701 3269 in
726 3215 873 3270 omni
898 3224 1006 3283 est,
1051 3231 1228 3286 neque
1257 3218 1401 3272 enim
1431 3225 1525 3273 aut
1549 3218 1711 3275 homo
1741 3218 1891 3275 solus

2000 2020 2176 2066 strum
2217 2018 2400 2065 autem
2446 2026 2609 2080 super
2654 2019 2711 2065 et
2758 2009 2949 2064 subter
3000 2010 3326 2080 migratione
3355 2024 3604 2065 commu-

2000 2111 2176 2169 tatur;
2209 2109 2271 2155 ut
2302 2101 2349 2155 si
2378 2100 2502 2170 quis
2537 2116 2661 2156 eum
2693 2101 2747 2155 in
2793 2099 3144 2155 inferioribus
3173 2099 3373 2166 fuerit,
3403 2100 3473 2155 ad
3512 2116 3602 2156 su-

1996 2196 2215 2265 periora
2236 2196 2600 2263 conscendat;
2650 2206 2743 2252 aut
2780 2214 2811 2252 e
2840 2197 3212 2269 superioribus
3237 2197 3306 2251 ad
3337 2195 3627 2258 inferiora‘

1995 2287 2308 2344 descendat.

2066 2383 2129 2439 C.
2152 2383 2295 2438 Num
2318 2386 2501 2440 omnia
2536 2386 2603 2441 ad
2630 2386 2991 2457 quantitatem
3026 2384 3356 2456 pertinentia
3384 2385 3471 2441 his
3500 2401 3597 2442 sex

1993 2477 2245 2548 partibus
2278 2478 2756 2533 includuntur?-—-
2783 2479 2848 2533 Α.
2880 2476 2996 2533 Non
3024 2477 3207 2533 omnia
3232 2478 3331 2533 has
3360 2478 3599 2534 circum-

1994 2570 2292 2643 positiones
2326 2573 2548 2628 habent.
2585 2572 2821 2643 Tempus
2845 2586 2977 2628 vero
2998 2579 3054 2625 et
3089 2586 3351 2626 numerus
3376 2582 3434 2626 et
3470 2587 3599 2627 ora-

1994 2666 2092 2730 tio,
2121 2664 2247 2720 lieet
2271 2666 2339 2721 ad
2365 2666 2726 2736 quantitatem
2775 2664 3109 2736 pertineant,
3141 2664 3226 2718 his
3270 2672 3453 2720 tamen
3483 2680 3595 2719 non

1996 2758 2283 2829 subjacent
2303 2759 2581 2815 claustris.
2603 2759 2784 2815 Unum
2810 2774 2941 2813 vero
2968 2767 3024 2813 et
3056 2757 3240 2831 [Mss.,
3271 2757 3378 2831 vel]
3406 2758 3596 2815 decem

1991 2862 2049 2911 et
2087 2852 2270 2927 [Mss.,
2305 2853 2414 2927 vel]
2442 2861 2659 2910 centum
2704 2868 2827 2909 eum
2867 2851 3098 2908 dicimus
3122 2893 3135 2918 ,
3191 2852 3368 2923 ipsum
3400 2867 3596 2907 nume—

1992 2964 2114 3003 rum
2144 2949 2318 3004 solum
2347 2949 2619 3013 dicentes,
2650 2962 2757 3001 non
2780 2946 2982 3017 aliquid
3007 2945 3370 3017 corporaliter
3392 2961 3592 3003 nume-

1990 3047 2194 3105 rantes,
2222 3056 2333 3097 non
2354 3038 2656 3110 reperimus
2677 3039 2733 3093 in
2756 3038 2863 3093 illis
2885 3039 3134 3093 dextrum
3168 3036 3376 3107 aliquid
3409 3038 3495 3092 vel
3518 3038 3595 3094 si-

1990 3132 2247 3188 nistrum.
2268 3131 2601 3187 Similiterct
2617 3132 2672 3186 in
2697 3139 2942 3200 tempore
2964 3129 3253 3203 aut[Mss.,
3270 3132 3456 3205 atque]
3475 3148 3593 3188 ser-

1992 3239 2153 3280 mone
2179 3224 2417 3279 maxime
2445 3238 2570 3279 cum
2592 3223 2709 3278 haec
2724 3223 2986 3278 citissime
3006 3221 3281 3278 labuntur.
3300 3223 3435 3280 Nam
3453 3233 3591 3281 tem-

288 3307 555 3363 candidus
583 3307 857 3363 invenitur
881 3316 939 3364 et
964 3324 1072 3364 non
1100 3284 1200 3364 bos
1224 3318 1317 3365 aut
1340 3324 1550 3380 equus;
1591 3319 1688 3367 aut
1708 3312 1887 3367 omnis
1914 3284 1959 3347 Ο
1989 3330 2092 3386 pus
2118 3313 2356 3371 instabili
2378 3324 2528 3371 motu
2543 3331 2757 3386 semper
2782 3318 3043 3383 decurrit,
3072 3318 3126 3373 in
3153 3326 3388 3387 tantum,
3420 3328 3483 3377 ut
3507 3318 3593 3377 di-

289 3399 455 3456 bomo
482 3399 638 3455 albus
661 3407 766 3456 est.

356 3486 421 3545 C.
452 3488 583 3559 Quae
623 3507 690 3547 ex
721 3491 842 3548 istis
867 3492 1152 3562 speciebus
1198 3495 1486 3550 certiorem
1523 3495 1578 3551 in
1632 3498 1753 3552 asia
1800 3495 1884 3553 la-

287 3583 441 3640 ciunt
477 3583 895 3641 diﬂinitionem?
913 3617 987 3628 ——
1021 3586 1088 3641 Α.
1118 3587 1267 3643 Duae.
1298 3587 1359 3643 ln
1384 3587 1500 3645 solo
1523 3597 1581 3644 et
1608 3589 1664 3644 in
1691 3592 1838 3645 omni
1862 3608 1878 3658 ;

286 3681 487 3748 altera,
518 3698 640 3753 quae
658 3683 713 3737 in
743 3682 879 3748 solo,
910 3698 1018 3738 non
1044 3684 1100 3737 in
1126 3684 1304 3752 omni;
1345 3692 1430 3751 ut,
1458 3684 1734 3742 hominem
1761 3700 1882 3742 esse

286 3773 569 3841 risibilem,
616 3774 1023 3845 disciplinaeque
1055 3790 1332 3846 capacem.
1383 3776 1479 3833 lla:
1526 3778 1645 3833 duae
1670 3780 1881 3849 species

283 3872 353 3925 ad
382 3871 812 3943 investigandum
837 3873 1016 3938 usian,
1043 3873 1109 3928 de
1145 3888 1251 3942 qua
1280 3873 1531 3942 inquiris,
1557 3874 1702 3928 viam
1724 3888 1880 3929 mon-

284 3971 480 4019 strant.
516 3963 584 4019 Et
609 3964 732 4021 dua:
776 3962 897 4019 alia:
936 3970 1145 4021 certum
1174 3964 1381 4036 aliquid
1411 3964 1721 4037 signiﬁcare
1768 3981 1878 4022 non

282 4065 527 4128 possunt.

912 4147 1145 4207 CAPUT
1171 4149 1264 4207 IV.

842 4256 909 4297 DE
961 4257 1328 4305 QUANTI'I'ATE.

352 4330 415 4389 C.
447 4332 704 4389 Decursis
746 4332 912 4403 igitur
939 4333 1179 4389 breviter
1218 4333 1487 4404 partibus,
1514 4334 1713 4404 quibus
1758 4333 1877 4387 usia

280 4426 455 4497 possit
482 4425 734 4495 intelligi,
768 4432 941 4480 restat
986 4441 1131 4480 nunc
1164 4440 1345 4481 sermo
1372 4426 1440 4483 de
1471 4426 1700 4497 singulis
1743 4426 1877 4481 asia:

282 4522 652 4579 accidentibus
678 4514 986 4590 inquirere;
1015 4528 1073 4575 et
1096 4522 1445 4591 quantitatem
1470 4561 1486 4587 ,
1536 4536 1701 4591 quam
1754 4519 1872 4591 pri-

281 4629 429 4669 mam
462 4610 598 4685 [Αι.,
626 4609 826 4683 primo]
872 4610 1133 4680 posuisti,
1174 4610 1411 4679 primum
1448 4625 1679 4681 expone.
1704 4641 1775 4650 —-
1801 4610 1868 4664 Α.

279 4704 393 4760 Nec
417 4706 536 4759 sine
556 4718 722 4758 causa
744 4701 833 4755 illa
858 4702 1032 4772 prima
1073 4701 1249 4770 posita
1278 4710 1395 4767 est;
1443 4716 1569 4754 nam
1605 4716 1731 4755 cum
1767 4700 1871 4755 ali-

279 4797 425 4868 quod
457 4810 655 4865 corpus
680 4794 1002 4859 viderimus,
1044 4794 1098 4848 id
1119 4835 1133 4860 ,
1167 4800 1433 4863 quantum
1476 4793 1566 4858 sit,
1597 4793 1873 4847 aestimare

279 4886 487 4943 licebit.

351 4979 416 5034 C.
444 4977 727 5047 Quomodo
768 4977 1047 5049 quantitas
1097 4977 1357 5033 :estimari
1393 4977 1567 5033 solet?
1607 5008 1678 5017 —
1704 4977 1768 5031 Α.
1811 4976 1869 5032 In

278 5088 536 5131 mensura
565 5070 938 5141 longitudinis,
965 5070 1268 5125 latitudinis
1289 5077 1344 5124 et
1364 5068 1668 5124 altitudinis
1693 5085 1706 5131 ;
1741 5069 1869 5139 quia

281 5166 396 5223 btec
423 5165 524 5220 tria
547 5180 745 5234 corpus
771 5163 1052 5233 quodlibet
1081 5163 1283 5218 habere
1300 5178 1522 5219 necesse
1538 5170 1641 5217 est.
1662 5162 1869 5234 llisque

279 5256 506 5328 singulis
531 5255 650 5311 duae
678 5255 904 5324 species
953 5253 1221 5322 adjacent.
1258 5252 1632 5324 Longitudini,
1666 5261 1793 5308 ante
1814 5262 1869 5309 et

278 5363 458 5419 retro;
496 5351 789 5417 latitudini,
821 5350 1074 5406 dextrum
1115 5359 1172 5406 et
1212 5351 1527 5412 sinistrum;
1571 5349 1865 5416 altitudini,

277 5461 496 5505 sursum
539 5454 597 5502 et
635 5445 912 5501 deorsum.
942 5444 1040 5501 llis
1069 5446 1214 5500 enim
1263 5460 1359 5500 sex
1409 5443 1657 5515 partibus
1706 5457 1867 5498 omne

278 5554 477 5610 corpus
503 5537 993 5595 circumscribitur.

347 5634 411 5690 C.
439 5631 579 5700 Quid
611 5631 659 5687 si
691 5630 888 5701 aliquis
908 5630 1079 5686 solam
1102 5629 1493 5700 longitudinem
1525 5630 1748 5685 metitur
1767 5629 1871 5683 ἳ-

277 5730 343 5784 Α.
370 5726 677 5798 Longitudo
704 5723 817 5780 sola
840 5724 961 5779 sine
984 5723 1268 5779 latitudine
1288 5732 1601 5801 mensurata
1632 5740 1867 5794 gramme

278 5821 497 5887 dicitur,
514 5820 568 5876 id
584 5827 689 5885 est,
708 5817 921 5874 linealis
944 5832 1218 5872 mensura.
1234 5816 1377 5871 —C.
1395 5815 1535 5884 Quid
1558 5818 1605 5873 si
1636 5817 1865 5888 longitu-

278 5914 390 5971 diui
421 5913 759 5979 latitudinem
789 5911 1061 5969 metiendo
1082 5910 1204 5982 quis
1232 5910 1605 5983 adjecerit?—
1636 5911 1699 5965 A.
1727 5912 1861 5967 (lum

1988 3408 2245 3481 ligentius
2268 3407 2737 3465 considerantibus
2772 3425 2911 3480 pene
2934 3411 3069 3466 nihil
3100 3427 3341 3483 praesens
3362 3427 3485 3470 esse
3506 3412 3592 3470 vi-

1987 3503 2200 3557 deatur.
2233 3500 2312 3556 lta
2332 3509 2388 3556 et
2412 3517 2608 3564 sermo,
2639 3516 2763 3557 cum
2795 3504 3035 3559 nondum
3060 3504 3240 3561 dictus
3263 3504 3451 3570 fuerit,
3472 3521 3584 3562 non

1986 3602 2234 3667 apparet.
2264 3594 2611 3651 Manifestum
2653 3603 2739 3651 est
2770 3595 2936 3667 igitur
2973 3597 3093 3653 haec
3126 3598 3230 3654 tria
3257 3598 3586 3669 positionem

1985 3689 2328 3745 diversarum
2357 3688 2596 3760 partium
2626 3704 2733 3742 non
2765 3688 2989 3743 habere.

2054 3778 2115 3834 C.
2149 3779 2208 3835 Si
2239 3780 2414 3848 magis
2438 3786 2535 3833 aut
2560 3779 2763 3842 minus,
2787 3780 2931 3848 quod
2961 3779 3139 3835 Grmci
3162 3780 3363 3848 malon,
3395 3792 3587 3839 ecaton

1983 3870 2163 3946 [Ἀβδη
2190 3881 2451 3935 cecoton.;
2473 3870 2573 3936 a|.,
2600 3872 2785 3942 μᾶλλον
2810 3878 2858 3925 et
2876 3870 3112 3945 ἔλαττον]
3138 3872 3345 3949 dicunt,
3364 3876 3585 3944 quanti-

1981 3972 2064 4019 tas
2084 3963 2289 4019 habere
2321 3962 2624 4035 potest?——
2652 3963 2728 4016 Α..
2746 3961 2867 4018 Non
2921 3972 3120 4034 potest.
3179 3963 3363 4039 [Nam]
3410 3968 3589 4038 magis

1980 4056 2227 4128 bipedale
2270 4056 2357 4112 vel
2392 4056 2573 4112 minus
2596 4056 2702 4111 dici
2736 4072 2843 4111 non
2891 4066 3103 4127 potest;
3139 4075 3240 4115 nec
3268 4060 3441 4133 magis
3472 4070 3585 4119 tres

1980 4157 2076 4204 aut
2098 4149 2280 4204 minus
2310 4156 2420 4203 tres
2449 4148 2734 4204 nominare
2779 4148 2928 4205 licet.
2978 4148 3246 4206 Similiter
3270 4160 3485 4226 tempus
3528 4164 3583 4210 et

1978 4241 2157 4295 oratio
2206 4240 2379 4311 magis
2427 4246 2521 4294 aut
2570 4242 2751 4295 minus
2800 4257 2908 4296 non
2961 4240 3223 4309 habent;
3254 4245 3351 4299 sed
3395 4246 3579 4300 omnia

1979 4332 2301 4403 quantitatis
2346 4331 2499 4402 paria
2544 4338 2640 4385 aut
2683 4332 2913 4402 imparia
2944 4336 3310 4405 nuncupanda
3339 4344 3484 4391 sunt.
3509 4368 3581 4378 —

1979 4424 2041 4479 (ἶ.
2080 4424 2223 4492 Quid
2256 4424 2303 4480 si
2334 4424 2511 4496 magis
2539 4422 2757 4495 longum
2788 4434 2881 4480 aut
2911 4426 3095 4483 minus
3123 4428 3488 4484 dicamus?——
3509 4432 3576 4485 Α.

1980 4516 2131 4571 Tunc
2159 4515 2229 4571 ad
2258 4515 2461 4588 aliquid
2491 4516 2767 4585 categoria
2796 4517 2921 4573 erit.
2953 4517 3090 4574 Nam
3120 4522 3295 4593 magis
3323 4522 3501 4579 simile
3524 4533 3581 4579 et

1978 4610 2156 4664 minus
2183 4608 2362 4663 simile
2391 4608 2628 4665 solemus
2648 4610 2861 4675 dicere;
2900 4610 3078 4668 simile
3106 4627 3235 4669 vero
3257 4613 3478 4671 cuilibet
3505 4616 3580 4672 si-

1981 4702 2094 4757 mili
2122 4700 2298 4757 simile
2325 4708 2432 4757 est.

2498 4793 2663 4867 τίω
2704 4793 2935 4851 CAPUT
2986 4796 3054 4851 v.

2542 4904 2609 4943 DE
2644 4904 2712 4942 ΑΙ)
2756 4904 2995 4951 Αωρυιι).

2048 4980 2108 5036 C.
2134 4980 2337 5038 Verum
2385 4977 2512 5048 quia
2562 4978 2894 5032 mentionem
2927 4976 3217 5048 categorize
3261 4978 3333 5033 ad
3371 4978 3579 5051 aliquid

1976 5075 2174 5141 fecisti,
2207 5074 2351 5129 illius
2383 5070 2744 5141 preprietates
2764 5069 2959 5139 pande.
2982 5100 3056 5110 —
3075 5069 3141 5124 Α.
3171 5069 3416 5138 Faciam,
3444 5071 3574 5129 licet

1976 5165 2409 5226 extraordinario
2463 5161 2635 5236 [Al.,
2689 5171 2847 5218 extra
2908 5160 3211 5236 ordinem].
3261 5161 3397 5219 Nam
3446 5175 3573 5236 post

1974 5260 2336 5333 quantitatem
2362 5256 2597 5328 qualitas
2623 5258 2928 5327 ponebatur
2948 5255 3002 5309 in
3031 5256 3243 5311 ordine.
3269 5256 3351 5310 Ad
3366 5256 3570 5330 aliquid

1974 5368 2106 5425 ergo
2134 5350 2466 5421 categoriam
2494 5362 2771 5407 vocamus,
2796 5362 2903 5417 qua
2934 5344 3114 5419 [Mss.,
3142 5346 3285 5421 quaa]
3317 5349 3393 5416 id,
3424 5354 3573 5421 quod

1972 5453 2078 5509 est,
2094 5444 2297 5499 dicitur
2317 5457 2382 5498 ex
2411 5440 2604 5506 altero,
2624 5448 2679 5495 et
2703 5439 2822 5494 sine
2843 5439 2997 5510 cujus
3019 5439 3283 5495 societate
3312 5456 3434 5499 esse
3459 5459 3571 5502 non

1863 5552 1875 5564 '
1973 5538 2174 5610 possit;
2224 5543 2281 5592 et
2321 5533 2477 5604 cujus
2501 5535 2587 5589 vis
2612 5534 2792 5588 omnis
2833 5548 2897 5588 ex
2927 5532 3155 5588 alterius
3183 5533 3574 5604 conjunctione

1971 5629 2286 5695 descendit;
2340 5636 2402 5683 ut
2447 5626 2689 5696 duplum,
2743 5623 2923 5697 simpli
2970 5624 3172 5680 dicitur
3208 5624 3465 5696 duplum;
3509 5636 3569 5687 cn

1971 5724 2168 5793 majus,
2196 5721 2395 5778 minori
2426 5720 2624 5775 dicitur
2650 5718 2857 5787 majus;
2905 5725 2960 5774 et
3013 5718 3208 5783 simile,
3236 5718 3400 5773 simili
3431 5720 3571 5775 dici-

1971 5827 2061 5873 tur
2088 5817 2289 5873 similc.
2315 5846 2387 5856 -—
2414 5813 2476 5869 ϐ.
2513 5813 2580 5868 Et
2607 5814 2711 5869 hoc
2754 5812 2950 5878 claret,
2980 5812 3050 5867 ad
3095 5813 3299 5884 aliquid
3328 5828 3434 5868 non
3463 5828 3568 5870 sua

1970 5910 2043 5979 vi,
2082 5909 2177 5967 sed
2203 5908 2427 5967 alterius
2454 5905 2832 5977 conjunctione
2855 5905 3172 5962 consistere.
3215 5903 3322 5961 Sed
3361 5905 3407 5960 si
3452 5904 3565 5961 alia
