4090 6504
533 290 639 345 959

1357 295 1417 348 Β.
1459 297 1520 352 F.
1562 295 1791 351 ALBINI
1830 295 1960 352 SEU
2002 292 2280 349 ALCUINI
2318 291 2606 347 OPERL’M
2645 291 2826 348 PARS
2865 293 2973 350 ΥΠ.

3700 292 3808 347 960

537 408 698 463 modo
725 408 897 476 possit
919 407 1132 464 diﬂniri
1153 408 1356 482 profer.
1383 443 1456 452 —
1481 412 1548 465 Α.
1579 411 1733 467 Tunc
1757 425 1890 482 ergo
1909 421 1964 466 et
1993 424 2121 464 vere
2149 422 2193 476 Α
2224 405 2354 476 quid
2389 408 2507 461 est?
2543 437 2613 446 -
2653 408 2720 461 Α.
2762 407 2988 464 Habitus
3035 418 3148 474 est,
3194 409 3342 480 quod
3384 409 3601 467 animus
3644 412 3808 482 longo

535 508 594 555 et
642 501 864 573 proprie
917 503 987 557 ad
1043 501 1246 574 aliquid
1299 503 1515 568 dicitur,
1545 519 1668 559 cum
1716 505 1815 558 sub
1842 519 1950 558 uno
1998 511 2122 556 ortu

539 601 706 664 atque
728 609 924 651 occasu
965 605 1021 650 et
1042 595 1093 650 id
1119 596 1263 666 quod
1278 594 1525 668 jungitur
1547 596 1623 668 [et
1653 597 1705 652 id
1727 596 1811 652 cui
1829 593 2122 666 jungitur],

541 683 857 751 invenitur;
894 695 955 742 ut
991 695 1143 759 puta.
1178 702 1369 744 servus
1414 698 1466 743 et
1515 687 1789 752 dominus,
1836 696 2126 756 utrumque

538 776 630 833 vel
666 777 830 834 simul
855 788 961 843 est,
1002 779 1086 833 vel
1108 780 1270 836 simul
1297 795 1404 834 non
1437 791 1539 834 est.
1567 778 1780 834 Etenim
1803 794 1925 833 cum
1955 777 2126 831 domi-

542 884 674 925 um
698 870 924 936 dixeris,
951 872 1262 926 necessario
1290 871 1490 926 existet
1511 879 1567 925 et
1593 884 1815 932 servus;
1845 882 1971 923 cum
1997 880 2126 921 vero

542 960 825 1018 dominum
856 963 1067 1026 tuleris,
1102 977 1201 1019 nec
1231 979 1420 1018 servus
1445 971 1689 1034 apparet.
1739 959 2003 1016 Similiter
2029 960 2124 1013 du-

543 1051 693 1125 plum
722 1062 779 1108 et
815 1055 1069 1124 simplum
1099 1056 1425 1110 alterutrum
1474 1072 1532 1110 se
1569 1055 1654 1111 vel
1701 1054 2019 1111 interimunt
2041 1054 2127 1107 vel

542 1147 854 1202 ostendunt.
884 1147 1190 1218 Appareute
1210 1148 1354 1203 enim
1377 1147 1540 1219 duplo
1569 1147 1808 1201 nascitur
1837 1147 2124 1215 simplum;

544 1238 707 1307 duplo
739 1247 998 1309 pereunte
1037 1253 1139 1294 nec
1165 1239 1416 1310 simplum
1467 1237 1666 1311 [Edit.,
1700 1236 2008 1309 semiplum]
2034 1251 2133 1306 po-

552 1331 684 1386 terit
709 1344 1034 1401 permanere
1061 1350 1075 1385 :
1107 1330 1362 1386 similiter
1399 1332 1444 1384 si
1471 1330 1724 1401 simplum
1755 1346 1864 1385 non
1890 1329 1984 1396 sit,
2031 1344 2130 1385 nec

547 1421 769 1492 duplum
794 1429 897 1477 est.
924 1422 997 1477 At
1036 1424 1081 1477 si
1118 1422 1374 1494 simplum
1396 1419 1578 1486 fuerit,
1605 1429 1662 1477 et
1692 1420 1911 1491 duplum
1938 1435 2131 1477 neces-

545 1515 694 1570 sario
722 1515 1023 1585 apparebit.

619 1605 681 1662 C.
710 1606 830 1675 Quo
862 1624 1088 1664 numero
1113 1608 1198 1664 vel
1225 1609 1424 1680 quibus
1449 1610 1664 1666 casibus
1688 1611 1774 1666 liae
1798 1609 2133 1681 conjunctio-

549 1712 649 1752 nes
700 1698 978 1752 nominum
1025 1697 1201 1753 solent
1251 1700 1581 1755 essel—A.
1617 1698 1826 1775 Sepius
1872 1699 2129 1770 singulari

2227 498 2391 553 habet
2419 506 2693 568 tempore;
2733 509 2791 554 ut
2822 500 2992 554 virtus
3020 509 3078 555 et
3103 500 3406 571 disciplina.
3455 501 3683 558 Aﬂ'ectio
3721 511 3813 559 est

2225 592 2508 647 mutabilis
2558 593 2757 648 mentis
2801 592 3088 663 impulsio;
3121 602 3181 648 ut
3227 595 3509 665 repentina
3541 594 3815 664 cupiditas

2227 687 2307 740 vel
2336 687 2636 742 iracundia.
2659 718 2732 728 —
2754 685 2816 742 C.
2841 687 2981 755 Quid
3006 698 3092 743 est
3112 687 3256 744 inter
3279 689 3536 745 virtutem
3563 699 3619 744 et
3645 688 3814 745 disci-

2225 777 2558 844 plinam?—
2592 777 2656 831 Α.
2701 776 2818 833 Hoc
2853 775 3114 846 profecto,
3145 776 3294 846 quod
3334 776 3620 848 disciplina
3658 779 3714 832 in
3740 793 3812 834 ea

2225 876 2382 936 parte
2418 869 2634 932 animat,
2657 882 2781 937 qua:
2807 868 3148 925 rationabilis
3179 869 3400 936 dicitur,
3433 869 3815 926 tantummodo

2226 970 2496 1018 versatur.
2523 962 2707 1018 Virtus
2737 977 2867 1017 vero
2913 977 3103 1017 omnes
3132 963 3327 1018 animm
3360 973 3545 1034 partes
3597 963 3811 1033 ample-

2226 1054 2412 1117 ctitur,
2437 1067 2761 1121 omnemque
2803 1051 2932 1124 ML,
2981 1052 3281 1126 totamque]
3311 1055 3548 1109 animam
3577 1070 3676 1110 suo
3705 1056 3814 1110 im-

2227 1143 2381 1215 perio
2431 1143 2696 1214 gubernat
2723 1152 2777 1197 et
2806 1143 2970 1214 regit;
2999 1153 3059 1198 ut
3092 1153 3148 1201 et
3177 1145 3512 1202 iracundiam
3545 1146 3727 1201 domet
3754 1155 3816 1202 et

2229 1232 2552 1303 cupiditates
2586 1232 2744 1306 341
2796 1243 3079 1299 amoveat,
3135 1235 3282 1306 quod
3329 1235 3612 1306 disciplina
3663 1236 3815 1292 haud

2230 1322 2411 1379 facere
2446 1332 2644 1395 potest.
2670 1355 2742 1364 --
2764 1322 2824 1380 C.
2858 1324 3004 1392 Quot
3029 1332 3154 1380 sunt
3179 1338 3362 1396 partes
3391 1326 3621 1381 anim?
3651 1330 3812 1382 -Δ.

2230 1413 2386 1479 Tres,
2419 1413 2786 1480 rationabilis,
2821 1415 3143 1482 irascibilis,
3193 1417 3649 1488 concupiscibilis.
3701 1414 3816 1474 Sed

2233 1506 2350 1562 haec
2374 1505 2531 1563 alias.
2579 1504 2733 1562 Nunc
2765 1514 3002 1575 emptum
3033 1506 3138 1563 iter
3191 1521 3482 1580 pergamus
3512 1505 3650 1578 [Al.,
3686 1521 3814 1566 car-

2229 1595 2402 1670 pani].
3625 1589 3643 1603 ‘

2302 1687 2365 1745 ϐ.
2405 1692 2652 1748 Potentia
2706 1692 2970 1749 naturalis
3021 1694 3150 1764 quid
3204 1693 3330 1750 est?
3364 1723 3437 1737 --
3485 1693 3551 1746 Α.
3588 1692 3816 1760 Quoties

549 1806 810 1855 numero,
853 1797 913 1844 ut
943 1790 1195 1860 simplum
1219 1791 1398 1861 dupli,
1434 1802 1589 1860 pater
1627 1791 1742 1846 lilii.
1800 1789 1906 1846 Sed
1933 1800 1991 1846 et
2026 1789 2132 1846 alia
2167 1779 2208 1838 Β
2233 1781 2358 1851 (Illis
2386 1780 2595 1838 videtur
2615 1782 2699 1838 vel
2719 1798 2880 1853 posse
2905 1783 2990 1838 vel
3018 1799 3125 1839 non
3148 1801 3306 1856 posse
3326 1800 3385 1842 se
3410 1785 3612 1856 aliquid
3633 1783 3819 1842 facere

553 1882 860 1953 huiusmodi
887 1883 1126 1952 genitivo
1156 1884 1338 1947 casui;
1395 1884 1503 1938 alia
1536 1883 1669 1955 [Αι.,
1701 1882 1866 1954 nunc]
1911 1883 2129 1949 dativo;

551 1973 810 2045 pleraque
839 1972 977 2046 [Αι.,
1005 1972 1173 2047 nunc]
1203 1974 1441 2030 ablativo
1468 1973 1710 2044 copulari
1747 1974 1943 2029 solent.
1973 1971 2138 2029 Geni-

555 2067 669 2122 tivo
694 2067 939 2137 quidem,
965 2075 1026 2122 ut
1050 2081 1240 2121 servus
1264 2067 1468 2121 domini
1485 2065 1748 2134 ;duplum
1782 2064 1984 2135 simpli.
2033 2064 2140 2119 Da-

553 2160 668 2214 tivo
697 2174 712 2212 :
751 2155 938 2212 Simile
968 2156 1162 2222 simili,
1190 2170 1293 2228 par
1338 2156 1478 2227 pari.
1511 2154 1762 2212 Ablativo
1788 2169 1922 2211 vero
1952 2169 1967 2209 :
2001 2153 2138 2211 Sen-

555 2250 716 2306 sibile
741 2263 904 2305 sensu
938 2246 1215 2304 sensibile.

627 2341 688 2396 Si
720 2342 847 2398 huic
873 2341 1162 2410 categorize
1197 2340 1404 2397 alterna
1445 2339 1734 2397 conversio
1765 2337 2012 2394 accidere
2037 2353 2135 2408 po-

555 2435 786 2491 test?-—
812 2434 878 2488 Α.
908 2435 1106 2490 Etiam.
1129 2433 1264 2490 Nam
1297 2443 1587 2505 utrumque
1616 2433 2011 2490 rationabiliter
2033 2434 2138 2490 dici

555 2535 770 2598 potest;
803 2535 859 2582 et
883 2540 1074 2582 servus
1099 2525 1326 2590 domini,
1355 2533 1412 2581 et
1448 2525 1698 2581 dominus
1723 2525 1896 2591 servi;
1927 2533 1984 2580 et
2012 2525 2142 2580 sim-

557 2615 706 2688 plum
732 2615 898 2686 dupli,
929 2623 984 2670 et
1013 2614 1235 2684 duplum
1256 2615 1455 2685 simpli.
1489 2616 1555 2669 Et
1581 2613 1861 2671 sciendum
1885 2621 1972 2669 est
1996 2614 2141 2683 quod

558 2722 776 2778 aetnper
817 2705 1044 2761 relativa
1074 2703 1160 2760 vel
1203 2705 1364 2758 simul
1393 2705 1545 2760 nasci
1570 2703 1656 2758 vel
1684 2703 1845 2758 simul
1871 2701 2140 2770 exstingui

557 2806 796 2870 oportet,
824 2805 885 2852 ut
930 2797 1211 2853 subtracto
1260 2811 1419 2853 servo
1463 2795 1715 2850 dominus
1751 2810 1861 2850 non
1907 2802 2023 2858 est;
2057 2807 2142 2848 re-

559 2901 710 2949 moto
736 2891 956 2947 domino
985 2904 1087 2946 nec
1129 2904 1320 2945 servus
1364 2894 1608 2958 apparet.
1656 2886 1736 2942 lta
1779 2886 1847 2941 de
1897 2895 2052 2955 patre
2088 2892 2144 2938 et

558 2983 692 3040 ﬁlio.
721 2983 801 3038 Ac
828 2983 951 3038 ideo
971 2980 1270 3038 secundum
1291 2980 1433 3035 banc
1455 2977 1743 3048 categorias
1774 2975 2014 3049 regulam
2043 2975 2143 3029 mi-

561 3074 733 3130 randa
752 3080 841 3128 est
858 3071 994 3134 Arii,
1020 3069 1103 3126 vel
1129 3071 1304 3142 magis
1331 3068 1664 3134 miseranda,
1702 3075 1759 3124 et
1784 3068 1904 3138 ejus
1929 3080 2142 3136 quoque

2232 1885 2330 1942 per
2358 1881 2634 1938 naturam,
2661 1883 2721 1927 ut
2747 1874 2898 1929 verbi
2926 1876 3098 1945 gratia
3125 1875 3258 1931 visis
3280 1875 3601 1945 corporibus
3620 1889 3820 1945 puero-

2236 1977 2378 2028 ruln,
2407 1962 2652 2020 dicamus
2670 1977 2766 2019 eos
2785 1965 2841 2019 in
2865 1964 3048 2020 futuro
3083 1965 3168 2022 vel
3189 1980 3444 2020 cursores
3468 1964 3553 2020 vel
3580 1963 3814 2036 pugilla-

2235 2059 2382 2109 tores
2403 2050 2538 2124 (AL,
2561 2051 2792 2126 pugiles]
2826 2052 2976 2120 fore;
3030 2069 3138 2110 non
3169 2055 3312 2126 quod
3342 2055 3517 2110 adhuc
3555 2054 3659 2111 hac
3695 2063 3821 2111 arte

2237 2148 2546 2205 teneantur,
2601 2141 2700 2197 sed
2741 2141 2992 2197 videntur
3028 2157 3126 2212 per
3169 2143 3469 2199 naturalem
3495 2144 3819 2215 ’potentiam

2237 2246 2357 2288 eam
2383 2246 2544 2304 posse
2585 2231 2805 2288 habere.
2839 2231 3102 2288 Similiter
3128 2234 3195 2289 de
3223 2236 3459 2290 sanitate
3500 2245 3558 2290 ct
3593 2235 3826 2291 inﬁrmi-

2238 2331 2352 2378 tate
2396 2337 2465 2380 ex
2495 2324 2739 2393 corporis
2765 2323 3029 2394 qualitate
3055 2338 3200 2396 saepe
3225 2325 3402 2381 solent
3446 2326 3637 2383 medici
3681 2341 3824 2400 pra-

2238 2413 2439 2469 dicere.

2309 2503 2370 2560 C.
2399 2505 2635 2562 Passiva:
2684 2509 2978 2579 qualitates
3021 2510 3108 2568 vel
3145 2511 3428 2581 passiones
3477 2525 3597 2582 qua:
3647 2511 3828 2568 sunt?

2237 2626 2314 2641 -—
2342 2598 2406 2652 Α.
2436 2597 2672 2654 Ρειεείνε
2700 2610 2880 2656 autem
2918 2602 3208 2672 qualitates
3241 2613 3368 2658 sunt
3396 2612 3486 2658 aut
3509 2603 3701 2660 albedo
3727 2611 3829 2659 at

2240 2690 2468 2760 nigredo
2491 2699 2548 2744 et
2588 2705 2778 2746 eorum
2801 2693 2999 2758 media,
3029 2694 3193 2750 rubor
3220 2703 3278 2750 et
3304 2695 3494 2765 pallor.
3530 2695 3655 2751 liae
3675 2696 3827 2752 etaim

2241 2795 2348 2836 non
2374 2781 2476 2836 nisi
2500 2781 2583 2835 vel
2606 2782 2801 2838 anima
2831 2783 2913 2836 vel
2952 2785 3198 2852 corporis
3222 2785 3474 2855 passione
3500 2795 3822 2841 nascuntur.

2245 2870 2315 2928 Ut
2346 2873 2492 2928 enim
2533 2872 2806 2942 nigrescat
2842 2874 3067 2942 aliquid,
3114 2877 3358 2947 corporis
3389 2878 3569 2946 passio
3610 2883 3733 2942 est;
3762 2883 3830 2932 ut

2241 2963 2503 3034 pallescat
2520 2962 2604 3017 vel
2643 2963 2915 3030 rubescat,
2946 2965 3161 3032 animae,
3215 2982 3334 3037 quae
3365 2982 3489 3022 cum
3528 2966 3827 3039 turpitudi-

2244 3056 2329 3110 nis
2357 3054 2736 3111 verecundiam
2759 3053 2905 3111 ferre
2925 3057 3251 3127 nequiverit,
3293 3059 3449 3128 quasi
3470 3059 3538 3113 ad
3558 3057 3832 3115 defensio—

559 3165 835 3221 sociorum
873 3161 1039 3216 stulta
1089 3123 1342 3226 ascitas;
1390 3165 1699 3213 asserentes
1720 3155 1916 3210 Filium
1948 3171 2142 3209 secun-

2246 3157 2371 3198 nem
2396 3145 2501 3210 sui,
2529 3143 2740 3213 copiam
2763 3123 3044 3217 sanguinis
3083 3147 3137 3202 in
3161 3123 3463 3204 exteriores
3488 3158 3675 3219 partes
3703 3163 3831 3206 cor»

562 3255 693 3311 dum
733 3260 948 3324 tempus
991 3253 1142 3308 Patri
1171 3267 1293 3308 esse
1336 3251 1725 3321 posteriorem;
1766 3249 1894 3304 dum
1924 3247 2144 3304 omnino

561 3354 780 3407 constat
795 3345 1091 3402 secundum
1113 3343 1451 3399 dialecticam
1464 3342 1624 3399 simul
1645 3341 2142 3411 consempiternum

561 3455 688 3499 esse
709 3437 906 3496 Filium
951 3454 1076 3495 cum
1117 3438 1280 3494 Patre
1316 3435 1498 3510 [Δίκη
1531 3435 1730 3492 Filium
1753 3435 1948 3509 Patri].
1989 3437 2053 3490 Et
2098 3437 2144 3491 si

565 3535 710 3592 Deus
733 3533 898 3588 Pater
917 3524 1093 3604 '(quod
1131 3547 1232 3587 nec
1265 3530 1478 3609 illorum
1516 3531 1767 3601 impietas
1793 3530 2026 3586 audebat
2051 3544 2146 3584 ae-

566 3624 718 3699 gare)
734 3632 971 3680 :eternus
989 3631 1096 3688 est,
1112 3625 1298 3694 utique
1324 3630 1379 3678 et
1397 3621 1566 3679 Filius
1590 3633 1826 3679 stemus
1844 3631 1929 3679 est
1951 3639 2145 3681 secun-

564 3716 695 3774 dum
1049 3714 1275 3770 rationis
1303 3714 1703 3771 necessitatem.

1182 3829 1409 3887 CAPUT
1442 3831 1525 3886 Vl.

1125 3917 1191 3955 DE
1246 3917 1573 3965 ρωιιιτλτι.

635 3992 702 4052 ε.
728 3992 884 4050 Nunc
911 3991 1190 4064 qualitatis
1227 3993 1497 4048 rationem
1522 4007 1766 4064 expone;
1807 4001 1864 4050 et
1907 3994 2145 4065 primum

568 4087 676 4151 dic,
707 4085 839 4157 quid
866 4082 939 4142 sit
962 4086 1104 4141 inter
1135 4084 1451 4154 qualitatem
1473 4095 1531 4141 et
1563 4085 1758 4155 quale?
1775 4114 1847 4128 —
1867 4084 1935 4140 Δ.
1962 4085 2148 4153 Quali-

568 4189 737 4236 tatem
779 4193 1012 4248 namque
1053 4176 1306 4243 dicimus,
1335 4176 1705 4251 dulcedinem,
1747 4179 2145 4245 austeritatem,

569 4271 1239 4343 MMIigredinem.
1266 4270 1436 4336 Quale
1461 4285 1590 4326 vero
1635 4269 1975 4342 intelligitur,
2006 4288 2145 4343 quo-

568 4365 674 4420 ties
696 4361 877 4417 album
897 4361 1102 4432 aliquid
1123 4361 1375 4428 dicimus,
1393 4360 1550 4417 dulce
1569 4361 1656 4417 vel
1677 4371 1979 4417 austerum.
1995 4361 2141 4417 —C.

2244 3235 2394 3305 poris
2418 3234 2630 3300 fundit;
2659 3250 2837 3306 eoque
2853 3236 2934 3302 lit,
2959 3243 3019 3292 ut
3036 3239 3244 3308 pudore
3267 3240 3436 3294 nimio
3451 3242 3825 3297 rubeseamus.

2243 3323 2423 3381 Pallor
2440 3340 2657 3396 quoque
2681 3327 2844 3382 simili
2881 3330 3076 3385 animas
3109 3333 3362 3401 passione
3398 3333 3671 3400 consistit,
3697 3347 3829 3390 cum

2243 3415 2491 3487 perculsa
2538 3415 2671 3489 [Al.,
2708 3416 2965 3492 perculsi]
2995 3429 3143 3476 metu
3191 3423 3357 3477 nimio
3385 3423 3452 3479 ad
3481 3423 3662 3481 cordis
3683 3422 3830 3480 ulte-

2245 3508 2391 3562 riora
2420 3507 2684 3580 confugit,
2719 3524 2842 3566 eam
2891 3512 3117 3583 sanguis
3159 3514 3482 3584 insequitur,
3533 3513 3742 3588 [adeo],
3769 3525 3833 3572 ut

2243 3598 2516 3655 desertum
2564 3601 2847 3673 sanguine,
2897 3602 3042 3673 quod
3078 3613 3164 3661 est
3209 3605 3262 3659 in
3298 3615 3610 3676 conspectu,
3633 3621 3834 3677 corpus

2248 3689 2510 3746 albescat.
2544 3690 2641 3747 lle
2689 3691 2855 3764 igitur
2897 3693 3209 3764 qualitates,
3261 3697 3308 3751 si
3337 3697 3430 3751 diu
3478 3707 3834 3769 perseverant

2247 3781 2326 3855 [in
2361 3783 2636 3856 corpore],
2685 3786 2915 3856 passiva:
2959 3785 3252 3857 qualitates
3289 3787 3535 3846 dicenda:
3577 3801 3742 3858 sunt;
3783 3794 3832 3849 si

2247 3891 2379 3932 vero
2399 3877 2466 3931 ad
2495 3877 2662 3933 breve
2689 3886 2902 3949 tempus
2930 3879 3239 3936 exstiterint
3274 3882 3371 3947 ita,
3416 3891 3478 3938 ut
3510 3882 3621 3940 cito
3657 3884 3835 3941 disce-

2246 3969 2397 4035 dant,
2424 3970 2706 4040 passiones
2728 3985 2824 4026 eas
2851 3971 3033 4042 potius
3052 3972 3420 4031 nominamus.

2317 4081 2382 4139 Β.
2429 4081 2583 4140 Nunc
2640 4095 2893 4155 quartam
2951 4084 3192 4144 edissere
3254 4086 3526 4158 speciem;
3570 4096 3628 4146 et
3658 4089 3835 4161 primo

2246 4174 2376 4243 quid
2404 4175 2477 4229 sit
2502 4175 2646 4230 inter
2669 4172 2876 4230 formas
2904 4185 2961 4232 et
2987 4176 3189 4248 figuras
3215 4178 3446 4248 explana
3467 4175 3600 4252 [AI.,
3619 4179 3832 4254 dicito].

2247 4297 2318 4310 —
2331 4267 2396 4322 Α.
2427 4263 2638 4339 Figura:
2658 4269 3039 4326 inanimalibus
3059 4267 3191 4344 με..
3209 4270 3549 4340 animalibus,
3566 4271 3832 4348 mendose]

2248 4360 2578 4426 tribuuntur,
2607 4369 2668 4416 nt
2691 4370 2844 4432 puta,
2870 4363 3115 4435 trigonus
3137 4364 3221 4421 vel
3254 4372 3590 4436 tetragonus.
3622 4363 3836 4424 Forma

569 4456 796 4514 Videtur
820 4455 966 4511 enim
1011 4454 1330 4524 qualitatem
1366 4470 1618 4527 magnam
1660 4454 1863 4510 habere
1902 4469 2149 4511 commu-
2176 4483 2225 4542 υ
2250 4460 2431 4542 autem
2459 4452 2802 4521 animalibus,
2855 4455 2910 4509 in
2954 4455 3150 4526 quibus
3192 4455 3460 4513 fonnosos
3515 4457 3724 4530 aliquos
3747 4459 3835 4515 vel

569 4549 787 4602 nionem
812 4561 935 4602 cum
945 4547 1160 4601 caeteris
1175 4545 1483 4620 categoriis.
1496 4575 1568 4587 -ο
1581 4547 1649 4601 Α.
1662 4545 1897 4601 lneurrit
1909 4560 2145 4616 namque

569 4639 624 4693 in
661 4646 890 4694 caeteras
915 4651 1129 4703 omnes,
1156 4645 1214 4693 et
1239 4637 1361 4693 ideo
1391 4636 1660 4698 difﬁcilior
1680 4647 1794 4704 est;
1825 4647 1887 4694 ut
1925 4647 2058 4708 puta
2088 4639 2146 4692 in

569 4732 687 4788 usis
733 4731 1028 4796 invenitur,
1065 4745 1188 4786 cum
1225 4731 1478 4798 dicimus,
1520 4733 1684 4787 homo
1734 4732 2144 4803 grammaticus.

571 4822 640 4879 In
664 4833 860 4898 quanto
889 4837 908 4876 :
937 4821 1073 4878 Alba
1111 4832 1169 4879 et
1203 4823 1357 4896 nigra
1405 4823 1637 4894 epifania
1666 4823 1776 4898 [ΑΙ.
1800 4866 1815 4891 ,
1843 4825 2143 4898 mensura].

570 4914 640 4970 In
665 4916 735 4970 ad
759 4915 962 4986 aliquid
991 4929 1011 4968 :
1033 4914 1278 4971 Prudens
1303 4924 1488 4988 pater;
1513 4918 1748 4989 optimus
1777 4917 1938 4974 filius.
1971 4917 2038 4972 In
2068 4919 2150 4989 [a-

570 5027 726 5068 cere:
765 5013 910 5068 Dure
965 5013 1153 5067 saltat.
1183 5010 1250 5065 In
1276 5010 1386 5081 pati
1428 5027 1448 5065 :
1496 5011 1627 5066 l-‘ert
1655 5009 1872 5066 fortiter
1898 5010 2145 5066 vulnera.

572 5103 640 5158 In
666 5102 780 5157 loco
802 5117 820 5154 :
841 5102 1123 5159 Obscurus
1149 5101 1318 5156 locus.
1343 5100 1411 5156 Ia
1435 5113 1664 5172 tempore
1692 5117 1710 5154 :
1745 5101 1966 5157 Calidus
1999 5118 2151 5158 men-

572 5195 754 5249 sisaut
779 5193 1023 5265 frigidus.
1055 5191 1122 5247 In
1139 5193 1356 5264 jacere:
1379 5191 1590 5248 Pronus
1617 5191 1954 5265 autsupinus
1976 5193 2149 5264 jacet.

572 5281 640 5337 ιιι
665 5282 854 5337 habere
879 5299 896 5337 :
921 5282 1187 5338 Decenter
1213 5275 1474 5337 arr'natus.

643 5370 703 5428 C.
725 5370 870 5441 Quot
894 5372 1059 5431 habet
1083 5374 1198 5429 hate
1238 5375 1508 5445 categoria
1551 5374 1794 5445 species?
1812 5406 1884 5417 -
1903 5376 1967 5430 Α.
1999 5376 2147 5443 Qua-

574 5473 718 5526 tuor,
740 5477 879 5532 quas
904 5462 1225 5521 Aristoteles
1253 5479 1453 5536 genera
1477 5474 1652 5520 vocat.
1684 5465 1926 5522 Primum
1973 5482 2146 5538 genus

573 5561 659 5606 est
685 5551 901 5608 habitus
928 5563 986 5608 et
1008 5553 1238 5618 all'ectio,
1278 5554 1572 5610 secundum
1603 5557 1842 5626 potentia
1861 5558 2145 5624 naturalis,

576 5644 796 5699 tertium
843 5647 1074 5714 passiva:
1119 5645 1414 5716 qualitates
1460 5647 1575 5701 sive
1621 5649 1926 5718 passiones,
1983 5664 2149 5718 quar-

581 5747 691 5792 tum
743 5736 931 5795 formas
983 5753 1048 5796 ac
1105 5739 1484 5814 figuram—6'.
1519 5739 1744 5797 Habitus
1794 5742 1876 5797 vel
1934 5740 2148 5803 affectio

2252 4541 2522 4599 deformes
2547 4543 2681 4618 [Al.,
2708 4544 2941 4602 formosa
2970 4546 3151 4618 aliqua
3197 4548 3284 4603 vel
3309 4545 3597 4623 deformia]
3636 4549 3838 4607 asseri-

2253 4648 2393 4687 mus.
2423 4633 2482 4689 ln
2507 4635 2696 4690 eodem
2722 4650 2938 4706 quoque
2961 4638 3242 4709 qualitatis
3284 4653 3481 4711 genere
3513 4642 3756 4698 curvitas
3779 4649 3836 4698 et

2253 4724 2540 4790 rectitudo,
2581 4727 2849 4796 asperitas
2883 4734 2940 4784 et
2966 4725 3227 4797 lenitudo,
3278 4731 3476 4786 raritas
3493 4738 3553 4787 et
3589 4730 3832 4790 densitas

2253 4814 2618 4871 inveniuntur.
3149 4888 3154 4896 ί

2324 4906 2386 4962 C.
2420 4907 2478 4962 Si
2501 4909 2739 4979 qualitas
2758 4913 3196 4968 contrarietatem
3220 4914 3412 4984 recipit
3429 4914 3455 4967 ?
3495 4943 3569 4957 --
3585 4914 3650 4969 Α.
3673 4914 3833 4984 ρυε-

2254 4998 2378 5054 dam
2414 5000 2606 5070 recipit
2646 5003 2966 5072 etquzedam
2996 5018 3103 5058 non
3146 5004 3356 5076 recipit.
3393 5004 3525 5073 Quis
3559 5006 3704 5061 enim
3730 5007 3833 5062 du-

2255 5086 2390 5143 bitat
2409 5089 2570 5145 saluti
2594 5088 2790 5161 [Edit.,
2811 5091 2984 5165 salvo]
3000 5095 3331 5150 contrarium
3352 5109 3473 5152 esse
3496 5096 3829 5168 languorem,

2249 5181 2472 5250 iustitia:
2508 5182 2803 5252 justitiam,
2853 5188 2998 5243 malo
3022 5188 3270 5244 bonum?
3306 5189 3348 5245 E
3383 5200 3572 5246 contra
3597 5206 3726 5248 vero
3748 5191 3832 5247 fu-

2255 5288 2349 5330 sco
2371 5276 2455 5330 vel
2481 5276 2719 5346 pallido;
2753 5279 3022 5350 triangula
3059 5280 3143 5336 vel
3186 5283 3508 5352 tetrangulo,
3533 5283 3614 5340 vel
3662 5293 3830 5339 tetra-

2253 5381 2394 5434 gono
2420 5367 2752 5422 contrarium
2781 5368 2913 5424 nihil
2944 5378 3045 5425 est.
3078 5399 3146 5410 —
3174 5366 3235 5426 C.
3267 5370 3325 5427 Si
3367 5372 3540 5443 magis
3565 5388 3631 5430 ac
3655 5372 3834 5432 minus

2253 5461 2488 5530 recipit?
2514 5491 2585 5501 —-
2619 5461 2686 5515 Α.
2723 5462 2935 5532 Rccipit
2953 5463 3194 5530 omnino,
3219 5465 3315 5520 sed
3341 5479 3449 5520 non
3475 5465 3672 5521 omnis.
3694 5464 3831 5524 Nam

2253 5553 2426 5623 magis
2453 5552 2634 5607 album
2664 5555 2749 5608 vel
2799 5555 2970 5625 magis
3011 5555 3225 5625 nigrum
3277 5555 3455 5611 dicere
3499 5569 3826 5626 possumus:

2251 5648 2346 5702 sed
2372 5647 2546 5718 magis
2576 5648 2867 5717 trigonum,
2920 5647 3003 5702 vel
3053 5649 3222 5719 magis
3279 5657 3616 5722 tetragonum
3641 5648 3831 5723 μιν..

2253 5743 2335 5796 vel
2367 5742 2546 5796 minus
2574 5740 2867 5814 trigonum]
2892 5741 2996 5795 dici
3025 5756 3130 5798 non
3163 5749 3357 5812 potest.
