4090 6530
279 711 460 782 prium
497 707 701 778 aliquid
735 720 831 776 per
870 718 930 759 se
954 701 1179 774 singulae
1203 699 1461 765 habeant,
1499 695 1663 752 velim
1706 706 1870 763 espo—

278 815 402 856 nas.
433 829 506 842 —
533 799 597 852 Α.
630 798 863 853 llabent.
904 793 1040 851 Nam
1092 794 1226 848 usit:
1275 789 1557 862 proprium
1577 794 1682 850 est,
1714 792 1776 840 ut
1800 784 1874 843 sit

279 891 574 964 singularis
600 899 764 960 atque
788 903 892 944 una
914 901 1165 953 numero,
1191 893 1248 939 et
1275 881 1550 940 contraria
1587 879 1642 934 in
1667 893 1727 934 se
1751 891 1870 932 sus-

279 983 468 1054 cipiat,
530 991 593 1039 ιιι
637 989 796 1053 puta,
837 981 1001 1036 homo
1055 975 1350 1048 singularis
1398 974 1520 1029 asia
1569 978 1655 1026 est
1705 977 1870 1038 atque

279 1075 442 1130 unius
468 1072 680 1130 numeri
727 1081 784 1126 et
800 1068 1164 1141 susceptibilis
1210 1062 1630 1123 contrarietatis.
1682 1058 1872 1130 Itaque

277 1164 444 1220 modo
469 1164 762 1220 sanitatem
790 1161 952 1217 modo
970 1158 1342 1231 aegritudinem
1367 1155 1643 1224 suscipere
1673 1158 1867 1220 potest.

281 1252 580 1319 Quantitati
607 1267 741 1308 vero
775 1251 1052 1322 proprium
1103 1257 1209 1308 est.
1260 1254 1324 1302 ut
1347 1244 1465 1314 ejus
1507 1242 1690 1298 omnia
1717 1240 1871 1312 paria

277 1345 366 1401 vel
390 1344 620 1415 imparia
652 1343 942 1406 dicantur;
970 1347 1051 1403 ut,
1083 1340 1188 1394 iste
1213 1338 1379 1393 homo
1427 1334 1503 1389 illi
1531 1331 1735 1389 homini
1771 1344 1872 1402 par

277 1437 365 1492 vel
389 1438 569 1508 impar
603 1443 690 1490 est
718 1431 1112 1503 magnitudine.
1145 1429 1226 1482 Ad
1249 1426 1450 1499 aliquid
1480 1439 1610 1481 vero
1629 1423 1873 1494 proprie-

279 1534 452 1584 tatem
482 1526 668 1592 habet,
696 1534 756 1582 ut
782 1526 836 1579 in
862 1539 922 1580 se
945 1529 1355 1585 convertantur,
1385 1517 1544 1573 sicuti
1573 1523 1660 1570 est
1680 1526 1872 1569 servus

278 1617 481 1675 domini
514 1625 570 1673 et
587 1616 842 1673 dominus
893 1615 1058 1668 servi.
1094 1609 1380 1679 Qualitatis
1417 1621 1551 1662 vero
1593 1603 1871 1675 singulare

276 1721 385 1777 est,
417 1719 479 1767 ιιι
501 1719 696 1767 cuncta
722 1710 842 1782 ejus
860 1706 1157 1763 secundum
1197 1702 1519 1772 qualitatem
1554 1698 1754 1754 similia
1776 1703 1873 1753 aut

276 1801 563 1859 dissimilia
613 1799 982 1860 nominentur,
1030 1803 1090 1851 ut
1141 1795 1298 1849 dulce
1351 1791 1499 1846 omni
1545 1788 1709 1854 dulci,
1744 1785 1869 1843 albo

275 1891 486 1960 album,
520 1890 698 1950 calido
723 1889 958 1947 calidum
979 1896 1075 1943 aut
1098 1883 1275 1941 simile
1315 1890 1409 1937 aut
1441 1879 1704 1937 dissimile
1730 1893 1870 1935 unn-

274 1992 531 2056 θυμω.

887 2072 1117 2132 CAPUT
1147 2070 1258 2126 VII.

776 2206 844 2246 DE
883 2200 1088 2246 nam
1122 2202 1193 2242 ΒΤ
1222 2198 1366 2240 ΡᾹΤΙ.

353 2304 417 2362 ε.
443 2302 705 2380 Superest
723 2310 786 2361 ut
804 2304 873 2361 de
898 2302 1080 2358 facere
1101 2309 1159 2356 et
1176 2299 1311 2372 pati,
1341 2297 1398 2353 in
1418 2295 1616 2368 quibus
1636 2289 1871 2349 maxime

278 2397 577 2455 verborum
618 2396 765 2453 ratio
786 2401 1021 2461 constat,
1047 2391 1180 2464 quia
1226 2389 1433 2461 pariter
1481 2400 1604 2444 esse
1646 2396 1871 2441 necesse

275 2497 385 2556 est,
408 2487 616 2560 pariter
643 2484 991 2558 respondeas.
1022 2512 1096 2525 —
1117 2482 1184 2538 Α.
1214 2481 1343 2538 Hac
1365 2479 1474 2535 duo
1494 2493 1564 2534 es
1587 2474 1870 2547 qualitatis

277 2579 430 2637 fonte
454 2580 709 2637 videntur
760 2575 1115 2635 descendere.
1154 2572 1214 2629 id
1255 2584 1510 2642 namque,
1563 2567 1708 2640 quod
1736 2564 1870 2622 cali-

277 2671 410 2729 dum
455 2671 611 2737 iacit,
661 2668 900 2727 calidum
934 2665 1009 2724 sit
1032 2678 1256 2722 necesse
1304 2671 1407 2718 est.
1462 2660 1710 2717 Calidum
1739 2673 1872 2714 vero

274 2757 437 2837 quale
462 2759 661 2836 [Edit.,
687 2756 855 2831 quod]
872 2771 996 2814 esse
1019 2753 1418 2827 cognoscimus.
1443 2749 1706 2807 Similiter
1727 2747 1872 2819 quod

276 2851 517 2911 calidum
537 2850 617 2917 ﬁt,
647 2865 681 2906 a
725 2848 981 2921 passione
1023 2843 1304 2916 qualitatis
1346 2842 1548 2913 accipit
1583 2843 1868 2897 calorem:

274 2952 336 3001 et
357 2944 454 3014 qui
479 2943 661 3008 docet,
720 2955 846 2997 cum
891 2938 1055 2995 docet
1099 2935 1293 2992 doctor
1325 2941 1430 3000 est,
1455 2941 1513 2989 et
1547 2930 1873 3001 discipulum

277 3033 412 3090 facit
439 3052 453 3088 :
487 3042 718 3104 uterque
745 3029 904 3104 (Et.
937 3024 1255 3101 utrumque]
1307 3035 1493 3082 autem
1537 3025 1654 3081 sive
1681 3025 1875 3081 doctor

275 3123 396 3182 sive
415 3123 711 3194 discipulus
735 3119 911 3194 qualis
939 3127 1026 3176 est
1050 3136 1064 3172 :
1094 3125 1154 3174 et
1170 3127 1370 3173 cetera
1390 3116 1478 3172 his
1504 3113 1728 3171 similia.

349 3215 413 3272 ς.
448 3215 588 3273 Nam
611 3217 666 3272 in
700 3215 788 3271 his
829 3211 1122 3284 eategoriis
1153 3209 1428 3267 contraria
1471 3206 1874 3264 inveniuntur?

274 3339 350 3354 -—-
377 3310 446 3364 Α.
485 3306 678 3366 Solent
716 3306 864 3362 enim
907 3316 1110 3375 genere
1149 3315 1274 3358 esse
1321 3299 1542 3366 similia,
1595 3299 1874 3356 contrarii

278 3399 563 3473 qualitate.
608 3398 824 3454 Etenim
852 3395 1111 3459 calidum,
1141 3394 1288 3464 quod
1315 3391 1513 3465 frigido
1535 3401 1759 3464 praestat
1782 3406 1874 3448 ca-

277 3491 450 3551 lorem
475 3491 560 3549 sui
589 3489 726 3566 [At.,
771 3490 918 3561 quod
955 3488 1152 3560 frigido
1189 3488 1371 3544 obstat
1409 3485 1611 3542 caloris
1636 3483 1737 3558 vi],
1771 3485 1876 3541 sub

273 3583 470 3644 ωὐοιιι
498 3597 696 3655 genere
717 3589 820 3638 est.
874 3578 1141 3636 Similiter
1177 3579 1322 3651 quod
1377 3578 1537 3635 dulce
1581 3586 1685 3643 est,
1715 3575 1875 3634 dulce

278 3691 393 3735 non
427 3673 582 3741 facit,
617 3674 725 3731 nisi
765 3675 820 3730 id
848 3673 994 3747 quod
1018 3673 1178 3730 dulce
1202 3688 1311 3729 non
1351 3672 1535 3728 fuerit.
1568 3670 1704 3726 Nam
1744 3671 1792 3726 si
1821 3670 1877 3725 id

279 3771 428 3844 quod
447 3772 674 3844 patitur,
698 3770 860 3827 dulce
887 3768 1052 3826 fuerit
1078 3783 1174 3841 per
1195 3775 1446 3825 naturam
1472 3769 1579 3835 sui,
1600 3767 1764 3842 ω
1798 3767 1877 3821 al-

280 3862 451 3919 terius
477 3862 838 3927 dulcedinem,
876 3877 1041 3930 quam
1088 3857 1272 3934 [lss.,
1320 3858 1454 3933 quo]
1483 3859 1733 3931 recipiat,
1765 3875 1874 3915 non

280 3956 465 4014 habet.
507 3954 741 4013 Necesse
773 3963 858 4011 est
879 3970 1010 4026 ergo
1047 3953 1206 4011 dulce
1236 3968 1346 4009 non
1370 3966 1497 4010 esse
1524 3952 1578 4008 id
1600 3953 1746 4022 quod
1771 3967 1872 4023 pa~

281 4048 438 4115 titur,
466 4055 530 4103 ut
550 4046 894 4102 dulcedinem
923 4046 1156 4116 recipiat
1208 4045 1447 4101 alienam
1471 4059 1487 4111 ;
1521 4051 1578 4101 et
1602 4044 1877 4101 contraria

279 4142 486 4199 suntin
514 4140 776 4212 qualitate
801 4139 962 4195 dulce
981 4145 1039 4194 et
1059 4153 1326 4193 amarum.

356 4232 419 4290 C.
458 4232 600 4302 Quid
633 4241 741 4298 est,
792 4231 938 4303 quod
984 4229 1170 4287 dixisti
1219 4245 1418 4300 genere
1467 4245 1592 4288 esse
1637 4229 1880 4287 similia?

281 4354 358 4370 -—
383 4323 452 4380 Δ.
476 4323 624 4396 Ignis
652 4338 760 4379 non
785 4331 969 4395 potest
992 4338 1023 4376 a
1045 4322 1204 4380 melle
1230 4322 1478 4395 accipere
1496 4321 1873 4392 dulcedinem;

282 4428 428 4490 aqua
445 4429 577 4472 vero
611 4423 828 4488 potest;
866 4415 996 4484 quia
1020 4413 1315 4486 quamdam
1354 4411 1764 4470 similitudinem
1781 4413 1880 4469 ha-

279 4506 417 4565 bent
443 4506 498 4564 in
518 4521 735 4577 genere.
758 4535 830 4547 —
848 4503 910 4559 ϐ.
939 4502 1024 4560 Διι
1045 4504 1219 4574 magis
1238 4518 1309 4558 an
1331 4503 1512 4559 minus
1537 4503 1879 4561 admittunt?

283 4627 359 4641 —-
381 4597 448 4651 Δ.
487 4596 685 4653 Etiam.
721 4595 1018 4653 Possumus
1035 4594 1183 4649 enim
1216 4593 1420 4660 dicere,
1466 4593 1641 4667 magis
1660 4595 1748 4652 vel
1771 4594 1876 4651 mi-

284 4691 572 4748 nusdocet
604 4688 985 4759 magister;et
1014 4685 1299 4759 magisvel
1345 4688 1527 4742 minus
1571 4685 1766 4744 doctus
1789 4696 1877 4746 est
1907 4709 1962 4772 ο

285 4778 602 4853 discipulus.

882 4885 1112 4946 CAPUT
1145 4883 1276 4944 Vill.

926 5015 994 5057 »Β
1018 5014 1236 5058 ιιοειιε.

360 5118 424 5176 C.
453 5116 595 5188 Quid
613 5115 681 5175 de
699 5116 880 5189 jacere
901 5115 1163 5173 habemus
1177 5113 1481 5186 intelligere
1502 5113 1620 5168 1-
1642 5114 1708 5171 Α.
1733 5113 1875 5183 Quid

290 5210 461 5277 aliud,
488 5210 593 5267 nisi
628 5209 792 5264 situm
827 5215 885 5264 et
919 5206 1245 5278 positionem
1297 5205 1562 5276 corporis,
1597 5205 1643 5262 si
1673 5203 1876 5274 jaceat,

290 5311 420 5372 stet,
444 5301 527 5358 vel
571 5301 760 5360 sedeat
781 5299 1084 5370 quislibet?
1128 5297 1362 5355 Necesse
1386 5305 1474 5355 est
1515 5297 1683 5364 enim,
1716 5312 1879 5355 omne

291 5410 509 5469 corpus,
530 5394 676 5466 quod
702 5408 799 5450 se:
822 5393 1019 5467 [Edit.,
1042 5389 1122 5465 in]
1143 5391 1404 5462 partibus,
1429 5399 1488 5446 ut
1507 5391 1880 5462 praediximus,

291 5492 606 5556 includitur,
643 5491 700 5547 in
724 5489 968 5561 quolibet
1013 5504 1134 5546 esse
1158 5487 1278 5544 loco
1302 5495 1358 5543 et
1381 5487 1624 5558 quolibet
1649 5486 1812 5543 modo
1825 5487 1883 5542 in

293 5583 415 5639 loco
431 5595 574 5650 esse,
602 5589 770 5637 utaut
788 5596 886 5650 per
899 5579 1285 5652 longitudinem
1300 5578 1646 5644 extendatur,
1675 5586 1772 5633 aut
1788 5593 1888 5649 per

294 5671 636 5730 latitudinem
673 5669 1023 5734 dill'undatur,
1057 5678 1117 5725 ut
1140 5682 1238 5739 per
1256 5668 1594 5724 altitudinem
1620 5667 1884 5738 erigatur.

297 5766 367 5822 Et
392 5766 509 5823 hac
555 5766 740 5823 omnia
785 5765 854 5820 ad
898 5766 1065 5820 situm
1111 5765 1388 5835 pertinent
1439 5764 1706 5836 corporis,
1751 5765 1890 5820 situs

1308 485 1758 551 DIDASCALICA
1795 513 1864 526 ——
1893 482 1984 539 DE
2021 478 2446 537 DlALECTlCA.

354 619 418 674 C.
451 616 510 674 Si
535 615 699 672 etiam
721 624 804 671 nte
825 620 1061 686 quatuor
1109 610 1382 684 praedictae
1421 605 1711 678 categorize
1735 615 1864 673 pro-
1893 600 1945 658 Δ

3451 459 3563 522 θυι

2557 583 2787 644 CAPUT
2823 581 2915 640 IX.

2502 695 2568 738 DE
2597 697 2682 737 UB!
2711 694 2782 736 ετ
2805 690 3034 743 ρυιιωο.

2043 779 2103 835 C.
2136 778 2276 846 Quid
2293 778 2464 832 habes
2482 775 2549 829 de
2565 772 2652 826 ubi
2675 781 2732 826 et
2746 771 2960 842 quando
2983 769 3164 823 dicere
3183 766 3209 819 ?
3238 794 3309 807 —
3331 765 3396 818 Α.
3420 762 3563 832 Quid

1973 873 2141 938 aliud,
2164 873 2267 926 nisi
2297 870 2441 940 quod
2476 867 2565 921 ubi
2592 868 2645 920 in
2670 866 2792 920 loco
2820 869 2876 918 et
2896 860 3110 933 quando
3138 859 3190 913 in
3224 866 3466 929 tempore
3492 857 3566 910 si-

1972 965 2272 1038 gniﬁcant?
2303 962 2434 1016 Nam
2464 974 2624 1014 omne
2653 970 2855 1026 corpus
2880 967 3105 1010 necesse
3133 958 3219 1006 est
3255 950 3434 1004 locum
3460 946 3564 1002 ali-

1971 1073 2158 1128 quem,
2188 1057 2241 1109 in
2267 1052 2510 1125 quolibet
2557 1060 2801 1119 tempore
2833 1057 3140 1117 occupare;
3171 1051 3251 1105 ut.
3294 1041 3481 1096 Romae
3507 1039 3566 1094 in

1971 1155 2165 1204 senatu
2196 1144 2293 1210 fui,
2325 1151 2452 1198 ante
2481 1143 2668 1196 horam
2719 1137 2957 1202 tertiam,
2985 1145 3109 1208 post
3133 1132 3386 1189 Martium
3413 1144 3566 1185 men-

1971 1251 2105 1293 sem.
2145 1235 2273 1290 Haec
2300 1235 2355 1289 in
2396 1233 2516 1287 loco
2543 1240 2599 1286 et
2646 1239 2889 1300 tempore
2936 1240 3056 1281 esse
3083 1223 3322 1288 debent;
3348 1236 3458 1277 non
3486 1221 3567 1278 lo-

1971 1343 2070 1384 cus
2097 1335 2155 1382 et
2181 1335 2412 1396 tempus.

2585 1408 2815 1470 CAPUT
2842 1407 2913 1465 Χ.

2592 1519 2660 1559 οε
2687 1516 2917 1558 ΕΔΒΕΙΕ.

2041 1597 2104 1655 C.
2131 1598 2338 1663 Restat,
2361 1605 2422 1653 ut
2441 1597 2512 1653 de
2529 1595 2719 1650 habere
2736 1594 2968 1665 incipias
2987 1589 3190 1655 dicere,
3217 1596 3274 1643 et
3294 1593 3428 1659 quot
3447 1599 3568 1643 mo-

1970 1690 2055 1746 dis
2105 1691 2306 1747 habere
2353 1689 2598 1745 dicamur
2650 1685 2894 1758 aliquid?
2923 1712 2994 1726 -—-
3050 1683 3116 1737 Α.
3148 1682 3283 1738 Octo
3333 1678 3566 1736 habendi

1970 1791 2099 1842 sunt
2124 1784 2356 1855 species.
2406 1782 2586 1836 Prima
2615 1788 2721 1845 est,
2774 1777 2989 1849 quoties
3020 1776 3201 1832 animo
3231 1773 3434 1845 aliquid
3467 1772 3567 1829 ha-

1969 1878 2201 1944 bemus,
2240 1884 2301 1930 ut
2319 1875 2611 1944 justitiam,
2654 1871 2990 1941 disciplinas,
3038 1869 3270 1925 virtutes
3292 1868 3380 1922 vel
3407 1867 3562 1921 vitia.

1900 1980 1948 2042 Β
1975 1967 2245 2032 Secunda,
2271 1967 2486 2038 quoties
2514 1966 2570 2020 in
2592 1977 2819 2034 corpore
2846 1961 3050 2017 habere
3079 1960 3283 2031 aliquid
3307 1957 3566 2022 dicimur.

1968 2069 2032 2116 ut
2057 2060 2381 2125 albedinem,
2443 2059 2808 2130 nigredinem,
2859 2055 3184 2110 varietatem
3230 2051 3317 2109 vel
3367 2060 3569 2108 caetera

1969 2167 2092 2225 qua:
2124 2167 2223 2224 per
2249 2151 2564 2224 qualitatem
2585 2149 2801 2225 corpori
2833 2149 3021 2204 insunt
3044 2146 3244 2221 [Edit.,
3274 2145 3564 2219 insidunt].

1969 2244 2154 2304 Tertia
2178 2247 2247 2304 de
2291 2248 2596 2318 quantitate
2621 2243 2926 2309 descendit,
2955 2242 3172 2316 quoties
3201 2248 3440 2312 quatuor
3475 2239 3566 2297 vel

1970 2339 2214 2411 quinque
2263 2337 2464 2410 pedum
2509 2335 2710 2391 habere
2749 2333 2984 2390 dicimur
3013 2331 3149 2408 [ιιι.
3201 2331 3332 2404 quid
3365 2330 3571 2389 habere

1969 2426 2194 2500 dicitur]
2223 2426 2635 2497 longitudinem.
2668 2424 2896 2493 Quarta,
2925 2438 3050 2480 cum
3079 2438 3186 2478 non
3210 2424 3264 2477 in
3288 2430 3406 2477 toto
3443 2436 3571 2478 cor-

1969 2537 2123 2595 pore,
2155 2522 2251 2578 sed
2275 2522 2329 2576 in
2363 2529 2517 2591 parte
2535 2522 2781 2591 corporis
2803 2520 3009 2592 aliquid
3036 2521 3236 2576 habere
3263 2519 3571 2586 ﬁrmamur,

1972 2627 2036 2672 ut
2063 2617 2232 2690 digito
2291 2617 2570 2683 annulum,
2610 2619 2664 2673 in
2695 2619 2830 2688 pede
2877 2619 3092 2674 calceos
3124 2617 3211 2674 vel
3249 2618 3569 2674 cothurnos.

1971 2705 2171 2774 Quinta
2217 2707 2432 2778 species
2455 2717 2560 2774 est,
2591 2724 2714 2762 cum
2767 2723 2874 2763 non
2906 2713 2960 2763 in
2989 2722 3240 2779 corpore,
3295 2706 3389 2764 sed
3419 2709 3569 2764 circa

1971 2813 2173 2869 corpus
2197 2797 2397 2854 habere
2424 2797 2629 2868 aliquid
2665 2798 2921 2864 dicimur,
2948 2806 3010 2853 ut
3030 2799 3199 2855 vestis
3226 2806 3390 2870 atque
3412 2799 3572 2855 indu-

1974 2901 2159 2949 menta
2180 2891 2384 2947 omnia.
2422 2888 2609 2955 Sexta,
2640 2891 2854 2961 quoties
2901 2892 3048 2964 ipsas
3092 2891 3342 2963 corporis
3385 2899 3572 2961 partes

1973 2982 2178 3039 habere
2196 2996 2504 3047 narramur,
2532 2990 2594 3037 ut
2617 2997 2830 3046 atauus,
2877 2983 3063 3055 pedes,
3087 2989 3273 3053 caput,
3314 2992 3408 3036 aut
3435 2981 3572 3038 reli-

1972 3091 2102 3148 qua,
2139 3092 2265 3148 qua!
2291 3086 2422 3133 sunt
2470 3077 2526 3131 in
2553 3092 2812 3149 compage
2865 3079 3255 3134 membrorum.
3289 3076 3569 3150 Septimus

1974 3184 2108 3225 vero
2130 3166 2284 3224 locus
2304 3177 2391 3224 est
2418 3167 2554 3241 [Αι.,
2583 3169 2814 3239 septima
2848 3169 2902 3223 in
2925 3168 3102 3225 locum
3127 3168 3410 3242 pertinet],
3432 3182 3570 3239 quo-

1975 3260 2082 3317 ties
2102 3258 2189 3314 far
2207 3260 2293 3315 vel
2316 3260 2502 3316 vinum
2530 3275 2624 3315 vas
2659 3260 2879 3330 aliquod
2909 3259 3113 3316 habere
3165 3261 3382 3317 dicitur.
3411 3258 3574 3315 Octa-

1898 3339 1948 3405 C
1976 3368 2077 3408 vus
2105 3351 2341 3410 habendi
2392 3352 2596 3425 gradus
2647 3352 2781 3428 [Αι.,
2803 3362 3016 3409 octava.
3042 3394 3057 3408 .
3087 3393 3104 3409 .
3149 3350 3408 3428 species],
3458 3361 3570 3420 est,

1974 3444 2069 3515 qui
2118 3442 2517 3514 possessionem
2561 3454 2804 3499 nostram
2865 3445 2950 3499 vel
3002 3445 3301 3501 dominium
3358 3446 3575 3503 videtur

1974 3535 2282 3600 ostendere,
2315 3547 2441 3589 cum
2467 3534 2613 3591 aedes
2637 3534 2722 3590 vel
2751 3551 2845 3590 rus
2873 3536 2997 3606 quis
3025 3536 3226 3594 habere
3253 3537 3472 3593 dicitur.

2045 3622 2107 3680 C.
2137 3624 2391 3696 Nunquid
2412 3642 2523 3682 non
2564 3627 2696 3683 licet
2721 3627 2879 3683 nobis
2920 3628 3124 3700 dicere,
3165 3630 3446 3689 mulierem
3470 3631 3573 3689 ba-

1972 3720 2107 3778 bere
2129 3721 2427 3788 maritum;
2455 3721 2540 3778 vel
2567 3723 2653 3776 vir
2694 3736 2922 3779 uxorein
2952 3723 3138 3791 habet,
3188 3734 3348 3796 pater
3373 3724 3568 3793 filium,

1974 3821 2032 3867 et
2061 3811 2204 3868 lilius
2228 3813 2572 3883 genitorem?
2604 3841 2675 3855 —-
2703 3815 2769 3868 Α.
2803 3815 2947 3871 Sane
2964 3817 3040 3872 ita
3063 3817 3171 3873 dici
3194 3816 3330 3890 (AL,
3353 3819 3564 3895 dicere]

1974 3902 2226 3961 doctores
2255 3913 2536 3976 respuunt,
2566 3913 2730 3978 atque
2760 3908 3056 3980 improprie
3093 3908 3328 3980 proferri
3369 3909 3568 3984 [Edit.,

1973 3995 2250 4070 conferre]
2273 3997 2624 4054 confirmant.
2655 3999 2974 4071 Propterea,
3002 4003 3149 4074 quod
3175 4012 3430 4061 asserunt
3454 4018 3568 4062 non

1974 4088 2165 4145 haberi
2215 4103 2394 4160 posse,
2443 4088 2589 4161 quod
2637 4091 2805 4146 habet
2851 4091 3181 4160 habentem;
3223 4095 3323 4151 sed
3363 4094 3573 4152 rectius

1975 4177 2085 4236 dici
2113 4187 2420 4244 autumant,
2440 4193 2565 4235 esse
2587 4180 2804 4236 mulieri
2840 4183 3044 4249 virum,
3088 4183 3175 4239 vel
3199 4197 3427 4242 uxorem
3451 4187 3574 4243 viro

1975 4284 2118 4337 esse,
2144 4281 2356 4343 patrem
2396 4269 2506 4327 lilio
2531 4286 2674 4338 esse,
2721 4270 2943 4330 famulis
2994 4274 3274 4332 dominum
3301 4291 3466 4345 esse;
3495 4278 3574 4337 si-

1976 4369 2196 4441 quidem
2223 4369 2379 4425 verbi
2407 4365 2569 4439 hujns
2592 4369 2704 4424 vim
2746 4370 2800 4425 in
2822 4370 2925 4426 hoc
2951 4385 3074 4428 esse
3122 4373 3479 4442 contendunt,
3509 4383 3574 4433 ut

1977 4462 2290 4537 significare
2339 4477 2449 4519 non
2506 4462 2703 4535 possit,
2757 4473 2813 4519 et
2871 4463 3073 4521 habere
3123 4462 3360 4538 aliquem
3387 4473 3446 4523 et
3478 4466 3577 4524 Ita-

1976 4554 2115 4612 beri.

2053 4648 2114 4704 (Ξ.
2145 4649 2222 4705 Es
2267 4649 2356 4705 his
2382 4650 2635 4707 omnibus
2686 4650 2873 4709 decem
2919 4652 3360 4725 medicamentis
3403 4670 3574 4714 unam

1984 4741 2118 4797 mihi
2162 4741 2431 4815 coniunge
2457 4745 2785 4801 orationem.
2811 4774 2883 4786 ——
2908 4745 2975 4800 Α.
3027 4745 3193 4804 Plena
3231 4745 3364 4820 [Al.,
3394 4749 3577 4821 perfe-

1978 4833 2254 4906 cta]enim
2275 4836 2452 4891 oratio
2480 4837 2546 4891 de
2575 4838 2660 4891 his
2687 4836 2761 4892 ita
2773 4837 3026 4910 conjungi
3062 4847 3243 4909 potest
3268 4858 3283 4894 :
3315 4841 3571 4913 Augusti-

1980 4943 2085 4984 nus
2124 4944 2352 5002 magnus
2389 4939 2594 4995 orator,
2645 4930 2789 4987 Illius
2835 4930 3002 4997 illius,
3052 4941 3206 4989 stans
3256 4934 3311 4989 in
3347 4933 3575 5006 templo,

1981 5020 2142 5078 hodie
2193 5020 2454 5078 infolatur
2485 5021 2668 5094 [Hss.,
2717 5021 3001 5097 infulatus]
3029 5064 3047 5090 ,
3079 5024 3410 5096 disputando
3448 5024 3574 5082 fati-

1978 5122 2159 5186 gatur.
2191 5113 2524 5185 Augustinus
2547 5116 2665 5170 asia
2689 5123 2812 5182 est;
2844 5131 3093 5187 magnus,
3115 5119 3424 5188 quantitas;
3446 5133 3578 5177 ora-

1985 5212 2092 5269 tor,
2125 5203 2399 5276 qualitas;
2431 5203 2574 5258 iilius
2599 5204 2766 5270 illius,
2807 5206 2879 5260 ad
2907 5206 3114 5278 aliquid
3139 5247 3157 5273 ,
3184 5215 3357 5275 stans,
3395 5210 3575 5277 sim;

1986 5296 2040 5352 in
2073 5295 2291 5366 templo,
2332 5295 2478 5352 locus
2504 5315 2522 5363 ;
2551 5299 2731 5363 hodie,
2766 5309 2969 5372 tempus
2989 5299 3301 5365 ;infolatus.
3325 5302 3573 5374 habitas;

1987 5388 2328 5458 disputando,
2357 5405 2549 5458 agere,-
2583 5387 2859 5461 fatigatnr,
2885 5391 3016 5460 pati.

2057 5478 2221 5551 353
2248 5477 2308 5531 (ἲ.
2329 5479 2396 5533 Et
2417 5488 2502 5536 est
2525 5481 2698 5550 prima
2730 5483 2848 5537 asia
2875 5482 2961 5538 his
2984 5497 3178 5540 novem
3202 5484 3578 5544 acddentibus

1989 5569 2310 5639 suhjacens?
2331 5599 2402 5610 -—
2423 5571 2488 5625 Α.
2515 5572 2650 5626 Nam
2675 5587 2898 5628 necesse
2921 5581 3008 5630 est
3034 5574 3462 5648 magnitudinem
3484 5576 3574 5633 vel

1987 5662 2306 5734 qualitatem
2335 5662 2390 5717 in
2426 5660 2670 5733 quolibet
2705 5678 2936 5735 corpore
2964 5666 3230 5732 inveniri,
3274 5674 3332 5722 et
3356 5674 3574 5737 patrem

1987 5764 2045 5810 et
2080 5753 2252 5810 lilium
2281 5754 2426 5809 inter
2450 5756 2586 5810 duas
2623 5757 2767 5812 usias
2801 5758 3041 5826 versari;
3103 5757 3360 5816 similiter
3402 5766 3463 5814 et
3512 5756 3575 5813 in

297 5872 432 5914 vero
463 5858 579 5931 ipse
603 5856 792 5916 localis
820 5854 1029 5932 [Fom,
1068 5856 1253 5913 situm.
1280 5897 1295 5910 .
1325 5897 1337 5910 .
1373 5855 1622 5929 localem]
1652 5871 1773 5915 esse
1797 5871 1892 5914 ne-
1990 5849 2111 5905 loco
2135 5855 2191 5904 et
2215 5848 2272 5904 in
2301 5857 2544 5919 tempore
2567 5864 2690 5905 esse
2719 5849 3006 5922 cuiuslibet
3037 5851 3282 5922 corporis
3309 5857 3425 5916 est;
3475 5863 3574 5905 ve-

300 5957 579 6007 «mest.

1994 5946 2111 6004 stiri
2145 5959 2276 6003 vero
2302 5952 2357 6003 et
2381 5952 2559 6012 stare;
2603 5953 2659 6001 et
2698 5943 2901 6018 aliquid
2943 5959 3109 6017 agere
3168 5945 3250 6002 vel
3296 5944 3410 6016 pati
3453 5941 3583 6016 quis
