4090 6480
515 322 620 381 965

1336 328 1396 383 Β.
1437 326 1498 383 F.
1538 326 1767 383 ALBlNl
1804 324 1934 380 SEU
1974 321 2255 380 ALCUlNl
2295 321 2581 378 OPERUM
2617 319 2798 376 PARS
2839 321 2950 375 Vll.

3685 316 3790 371 96-1

511 456 623 497 non
650 441 896 514 agnoscit
919 442 973 497 in
1001 442 1245 513 quolibet
1268 458 1495 514 corpore
1528 456 1649 497 esse
1673 437 2103 497 consideranda?
2136 442 2178 500 Α
2209 451 2377 490 unum
2422 448 2543 488 esse
2583 433 2736 503 prius
2782 445 2946 501 quam
2994 428 3125 493 duo,
3152 428 3279 498 quia
3323 426 3431 480 duo
3464 440 3529 481 ex
3560 441 3669 481 uno
3697 442 3794 480 na-

512 532 587 589 Et
609 535 725 591 haec
752 536 1057 591 accidentia
1084 552 1193 592 non
1216 536 1321 592 nisi
1350 537 1406 591 in
1431 536 1673 606 qualibet
1712 531 1951 602 subiecta
1980 532 2109 587 sub-

513 624 719 681 stantia
752 626 1120 681 inveniuntur.

1124 717 1354 773 CAPUT
1394 715 1483 772 Xl.

866 826 933 864 DE
961 825 1288 865 CONTRARIIS
1315 824 1415 865 νει,
1455 823 1747 865 οιδροειτιε.

583 899 646 959 ε.
677 901 815 957 Dum
837 904 1034 973 saepius
1066 902 1118 957 in
1149 912 1335 958 nostra
1358 902 1726 972 disputatione
1769 901 1836 956 de
1883 908 2105 955 contra-

509 996 610 1052 riis
640 995 990 1051 introduxisti
1020 995 1155 1070 [Al.,
1187 996 1522 1050 mentionem
1551 992 1775 1066 fecisti],
1804 992 2109 1048 contrario—

510 1104 632 1145 rum
662 1088 749 1143 vel
776 1088 1149 1160 oppositorum
1172 1087 1334 1143 velim
1356 1088 1621 1141 rationem
1654 1101 1913 1157 exponas.
1944 1115 2016 1125 -—-
2034 1086 2103 1140 Α.

507 1177 919 1234 Contrariorum
946 1193 1078 1233 vero
1104 1192 1302 1247 genera
1327 1185 1561 1248 quatuor
1587 1187 1730 1241 sunt,
1752 1192 1875 1249 qua:
1894 1175 2105 1231 Aristo-

510 1267 650 1323 teles
711 1270 1030 1335 anticimcna
1096 1268 1515 1343 [éwzzz‘mzva],
1579 1270 1633 1324 id
1671 1278 1755 1324 est
1779 1310 1793 1333 ,
1859 1268 2103 1340 opposita

509 1366 689 1414 vocat.
722 1358 966 1414 Primum
993 1376 1164 1430 genus
1197 1371 1304 1427 est,
1330 1363 1474 1430 quod
1527 1361 1805 1417 diversum
1854 1369 2102 1426 vocatur,

508 1457 571 1503 ut
584 1450 871 1520 sapientia,
889 1451 1141 1506 stultitia:
1157 1453 1301 1523 quod
1317 1469 1487 1525 genus
1509 1453 1563 1507 in
1582 1460 1694 1508 tres
1708 1453 1969 1508 dividitur
1989 1466 2107 1523 spe-

508 1541 642 1597 cies.
677 1540 811 1595 Nam
849 1550 977 1597 sunt
1001 1543 1245 1612 quaedam
1270 1559 1333 1599 ex
1363 1545 1445 1599 eis
1473 1544 1664 1619 [Μδεη
1701 1552 1828 1599 sunt
1856 1547 2102 1615 quaedam

508 1630 689 1705 ejus],
713 1648 834 1702 quae
866 1634 1101 1688 medium
1129 1634 1351 1701 habent,
1376 1644 1437 1690 ut
1463 1636 1752 1692 candidum
1788 1643 1846 1692 et
1889 1639 2102 1708 nigrum

509 1726 751 1781 medium
782 1726 984 1781 habent
1010 1726 1249 1782 colorem
1273 1727 1534 1797 pallidum
1578 1738 1633 1783 et
1682 1728 1914 1784 fuscum.
1966 1728 2106 1783 Sunt

2208 538 2457 592 scuntur,
2484 542 2591 581 non
2616 540 2783 580 unum
2813 539 2883 579 ex
2909 521 3151 589 duobus;
3189 530 3246 576 et
3273 536 3379 576 uno
3399 528 3660 590 pereunte
3688 519 3794 574 duo

2206 634 2329 673 esse
2357 632 2462 672 non
2488 622 2745 685 possunt;
2784 615 2994 669 duobus
3016 620 3197 669 autem
3222 611 3599 681 pereuntibus,
3627 625 3795 664 unum

2207 716 2388 763 tamen
2432 712 2736 777 permanet.
2781 705 3000 760 Tertius
3051 704 3244 760 modus
3276 711 3360 759 est
3385 703 3622 767 ordinis,
3650 711 3709 756 ut
3738 702 3794 755 in

2207 797 2507 867 disciplinis
2534 797 2689 867 prius
2716 803 2801 850 est
2828 794 3184 866 Singularium
3218 792 3403 864 [Mss.,
3434 791 3793 865 singularum]

2206 890 2419 944 discere
2438 886 2666 952 formas,
2694 896 2749 942 et
2779 887 2997 941 nomina
3027 886 3364 952 litterarum;
3414 886 3611 941 dehinc
3634 886 3797 958 sylla-

2206 980 2400 1035 barum
2448 978 2862 1049 conjunctiones
2909 992 3267 1055 cognoscere;
3323 983 3455 1032 tunc
3502 978 3797 1032 verborum

2206 1089 2424 1131 sumere
2470 1073 2753 1140 notitiam;
2817 1081 3129 1143 postremus
3184 1072 3343 1128 nobis
3396 1080 3482 1127 est
3530 1069 3797 1127 orationis

2208 1165 2417 1239 [Edit.,
2444 1164 2695 1238 rationis]
2748 1180 2883 1220 usus
2932 1164 3321 1230 assumendus,
3364 1172 3589 1234 propter
3634 1178 3796 1233 quem

2206 1267 2402 1315 cuncta
2431 1258 2588 1329 quasi
2630 1257 3021 1329 praecurrentia
3060 1257 3304 1312 membra
3332 1257 3484 1326 prius
3512 1256 3796 1312 discimus.

2206 1353 2445 1420 Quartus
2473 1352 2669 1407 modus
2694 1361 2797 1415 est,
2825 1351 2953 1405 dum
2976 1349 3247 1405 feliciores
3273 1357 3331 1405 et
3357 1348 3633 1413 meliores,
3652 1347 3803 1419 prio-

2207 1459 2297 1499 res
2358 1444 2552 1515 vulgus
2617 1442 2818 1499 assolet
2869 1441 3073 1497 dicere.
3130 1440 3391 1508 Quintum
3446 1454 3619 1510 genus
3668 1447 3755 1496 est
3778 1479 3797 1505 ,

2205 1535 2423 1606 quando
2453 1536 2580 1590 illud
2611 1533 2764 1606 prius
2789 1542 2896 1599 est,
2920 1532 3067 1603 quod
3093 1547 3162 1587 ex
3190 1546 3251 1587 se
3288 1529 3467 1603 [κει.
3494 1528 3639 1604 esse]
3665 1528 3798 1586 alte.

2207 1646 2327 1685 rum
2376 1628 2525 1697 facit,
2570 1636 2629 1683 ut
2675 1628 2909 1699 exempli
2957 1628 3156 1699 gratia,
3187 1627 3233 1683 si
3283 1627 3447 1683 homo
3495 1635 3603 1693 est,
3649 1632 3803 1683 recte

2205 1738 2330 1777 eum
2360 1722 2596 1776 dicimus
2624 1720 2826 1776 animal
2848 1720 3136 1785 rationale,
3160 1719 3409 1784 mortale,
3436 1719 3581 1776 risus
3602 1733 3797 1792 capax.

508 1819 759 1889 quaadam
794 1834 915 1889 qua:
954 1819 1073 1876 sine
1118 1793 1298 1877 medio
1327 1829 1475 1887 sunt,
1500 1830 1561 1877 ut
1590 1822 1756 1888 salus,
1786 1823 2053 1893 mgmudo
2085 1840 2098 1875 ε
2138 1793 2178 1852 Β
2209 1811 2316 1867 Sed
2344 1813 2450 1868 hoc
2485 1826 2657 1883 genus
2684 1812 2905 1882 prioris,
2928 1812 2983 1866 in
3025 1826 3085 1867 se
3122 1811 3366 1866 converti
3392 1819 3593 1882 potest.
3620 1841 3694 1853 --
3730 1811 3794 1867 C.

509 1909 705 1987 horum
755 1909 892 1966 nihil
942 1913 1181 1967 medium
1232 1924 1334 1976 est,
1363 1915 1490 1984 quia
1524 1930 1746 1969 necesse
1770 1922 1854 1970 est
1881 1930 2046 1969 unum
2074 1929 2105 1968 e

507 2002 721 2059 duobus
741 2002 922 2069 inesse
943 2005 1181 2074 corpori.
1205 2005 1272 2059 Et
1294 2016 1421 2061 sunt
1443 2008 1710 2077 qumdam,
1726 2023 1846 2076 quae
1867 2007 2105 2061 medium

513 2092 736 2160 habent,
765 2095 861 2151 sed
892 2097 1011 2152 sine
1045 2098 1266 2152 nomine
1316 2107 1401 2153 est
1447 2097 1713 2154 medietas
1754 2113 1968 2163 eorum,
1998 2097 2103 2153 nisi

510 2183 662 2249 huic,
694 2187 1071 2257 oppositorum
1114 2190 1426 2259 negatione,
1454 2188 1719 2244 formetur
1766 2204 2001 2253 nomen;
2046 2195 2108 2243 ut

504 2273 716 2343 justum
740 2284 797 2332 et
825 2277 1086 2349 iujustum
1112 2280 1312 2336 habent
1351 2280 1610 2352 quiddam
1657 2281 1914 2348 medium,
1940 2289 2001 2337 ut
2022 2288 2109 2336 est

510 2376 671 2439 sputa
711 2384 949 2433 screare,
975 2386 1139 2427 aures
1162 2387 1430 2443 purgare,
1456 2389 1578 2444 qua:
1621 2373 1946 2429 vocabulum
1996 2388 2106 2429 non

513 2457 741 2526 habent,
773 2461 882 2516 nisi
911 2462 1159 2517 dicamus
1185 2480 1287 2519 nec
1304 2465 1511 2535 justum
1538 2480 1639 2520 nec
1661 2464 1940 2533 iniustum.

582 2552 893 2612 Secundum
923 2572 1095 2627 genus
1148 2561 1559 2616 contrarietatis
1603 2568 1691 2615 est
1730 2559 2103 2626 relativorum,

509 2660 634 2716 qua:
656 2646 733 2702 ita
761 2647 865 2703 sibi
893 2658 1258 2720 opponuntur,
1284 2659 1346 2706 ut
1372 2653 1439 2706 ad
1465 2667 1526 2707 se
1565 2650 1936 2716 conferantur,
1966 2652 2109 2707 sicut

510 2739 737 2810 duplum
763 2748 820 2796 et
841 2741 1119 2814 simplum,
1146 2745 1322 2814 magis
1370 2752 1428 2799 et
1470 2744 1669 2798 minus.
1702 2743 1771 2797 Et
1797 2742 1903 2799 hoc
1928 2741 2107 2799 solum

509 2846 685 2903 gentm
706 2835 1078 2906 oppositorum
1106 2835 1440 2892 conferatur.

584 2924 832 2982 Tertium
864 2940 1037 2999 genus
1063 2935 1171 2993 est,
1200 2944 1321 2998 qua:
1348 2944 1448 2998 per
1473 2930 1718 2986 habitum
1743 2936 1800 2985 et
1844 2929 2106 3000 privatio-

511 3030 638 3072 nem
675 3014 844 3083 fiunt;
876 3018 933 3072 in
954 3019 1043 3074 his
1075 3034 1309 3090 namque
1337 3021 1619 3076 observari
1652 3030 1886 3091 oportet,
1912 3031 1974 3077 ut
1998 3023 2108 3078 sint

2207 1906 2526 1975 Quomodo?
2550 1903 2703 1957 -Λ.
2732 1903 2870 1959 Nam
2897 1903 3159 1975 quidquid
3181 1904 3348 1959 homo
3374 1912 3482 1969 est,
3501 1901 3667 1975 3M
3684 1903 3803 1958 ani-

2206 1998 2423 2055 malest
2450 1995 2699 2059 mortale,
2734 1994 3018 2058 rationale,
3050 1995 3192 2049 risus
3223 2008 3432 2063 capax;
3476 1993 3803 2063 item,quid—

2206 2094 2337 2164 quid
2359 2091 2563 2147 animal
2586 2098 2671 2147 est
2694 2088 2946 2154 mortale,
2975 2086 3265 2151 rationale,
3294 2087 3438 2142 risus
3460 2102 3637 2156 capax
3654 2127 3669 2150 ,
3701 2085 3804 2141 ho-

2207 2185 2411 2242 minem
2431 2198 2554 2240 esse
2574 2196 2799 2237 necesse
2818 2190 2923 2235 est.
2939 2177 3045 2235 Sed
3069 2187 3248 2233 tamen
3277 2176 3551 2233 hominem
3575 2191 3803 2235 necesse

2207 2285 2292 2335 est
2316 2278 2470 2349 prius
2496 2288 2648 2342 esse;
2675 2282 2733 2329 et
2778 2271 2860 2328 sic
2906 2270 3123 2327 tandem
3168 2269 3271 2324 ista
3296 2268 3542 2326 definitio
3563 2267 3649 2324 vel
3672 2283 3803 2332 eon-

2206 2371 2388 2427 versio
2415 2385 2545 2425 vera
2572 2384 2695 2426 esse
2718 2367 2939 2439 poterit.

2280 2461 2343 2519 ε.
2386 2461 2572 2518 Modos
2598 2476 2835 2534 quoque,
2857 2461 3058 2532 quibus
3083 2460 3289 2533 aliquid
3315 2462 3474 2517 simul
3505 2476 3629 2518 esse
3650 2460 3802 2517 diea-

2209 2572 2351 2620 mus,
2376 2555 2673 2612 voluissem
2700 2555 2913 2611 audire.
2942 2585 3009 2596 —
3040 2556 3105 2609 Α.
3137 2554 3338 2611 Tribus
3377 2556 3553 2612 modis
3596 2556 3801 2627 aliquid

2211 2649 2374 2707 simul
2427 2665 2550 2706 esse
2597 2649 2851 2712 dicimus,
2886 2657 2982 2703 aut
3021 2657 3286 2720 tempore,
3318 2659 3414 2705 aut
3458 2660 3678 2716 natura,
3710 2658 3803 2705 aut

2208 2756 2430 2814 genere.
2460 2771 2533 2783 —
2569 2740 2631 2796 ϐ.
2664 2741 2743 2796 Da
2763 2740 3011 2811 exempla
3060 2771 3130 2781 —
3158 2742 3222 2794 A.
3257 2741 3540 2812 Tempore,
3571 2751 3633 2798 ut
3665 2744 3804 2801 duos

2208 2834 2462 2891 homines
2485 2848 2596 2889 uno
2624 2840 2868 2903 tempore
2897 2832 3057 2889 simul
3084 2848 3207 2888 esse
3228 2834 3481 2895 dicimus,
3510 2834 3661 2891 verbi
3686 2851 3805 2907 gra-

2210 2927 2285 2983 tia
2310 2926 2540 2983 Albinus
2573 2933 2629 2981 et
2655 2923 2941 2980 Homerus.
2963 2923 3176 2979 Natura
3196 2964 3212 2990 ,
3245 2932 3307 2979 ut
3331 2925 3588 2997 simplum
3620 2932 3675 2981 et
3704 2926 3804 2981 du-

2208 3018 2379 3091 plum.
2407 3016 2624 3077 Gencre,
2650 3024 2713 3071 ut
2735 3014 3150 3084 auimalia,qu:e
3174 3014 3354 3084 specie
3382 3014 3801 3080 discernuntur;

511 3118 745 3181 utraque
773 3111 829 3167 in
863 3112 1057 3169 eodem
1090 3116 1329 3185 negotio,
1354 3115 1409 3171 in
1436 3116 1628 3172 eodem
1657 3117 1797 3183 loco,
1829 3117 1884 3172 in
1910 3134 2108 3190 oppor—
2130 3147 2178 3211 ϐ
2211 3111 2359 3167 aliud
2380 3110 2636 3181 pedestre
2655 3150 2669 3175 ,
2696 3107 2845 3164 aliud
2868 3107 3103 3173 volatile,
3135 3106 3281 3164 aliud
3322 3109 3579 3178 aquatile,
3606 3109 3806 3179 quibus

513 3209 647 3257 tunc
673 3210 938 3274 tempore.
961 3202 1021 3259 In
1053 3206 1245 3261 eodem
1274 3208 1491 3278 negotio
1521 3215 1649 3263 sunt
1682 3209 1901 3266 caecitas
1936 3220 1993 3266 et
2018 3210 2105 3266 vi-

512 3312 640 3361 sus;
693 3297 749 3351 in
794 3298 1031 3364 videndo
1075 3300 1223 3354 enim
1266 3309 1323 3356 et
1364 3316 1473 3356 non
1518 3303 1749 3359 videndo
1777 3304 2103 3360 consistunt.

512 3388 642 3445 Haec
668 3389 724 3444 in
750 3390 946 3446 eodem
974 3391 1094 3447 loco
1123 3401 1285 3460 sunt;
1317 3396 1535 3464 utrique
1569 3411 1831 3467 namque,
1872 3398 2106 3453 excitati

512 3493 570 3540 et
596 3484 817 3552 visioni,
834 3486 889 3541 in
912 3485 1087 3543 oculis
1114 3487 1268 3544 locus
1300 3487 1449 3561 [est].
1481 3489 1540 3545 ln
1570 3500 1814 3562 tempore
1841 3508 2106 3562 congruo,

512 3582 577 3631 ut
592 3576 809 3637 calvum
831 3593 939 3635 non
967 3579 1170 3647 dicere,
1185 3582 1288 3635 nisi
1312 3582 1357 3637 si
1387 3597 1453 3637 eo
1478 3592 1867 3654 tempore,quo
1885 3584 2109 3653 capillos

516 3668 721 3725 habere
747 3669 1031 3737 debuerat,
1057 3686 1166 3727 non
1203 3671 1400 3727 haheat
1429 3693 1442 3728 :
1477 3675 1701 3745 capillos
1733 3690 1863 3732 vero
1885 3676 2106 3741 habere,

516 3760 601 3819 vel
628 3778 738 3818 non
769 3763 975 3821 habere
997 3764 1102 3820 sibi
1127 3766 1433 3836 oppositum
1458 3777 1564 3822 est.
1992 3834 2000 3841 _

590 3852 857 3920 Quartum
886 3869 1017 3910 vero
1034 3870 1205 3924 genus
1231 3858 1634 3912 eontrarietatis
1660 3875 1727 3912 ex
1755 3856 2111 3914 ail'irmatione

516 3952 574 3997 et
602 3943 922 4014 negatione,
969 3954 1033 4001 ut
1057 3944 1325 4001 Homerus
1363 3949 1637 4017 disputat,
1687 3948 1955 4005 Homerus
2002 3966 2110 4004 non

515 4036 794 4107 disputat;
824 4036 1133 4093 Macharius
1160 4039 1364 4104 currit,
1398 4040 1704 4097 Macharius
1734 4057 1841 4096 non
1888 4043 2062 4097 currit
2094 4064 2108 4097 :

516 4128 663 4196 quod
695 4144 867 4199 genus
894 4130 1037 4200 apud
1062 4132 1378 4187 dialecticos
1412 4149 1603 4189 omnes
1626 4135 1954 4206 quaestiones
1975 4151 2113 4207 pene

519 4236 785 4291 generare
806 4222 959 4278 solet.

591 4308 653 4365 ο.
697 4310 757 4366 Si
792 4312 1082 4385 aliquando
1120 4316 1261 4370 mala
1310 4318 1467 4373 malis
1507 4322 1888 4390 opponuntur?
1932 4351 2004 4360 —
2046 4322 2110 4375 Α.

521 4406 699 4463 Etiam
748 4411 1047 4466 secundum
1092 4412 1470 4484 philosophos,
1500 4416 1592 4486 qui
1633 4417 1865 4473 virtutes
1900 4432 2115 4487 semper

2208 3204 2463 3263 omnibus
2503 3201 2791 3273 aequaliter
2836 3200 3040 3256 animal
3087 3215 3258 3273 genus
3303 3209 3410 3256 est.
3460 3232 3531 3242 -—
3568 3201 3631 3257 ϐ.
3657 3201 3806 3270 Quot

2207 3297 2387 3355 modis
2428 3296 2489 3352 ﬁt
2527 3294 2867 3353 diﬂ'erentia?
2894 3324 2966 3335 —
2994 3292 3061 3347 Α.
3091 3292 3345 3359 Materia,
3374 3305 3471 3350 aut
3497 3310 3685 3365 opere,
3710 3307 3806 3351 aut

2208 3394 2265 3450 in
2314 3401 2568 3462 utroque.
2602 3420 2673 3430 —
2698 3386 2760 3443 C.
2808 3387 2955 3445 Pone
2997 3388 3326 3457 exemplum.
3356 3419 3428 3429 -—
3455 3388 3519 3443 Α.
3551 3389 3804 3453 Materia,

2212 3487 2257 3543 si
2283 3487 2394 3545 sint
2418 3483 2603 3541 annuli
2625 3482 2834 3539 similes
2868 3483 2997 3548 duo,
3029 3498 3171 3537 unus
3194 3497 3413 3547 aureus,
3440 3482 3581 3538 alter
3613 3497 3805 3552 argen-

2209 3588 2352 3636 teus.
2376 3576 2568 3650 Opere,
2586 3576 2633 3631 si
2661 3592 2729 3631 ex
2759 3591 2895 3631 auro
2922 3573 3215 3629 dissimiles
3237 3573 3423 3628 annuli
3445 3572 3802 3629 fabricentur.

2212 3668 2465 3743 Utroque,
2479 3680 2542 3724 ut
2570 3668 2615 3723 si
2637 3667 2870 3723 annulus
2898 3666 2969 3723 sit
3001 3681 3201 3721 aureus
3227 3674 3283 3722 et
3311 3665 3469 3722 stilus
3491 3674 3803 3738 argenteus.

2818 3781 3049 3839 CAPUT
3083 3780 3195 3836 ΧΠ.

2773 3869 2839 3909 DE
2883 3868 3246 3910 ARGUIENTIS.

2282 3948 2345 4005 C.
2374 3950 2838 4021 Argumentorum
2875 3948 3142 4004 rationem
3189 3944 3673 4018 diversitatemque
3712 3963 3807 4003 vo—

2210 4042 2458 4107 luissem,
2485 4049 2547 4097 ut
2560 4050 2814 4097 enotares
2838 4039 3019 4114 [Mas.,
3049 4036 3390 4113 enucleares]
3416 4040 3571 4096 mihi.
3600 4040 3669 4097 Et
3693 4044 3807 4112 pri-

2212 4151 2384 4200 mum,
2410 4142 2473 4191 ut
2494 4133 2669 4200 dicas,
2697 4134 2827 4206 quid
2858 4136 2930 4190 sit
2970 4142 3373 4207 argumentum,
3401 4132 3605 4207 ﬂagito.
3635 4164 3708 4175 -—-
3734 4135 3800 4189 Α.

2210 4228 2607 4299 Argumentum
2628 4236 2714 4283 est
2742 4227 2822 4281 rei
2852 4226 3030 4282 dubiae
3056 4224 3365 4281 affirmatio.
3395 4225 3465 4280 Et
3496 4233 3715 4282 constat
3736 4241 3802 4281 ex

2215 4318 2632 4374 annuntiatione
2662 4315 2885 4390 [Forte,
2911 4314 3343 4389 enuntiatione].
3377 4346 3450 4356 —
3474 4313 3536 4372 C.
3580 4315 3821 4371 Annun-r

2212 4412 2369 4466 tiatio
2394 4410 2523 4479 quid
2545 4410 2670 4464 est?
2689 4439 2761 4449 --
2785 4409 2851 4461 Α.
2881 4406 3067 4463 Oratio
3089 4423 3277 4463 verum
3305 4416 3400 4462 aut
3420 4407 3615 4463 falsum
3639 4408 3805 4478 signi-

522 4500 732 4556 medias
763 4516 885 4557 esse
928 4503 1205 4569 dixerunt,
1230 4514 1285 4559 et
1313 4522 1380 4560 ex
1433 4518 1665 4578 utraque
1714 4520 1872 4578 parte
1910 4509 2114 4565 habere
2141 4516 2191 4576 ι)
2220 4501 2409 4567 ﬁcans.
2440 4499 2497 4554 in
2524 4499 2860 4555 nominativo
2888 4514 3020 4555 casu
3046 4515 3169 4555 cum
3202 4497 3343 4572 [Hoc
3366 4509 3466 4566 est.
3493 4497 3701 4572 addito]
3728 4507 3805 4554 αι

521 4592 673 4647 vitia.
694 4592 762 4648 Et
786 4594 891 4649 hoc
910 4610 1037 4651 reor
1058 4596 1376 4666 Apostolum
1402 4599 1759 4669 significasse,
1785 4600 1914 4655 dum
1937 4602 2069 4657 dicit
2094 4621 2107 4656 :

526 4683 621 4739 Via
667 4688 818 4757 regia
862 4688 1020 4741 nobis
1058 4688 1435 4757 gradientium,
1466 4706 1643 4761 neque
1694 4691 1761 4745 ad
1809 4691 2109 4756 dexteram,

523 4790 700 4845 neque
726 4777 795 4832 ad
837 4777 1119 4832 sinistram
1152 4778 1531 4833 declinandum
1562 4799 1576 4834 ε
1604 4789 1664 4834 ut
1716 4780 1837 4851 plus
1880 4782 2111 4852 justum,

517 4874 579 4922 et
620 4865 801 4921 minus
841 4865 1069 4935 justum.
1100 4898 1175 4908 -—
1197 4867 1260 4923 C.
1293 4869 1577 4936 Quomodo
1600 4871 1722 4941 plus
1753 4873 1996 4943 justum?
2044 4904 2115 4912 —

520 4959 588 5014 Α.
623 4958 753 5014 Plus
790 4957 1001 5027 justum
1031 4960 1212 5033 [.llss.,
1230 4961 1402 5035 justo]
1449 4974 1536 5019 est
1583 4967 1886 5031 severitas;
1936 4968 2117 5022 minus

512 5049 665 5118 justo
699 5052 958 5107 adulatio.
988 5052 1135 5111 Inter
1155 5070 1275 5123 qua:
1304 5056 1409 5109 duo
1430 5056 1570 5109 mala
1593 5056 1825 5111 mediam
1847 5057 2115 5127 justitiam

524 5142 858 5196 locaverunt.
891 5142 1155 5199 Similiter
1188 5146 1330 5201 inter
1359 5148 1675 5208 versutiam,
1705 5148 2117 5202 hcbetudinem-

524 5248 653 5303 que,
680 5235 1017 5301 prudentiam
1044 5248 1375 5304 posuerunt;
1408 5238 1551 5291 inter
1579 5238 1856 5292 libidinem
1887 5239 2119 5293 insensi-

522 5324 900 5394 bilitatemque
930 5329 1288 5397 temperantia
1319 5329 1613 5383 constituta
1644 5339 1757 5396 est;
1802 5331 1946 5385 inter
1972 5330 2118 5386 timi-

526 5416 753 5471 ditatem
780 5424 838 5471 et
865 5418 1149 5471 audaciam
1175 5419 1435 5473 fortitudo
1465 5429 1674 5489 regnat.

602 5507 666 5563 (ἰ.
690 5509 835 5576 Quot
864 5512 1039 5566 modis
1077 5512 1225 5579 prius
1255 5512 1525 5565 dicimus?
1551 5513 1697 5564 —A.
1730 5512 1981 5583 Quinque
2004 5528 2118 5567 mo-

530 5604 613 5659 dis
642 5604 788 5659 aliud
836 5602 1034 5675 [Edit.,
1060 5603 1220 5675 alius]
1270 5604 1442 5657 altero
1471 5606 1620 5672 prius
1648 5606 1865 5659 dicitur.
1902 5605 2118 5661 Primus

525 5706 633 5762 est,
664 5712 786 5751 eum
816 5697 1049 5765 aliquem
1084 5698 1313 5752 dicimus
1363 5709 1590 5767 tempore
1635 5698 1899 5767 priorem,
1932 5698 1984 5751 id
2011 5708 2115 5765 est,

528 5788 820 5845 seniorem.
844 5786 1125 5845 Secundus
1150 5791 1339 5845 modus
1362 5797 1446 5845 est
1468 5805 1707 5854 numero,
1723 5789 1850 5844 dum
1863 5788 2114 5858 dicimus,

2214 4601 2271 4647 et
2298 4609 2403 4647 non
2430 4600 2545 4656 est;
2582 4600 2644 4645 ut
2675 4609 2688 4645 :
2726 4591 2898 4647 llomo
2923 4600 3029 4655 est,
3055 4592 3222 4648 homo
3248 4608 3355 4647 non
3384 4600 3490 4647 est.

2286 4681 2347 4737 C.
2375 4684 2517 4750 Quid
2542 4684 2597 4737 in
2622 4683 2746 4737 aliis
2774 4684 3028 4738 casibus?
3053 4714 3125 4723 —
3151 4684 3216 4737 Α.
3244 4683 3389 4738 Nihil
3417 4698 3609 4738 verum
3637 4682 3809 4754 signi—

2216 4778 2343 4833 ﬂeat
2374 4776 2559 4831 addito
2586 4784 2661 4829 est
2703 4774 2834 4847 [vel]
2866 4792 2973 4828 non
2998 4784 3096 4839 est,
3123 4774 3228 4829 nisi
3251 4775 3521 4830 addantur
3540 4773 3660 4828 alia!
3686 4787 3810 4844 par-

2216 4879 2319 4933 tes,
2344 4875 2437 4933 ut,
2468 4868 2706 4922 hominis
2731 4876 2846 4931 est,
2878 4876 2941 4921 ut
2975 4866 3221 4921 mortalis
3271 4870 3343 4921 sit
3392 4874 3449 4921 et
3500 4863 3803 4919 rationalis.

2214 4961 2373 5026 Item,
2403 4959 2610 5014 homini
2640 4967 2725 5014 est
2749 4960 2893 5013 risus
2916 4960 3198 5029 proprium
3250 4957 3449 5030 [Edit.,
3475 4954 3805 5029 proprietas]

2214 5051 2489 5107 accidens.
2518 5050 2594 5104 lta
2625 5058 2681 5104 et
2706 5048 2809 5121 [in]
2841 5052 3057 5105 caneris
3078 5050 3317 5103 casibus.
3341 5079 3412 5088 —
3436 5048 3496 5102 (3.
3528 5046 3657 5103 Scio
3678 5061 3805 5103 cum

2217 5144 2338 5198 dico
2372 5160 2385 5196 :
2418 5141 2591 5196 Homo
2611 5149 2715 5205 est,
2744 5140 2853 5205 vel,
2883 5141 3047 5195 homo
3074 5155 3181 5195 non
3210 5150 3317 5205 est,
3345 5156 3533 5196 verum
3570 5155 3691 5196 esse
3722 5143 3806 5198 vel

2216 5235 2433 5290 falsum.
2465 5232 2572 5288 Sed
2598 5249 2720 5288 cum
2745 5234 2868 5289 dico
2895 5251 2908 5286 :
2948 5234 3121 5288 Homo
3152 5234 3236 5289 vel
3264 5249 3370 5289 non
3400 5235 3598 5299 homo;
3648 5236 3806 5289 homo

2216 5327 2361 5381 enim
2389 5340 2583 5379 nomen
2606 5334 2720 5389 est;
2768 5325 2863 5379 sed
2912 5323 3041 5393 quid
3086 5325 3157 5379 sit
3202 5339 3309 5378 non
3350 5324 3505 5377 homo
3550 5322 3713 5379 velim
3746 5333 3808 5379 ut

2217 5422 2386 5476 dicas.
2415 5450 2486 5459 —
2514 5420 2577 5472 Α.
2624 5418 2798 5473 Homo
2832 5435 3030 5473 nomen
3056 5428 3158 5484 est,
3189 5428 3249 5472 ut
3280 5419 3453 5480 dicis;
3504 5435 3610 5473 non
3650 5422 3807 5475 homo

2218 5513 2493 5567 inﬁnitum
2524 5526 2720 5566 nomen
2750 5520 2867 5577 est;
2901 5513 3177 5567 hominem
3197 5514 3340 5567 enim
3365 5526 3554 5583 negas,
3583 5528 3685 5568 nec
3727 5521 3811 5567 ta.

2216 5622 2340 5661 men
2366 5606 2496 5675 quid
2530 5606 2600 5660 sit
2624 5606 2887 5660 ostendis.

2287 5695 2349 5752 (ἲ.
2398 5698 2853 5767 Argumentorum
2905 5698 3144 5754 rationes
3191 5697 3324 5771 [Αι.,
3351 5695 3810 5773 enumerationes]

2217 5805 2580 5864 prosequere,
2606 5800 2663 5846 et
2707 5790 2979 5861 quomodo
3028 5800 3403 5861 proponantur
3449 5791 3712 5846 edissere.
3738 5815 3812 5830 ~—
