4090 6550
323 380 431 438 965

1381 389 1836 446 DIDASCALICA
1876 420 1947 430 —-—-
1983 386 2073 445 DE
2112 388 2537 446 DIALECTICA.

3496 392 3604 452 966

317 498 386 553 Δ.
410 497 546 553 Aliae
574 498 739 570 igitur
755 503 1295 574 suntpropositiones
1319 514 1764 578 argumentorum
1790 504 1907 560 uni—
1931 509 1982 565 Α
2010 505 2152 560 mala
2196 514 2303 571 est,
2350 508 2537 579 utique
2577 508 2990 577 grammaticam
3029 523 3136 562 non
3179 509 3359 580 legere
3393 509 3597 565 malum

316 591 588 659 versales;
647 593 769 649 alia:
820 597 1211 666 particulares,
1240 600 1360 655 alite
1411 601 1748 672 singulares,
1785 599 1905 656 aliae

315 684 631 744 indiliinitze.
660 722 733 731 —
762 688 823 742 (ι.
854 691 1059 749 Harum
1089 694 1425 766 singularum
1476 695 1724 764 exempla
1774 709 1905 764 pro—

312 779 419 839 fer.
445 814 518 826 —
539 787 605 842 Α.
640 786 989 845 Universales
1014 796 1170 855 sunt,
1194 794 1289 855 ut,
1322 786 1505 844 Omnis
1548 789 1704 843 homo
1725 788 1906 860 justus
1931 852 1941 858 _

311 888 412 946 est,
438 880 523 936 vel
553 900 567 912 ·
600 880 785 936 Omnis
826 882 981 937 homo
1010 881 1244 953 injustas
1278 889 1372 936 est.
1404 880 1791 946 Particulares,
1821 886 1905 946 ut,

312 970 549 1037 Quidam
575 973 731 1028 homo
745 973 927 1045 justus
955 982 1052 1039 est,
1082 972 1165 1027 vel
1191 991 1204 1025 :
1230 971 1460 1038 Quidam
1488 973 1643 1027 homo
1673 973 1904 1043 injustas

309 1071 409 1116 est.
437 1061 776 1133 Singulares,
808 1073 889 1130 ut,
919 1064 1183 1119 Homerus
1202 1064 1384 1134 justus
1403 1073 1508 1129 est,
1540 1063 1624 1117 vel
1662 1082 1674 1117 :
1710 1062 1907 1117 Home-

308 1170 402 1209 rus
440 1156 693 1227 iniustus.
746 1156 1086 1224 lndiﬂinitte,
1110 1166 1200 1224 ut,
1226 1155 1398 1211 Homo
1419 1157 1601 1228 justus
1648 1166 1744 1223 est,
1768 1154 1854 1209 vel
1888 1173 1900 1209 :

313 1244 493 1303 Homo
522 1248 756 1319 injustus
786 1259 885 1305 est.

383 1338 447 1395 C.
476 1338 757 1408 Quomodo
786 1343 871 1397 lue
908 1340 1247 1414 appellantur
1290 1341 1696 1413 prepositiones
1742 1356 1904 1411 argu—

307 1434 662 1489 mentorum?
691 1465 762 1475 —
791 1433 855 1488 Α.
886 1434 983 1490 Hae
1007 1435 1155 1490 enim
1202 1444 1330 1491 sunt
1381 1434 1673 1506 simplices,
1702 1443 1760 1489 et
1804 1451 1903 1505 ap—

306 1525 584 1597 pellantur
633 1530 992 1600 categoricae,
1034 1528 1090 1584 id
1140 1536 1252 1594 est,
1294 1529 1676 1599 prtedicativaa.
1722 1559 1795 1570 --
1836 1527 1898 1584 (ἶ.

309 1613 468 1673 Unde
496 1619 752 1675 dicuntur
784 1620 1179 1690 prtedicativre?
1214 1650 1287 1661 -——
1311 1619 1378 1673 Α.
1406 1618 1541 1688 Quia
1569 1620 1734 1675 homo
1776 1620 1903 1675 sub-

307 1712 509 1768 stantia
538 1721 655 1781 est,
677 1713 892 1785 justitia
929 1717 1210 1783 accidens;
1258 1723 1314 1771 et
1352 1716 1681 1786 praedicatur
1715 1717 1781 1772 de
1804 1717 1902 1773 bo-

305 1804 476 1860 mine.
520 1837 591 1848 —
628 1804 690 1861 C.
740 1805 880 1875 Quid
919 1819 1005 1864 est
1048 1808 1191 1864 inter
1233 1809 1507 1864 hominem
1556 1818 1611 1863 et
1657 1810 1896 1880 justum;

2008 607 2112 665 est,
2144 599 2272 670 quia
2300 601 2476 655 omnis
2505 601 2667 657 homo
2716 602 2918 673 absque
2966 604 3320 673 grammatica
3358 606 3599 667 rusticus

2009 702 2110 749 est.
2143 694 2277 750 ltem
2312 713 2325 749 :
2360 694 2418 750 Si
2456 697 2635 752 omnis
2667 697 2929 767 sapientia
2959 698 3099 751 bona
3129 705 3233 762 est,
3262 698 3451 767 utique
3480 698 3601 767 phi-

2008 786 2251 858 losophia
2283 786 2422 842 bona
2446 796 2549 852 est,
2575 789 2703 859 quia
2725 788 3064 859 philosophia
3092 805 3301 844 summa
3331 790 3600 865 sapientia

2006 888 2110 933 est.
2141 878 2208 933 Et
2230 879 2285 933 hi
2313 887 2439 934 sunt
2461 879 2757 952 syllogismi
2789 881 3198 937 conditionales.

2079 967 2140 1023 C.
2188 970 2255 1025 Et
2284 971 2377 1041 qui
2411 982 2537 1027 sunt
2563 972 2894 1043 prtedicativi
2916 974 2940 1026 ?
2959 1002 3029 1013 —-
3053 971 3116 1026 Α.
3147 973 3250 1042 Qui
3278 974 3603 1045 simpliciter

2007 1060 2213 1118 vadunt
2236 1060 2367 1133 [Al.,
2392 1062 2689 1136 constant],
2728 1064 2831 1119 hoc
2861 1064 3040 1130 modo,
3067 1072 3127 1119 ut
3155 1106 3170 1120 .
3201 1065 3369 1120 Omne
3385 1068 3595 1137 justum

2006 1151 2312 1219 honestum;
2356 1171 2507 1208 omne
2547 1155 2823 1211 honestum
2857 1157 3081 1212 bonum:
3122 1175 3273 1213 omne
3301 1160 3468 1229 igitur
3497 1158 3598 1231 ju-

2005 1255 2142 1297 stum
2170 1244 2381 1300 bonum.
2430 1245 2556 1304 llzec
2605 1247 2796 1322 [enim]
2843 1250 3171 1306 universalia
3216 1251 3597 1307 conﬁrmativa

2005 1337 2287 1403 dicuntur;
2325 1340 2453 1411 quia
2491 1341 2874 1396 universalitcr
2921 1342 3285 1408 concluditur,
3311 1359 3476 1399 omne
3500 1344 3594 1414 ju-

2005 1438 2152 1486 stum
2198 1432 2399 1487 bonum
2438 1448 2579 1489 esse.
2635 1434 2768 1489 Item
2798 1453 2810 1488 :
2846 1432 3013 1489 Omne
3049 1433 3258 1501 justum
3287 1438 3597 1503 honestum;

2005 1522 2209 1579 nullum
2238 1525 2512 1581 honestum
2541 1535 2726 1597 turpe;
2756 1525 2959 1581 nullum
2992 1527 3157 1598 igitur
3188 1528 3397 1597 justum
3422 1538 3595 1600 turpe.

2004 1615 2105 1672 Hic
2145 1618 2291 1673 enim
2328 1633 2397 1673 ex
2425 1618 2719 1674 universali
2748 1616 3104 1673 allirmatione
3133 1621 3329 1674 transit
3356 1620 3425 1673 ad
3471 1619 3598 1673 uni-

2003 1709 2271 1766 versalem
2308 1713 2674 1782 negationem,
2706 1719 2765 1765 et
2816 1712 3105 1766 conﬁrmat
3144 1711 3349 1767 nullum
3385 1710 3596 1780 justum

2003 1814 2125 1854 esse
2150 1807 2327 1871 turpe.
2356 1800 2490 1856 item
2521 1819 2532 1854 :
2560 1800 2840 1867 Quoddam
2859 1801 3069 1871 justum
3096 1806 3404 1867 honestum;
3445 1819 3602 1859 omne

302 1911 486 1954 nonne
514 1907 641 1953 sunt
665 1869 785 1955 «lro
801 1901 1042 1966 nomina,
1062 1899 1142 1972 [et
1163 1900 1268 1955 duo
1291 1869 1727 1974 termini]?——:t.
1760 1869 1899 1955 Sunt
1931 1869 1976 1928 Β
2005 1869 2279 1947 Ιιοπεεεαίη
2331 1892 2488 1957 utile;
2534 1893 2800 1963 quoddam
2847 1869 3011 1963 igitur
3042 1894 3251 1964 justum
3296 1894 3445 1950 utile.
3497 1894 3602 1952 Hic

301 1990 452 2044 enim
478 1989 586 2045 duo
608 1992 826 2047 nomina
857 2003 913 2047 et
939 1992 1047 2048 duo
1072 1992 1322 2059 termini;
1352 2000 1407 2048 et
1436 1994 1703 2050 terminus
1726 1994 1901 2064 major

299 2080 372 2137 de
398 2081 635 2139 termino
663 2084 863 2140 minori
900 2084 1250 2156 prtedicatur.
1274 2117 1348 2127 —-
1388 2084 1449 2140 C.
1484 2085 1804 2154 Quomodo?
1829 2118 1902 2128 -—

300 2174 369 2229 Α.
391 2171 610 2231 Iustitia
635 2176 781 2232 enim
813 2177 879 2233 de
902 2177 1126 2235 homine
1162 2180 1512 2249 pnedicatur,
1541 2190 1597 2235 et
1626 2180 1792 2237 homo
1816 2188 1901 2237 est

298 2266 484 2323 minor
518 2269 803 2325 terminus.
840 2268 958 2326 Non
992 2272 1141 2327 enim
1182 2275 1251 2328 de
1280 2271 1398 2328 solo
1426 2273 1668 2340 homine,
1696 2272 1789 2329 sed
1834 2274 1901 2329 de

302 2355 417 2416 Deo
444 2367 500 2417 et
535 2361 744 2433 angelis
780 2362 993 2433 iustitia
1039 2362 1399 2433 pmdicatur;
1454 2374 1509 2419 et
1558 2363 1680 2419 ideo
1727 2362 1900 2432 major

298 2452 803 2523 terminusjustitia
834 2463 919 2510 est
955 2470 1119 2525 quam
1148 2457 1340 2521 homo,
1370 2454 1496 2527 quia
1548 2455 1711 2511 latius
1748 2464 1900 2526 patet

301 2541 490 2616 (Msa,
514 2544 720 2618 vadit];
754 2554 809 2602 et
832 2546 998 2603 homo
1026 2546 1306 2617 subjectus
1330 2557 1415 2603 est
1429 2547 1689 2619 iustitiae;
1714 2556 1769 2603 et
1793 2547 1898 2602 mi-

299 2653 404 2694 nor
432 2641 699 2697 terminus
736 2640 1015 2710 subjectus
1059 2641 1291 2707 dicitur;
1345 2640 1552 2711 major,
1586 2640 1712 2710 quia
1740 2638 1894 2712 [Hs.,

297 2729 417 2804 qui]
452 2730 618 2788 latius
661 2730 833 2799 vadit,
880 2732 1208 2803 praedicatus
1255 2733 1524 2786 terminus
1564 2730 1784 2786 dicitur.
1827 2760 1899 2770 —

298 2818 362 2876 C.
385 2819 580 2878 Mirum
605 2823 737 2879 mihi
760 2832 861 2888 est,
878 2825 1150 2895 quomodo
1172 2824 1425 2880 accidens
1446 2821 1622 2892 major
1641 2824 1715 2880 sit
1734 2839 1899 2895 quam

298 2914 625 2973 substantia.
670 2946 744 2959 —
771 2918 839 2972 Α.
874 2916 1014 2987 Quid
1042 2919 1210 2983 enim,
1240 2916 1463 2973 candela
1503 2915 1587 2972 vel
1633 2915 1747 2983 lux,
1774 2931 1897 2987 qua:

297 3008 368 3066 de
396 3010 623 3066 candela
644 3010 866 3077 emicat,
892 3010 1064 3081 major
1092 3010 1179 3067 vel
1209 3010 1437 3065 melior?
1460 3007 1523 3064 C.
1550 3008 1752 3081 Utique
1777 3008 1891 3064 lux.

302 3131 371 3143 —
397 3102 463 3156 Α.
510 3101 701 3158 Nonne
728 3102 821 3157 lux
848 3102 1102 3159 accidens
1144 3110 1228 3158 est
1270 3101 1531 3170 candelae,
1571 3110 1627 3157 et
1669 3101 1897 3158 candela

299 3191 606 3248 substantia
635 3192 754 3248 est?
781 3223 853 3233 -—
879 3189 941 3247 ο.
970 3191 1089 3258 Est,
1110 3199 1168 3248 et
1194 3208 1431 3264 agnosco
1466 3193 1521 3246 in
1546 3207 1612 3247 eo
1637 3191 1891 3248 accidens
1918 3229 1966 3294 Ο

300 3297 462 3354 posse
492 3296 614 3340 esse
640 3284 947 3340 substantia
973 3282 1168 3341 melius
1210 3292 1266 3341 et
1305 3283 1501 3354 majus.
1550 3282 1660 3341 Sed
1700 3293 1892 3356 prose-

299 3389 471 3448 quere
497 3383 718 3431 caetera.

370 3466 438 3522 A.
470 3465 611 3523 Sunt
655 3467 803 3524 enim
857 3468 978 3525 alia:
1019 3469 1422 3541 propositiones
1447 3478 1894 3541 argumentorum

300 3559 687 3631 hypotheticae,
714 3560 770 3616 id
796 3570 896 3626 est,
926 3562 1341 3619 conditionales.
1390 3593 1463 3603 —-
1504 3561 1565 3618 C.
1610 3562 1893 3631 Quomodo

298 3652 802 3710 conditionales?——
815 3654 880 3708 A.
906 3654 1115 3725 Quibus
1146 3655 1388 3712 conditio
1417 3656 1601 3727 aliqua
1632 3658 1893 3728 supponi-

302 3751 427 3810 tur;
454 3751 513 3800 et
535 3756 666 3800 sunt
694 3745 953 3817 duplices,
984 3747 1090 3803 hoc
1117 3749 1303 3813 modo,
1336 3755 1397 3802 ut
1426 3747 1612 3804 Omnis
1636 3749 1818 3818 homo,
1846 3750 1894 3806 si

299 3835 470 3890 bonus
506 3847 603 3903 est,
624 3837 806 3909 justus
834 3848 942 3906 est;
974 3839 1050 3894 ita
1085 3840 1306 3896 tandem
1338 3840 1522 3910 justus
1562 3848 1648 3897 est
1692 3842 1889 3907 homo,

304 3928 349 3985 si
379 3928 680 3985 bonitatem
726 3930 911 3985 habet.
940 3929 1075 3987 Item
1108 3950 1121 3985 :
1154 3927 1375 3998 Caelum,
1397 3931 1444 3986 si
1478 3932 1764 3987 rotundum
1794 3941 1893 4000 est,

301 4020 528 4092 volubile
560 4031 671 4087 est;
711 4021 788 4077 ita
829 4024 1047 4078 tandem
1078 4020 1326 4097 [Cadunt]
1354 4021 1577 4079 volubile
1602 4033 1698 4092 est,
1730 4024 1777 4079 si
1808 4040 1895 4078 ro-

302 4114 529 4170 tundum
553 4124 649 4170 est.

375 4205 540 4280 355
578 4203 639 4262 C.
694 4205 779 4263 An
828 4222 1054 4264 necesse
1105 4216 1211 4273 est,
1261 4215 1325 4262 ut
1379 4208 1565 4279 priora
1626 4217 1892 4281 repetam,

303 4317 474 4359 unum
499 4300 791 4357 terminum
816 4298 1079 4370 majorem
1101 4315 1244 4367 esse,
1267 4299 1500 4356 alterum
1526 4300 1792 4357 minorem
1802 4301 1898 4355 ἳ-

303 4396 373 4451 Α.
397 4393 551 4461 Non,
578 4394 707 4465 quia
750 4408 896 4466 saepe
930 4394 1133 4449 accidit
1170 4393 1407 4464 aequales
1442 4410 1568 4450 esse
1611 4394 1895 4460 terminos,

299 4492 386 4552 ut,
410 4485 566 4541 ltonto
596 4484 810 4539 risibilis
844 4493 939 4539 est.
991 4483 1128 4538 Nam
1165 4483 1271 4539 alia
1300 4492 1498 4539 natura
1538 4484 1764 4540 risibilis
1789 4500 1896 4541 nou

2002 1982 2406 2052 particulariter
2453 1982 2689 2038 allirmat
2716 1984 2989 2055 quoddam
3025 1983 3234 2054 justum
3276 1985 3410 2041 utile
3451 2002 3590 2043 esse.

1998 2075 2166 2130 Item:
2194 2075 2475 2141 Quoddam
2498 2078 2707 2146 justum
2745 2077 3054 2144 honestum;
3086 2076 3293 2133 nullum
3318 2079 3597 2135 honestum

2000 2175 2187 2237 turpe;
2238 2165 2506 2237 quoddam
2550 2166 2717 2238 igitur
2750 2167 2958 2239 justum
3005 2184 3111 2223 non
3154 2179 3231 2224 est
3266 2180 3435 2241 turpe.
3495 2171 3600 2228 llic

1999 2272 2217 2329 quoque
2283 2257 2688 2329 particulariter
2746 2273 2847 2329 per
2909 2262 3257 2333 negationem
3325 2261 3597 2330 aliirmat,

1999 2350 2269 2421 quoddam
2301 2347 2507 2417 justum
2550 2365 2660 2407 non
2690 2366 2813 2408 esse
2837 2361 3015 2425 turpe.
3062 2353 3266 2410 Horum
3303 2356 3450 2413 enim
3479 2356 3597 2431 syl-o

1998 2442 2353 2515 logismorum
2381 2444 2567 2498 multa:
2594 2452 2723 2499 sunt
2751 2445 2979 2516 species.
3011 2446 3119 2503 Sed
3150 2449 3268 2504 haec
3297 2447 3451 2521 μη,
3481 2449 3591 2527 ᾖξε]

1997 2537 2066 2592 ad
2093 2552 2333 2607 praesens
2363 2535 2633 2592 sulliciant
2670 2537 2737 2593 ad
2765 2540 3205 2610 cognoscendum
3250 2542 3594 2601 universales

1996 2635 2055 2683 et
2086 2629 2451 2699 particulares
2498 2628 2879 2686 conclusiones
2929 2632 2985 2686 in
3025 2629 3346 2690 atiirmando
3391 2643 3448 2691 et
3483 2652 3585 2691 ne-

1997 2722 2192 2793 gando.

2069 2813 2131 2869 C.
2161 2813 2406 2882 Qualiter
2451 2813 2801 2888 syllogismus
2846 2814 3040 2872 conﬁci
3088 2818 3471 2877 debet?—A.
3513 2820 3598 2879 E1

1996 2906 2174 2975 tribus
2199 2909 2499 2979 saepissime
2521 2909 2819 2975 membris;
2858 2909 2931 2965 ita
2962 2918 3024 2965 ut
3050 2926 3119 2967 ex
3147 2913 3359 2971 duabus
3395 2915 3593 2987 primis

1995 2996 2457 3071 propositionibus
2503 3000 2666 3056 tertia
2713 3000 3036 3057 conﬁciatur
3075 3003 3374 3060 conclusio.
3430 3004 3502 3061 Ut
3544 3007 3595 3068 si

1995 3097 2294 3159 quaratur,
2340 3106 2411 3146 an
2454 3091 2683 3147 castitas
2734 3091 2883 3148 utilis
2925 3091 3016 3159 sit,
3061 3094 3353 3152 dicamus:
3405 3094 3594 3153 Omnis

1998 3179 2162 3236 virtus
2202 3180 2348 3238 utilis
2376 3190 2486 3249 est;
2529 3186 2748 3241 castitas
2792 3196 2971 3242 autem
3016 3187 3191 3257 virtus
3228 3198 3352 3243 est:
3375 3189 3593 3246 castitas

1996 3272 2163 3345 igitur
2184 3272 2333 3328 utilis
2371 3283 2470 3330 est.
2510 3275 2592 3331 Ex
2623 3277 2859 3333 utilitate
2898 3278 3064 3351 igitur
3103 3286 3159 3334 et
3181 3279 3385 3337 virtute
3418 3282 3595 3353 quod-

1995 3364 2122 3420 dam
2157 3366 2381 3421 tertium
2408 3366 2683 3439 colligitur
2716 3377 2773 3425 et
2799 3371 3113 3427 necessario
3142 3372 3501 3441 concluditur,
3530 3382 3596 3431 ut

1994 3458 2221 3515 castitas
2245 3459 2397 3515 utilis
2424 3459 2517 3515 sit.

2591 3550 2824 3612 CAPUT
2861 3556 3000 3612 Xlll.

2421 3659 2489 3700 DE
2528 3661 2690 3703 IODIS
2737 3663 3169 3705 DIFFINITIONUII.

2067 3744 2128 3799 (ἰ.
2172 3742 2330 3802 Modo
2394 3748 2542 3804 enim
2602 3749 2770 3804 velim
2833 3758 2894 3805 ut
2952 3751 3336 3809 ditllnitionum
3400 3754 3593 3812 modos

1994 3845 2051 3891 et
2078 3837 2375 3893 divisiones
2421 3836 2674 3895 enuclees
2700 3841 2855 3896 mihi.
2889 3841 2957 3897 Et
2980 3844 3217 3913 primum
3246 3845 3435 3912 dicito,
3459 3847 3592 3918 quid

1995 3930 2071 3986 sit
2118 3928 2504 3985 diﬂinitio?-—-
2548 3931 2613 3987 Α.
2644 3931 2905 3991 Dillinitio
2951 3944 3037 3991 est
3075 3938 3255 3994 oratio
3298 3938 3485 3996 brevis
3532 3949 3591 3997 et

1994 4019 2175 4077 lucida
2216 4019 2335 4089 ejus
2376 4022 2456 4077 rei
2495 4023 2563 4080 de
2600 4039 2708 4095 qua
2745 4026 3031 4096 quaeritur,
3070 4037 3321 4085 naturam
3359 4031 3429 4087 ab
3469 4031 3594 4090 aliis

1996 4114 2160 4171 rebus
2179 4114 2409 4170 divisam
2436 4115 2659 4188 propria
2706 4117 3103 4187 signiﬁcatione
3146 4122 3494 4179 concludens.
3519 4154 3594 4167 --

1996 4208 2058 4266 C.
2091 4209 2375 4278 Quomodo
2401 4210 2521 4266 bzec
2567 4209 2808 4281 incipere
2851 4212 3013 4268 debet
3040 4212 3172 4287 [vel]
3202 4211 3346 4270 tiniri
3391 4213 3588 4289 [Edit.,

1995 4296 2354 4371 diliiniri].—
2378 4297 2444 4352 Α.
2473 4298 2715 4354 Primum
2754 4300 2903 4356 enim
2942 4301 3086 4357 hanc
3124 4318 3223 4372 per
3262 4303 3591 4360 immensum

1996 4388 2144 4443 tendi
2172 4396 2412 4456 oportet,
2443 4388 2797 4460 incipientem
2844 4407 2875 4445 a
2905 4406 3137 4460 genere,
3170 4393 3371 4450 dehinc
3403 4394 3592 4465 paula-

1996 4479 2095 4535 tim
2142 4479 2415 4534 currendo
2460 4495 2559 4550 per
2591 4487 2779 4551 partes
2820 4482 3077 4540 devenire
3111 4486 3276 4542 debet
3311 4487 3379 4543 ad
3418 4487 3492 4554 id,
3534 4487 3594 4544 in

303 4582 427 4640 est,
475 4574 583 4629 nisi
635 4576 831 4641 homo;
884 4589 989 4630 nec
1033 4573 1198 4630 latius
1226 4573 1450 4630 risibilis
1476 4575 1627 4630 vadit
1680 4573 1896 4648 [exten-
1920 4597 1971 4658 υ
1998 4589 2106 4645 quo
2131 4572 2305 4629 solum
2331 4583 2416 4630 est
2446 4573 2520 4640 id,
2550 4575 2699 4646 quod
2734 4574 3026 4633 diﬂinitum
3056 4587 3142 4634 est
3164 4596 3178 4632 :
3200 4590 3264 4635 ut
3299 4581 3357 4635 bi
3389 4579 3484 4652 qui
3516 4579 3593 4637 sl-

304 4663 500 4739 ditur],
526 4664 631 4720 nisi
658 4662 724 4718 ad
748 4663 1025 4719 hominem
1057 4663 1251 4718 solum.

376 4755 441 4814 C.
471 4756 754 4827 Quomodo
794 4755 1027 4812 discerni
1061 4764 1307 4827 possunt,
1341 4771 1461 4827 quae
1506 4756 1616 4811 sint
1659 4756 1898 4827 aequales

306 4851 393 4909 vel
436 4848 943 4921 inzequales?—A.
973 4848 1127 4916 Quod
1176 4848 1412 4919 aequales
1456 4848 1737 4919 :equaliter
1782 4849 1894 4904 cir-

306 4941 575 5001 cumverti
623 4946 871 5011 possunt,
916 4939 1023 4995 hoc
1062 4938 1262 4994 modo:
1308 4937 1578 5009 Quidquid
1613 4940 1769 4993 homo
1795 4948 1893 5007 est,

307 5037 507 5093 risib'ite
542 5045 649 5101 est;
697 5042 754 5090 et
788 5031 1060 5104 Quidquid
1097 5031 1295 5087 risibile
1322 5040 1420 5095 est,
1451 5030 1607 5084 homo
1642 5039 1740 5083 est.
1782 5029 1893 5087 Nec

310 5130 391 5186 sic
438 5124 733 5197 inmquales
772 5122 1121 5180 circumverti
1168 5128 1423 5192 possunt,
1479 5126 1573 5184 ut,
1623 5118 1893 5191 Quidquid

311 5220 467 5273 homo
492 5217 581 5279 sit,
608 5215 813 5286 justum
837 5214 941 5281 sit;
978 5212 1065 5268 vel
1094 5210 1363 5283 Quidquid
1380 5211 1588 5281 justum
1616 5212 1705 5277 sit,
1738 5210 1894 5265 homo

310 5311 400 5365 sit.
1276 5352 1280 5355 .

382 5397 444 5456 C.
474 5397 754 5467 Quomodo
786 5394 1042 5466 quzelibet
1077 5408 1171 5447 res
1205 5393 1292 5447 bis
1326 5392 1661 5463 argumentis
1688 5390 1893 5446 conﬁr-

315 5492 456 5548 mari
479 5498 656 5561 potest
693 5496 789 5543 aut
816 5487 1066 5542 destrui?
1089 5515 1159 5527 ——
1179 5486 1244 5537 A.
1277 5483 1391 5539 Hoc
1420 5484 1581 5539 modo
1610 5500 1623 5536 :
1658 5480 1716 5537 Si
1747 5482 1894 5536 omni

316 5582 525 5641 homini
572 5589 720 5637 recte
766 5579 915 5649 loqui
956 5579 1157 5631 bonum
1199 5584 1320 5642 est,
1376 5582 1492 5630 tum
1540 5576 1896 5647 grammatica

319 5677 460 5733 bona
488 5680 590 5729 est.
631 5671 774 5727 Nulli
799 5670 1021 5724 dubium
1048 5677 1156 5733 est,
1184 5668 1313 5737 quin
1342 5676 1489 5722 recte
1523 5666 1668 5737 loqui
1698 5666 1899 5721 bonum

320 5773 432 5831 est;
466 5764 648 5834 utique
676 5761 1030 5834 grammatica
1051 5759 1189 5814 bona
1220 5766 1332 5823 est;
1364 5758 1488 5827 quia
1518 5758 1901 5829 rectiloquium

323 5860 442 5914 sine
462 5856 816 5928 grammatica
839 5868 959 5911 esse
988 5868 1091 5909 non
1119 5859 1316 5923 potest.
1346 5849 1514 5907 item:
1540 5849 1596 5907 Si
1624 5851 1904 5909 rusticitas

1995 4680 2101 4735 gna
2136 4664 2621 4736 formanttprimo
2659 4667 2988 4724 immensum
3024 4669 3126 4726 sibi
3165 4670 3411 4744 deligunt
3448 4672 3591 4744 lapi-

1996 4757 2141 4823 dem,
2172 4757 2367 4814 dehinc
2394 4757 2657 4827 paulatim
2694 4759 2988 4816 minuendo
3013 4768 3068 4815 et
3093 4762 3462 4819 abscindendo
3498 4780 3593 4820 su-

1995 4847 2201 4918 perﬂua
2232 4848 2300 4905 ad
2330 4849 2647 4904 formandos
2683 4849 2865 4906 vultus
2890 4859 2945 4905 et
2971 4853 3215 4906 membra
3243 4854 3587 4923 perveniunt.

1998 4935 2091 4991 Sic
2131 4935 2381 4991 ditlinitio
2430 4950 2463 4990 a
2488 4950 2692 5006 genere
2734 4935 3022 5007 incipiens,
3062 4937 3287 5009 depulsa
3329 4939 3591 5010 paulatim

1999 5029 2353 5101 generalitate
2390 5030 2683 5085 verborum
2724 5028 2790 5083 ad
2828 5029 3113 5100 proprium
3153 5029 3592 5089 demonstranda:

2000 5122 2079 5175 rei
2105 5122 2284 5177 cubile
2314 5122 2487 5178 tendit
2515 5122 2797 5178 accedere.
3464 5109 3467 5112 ﬁ

2073 5211 2134 5267 ϐ.
2167 5213 2244 5267 Da
2268 5212 2683 5285 exemplum.—
2704 5212 2769 5267 Α.
2803 5211 2979 5267 Homo
3018 5222 3095 5269 est
3135 5213 3431 5269 substanlia
3470 5216 3592 5271 ani-

2000 5312 2167 5369 mata,
2196 5302 2495 5367 rationalis,
2530 5300 2791 5367 mortalis,
2815 5303 2955 5357 risus
2990 5319 3181 5374 capax.
3220 5304 3263 5358 Α
3302 5304 3593 5363 latitudine

1998 5394 2310 5448 substantiae
2348 5393 2527 5464 primo
2560 5394 2677 5447 haec
2721 5392 2910 5461 incipit
2935 5392 3216 5461 diliinitio;
3265 5398 3392 5466 quia
3435 5399 3589 5466 quid-

1999 5484 2128 5554 quid
2166 5492 2488 5539 naturarum
2526 5490 2634 5549 est,
2664 5484 2969 5538 substantia
2999 5484 3104 5539 dici
3142 5495 3345 5554 potest.
3386 5487 3593 5545 Deinde

1999 5574 2131 5629 dicit
2164 5576 2442 5630 hominem
2481 5573 2838 5630 substantiam
2881 5576 3206 5641 animatum;
3237 5578 3292 5631 in
3326 5590 3415 5640 eo,
3446 5579 3592 5647 quod

1999 5665 2133 5720 dicit
2187 5665 2506 5730 animatam,
2535 5664 2772 5719 secernit
2795 5678 2917 5718 eam
2946 5656 3017 5721 ab
3041 5665 3129 5720 his
3158 5682 3280 5737 qua:
3327 5668 3587 5733 animam,

2002 5757 2056 5812 id
2089 5764 2174 5811 est
2198 5756 2389 5820 vitam,
2418 5770 2526 5809 non
2565 5756 2788 5809 habent.
2829 5753 2889 5808 In
2929 5769 3015 5820 eo,
3041 5757 3188 5825 quod
3230 5758 3383 5822 dicit,
3418 5759 3587 5811 ratio-

2004 5849 2167 5919 nalis,
2208 5858 2456 5922 segregat
2490 5862 2612 5906 eam
2648 5848 2717 5904 ab
2742 5847 2996 5903 omnibus
3037 5848 3306 5906 rationem
3338 5865 3445 5904 non
3492 5848 3591 5905 ha-
