4090 6522
183 441 292 499 969

1236 441 1716 499 DIDASCALICA.
1755 471 1824 482 —-
1863 441 1953 497 DE
1991 439 2417 496 DIALECTICA.

3367 438 3479 496 970

178 553 243 608 Et
268 550 560 608 Terentius
593 569 606 606 :
651 551 826 608 Homo
864 569 982 608 sum
1000 593 1013 619 ,
1053 554 1273 608 humani
1297 571 1332 607 a
1359 571 1443 608 me
1480 552 1610 609 nihil
1635 552 1770 608 alie—
1796 556 1847 615 Δ
1875 553 1923 610 is
1945 563 2114 621 certe,
2144 555 2237 625 qui
2264 569 2370 609 non
2400 555 2612 621 vitavit,
2653 567 2756 608 nec
2781 552 2938 624 fugit,
2967 553 3062 608 sed
3101 553 3244 610 uitro
3269 557 3483 625 appetit

178 660 303 700 nunt
333 645 553 701 testimo.
582 645 649 700 Et
673 644 866 700 Cicero
892 663 905 698 :
942 644 1161 700 Verrem
1190 645 1328 701 dixit
1344 648 1595 702 euerrisse
1620 644 1769 719 [Ms.,

172 737 446 812 euertisse]
469 740 829 809 provinciam.

839 829 883 882 A
913 845 1121 901 genere.

247 919 296 977 Α
312 936 514 994 genere
538 930 915 994 argumentum
937 931 1040 987 est,
1065 919 1280 992 quando
1302 937 1333 976 a
1360 936 1418 977 re
1440 922 1679 992 generali
1707 921 1777 977 ad

179 1015 417 1085 Speciem
445 1014 685 1087 aliquam
731 1015 1122 1080 descenditur;
1174 1021 1256 1076 ut,
1300 1012 1590 1067 Mulierum
1612 1029 1780 1083 genus

175 1123 398 1161 auarum
425 1117 542 1173 est;
587 1123 714 1160 nam
752 1105 1000 1176 Euripila
1035 1122 1168 1160 auro
1213 1106 1375 1158 vitam
1411 1104 1511 1158 viri
1546 1104 1779 1158 uendidit

179 1198 358 1272 (Mss,
402 1198 646 1272 Erypila,
673 1198 770 1262 al.,
815 1197 1134 1269 Eriphyle...
1179 1195 1456 1267 prodidit].
1498 1195 1568 1251 Et
1595 1197 1769 1251 item:

176 1290 238 1348 Si
264 1292 602 1358 libidinosus,
639 1299 690 1345 et
714 1289 957 1355 adulter;
987 1290 1033 1343 si
1061 1305 1276 1355 aram,
1310 1299 1359 1342 et
1386 1286 1493 1356 fur.

846 1381 890 1433 A
921 1382 1109 1448 specie.

245 1472 289 1528 A
321 1473 534 1543 specie;
561 1481 620 1528 ut
641 1487 767 1528 eum
789 1472 1022 1542 probare
1040 1469 1319 1527 crudelem
1340 1469 1608 1532 volumus,
1634 1483 1782 1539 qua?

174 1566 301 1620 dam
331 1567 399 1620 ab
424 1581 491 1621 eo
515 1564 812 1621 crudeliter
833 1562 980 1619 facta
1006 1563 1320 1618 doceamus.
1341 1560 1477 1617 item
1500 1559 1632 1615 illud
1653 1558 1781 1615 Vir-

175 1656 286 1727 gilii
320 1655 502 1728 (.‘En.,
530 1669 631 1720 vn,
659 1653 787 1725 363)
823 1671 836 1707 :

299 1771 363 1820 At
383 1783 477 1819 non
502 1771 574 1818 sic
603 1769 845 1827 Phrygius
865 1771 1095 1829 penetrat
1119 1764 1472 1816 Lacedrnmnna

300 1831 621 1894 Ledeamque
649 1831 890 1879 Helenam
915 1829 1151 1892 Troianas
1176 1830 1318 1880 vexit
1342 1829 1402 1877 ad
1423 1829 1618 1879 nrbes“

1498 1771 1662 1827 pastor

1878 644 2037 718 μη,
2068 644 2340 718 appetiit],
2369 647 2620 702 desertor
2643 644 2792 700 nullo
2813 645 2974 701 modo
2995 645 3101 702 dici
3129 653 3328 715 potest.
3360 647 3430 704 Et
3459 667 3476 703 τ

1877 737 1937 793 Si
1969 739 2258 793 honestum
2293 747 2377 793 est
2416 738 2641 807 aliquid,
2673 747 2832 808 turpe
2858 752 2967 794 non
2990 744 3097 794 est.
3134 737 3240 793 Et:
3269 737 3330 795 Si
3350 738 3481 808 jure

1876 828 2080 886 factum
2101 838 2188 886 est
2210 829 2436 899 aliquid,
2469 843 2578 886 non
2605 835 2784 900 potest
2809 845 2909 900 pro
2939 827 3137 898 iniuria
3160 830 3455 888 vindicari.

2462 941 2508 997 Α
2535 953 2899 1014 consequente.

1949 1032 1996 1088 Α
2023 1043 2408 1104 consequente,
2434 1037 2652 1105 quando
2677 1039 2910 1106 positam
2941 1050 3060 1092 rem
3081 1037 3289 1107 aliquid
3309 1037 3478 1096 inevi-

1881 1124 2118 1181 tabiliter
2143 1127 2524 1196 consequitur,
2546 1135 2609 1181 ut
2635 1125 2892 1198 Virgilius
2921 1126 3102 1198 (.En.,
3133 1145 3170 1190 ι,
3203 1128 3330 1200 551)
3359 1147 3375 1182 :

2005 1237 2113 1301 you
2136 1250 2227 1288 nos
2243 1247 2326 1287 aut
2350 1238 2479 1288 ferro
2503 1239 2706 1301 Libycos
2723 1238 2964 1300 populare
2990 1238 3208 1289 Penates

2007 1299 2268 1365 ﬂeuimus;
2292 1309 2379 1351 aut
2401 1308 2562 1365 raptas
2585 1299 2646 1350 ad
2660 1299 2834 1365 littora
2862 1307 3066 1352 vertere
3090 1303 3296 1365 praedas,

2003 1361 2110 1412 Non
2136 1375 2196 1412 ea
2221 1365 2292 1412 vis
2310 1361 2488 1412 animo.
2513 1364 2570 1412 lt
2592 1361 2804 1427 reliqua.

1879 1463 1949 1518 Et
1978 1482 1990 1516 :
2019 1463 2080 1519 Si
2109 1465 2306 1520 mulier
2331 1467 2558 1536 peperit,
2589 1481 2710 1522 eum
2734 1467 2850 1521 viro
2873 1467 3200 1533 concubuit;
3233 1469 3480 1539 peperit:

1880 1557 2070 1629 igitur,
2106 1573 2446 1628 consequens
2487 1558 2568 1625 fit,
2603 1574 2828 1616 necesse
2857 1567 2963 1629 est,
3009 1561 3136 1632 quia
3185 1562 3483 1619 concubuit

1880 1664 2008 1705 cum
2037 1665 2177 1705 Viro.

2391 1743 2471 1798 Ab
2500 1746 2953 1801 antecedentibus.

1951 1833 2036 1889 Ab
2055 1835 2502 1892 antecedentibus
2522 1845 2901 1906 argumentum
2923 1845 3024 1898 est.
3042 1839 3258 1908 quando
3279 1852 3348 1893 ex
3374 1839 3481 1903 his,

173 1933 312 1988 Nam
340 1931 603 2003 Phrygius
625 1941 808 2002 pastor
827 1930 1037 2002 species
1058 1937 1171 1996 est;
1199 1932 1256 1985 e't
1284 1929 1330 1986 si
1351 1929 1497 1985 istud
1524 1929 1612 1984 ille
1633 1945 1777 1986 unus
1809 1902 1855 1962 Β
1883 1939 2005 1993 qua:
2028 1925 2181 1994 prius
2201 1933 2353 1997 gesta
2395 1933 2539 1989 sunt,
2573 1902 2963 1996 consequentia
2987 1902 3378 1998 approbantur.
3410 1902 3488 1988 Ut

174 2025 330 2093 fecit,
359 2033 416 2079 et
443 2025 520 2079 illi
547 2023 704 2097 [Ms.,
728 2021 848 2096 alii)
872 2024 977 2078 hoc
997 2019 1216 2090 Trojani
1238 2021 1566 2092 generaliter
1594 2021 1780 2077 facere

172 2126 424 2190 possunt.
451 2118 677 2189 Species
695 2100 1078 2185 enim'semper
1097 2116 1285 2170 subest
1308 2115 1516 2185 generi,
1536 2123 1598 2169 ut
1617 2115 1780 2170 homo

171 2214 368 2273 subest
389 2210 630 2266 animali.
663 2211 745 2265 Ac
770 2211 891 2265 ideo
918 2223 1087 2278 genus
1114 2214 1288 2262 totum
1321 2207 1538 2271 dicitur,
1568 2206 1780 2277 species

171 2321 337 2378 pars;
363 2315 426 2362 ut
446 2304 713 2375 cupiditas
737 2317 909 2373 genus
936 2309 1020 2356 est
1037 2299 1281 2354 omnium
1309 2298 1613 2353 libidinum.
1639 2297 1780 2353 Pars

167 2399 340 2456 etiam
373 2397 620 2466 quaedam
649 2392 979 2463 cupiditatis,
1005 2391 1058 2446 id
1079 2398 1164 2446 est
1189 2391 1421 2460 species,
1454 2389 1703 2445 avaritia.

452 2550 454 2552 τ
758 2486 802 2540 Α
840 2484 1204 2541 similitudine.

238 2583 289 2640 Δ
313 2577 672 2638 similitudine
692 2586 1070 2650 argumentum
1092 2589 1178 2630 est
1197 2616 1213 2642 ,
1240 2575 1460 2646 quando
1493 2575 1658 2630 rebus
1680 2574 1782 2631 ali-

169 2675 378 2748 quibus
406 2675 602 2731 similia
631 2671 1007 2744 proieruntur,
1038 2677 1100 2723 ut
1139 2682 1207 2723 ex
1245 2683 1332 2736 eo,
1380 2667 1527 2738 quod
1568 2675 1781 2724 certum

170 2769 323 2824 circa
366 2782 480 2822 rem
519 2765 753 2821 similem
795 2761 1075 2826 acciderit,
1120 2759 1176 2816 id
1223 2774 1461 2830 quoque,
1493 2759 1639 2830 quod
1683 2759 1782 2816 du-

167 2861 324 2918 bium
355 2867 460 2922 est,
490 2867 547 2913 et
574 2857 628 2914 in
658 2857 1017 2928 qumstionem
1049 2854 1218 2920 venit,
1254 2854 1661 2924 eomprobetur.
1693 2854 1782 2909 lu-

169 2951 403 3022 spicitur
426 2964 571 3020 saepe
593 2947 895 3004 similitudo
913 2949 970 3002 in
998 2947 1323 3013 contrariis;
1354 2956 1417 3000 ut
1447 2965 1458 3000 :
1490 2945 1549 3000 Si
1581 2947 1667 3002 his
1687 2947 1782 3016 qui

171 3041 549 3112 imprudentes
589 3038 869 3101 laeserunt,
899 3036 1106 3108 ignosci
1143 3037 1416 3102 convenit,
1449 3037 1535 3092 bis
1560 3037 1652 3107 qui
1684 3051 1784 3092 ne—

171 3133 416 3189 cessario
433 3128 773 3201 profuerunt,
795 3129 1028 3198 gratiam
1055 3127 1256 3182 habere
1282 3142 1388 3182 non
1415 3136 1649 3198 oportet.
1681 3127 1782 3184 Hic

169 3224 449 3283 contraria
475 3231 618 3287 sunt,
647 3222 903 3291 prodesse
926 3229 984 3276 et
1009 3235 1225 3275 nocere.
1256 3219 1568 3276 Similitudo
1591 3230 1774 3278 autem

173 3318 486 3375 animorum
517 3324 622 3379 est,
652 3315 798 3384 quod
826 3327 1002 3381 neque
1031 3313 1121 3368 ille
1150 3313 1320 3368 voluit
1343 3314 1557 3379 obesse,
1599 3329 1778 3385 neque

171 3408 264 3465 hic
290 3408 571 3478 prodesse.
596 3406 686 3460 Fit
709 3413 766 3460 et
787 3419 884 3475 per
907 3405 1079 3474 paria,
1109 3419 1234 3459 cum
1255 3420 1363 3459 non
1392 3419 1459 3459 ex
1484 3405 1779 3460 contrariis

171 3503 363 3567 rebus,
401 3500 497 3556 sed
523 3515 592 3554 ex
623 3496 914 3554 simillimis
951 3511 1051 3567 per
1074 3504 1326 3550 naturam
1355 3494 1639 3566 probabile
1669 3495 1780 3552 col-

170 3592 394 3668 ligimus
440 3598 837 3663 argumentum.
886 3586 1030 3643 Num
1076 3596 1136 3642 ut
1177 3587 1331 3643 locus
1373 3587 1429 3641 in
1465 3587 1604 3642 mari
1655 3588 1777 3644 sine

168 3695 336 3758 portu
364 3684 593 3740 navibus
632 3684 841 3738 intutus
867 3691 983 3749 est;
1021 3682 1103 3738 sic
1127 3682 1364 3747 animus,
1402 3681 1498 3750 qui
1525 3681 1644 3736 sine
1672 3681 1780 3737 ﬁde

171 3788 280 3845 est.
314 3777 503 3832 amicis
546 3791 655 3831 non
683 3783 859 3847 potest
888 3790 1009 3831 esse
1036 3782 1348 3845 portuosus.
1393 3775 1483 3830 Fit
1520 3783 1577 3830 et
1606 3775 1660 3830 in
1693 3777 1778 3832 his

171 3871 363 3936 rebus,
406 3883 526 3939 qua:
555 3869 656 3923 sub
701 3868 945 3922 eamdem
991 3868 1260 3922 rationem
1286 3866 1507 3933 cadunt,
1556 3867 1684 3922 dum
1709 3882 1779 3923 ex

170 3963 339 4018 unius
376 3959 457 4014 rei
510 3959 722 4013 ratione
755 3957 985 4012 alterius
1015 3971 1232 4026 quoque
1270 3957 1411 4012 ratio
1457 3958 1778 4028 comproba-

177 4064 297 4122 tur;
329 4062 389 4109 ut
418 4061 568 4123 puta,
600 4051 690 4120 qui
734 4050 904 4105 ﬁlium
928 4051 1194 4114 vendidit,
1220 4051 1462 4120 iniquam
1492 4066 1608 4107 rem
1635 4050 1779 4109 fece-

175 4149 284 4213 rit;
316 4154 372 4203 et
396 4145 488 4215 qui
519 4144 672 4210 emit,
702 4143 886 4213 inique
915 4142 1107 4198 fecerit
1136 4141 1320 4215 [Mss.,
1346 4143 1520 4216 fecit].

788 4235 830 4288 Α
863 4234 1184 4304 differentia.

250 4331 296 4386 Α
325 4327 630 4386 differentia
660 4326 721 4381 iit
759 4325 942 4399 [Mss.,
981 4325 1087 4398 est]
1123 4334 1530 4398 argumentum,
1560 4329 1778 4398 quando

176 4438 278 4494 per
302 4419 663 4477 dili‘erentiam
692 4417 886 4488 aliqua:
915 4432 1004 4472 res
1031 4426 1376 4487 separantur,
1423 4427 1484 4474 ut
1519 4417 1780 4489 Virgilius

185 4517 442 4590 (£n.,s,
471 4512 632 4587 58i):

276 4626 384 4678 Non
408 4625 658 4677 Diomedis
680 4635 860 4686 equos,
885 4634 984 4674 non
1007 4635 1203 4674 currum
1227 4624 1394 4675 cernis
1415 4623 1634 4675 Achillis.

249 4729 421 4804 35,8
445 4729 534 4783 Fit
562 4742 779 4799 quoque
804 4725 1130 4793 differentia,
1151 4743 1276 4784 cum
1299 4729 1352 4782 in
1374 4729 1563 4784 eodem
1583 4743 1780 4799 genere

181 4820 396 4893 species
424 4820 490 4874 ab
511 4818 617 4872 alia
643 4817 822 4887 specie
848 4817 1172 4884 secernitur,
1201 4827 1262 4873 ut
1295 4818 1508 4875 Marcus
1530 4819 1738 4876 Tullius
1763 4839 1775 4872 :

185 4909 376 4979 Qualis
415 4909 475 4964 in
514 4907 719 4962 urbana
755 4906 1027 4976 provincia
1063 4907 1229 4977 fuerit
1278 4905 1484 4975 Verres,
1524 4907 1686 4964 talem
1724 4909 1781 4963 in

181 4999 500 5074 provinciali
516 5015 647 5055 esse.

799 5093 843 5146 Α
872 5093 1173 5151 contrariis.

256 5192 306 5246 Δ
337 5185 630 5246 contrariis
656 5185 889 5242 sumitur
909 5192 1314 5256 argumentum,
1345 5186 1564 5256 quando
1590 5199 1677 5242 res
1707 5185 1784 5243 si-

188 5284 360 5341 bimet
397 5280 771 5350 discrepantes
807 5285 1189 5350 opponuntur;
1220 5287 1283 5332 ut
1316 5276 1578 5349 Virgilius
1620 5275 1778 5335 (En.

190 5391 271 5445 is,
300 5373 394 5450 91)
422 5390 440 5432 τ

315 5489 365 5554 ρ
383 5491 623 5554 genitus,
648 5501 748 5551 quo
771 5483 865 5554 [sta
888 5499 1046 5554 vocas,
1073 5499 1157 5535 aut
1173 5485 1294 5554 quid
1322 5485 1452 5554 petis
1472 5483 1626 5537 istis?

321 5547 590 5602 Mortaline
615 5547 758 5599 m'suu
786 5549 922 5598 factas
946 5547 1215 5598 immortale
1239 5549 1420 5599 carina

320 5614 417 5725 ligas
443 5615 658 5727 hageant
678 5625 693 5676 ;
716 5619 986 5675 certusque
1008 5615 1195 5661 incerta
1219 5613 1438 5673 pericula
1463 5609 1640 5660 lustret

383 5688 502 5725 neas

383 5688 502 5725 "€38

195 5777 346 5836 lovis
376 5774 632 5853 [Jupiter]
667 5777 734 5832 ad
763 5771 1183 5846 Berecynthiam
1207 5771 1382 5829 fertur
1417 5771 1645 5829 dixisse.
1677 5772 1780 5828 Et:

196 5873 256 5926 Si
273 5873 517 5927 desertor
541 5868 896 5941 appellandus
921 5874 1026 5933 est,
1051 5867 1141 5939 qui
1156 5868 1366 5924 hostem
1385 5867 1520 5921 vitat
1543 5880 1606 5921 ac
1629 5864 1784 5934 fugit.

444 5966 714 6027 PnuoL.
763 5962 863 6024 Cl.

1885 2015 2101 2072 Marcus
2129 2016 2339 2071 Tullius
2364 2031 2463 2087 pro
2501 2015 2702 2072 Milone
2728 2037 2740 2071 :
2784 2016 3020 2090 Cumque
3048 2027 3171 2074 ante
3201 2021 3344 2074 diem
3383 2029 3489 2076 ter-

1883 2107 2017 2160 tium
2057 2105 2365 2177 prwdixerit
2405 2102 2649 2170 Clodius,
2686 2105 2940 2162 Milonem
2985 2110 3318 2179 periturum;
3365 2126 3487 2165 cum

1881 2197 1972 2252 ille
1999 2213 2104 2253 non
2131 2196 2447 2252 dubitauerit
2493 2197 2721 2268 aperire,
2746 2199 2875 2268 quid
2919 2208 3054 2255 esset
3091 2200 3356 2269 facturus,
3394 2218 3486 2256 uos

1880 2292 2095 2362 potestis
2132 2289 2376 2344 dubitare
2403 2288 2534 2359 quid
2562 2288 2744 2358 fecerit
2762 2291 2791 2344 7
2817 2289 3098 2345 Prwcessil
3124 2293 3265 2346 enim
3287 2293 3488 2363 prazdi-

1880 2382 2019 2437 satio
2050 2379 2261 2454 [Forte,
2297 2377 2619 2452 pradictio],
2659 2388 2710 2435 et
2749 2390 2988 2436 secutum
3029 2391 3105 2437 est
3143 2380 3366 2450 factum.
3415 2381 3486 2439 Et

1882 2471 2117 2543 reliqua.

2495 2564 2574 2618 Ab
2598 2566 2890 2636 adjunctis.

1953 2653 2038 2710 Ab
2056 2655 2327 2726 adiunctis
2355 2660 2660 2729 argumenti
2691 2656 2826 2713 ﬁdes
2851 2656 3108 2720 sumitur,
3137 2672 3264 2714 cum
3287 2658 3494 2728 probae

1881 2746 2069 2802 biliter
2114 2749 2435 2814 ostenditur,
2471 2748 2602 2818 quid
2638 2749 2710 2803 sit
2733 2762 2803 2802 ex
2829 2762 2891 2801 re
2914 2762 3137 2818 quaque
3173 2757 3490 2814 venturum.

1881 2846 1946 2893 ut
1974 2837 2236 2910 Virgilius
2267 2839 2447 2913 (Em,
2475 2855 2598 2905 vin,
2635 2838 2760 2912 M7)
2791 2858 2805 2893 :

2163 2989 2177 3001 .
2207 2986 2222 3002 .
2247 2990 2262 3005 .
2288 2989 2304 3002 .
2330 2989 2346 3015 .
2367 2951 2467 3001 Nos
2487 2954 2527 3002 si
2554 2952 2760 3015 pellant,
2785 2950 2906 3001 nihil
2928 2949 3101 3002 abiere
3122 2953 3334 3006 credunt

1947 3012 2076 3074 Quin
2103 3027 2301 3065 omnem
2327 3012 2617 3078 Hesperiam
2640 3016 2841 3077 penitus
2862 3028 2952 3064 sua
2977 3015 3072 3064 sub
3094 3015 3212 3078 iuga
3235 3019 3435 3069 mittant

1883 3140 2076 3198 Omnis
2110 3142 2257 3197 enim
2303 3156 2392 3198 res
2441 3141 2604 3197 habet
2646 3139 2850 3212 aliquid
2891 3142 3229 3210 praecedens,
3281 3143 3488 3214 aliquid

1886 3236 2070 3302 simul,
2100 3234 2302 3307 aliquid
2336 3236 2672 3304 subsequens
2703 3253 2716 3288 :
2757 3243 2815 3290 et
2851 3233 2971 3290 ideo
2997 3249 3063 3289 ex
3105 3235 3192 3290 his
3237 3235 3492 3293 omnibus

1885 3335 2205 3399 argumenta
2236 3328 2564 3398 colligimus.
2600 3327 2662 3383 in
2703 3324 2978 3396 adiunctis
2998 3327 3189 3395 etiam,
3213 3339 3273 3383 ut
3299 3328 3493 3385 Cicero

1880 3421 2076 3485 voluit,
2109 3421 2348 3476 maxime
2387 3422 2676 3490 quaeritur,
2716 3421 2848 3490 quid
2884 3428 3014 3476 ante
3047 3435 3185 3487 rem,
3209 3421 3341 3492 quid
3364 3435 3492 3478 cum

1881 3528 1959 3576 re,
1990 3514 2120 3583 quid
2158 3520 2283 3583 post
2329 3528 2444 3567 rem
2491 3513 2766 3580 evenerit;
2808 3512 2905 3583 qui
2954 3510 3108 3569 locus
3151 3513 3390 3569 maxime
3418 3514 3488 3569 ad

1879 3603 2250 3674 conjecturam
2294 3603 2552 3674 pertinet.
2591 3603 2726 3658 Ante
2769 3620 2902 3670 rem,
2957 3611 3272 3674 apparatus,
3318 3603 3486 3660 collo-

1880 3695 2029 3767 quia.
2075 3693 2149 3750 In
2198 3710 2275 3760 re,
2333 3696 2591 3765 strepitus
2646 3694 2862 3765 pedum.
2924 3689 3056 3748 Post
3105 3709 3235 3761 rem,
3283 3694 3484 3764 pallor,

1880 3784 2070 3851 rubor,
2099 3793 2156 3841 et
2184 3785 2230 3841 si
2269 3801 2375 3857 qua
2403 3795 2531 3840 sunt
2556 3785 2786 3840 similia.

1952 3879 2129 3938 Locus
2160 3881 2230 3935 ab
2252 3880 2716 3946 antecedentibus,
2747 3888 2804 3934 et
2827 3881 3286 3950 consequentibus
3314 3890 3371 3937 et
3397 3897 3486 3938 re-

1880 3978 2250 4050 pugnantibus
2273 3976 2330 4031 in
2364 3991 2430 4030 eo
2451 3973 2633 4031 diii‘ert
2655 3990 2686 4028 a
2723 3971 3033 4043 conjunctis
3066 3974 3181 4029 sive
3210 3974 3483 4045 adiunctis

1882 4067 2074 4140 [quod]
2104 4068 2391 4138 conjuan
2423 4082 2531 4121 non
2557 4079 2772 4136 semper
2797 4065 3056 4121 eveniunt
3080 4083 3094 4131 ;
3141 4081 3481 4138 consequen-

1884 4164 1958 4216 tia
1991 4177 2123 4216 vero
2150 4175 2382 4230 semper.
2422 4159 2499 4212 Ea
2537 4158 2704 4229 igitur
2740 4167 2867 4212 sunt
2891 4158 3312 4226 consequentia,
3355 4173 3480 4229 qua

1882 4270 1998 4312 rem
2024 4252 2335 4310 necessario
2358 4258 2788 4321 consequuntur,
2813 4259 2873 4304 ut
2906 4268 2919 4302 :
2951 4248 3010 4303 Si
3037 4250 3154 4304 dies
3181 4259 3282 4317 est,
3315 4251 3483 4308 lucet.

1879 4345 2035 4410 item,
2080 4343 2455 4399 antecedentia
2497 4350 2551 4396 et
2593 4342 2983 4412 repugnantia;
3029 4340 3292 4411 quidquid
3332 4344 3482 4398 etiim

1882 4435 2237 4506 consequitur
2262 4448 2534 4504 quamque
2554 4447 2691 4497 rem,
2715 4432 2769 4487 id
2799 4432 3035 4486 cohznret
3062 4448 3185 4486 cum
3215 4448 3273 4489 re
3294 4449 3484 4490 neces-

1879 4530 2028 4584 sario
2050 4528 2128 4600 [et
2155 4527 2416 4597 quidquid
2443 4525 2738 4587 antecedit,
2770 4524 2823 4578 id
2848 4525 3014 4578 trahit
3049 4537 3478 4597 consequentem

1804 4626 1859 4688 υ
1884 4620 2250 4693 necessario];
2283 4628 2342 4675 et
2366 4618 2630 4690 quidquid
2656 4625 2941 4690 repugnat,
2985 4616 3251 4687 ejusmodi
3291 4630 3390 4685 est,
3422 4628 3485 4676 ut

1886 4712 2161 4770 cohaerere
2199 4725 2472 4780 nunquam
2506 4709 2700 4780 possit.

2422 4822 2467 4876 Α
2501 4822 2929 4893 repugnantibus.

1953 4917 2002 4974 Α.
2029 4917 2470 4989 'repugnantibus
2512 4925 2892 4986 argumentum
2927 4921 3029 4980 est,
3074 4916 3290 4986 quando
3345 4915 3480 4973 illud

1883 5007 2025 5078 quod
2052 5007 2310 5078 objicitur
2341 5021 2457 5069 reo,
2496 5004 2676 5075 aliqua
2723 5005 3114 5060 contrarietate
3151 5006 3479 5064 destruitur.

1886 5097 1958 5155 Ut
1993 5098 2188 5154 Cicero
2228 5096 2404 5153 dicit:
2437 5095 2487 5151 is
2518 5097 2681 5166 igitur
2724 5111 2831 5150 non
2881 5095 3041 5150 modo
3069 5110 3099 5149 a
3141 5103 3194 5151 te
3235 5096 3483 5165 periculo

1883 5191 2167 5253 liberatus,
2198 5190 2292 5246 sed
2338 5188 2501 5243 etiam
2546 5187 2878 5257 amplissimo
2925 5188 3132 5243 honore
3160 5188 3362 5242 ditatus
3392 5202 3483 5241 ar-

1886 5283 2088 5358 guitur,
2118 5282 2264 5340 domi
2313 5297 2424 5338 suae
2470 5290 2525 5336 te
2554 5279 2864 5335 interﬁcere
2891 5279 3148 5335 voluisse.
3191 5280 3362 5335 item:
3399 5279 3482 5344 Si,

1884 5390 1993 5448 qua
2019 5375 2106 5432 die
2123 5375 2303 5433 caedes
2325 5375 2426 5429 ista
2461 5373 2648 5428 Romae
2685 5369 2829 5427 facta
2855 5377 2956 5435 est,
2993 5385 3095 5442 ego
3122 5369 3354 5426 Athenis
3383 5369 3480 5436 fui,

1886 5470 1942 5523 in
1966 5469 2114 5525 crede
2140 5469 2402 5524 interesse
2435 5480 2544 5520 non
2578 5465 2751 5536 potui.

2543 5578 2587 5632 A
2624 5581 2820 5634 causis.

1958 5674 2002 5730 Α
2034 5672 2214 5731 causis
2242 5679 2613 5741 argumentum
2643 5671 2876 5736 ducitur,
2914 5667 3131 5743 quando
3159 5682 3225 5725 ex
3252 5683 3483 5724 consue-

1893 5768 2078 5824 tudine
2120 5763 2392 5821 communi
2437 5778 2544 5826 res,
2582 5778 2703 5833 qua:
2751 5769 3034 5827 tractatur,
3086 5759 3203 5817 fieri
3242 5759 3482 5829 potuisse

1893 5856 2254 5916 cenvincitur.
2289 5855 2359 5911 Ut
2389 5854 2674 5911 Terentius
2698 5852 2855 5925 (And.
2881 5852 2965 5914 ill.
2996 5863 3070 5915 ιν,
3100 5835 3156 5921 ὅ)
3191 5868 3205 5904 :

2929 5945 2997 6009 31
