4090 6530
552 411 669 469 ‘97!

1416 404 1476 460 Β.
1517 403 1580 460 F.
1620 403 1848 459 ALBINI
1885 402 2016 462 SEU
2058 401 2336 460 ALCUINI
2373 400 2658 459 OPERUM
2699 400 2879 458 PARS
2917 400 3029 457 VII.

3749 400 3854 456 9'7!

566 524 674 587 ligo
696 534 796 583 non
815 520 952 571 nihlt-
970 520 1109 585 (Msa.
1138 533 1181 571 ιδ
1198 517 1318 568 nihil
1343 515 1580 592 animum)
1606 518 1794 592 veritus
1815 518 2151 592 sum,_dudum
2180 522 2227 578 Α
2258 515 2429 572 trario
2458 523 2780 586 argumenta
2805 529 2928 573 esse
2952 512 3195 592 ducenda
3211 510 3235 566 ?
3251 541 3323 554 --
3349 510 3416 567 Α.
3448 510 3732 568 Pertinent
3751 514 3860 567 uti-

1436 581 1546 637 (abs
1566 587 1617 628 te
1639 590 1838 639 cat-ere,
1855 577 2150 637 ne'taceres,

566 645 711 706 Quod
734 641 907 707 vulgus
934 655 1190 696 servorum
1225 640 1454 691 sollicitat
1479 640 1605 703 (AL,
1628 640 1778 702 solet)
1816 640 2160 760 dalitgluulérgt:

638 787 805 865 369
826 786 916 842 Fit
942 801 1160 857 quoque
1189 786 1295 840 hoc
1321 784 1482 838 modo
1510 798 1539 837 a
1564 797 1727 837 causa
1758 791 2155 857 argumentum,

568 882 698 938 dum
721 896 942 936 causam
982 879 1232 933 adulterii
1275 876 1552 931 libidinem
1598 889 1721 931 esse
1753 875 2013 939 dicimus;
2048 874 2161 929 sive

567 974 874 1049 parricidii,
909 972 1217 1026 avaritiam.
1244 968 1350 1024 Sed
1378 976 1433 1024 et
1454 978 1568 1022 tum
1594 966 1757 1022 latius
1774 966 2160 1037 disputandum

565 1076 653 1124 est
682 1067 751 1123 de
772 1066 827 1120 vi
850 1081 1050 1129 causa,
1080 1063 1135 1117 id
1168 1070 1271 1126 est,
1306 1060 1548 1115 avaritiae
1576 1060 1690 1116 sive
1711 1058 1981 1123 libidinis;
2022 1074 2161 1128 qua-

567 1169 729 1214 tenus
751 1157 795 1211 si
834 1172 995 1212 causa
1028 1153 1202 1221 turpis
1230 1152 1493 1214 videatur,
1523 1166 1611 1204 res
1636 1165 1850 1219 quoque
1874 1150 2159 1204 inhonesta

565 1248 840 1313 videatur;
863 1254 925 1300 ut
956 1265 969 1299 :
999 1243 1265 1313 Quilncri
1298 1242 1531 1297 faciendi
1563 1256 1729 1297 causa
1766 1242 1915 1296 venit
1949 1241 2005 1301 in
2027 1249 2163 1295 tem-

564 1340 735 1411 plum,
765 1338 1064 1408 sacrilegus
1086 1344 1197 1390 est.
1226 1334 1342 1389 Non
1367 1333 1513 1387 enim
1540 1347 1627 1387 res
1656 1331 1981 1387 maleﬁcium
2008 1329 2159 1395 facit,

562 1429 663 1486 sed
699 1444 867 1484 causa
894 1426 1161 1486 faciendi;
1195 1441 1297 1479 nec
1326 1424 1499 1489 exitu,
1527 1424 1620 1479 sed
1647 1430 1845 1478 conatu
1874 1419 2163 1485 malefacta

567 1523 972 1580 existimantur.

1195 1607 1274 1662 Ab
1304 1607 1523 1677 effectis.

639 1706 724 1760 Ab
754 1702 961 1759 effectis
987 1709 1362 1773 argumentum
1389 1709 1492 1763 est,
1523 1715 1646 1755 cum
1668 1713 1735 1754 ex
1762 1697 1849 1753 his
1871 1711 1992 1769 qua:
2017 1695 2163 1751 facta

567 1802 714 1862 sunt,
744 1793 949 1864 aliquid
983 1792 1335 1861 approbatur,
1364 1800 1426 1845 ut
1458 1789 1712 1860 Virgilius
1735 1787 1914 1859 (/En.,
1936 1803 2013 1853 iv,
2036 1784 2157 1859 13);:

726 1905 1027 1967 Degeneres
1048 1906 1237 1952 animos
1259 1904 1401 1953 timor
1426 1903 1610 1964 arguit.
1639 1934 1654 1950 .
1682 1935 1696 1947 .

566 2013 703 2069 Nam
736 2015 899 2068 timor
938 2020 1024 2067 est
1052 2024 1238 2074 causa,
1275 2018 1335 2065 ut
1371 2008 1607 2081 degener
1638 2008 1710 2064 sit
1736 2007 1982 2073 animus;
2014 2004 2160 2077 quod

564 2107 781 2163 timoris
802 2113 885 2162 est
906 2103 1235 2159 effectivum.

635 2198 933 2255 Eﬁicientia
959 2203 1107 2260 sunt,
1138 2210 1259 2264 qua:
1282 2193 1366 2247 vel
1393 2192 1449 2247 vi
1475 2206 1573 2247 sua
1605 2190 1809 2262 aliquid
1841 2187 2159 2255 conﬁciunt,

564 2301 623 2347 ut
651 2290 790 2362 ignis
820 2287 1130 2345 incendium
1154 2303 1170 2353 ;
1196 2285 1281 2340 vel
1308 2286 1425 2341 sine
1450 2285 1648 2355 quibus
1673 2282 1810 2339 edici
1842 2299 1951 2339 non
1984 2289 2163 2352 potest

562 2381 745 2453 aliqua
781 2396 889 2446 res,
928 2386 989 2433 ut
1027 2392 1197 2432 naves
1247 2378 1364 2432 sine
1403 2377 1668 2432 trabibus.
1716 2374 2022 2430 Efﬁcientia
2057 2373 2161 2428 alia

563 2482 691 2530 sunt
752 2473 1083 2535 necessaria,
1140 2469 1246 2523 alia
1294 2484 1423 2523 non.
1468 2467 1605 2524 Huic
1644 2469 1765 2523 loco
1808 2466 2162 2523 efﬁcientium

564 2579 855 2622 causarum
878 2561 1102 2631 junctus
1128 2561 1279 2617 locus
1305 2570 1422 2626 est,
1450 2559 1673 2615 effectus
1699 2577 1729 2613 a
1756 2560 1951 2622 causis,
1981 2558 2034 2613 id
2058 2564 2158 2622 est,

561 2663 823 2719 eventus;
847 2662 905 2708 ut
933 2653 1077 2708 enim
1121 2668 1316 2717 causa,
1347 2651 1477 2722 quid
1508 2651 1579 2706 sit
1606 2649 1885 2716 eﬁ'ectum,
1924 2649 2160 2715 indicat;

562 2746 644 2803 sic
664 2744 905 2809 effectus,
938 2758 1059 2812 quae
1090 2743 1251 2798 fuerit
1285 2757 1469 2803 causa,
1500 2740 1864 2806 demonstrat,
1893 2747 1950 2793 ut
1981 2738 2161 2794 fumus

563 2837 767 2907 ignem.
820 2834 888 2889 Et
941 2833 1062 2888 ideo
1092 2834 1284 2889 Cicero
1330 2832 1448 2888 loco
1478 2847 1765 2889 causarum
1810 2830 2160 2885 efﬁcientiam

560 2928 761 3001 [Edit.,
801 2926 922 2982 loco
959 2924 1287 2997 efﬁcientim]
1327 2924 1525 2995 posuit,
1571 2912 1824 2979 eventum
1877 2938 2005 2978 vero
2042 2923 2163 2977 loco

560 3017 876 3073 effecturum
898 3033 913 3082 ;
934 3024 995 3070 ut
1024 3015 1068 3070 si
1090 3031 1251 3085 quem
1277 3014 1448 3087 [Edit.
1467 3055 1481 3079 ,
1516 3012 1808 3087 siquidem]
1838 3014 2157 3070 insolentem

556 3110 905 3183 probaveris,
956 3109 1140 3173 dicas,
1178 3107 1342 3161 etiam
1379 3113 1723 3176 arrogantem
1774 3104 2037 3160 futurum.
2075 3106 2151 3162 Ita

558 3219 659 3275 per
688 3201 817 3276 [Με.
845 3218 952 3256 om.
986 3199 1105 3272 per]
1131 3208 1403 3265 eventum,
1430 3198 1485 3253 id
1507 3205 1620 3263 est,
1653 3196 1899 3252 eﬁ‘ectum
1922 3198 2157 3253 insolen-
2185 3236 2229 3295 ο

561 3296 651 3349 tiu:
700 3294 1066 3364 arrogantiam
1089 3291 1316 3361 probas;
1351 3289 1677 3361 arrogantia:
1731 3303 1859 3344 vero
1904 3305 2149 3355 causam,

562 3387 616 3440 id
668 3391 771 3451 est,
812 3382 1185 3446 efﬁcientiam,
1237 3380 1583 3437 insolentiam
1639 3379 1774 3453 [Al.,
1821 3380 2155 3452 arrogantia:

562 3494 727 3534 causa
754 3485 839 3533 est
867 3475 1176 3531 insolentia.

1089 3566 1134 3620 Α
1161 3563 1580 3636 comparatione.

629 3661 679 3714 Δ
714 3658 1121 3729 comparatione
1149 3665 1525 3726 argumentum
1551 3655 1784 3720 ducitur,
1816 3654 2032 3725 quando
2057 3669 2155 3724 per

560 3751 909 3808 collationem
956 3764 1310 3821 personarum
1368 3749 1483 3803 sive
1528 3762 1819 3803 causarum
1869 3747 2154 3802 sententia:

560 3844 702 3898 ratio
749 3843 1122 3899 conﬁrmatur.
1168 3840 1232 3895 Et
1284 3854 1500 3910 semper
1535 3838 1793 3911 augendae
1848 3839 1926 3893 rei
1972 3837 2157 3894 studet

558 3936 924 4008 comparatio;
948 3933 1114 4003 (itque
1137 3933 1313 3989 tribus
1332 3930 1509 3987 modis
1533 3946 1548 3998 ;
1573 3948 1606 3984 a
1630 3932 1854 4002 majore,
1876 3948 1909 3984 a
1929 3934 2150 3997 minore,

558 4046 592 4081 a
614 4028 754 4098 pari.

631 4118 677 4171 Λ
706 4116 908 4189 majore
932 4117 1035 4171 hoc
1059 4115 1253 4180 modo;
1280 4123 1342 4170 ut
1362 4112 1620 4186 Virgilius
1649 4111 1826 4184 (£21.,
1858 4127 1957 4179 vu,
1982 4113 2106 4185 335)
2134 4132 2146 4167 :

750 4226 825 4277 'I‘u
849 4233 992 4290 potes
1014 4229 1269 4276 unanimes
1292 4238 1484 4276 armare
1510 4228 1561 4273 in
1584 4225 1749 4286 prelis
1768 4222 1967 4274 fratres.

632 4333 773 4404 Ergo
799 4332 891 4402 qui
925 4332 978 4386 in
1020 4330 1284 4387 fratribus
1322 4331 1427 4387 hoc
1447 4336 1624 4401 potes,
1654 4337 1861 4399 quanto
1890 4330 2065 4399 magis
2094 4330 2150 4384 in

562 4426 703 4480 aliis.
751 4425 886 4479 Item
924 4439 955 4476 a
993 4422 1194 4491 majore
1225 4440 1238 4475 :
1274 4422 1332 4476 Si
1372 4421 1678 4477 adulterum
1724 4422 1974 4476 occidere
1999 4420 2147 4488 licet,

559 4518 687 4573 licet
714 4526 769 4571 et
794 4517 928 4570 loris
952 4515 1180 4569 aedere.

632 4608 679 4659 Α
726 4607 985 4660 minorum
1036 4603 1442 4673 comparatione,
1474 4609 1577 4655 ut:
1616 4600 1670 4656 Si
1710 4601 1885 4655 furem
1928 4610 2149 4656 noctur-
2177 4610 2227 4671 υ

558 4713 689 4752 num
737 4697 983 4750 occidere
1022 4694 1179 4758 licet,
1213 4694 1341 4763 quid
1379 4692 1517 4765 [A!.,
1550 4709 1647 4747 cur
1669 4691 1799 4774 non]
1836 4691 2147 4747 latronem?

555 4792 687 4847 Item
720 4807 751 4843 a
790 4788 999 4843 minore
1034 4806 1047 4841 :
1080 4786 1135 4840 Si
1171 4788 1379 4858 exiguze
1421 4786 1666 4855 pecuniae
1709 4800 1870 4840 causa
1917 4799 2147 4854 peccare

555 4894 664 4937 non
684 4879 975 4944 dubitabit,
1005 4877 1133 4947 quid
1162 4892 1284 4930 cum
1332 4876 1406 4930 illi
1435 4876 1609 4945 majus
1637 4885 1777 4930 esset
1807 4876 2143 4945 propositum

557 4969 801 5027 lucrum?
828 4968 986 5025 Certe
1013 4983 1118 5022 non
1142 4966 1403 5022 abstinuit
1427 4966 1556 5039 ML,
1588 4981 1695 5021 non
1725 4964 2068 5038 abstineret].

625 5061 671 5119 Α
699 5058 908 5130 parium
936 5059 1356 5129 comparatione,
1392 5067 1451 5111 ut
1476 5055 1731 5127 Virgilius
1763 5053 1915 5128 (ίΕη.
1951 5072 2014 5120 x,
2044 5057 2105 5113 8i
2128 5098 2141 5121 ,

558 5150 652 5221 82)
683 5193 760 5289 .10
787 5217 1147 5289 potesjﬁneara
1168 5219 1386 5267 manilius
1406 5219 1695 5289 subducere
1708 5217 1905 5289 Graium
1928 5232 1941 5265 :

683 5282 782 5332 Non
801 5284 982 5342 aliquid
1008 5279 1195 5331 Rutilus
1210 5291 1380 5331 contra
1400 5283 1589 5343 juvisse
1610 5280 1870 5330 nefandum
1892 5280 2000 5329 est?

556 5387 693 5440 Item
716 5403 751 5440 ι
778 5387 897 5450 νοτ-ἱ
930 5401 946 5437 :
982 5382 1039 5440 Si
1062 5388 1184 5454 quis
1212 5397 1364 5456 neget
1399 5390 1601 5441 eadem
1626 5402 1657 5441 a
1689 5402 1748 5441 se
1771 5400 1893 5443 esse
1923 5385 2140 5449 factam,

555 5493 627 5532 eo
647 5479 791 5547 quod
818 5495 921 5532 non
952 5481 1068 5546 ipse
1096 5482 1452 5546 percusserit;
1482 5480 1678 5533 dicitur
1713 5479 1781 5542 ei,
1812 5478 2036 5535 nihilum
2065 5481 2145 5536 in~

560 5582 761 5627 tensae
786 5579 844 5625 ut
867 5578 1058 5626 auctor
1080 5574 1201 5639 quis
1233 5570 1423 5626 fuisset
1455 5574 1617 5627 cwdis
1637 5614 1650 5637 ,
1688 5588 1756 5624 an
1789 5574 1900 5641 ipse
1928 5587 2145 5641 percus—

558 5661 710 5727 serit,
722 5662 849 5731 quia
862 5675 929 5723 ex
942 5670 1173 5731 utroque
1190 5664 1243 5716 in
1256 5664 1501 5719 eumdem
1516 5665 1719 5719 exitum
1733 5662 1909 5719 scelus
1920 5663 2143 5717 venerit.

627 5751 689 5808 ε.
722 5752 777 5809 Si
810 5755 1131 5824 evangelica:
1159 5758 1537 5811 similitudines
1562 5757 1853 5823 pertinent,
1898 5769 1966 5811 an
2012 5770 2145 5819 non,

562 5846 630 5899 ad
655 5847 785 5901 ista’s
813 5848 1037 5916 species,
1074 5848 1163 5902 ubi
1189 5850 1371 5905 dixisti
1413 5867 1440 5902 a
1470 5849 1820 5906 similitudine
1845 5849 1931 5905 vei
1954 5863 1987 5902 a
2013 5864 2144 5905 con-

2259 622 2385 677 que.
2407 637 2482 648 —
2500 605 2564 661 C.
2594 605 2841 674 Quonam
2886 588 3082 660 modo?
3105 632 3178 646 --
3197 604 3259 658 Α.
3294 603 3553 671 Quadam
3595 600 3738 659 enim
3784 603 3861 661 si-

2259 695 2592 751 militudines
2628 712 2660 750 a
2697 696 2816 765 pari
2862 694 3137 761 dicuntur,
3185 695 3434 765 quaedam
3480 709 3513 749 a
3560 692 3858 749 contrario.

2261 786 2393 853 Quae
2424 802 2556 842 vero
2582 802 2615 841 a
2642 786 2889 857 paribus,
2914 786 3002 841 liis
3025 786 3208 841 verbis
3229 783 3381 858 jnngi
3408 794 3632 857 possunt
3664 801 3679 840 :
3710 784 3862 842 Sicut

2259 878 2421 945 istud,
2456 880 2533 934 sic
2560 889 2609 934 et
2635 879 2792 934 illud.
2819 877 2974 934 Sicut
2993 880 3058 935 de
3083 895 3260 945 servo,
3301 881 3396 950 qui
3424 880 3681 937 dimissus
3700 895 3730 934 a
3754 879 3863 935 Duo

2260 969 2409 1023 mino
2431 984 2594 1023 suum
2623 967 2908 1025 suﬂ‘ocavit
2936 986 3280 1037 conservum,
3311 970 3416 1026 dici
3444 979 3624 1041 potest
3653 988 3668 1025 :
3704 969 3865 1026 Sicut

2259 1058 2521 1116 Dominus
2541 1062 2670 1116 huic
2689 1076 2849 1117 servo
2890 1077 3123 1133 nequam
3149 1078 3256 1119 non
3278 1062 3569 1119 dimittenti
3592 1077 3862 1121 conservo

2262 1169 2362 1208 suo
2388 1152 2546 1221 fecit;
2576 1157 2656 1211 sic
2684 1168 2841 1225 pater
2868 1164 3051 1211 vester
3086 1156 3325 1212 caelestis
3363 1155 3530 1213 faciet
3569 1158 3748 1214 vobis.
3793 1158 3864 1215 Et

2269 1246 2499 1315 reliqua.

2332 1333 2467 1389 Item
2512 1335 2579 1392 de
2628 1334 2937 1392 feneratore
2984 1337 3099 1407 qui,
3128 1351 3252 1392 cum
3281 1336 3493 1395 duobus
3524 1338 3863 1398 debitoribus

2261 1424 2484 1480 donavit
2511 1425 2658 1496 quod
2685 1426 2976 1492 debebant,
3022 1430 3092 1483 ab
3129 1442 3193 1484 eo
3217 1428 3341 1498 plus
3368 1429 3598 1486 dilectus
3632 1440 3739 1498 est,
3770 1434 3861 1489 cui

2261 1514 2384 1587 plus
2429 1516 2673 1571 donavit.
2706 1515 2775 1571 Et
2803 1518 2870 1572 de
2900 1517 3120 1572 homine
3145 1518 3237 1588 qui
3268 1518 3503 1577 habebat
3530 1522 3664 1578 duos
3694 1523 3857 1590 ﬁlios,

2263 1606 2523 1675 majorem
2565 1605 2621 1662 in
2659 1623 2793 1678 agro
2838 1608 2943 1663 sibi
2987 1609 3466 1680 propinquantem;
3506 1613 3771 1671 minorem
3804 1616 3860 1670 in

2252 1697 2553 1769 longinquo
2585 1699 2975 1765 luxuriantem,
3004 1708 3058 1756 et
3105 1701 3523 1759 innumerabilia
3574 1705 3858 1777 huiusmo-

2263 1793 2340 1848 di.
2368 1794 2446 1848 De
2475 1794 2561 1849 bis
2581 1793 2747 1859 enim,
2772 1802 3035 1864 quantum
3062 1794 3263 1852 similia
3283 1804 3428 1862 sunt,
3455 1795 3672 1854 ducitur
3700 1799 3859 1856 intel—

2184 1873 2236 1934 Β
2263 1885 2437 1942 lectus
2466 1886 2584 1957 ejus
2606 1887 2711 1953 rei,
2732 1886 2823 1941 cui
2849 1886 3198 1954 adhibentur,
3238 1889 3592 1946 insinuandae.

2335 1976 2466 2045 Quae
2507 1984 2635 2032 sunt
2670 1991 2705 2032 a
2729 1977 3028 2044 contrario,
3059 1978 3146 2035 bis
3169 1980 3352 2037 verbis
3383 1978 3540 2052 jungi
3580 1990 3810 2051 possunt
3839 2000 3854 2035 :

2264 2067 2323 2124 Si
2347 2070 2505 2137 istud,
2545 2079 2742 2141 quanto
2772 2072 2940 2141 magis
2971 2081 3019 2125 et
3043 2069 3199 2126 illud.
3233 2070 3303 2129 Ut
3329 2071 3436 2139 ille,
3468 2073 3563 2146 qui
3599 2089 3705 2130 non
3730 2090 3858 2145 pro-

2259 2172 2384 2232 pter
2411 2163 2707 2219 amicitiam
2726 2204 2742 2229 ,
2774 2163 2869 2219 sed
2912 2172 2973 2218 ut
2997 2164 3156 2221 taedio
3184 2173 3417 2233 careret,
3440 2166 3554 2237 jam
3582 2166 3857 2224 dormiens

2260 2252 2552 2319 excitatur,
2582 2260 2643 2307 ut
2690 2260 2801 2307 tres
2847 2267 3015 2323 panes
3043 2252 3410 2309 accommodet
3434 2255 3611 2310 amico
3645 2268 3762 2311 suo.
3794 2255 3851 2310 Si

2261 2345 2406 2399 enim
2445 2344 2534 2399 ille
2584 2344 2829 2399 molestia
2876 2345 3190 2415 compulsus
3235 2345 3403 2412 dedit,
3449 2354 3656 2417 quanto
3681 2346 3856 2416 magis

2260 2435 2424 2502 Deus,
2457 2438 2549 2506 qui
2576 2451 2705 2491 suos
2729 2450 2915 2491 servos
2942 2435 3169 2506 diligens
3218 2435 3487 2501 hortatur,
3515 2446 3575 2491 ut
3608 2445 3856 2507 petamus

2253 2526 2393 2600 [ΑΛ.
2428 2527 2658 2601 petant],
2688 2528 2836 2583 dabit
2862 2528 3002 2583 bona
3029 2528 3335 2599 petentibus
3362 2529 3460 2585 se?
3490 2527 3624 2583 Item
3654 2528 3859 2599 iniqui.

2264 2624 2393 2677 tatis
2417 2621 2651 2685 villicus,
2670 2620 2762 2691 qui
2786 2619 2992 2676 falsatis
3013 2620 3389 2692 chirographis
3411 2622 3731 2692 providebat
3750 2621 3857 2678 sibi

2260 2719 2317 2766 et
2343 2708 2593 2772 laudatus
2636 2719 2721 2767 est
2762 2728 2793 2766 a
2820 2712 3037 2768 domino
3065 2726 3192 2778 suo;
3234 2712 3336 2767 hoc
3380 2720 3696 2785 argumento
3724 2726 3861 2769 com

2262 2804 2564 2861 cludendus
2594 2802 2725 2877 [Al.,
2760 2804 3213 2878 concludendum]
3239 2804 3403 2877 350
3419 2814 3505 2861 est
3529 2822 3543 2858 :
3573 2806 3620 2860 si
3649 2806 3860 2863 laudari

2262 2899 2436 2967 potuit
2455 2898 2542 2953 ille
2562 2913 2593 2952 a
2610 2896 2828 2951 domino
2848 2912 2964 2961 suo,
2990 2896 3082 2966 qui
3105 2896 3346 2951 fraudem
3369 2895 3630 2963 faciebat,
3653 2906 3861 2966 quanto

2262 2986 2493 3057 amplius
2514 2985 2765 3057 placeant
2810 2984 3041 3041 Domino
3067 2983 3201 3053 Deo,
3226 2985 3318 3055 qui
3340 2992 3610 3057 praecepta
3637 2984 3734 3058 [et]
3775 2985 3860 3041 in-

2260 3078 2449 3132 stituta
2496 3076 2729 3132 ﬁdeliter
2754 3084 2920 3148 agunt
2956 3075 3088 3148 14L,
3119 3073 3381 3148 servant].
3414 3075 3565 3132 Sicut
3589 3077 3752 3133 etiam
3783 3076 3857 3132 de

2256 3168 2441 3239 judice
2469 3170 2793 3240 iniquitatis,
2821 3169 2914 3238 qui
2957 3167 3402 3239 interpellabatur
3426 3182 3458 3222 a
3482 3166 3666 3234 vidua,
3695 3182 3852 3225 eom-

2260 3262 2597 3332 parationem
2635 3261 2792 3317 duxit
2833 3261 2901 3315 ad
2939 3257 3182 3330 iudicem
3230 3259 3432 3328 Deum,
3467 3262 3554 3317 cui
3592 3260 3739 3318 nulla
3785 3276 3859 3319 ex

2256 3362 2411 3424 parte
2424 3352 2592 3422 judex
2617 3354 2834 3423 iniquus
2855 3351 3219 3409 conferendus
3245 3360 3349 3409 est.

2842 3462 3074 3519 CAPUT
3114 3462 3254 3520 XVI.

2789 3570 2855 3611 DE
2892 3569 3327 3611 ρειιιιιειιιειιιιδ.

2328 3642 2391 3700 C.
2422 3643 2956 3700 Perihermeniarum
2985 3644 3314 3701 subtilitates
3341 3661 3373 3702 a
3405 3653 3458 3701 te
3492 3648 3679 3707 audire
3705 3650 3856 3707 desi—

2256 3737 2409 3803 dero,
2439 3736 2508 3792 de
2535 3738 2734 3808 quibus
2776 3737 2981 3791 dictum
3035 3745 3140 3803 est,
3185 3737 3534 3795 Aristotelem
3568 3740 3625 3796 in
3668 3752 3855 3800 mente

2255 3829 2484 3885 tinxisse
2508 3828 2798 3894 calamum,
2829 3828 2959 3884 dum
2985 3842 3080 3883 cas
3107 3829 3448 3899 scriptitabat
3469 3829 3607 3903 [ΑΛ.
3634 3835 3855 3905 scripti-

2254 3918 2442 3993 taret].
2472 3950 2544 3960 —-
2567 3925 2632 3974 A.
2667 3918 2955 3975 Subtilitas
2988 3934 3176 3974 earum
3204 3921 3369 3976 nimia
3408 3930 3526 3990 est;
3554 3925 3649 3981 sed
3683 3940 3855 3999 angu-

2254 4011 2361 4067 stia
2378 4021 2581 4067 nostra:
2610 4010 2992 4083 disputationis
3007 4026 3179 4080 pauca
3205 4011 3271 4071 de
3295 4014 3377 4069 eis
3403 4022 3626 4090 tangere
3651 4017 3853 4086 habet;

2253 4112 2310 4159 et
2332 4104 2726 4170 tantummodo,
2765 4120 2873 4175 quo
2898 4103 3001 4159 illa!
3030 4113 3298 4176 spectent,
3329 4108 3680 4179 aperiendum
3701 4110 3854 4167 vide-

2254 4204 2341 4252 tur
2366 4196 2504 4270 [Al.,
2539 4195 2667 4270 est].

2324 4287 2385 4343 C.
2440 4288 2589 4344 Illius
2640 4289 2875 4345 nominis
2930 4289 3435 4361 interpretationem
3477 4294 3711 4364 primum
3754 4312 3852 4351 ex-

2248 4396 2408 4451 pone.
2437 4410 2507 4421 —-
2528 4381 2591 4434 A.
2625 4381 3050 4438 Perihermenire
3080 4383 3363 4450 dicuntur,
3390 4388 3543 4455 quasi
3572 4387 3639 4445 de
3677 4389 3854 4445 inter-

2250 4473 2572 4542 pretatione.
2613 4503 2686 4513 -—
2706 4470 2767 4527 ϐ.
2794 4472 3075 4540 Quomodo
3098 4475 3164 4530 de
3191 4476 3761 4547 interpretatione?-
3777 4482 3847 4539 Α.

2251 4564 2439 4619 Omnis
2473 4565 2671 4635 quippe
2701 4580 2811 4628 res,
2839 4580 2960 4635 qua:
3005 4581 3113 4620 una
3154 4575 3259 4632 est,
3294 4579 3349 4623 et
3394 4585 3504 4624 uno
3550 4571 3848 4642 signiﬁcari

2252 4671 2504 4712 sermone
2523 4657 2740 4726 poterit,
2772 4666 2866 4712 aut
2905 4671 3006 4728 per
3031 4673 3248 4725 nomen,
3274 4669 3369 4715 aut
3394 4676 3493 4732 per
3512 4664 3739 4719 verbum
3758 4666 3852 4719 de-

2252 4754 2607 4802 monstratur.
2640 4743 2702 4799 C.
2728 4745 3011 4813 Quomodo
3047 4747 3454 4806 demonstrauit
3482 4752 3564 4808 vel
3608 4754 3730 4821 hoc,
3762 4756 3845 4809 vel

2254 4837 2415 4893 illud?
2437 4838 2502 4893 Α.
2525 4838 2630 4893 Per
2655 4853 2853 4894 nomen
2880 4840 3184 4894 substantia
3212 4830 3454 4896 omnium
3474 4857 3657 4899 rerum
3683 4845 3850 4917 signi-

2252 4930 2471 5000 ﬁcatur,
2494 4938 2575 4993 ut,
2598 4929 2772 4984 homo.
2805 4930 2911 4985 Per
2934 4932 3161 4987 verbum
3194 4936 3336 4988 actio
3357 4935 3441 4990 vel
3464 4936 3643 5005 passio
3662 4937 3848 5008 cujus-

2250 5023 2382 5078 libet
2417 5023 2496 5079 rei
2542 5022 2867 5089 ostenditur,
2905 5032 2982 5089 ut,
3029 5025 3183 5077 homo
3216 5026 3416 5091 currit;
3459 5028 3614 5080 homo
3644 5028 3839 5084 uritur.

2248 5115 2379 5182 Qua:
2398 5116 2516 5169 duae
2536 5123 2714 5183 partes
2740 5116 3008 5169 orationis
3034 5116 3460 5185 interpretantur
3476 5126 3668 5183 totum,
3688 5118 3843 5189 quid-

2247 5208 2378 5277 quid
2403 5222 2553 5261 mens
2571 5208 2882 5277 conceperit
2910 5210 2981 5263 ad
2999 5208 3361 5277 eloquendum
3395 5208 3579 5283 [Μαίη
3612 5211 3839 5281 loquen-

2249 5295 2427 5370 dum]

2317 5391 2378 5443 (Ζ.
2418 5389 2554 5456 Quid
2580 5399 2680 5452 est,
2715 5391 3055 5459 conceperit?
3083 5421 3152 5431 -——
3180 5392 3246 5445 Α.
3277 5391 3619 5462 Conceperit,
3647 5394 3701 5452 id
3733 5406 3835 5458 ost,

2255 5475 2614 5543 intellexerit;
2646 5482 2824 5537 omnis
2864 5483 3011 5537 enim
3032 5480 3261 5539 elocutio
3291 5484 3488 5542 mentis
3512 5482 3645 5558 [est]
3673 5484 3840 5540 inter-

2252 5588 2402 5641 pres;
2431 5576 2556 5649 quia
2587 5575 2728 5645 quod
2756 5589 2911 5630 mene
2943 5574 3213 5646 intelligit,
3244 5576 3477 5631 elocutio
3522 5576 3841 5648 interpreta-

2255 5675 2341 5720 tur
2370 5680 2465 5737 per
2498 5665 2762 5721 catafasln
2789 5667 2870 5721 vel
2900 5667 3164 5736 apofasln.

2322 5757 2383 5811 C.
2427 5755 2551 5814 Haec
2593 5758 2699 5823 duo
2745 5760 2984 5823 nomina,
3027 5774 3146 5834 qua:
3191 5759 3466 5822 iuduxisti,
3505 5758 3695 5817 Latino
3742 5773 3837 5814 ore

2253 5848 2602 5918 profer.——A
2630 5847 2897 5908 Catafasis
2920 5849 3247 5921 [κατάνασις]
3276 5862 3357 5905 est
3387 5849 3708 5917 afﬁrmatio“,
3742 5858 3834 5918 ut,
