4090 6522
287 474 399 530 973
494 546 497 549 _

1330 472 1804 529 DIDASCALICA.
1844 501 1916 513 --
1951 473 2041 528 DE
2081 474 2509 531 DiALECTiCA.

3457 481 3564 538 ΘΠ

286 591 447 644 homo
484 588 668 643 currit.
718 587 970 658 Apofasis
1012 586 1316 660 [ἀπόφασις]
1357 597 1442 645 est
1482 595 1735 659 negatio;
1792 594 1872 647 ut,
1908 591 1953 647 Α
1979 585 2103 641 ideo
2141 588 2491 645 hircocervus
2525 589 2739 646 videtur
2775 590 2902 656 dici,
2944 592 3070 661 quia
3097 594 3388 661 quamdam
3410 594 3565 649 simi-

283 682 445 737 horno
470 696 574 735 non
595 680 780 734 currit.

359 773 423 829 ϐ.
450 773 593 842 Quot
606 774 812 843 species
827 780 951 828 sunt
962 773 1495 829 Peribermeniarum
1506 774 1530 827 ?
1543 804 1613 814 -
1626 774 1691 825 Α.
1709 773 1767 827 in
1792 785 1876 827 se-

284 873 434 936 ptem
462 864 669 935 species
689 865 980 934 pnedictus
999 865 1354 937 philosophus
1375 863 1513 937 [Al.,
1535 862 1651 935 ipse
1670 863 1879 919 Aristo—

286 955 446 1028 teies]
472 969 563 1010 eas
588 954 796 1020 dividit,
821 955 874 1010 id
900 963 1007 1020 est,
1028 971 1246 1021 nomen,
1278 956 1525 1019 verbum,
1549 953 1875 1019 orationem,

285 1046 748 1110 enuntiationem,
779 1044 1197 1101 afﬁrmationem
1216 1088 1232 1113 ,
1260 1049 1628 1117 negationem,
1657 1053 1876 1100 contra-

284 1140 601 1195 dictionem.
624 1169 695 1179 —-
722 1138 784 1193 C.
814 1138 954 1194 Num
990 1155 1074 1194 me
1116 1140 1315 1195 iterum
1341 1154 1443 1209 per
1464 1137 1878 1210 grammaticam

284 1231 487 1287 ducere
511 1232 786 1303 disponis?
804 1262 874 1271 —
889 1233 951 1285 Α.
977 1231 1236 1303 Dispono,
1251 1231 1345 1287 sed
1370 1230 1667 1288 excelsiore
1686 1230 1878 1302 gradu.

286 1319 353 1375 Et
383 1323 429 1377 si
468 1324 791 1393 interrogas,
821 1324 1047 1388 videbis,
1100 1333 1361 1394 quantum
1398 1322 1564 1379 distat
1598 1321 1880 1378 dialectica

284 1410 425 1483 [Αι.,
447 1413 766 1485 dialecticae]
789 1414 1060 1470 subtilitas
1080 1430 1111 1469 a
1132 1415 1487 1485 grammatica
1507 1414 1877 1483 simplicitate.

810 1527 1062 1596 Deﬁnitio
1099 1528 1339 1585 nominis.

359 1614 423 1669 ε.
463 1614 671 1671 Nomen
699 1617 829 1687 quid
853 1617 1134 1672 est?—A.
1167 1617 1282 1674 Vox
1305 1616 1664 1689 signiﬁcativa
1687 1632 1882 1674 secun-

284 1707 413 1764 dum
435 1709 714 1779 placitum,
740 1710 860 1765 sine
889 1722 1151 1781 tempore,
1182 1709 1469 1765 diﬁinitum
1489 1709 1692 1780 aliquid
1715 1709 1882 1781 signi-

287 1797 475 1862 ﬁcans,
526 1798 579 1852 in
617 1799 949 1856 nominativo
992 1815 1145 1866 casu,
1191 1814 1315 1855 cum
1348 1810 1425 1853 est
1459 1808 1515 1854 et
1558 1815 1663 1853 non
1687 1809 1784 1862 est,
1825 1798 1882 1853 in

284 1886 519 1957 obliquis
544 1888 760 1943 casibus
784 1888 939 1953 nihil,
985 1890 1139 1959 cujus
1167 1888 1310 1944 nulla
1342 1905 1469 1960 pars
1492 1897 1576 1943 est
1602 1886 1875 1988 signiﬁca-
1909 1927 1957 1988 Β

287 1981 395 2035 tiva
419 1991 686 2051 separata.
716 1982 786 2037 Ut
815 2000 829 2036 :
857 1981 1131 2037 Socrates.
1148 1983 1290 2037 —-C.
1317 1983 1573 2039 Lucidius
1594 1984 1736 2037 banc
1758 1981 1878 2052 phi-

284 2068 618 2142 iosophieam
648 2072 1025 2129 dil'ﬁnitionem
1056 2074 1305 2144 cipiana.
1337 2073 1402 2127 Α.
1437 2072 1644 2128 Nomen
1672 2082 1757 2127 est
1780 2089 1878 2127 vox

283 2163 650 2234 signiﬁcativa.
696 2162 831 2218 Nam
874 2179 1034 2219 omne
1084 2179 1277 2219 nomen
1320 2163 1524 2232 aliquid
1571 2161 1874 2232 signiﬁcat,

283 2254 498 2310 visibiie
529 2255 609 2310 vel
654 2255 943 2321 invisibile,
987 2256 1343 2310 substantiale
1377 2256 1460 2309 vel
1503 2256 1774 2309 accidens.
1804 2284 1879 2298 —

286 2345 347 2399 ϐ.
379 2344 684 2419 [Quomodo
701 2346 1077 2410 substantiale,
1097 2347 1180 2399 vel
1196 2345 1473 2417 accidens]
1488 2346 1510 2399 ?
1523 2375 1593 2385 --
1606 2346 1670 2398 A.
1689 2345 1878 2402 Omnis

282 2440 431 2492 enim
481 2447 696 2504 natura,
744 2454 864 2508 quae
889 2440 1191 2495 subSLantia
1226 2439 1331 2493 dici
1360 2446 1566 2507 potest;
1602 2447 1664 2493 ut
1696 2439 1874 2494 homo.

284 2526 355 2583 Et
378 2529 525 2583 omni
552 2529 716 2597 igitur
747 2537 972 2593 naturai,
1002 2536 1201 2598 pra-ter
1227 2528 1318 2582 Dei
1344 2528 1533 2594 solius,
1561 2528 1763 2597 aliquid
1784 2544 1876 2584 ac-

284 2619 447 2686 cidit;
469 2628 530 2673 ut
548 2619 752 2674 homini
777 2620 831 2673 in
853 2634 1079 2688 corpore
1100 2619 1266 2683 calor,
1294 2620 1346 2673 in
1370 2619 1551 2675 animo
1572 2620 1873 2691 disciplina.

356 2706 417 2764 ε.
446 2709 695 2779 Nunquid
734 2725 840 2765 non
886 2709 995 2765 Deo
1045 2710 1245 2765 accidit
1289 2710 1533 2775 bonitas,
1559 2710 1791 2780 iustitia,
1822 2721 1879 2767 et

284 2808 497 2856 aeterm
520 2801 781 2857 virtutes?
796 2830 869 2841 --
891 2802 954 2856 Α.
978 2801 1094 2857 Νοη
1123 2803 1320 2856 accidit
1338 2803 1388 2857 ei
1413 2803 1627 2859 bonitas
1651 2812 1707 2858 et
1716 2794 1900 2873 justi?

286 2892 391 2956 tia;
429 2891 521 2946 sed
549 2890 682 2963 [Αι.,
709 2891 858 2964 quia]
888 2893 1004 2961 ipsc
1026 2902 1109 2947 est
1137 2894 1351 2948 bonitas
1373 2900 1427 2949 ct
1447 2891 1659 2961 iustitia
1678 2922 1691 2948 ;
1720 2894 1796 2950 ita
1822 2905 1881 2951 ct

285 2982 355 3039 de
381 2981 505 3037 aliis
533 2983 825 3038 virtutibus
859 2985 1200 3039 sentiendum
1226 2995 1332 3040 est.

356 3069 418 3127 C.
444 3072 584 3140 Quid
612 3081 717 3139 est,
746 3074 1029 3128 secundum
1060 3074 1354 3144 placitum?
1380 3108 1450 3117 —
1477 3079 1541 3133 Α.
1568 3078 1626 3133 id
1653 3088 1760 3145 est,
1785 3092 1875 3135 se-

285 3163 522 3219 cundum
542 3166 986 3235 compositionem
1005 3166 1338 3235 singularum
1354 3169 1616 3237 gentium.
1639 3169 1774 3224 Nam
1790 3185 1879 3226 res

1979 675 2262 733 litudincm
2286 678 2450 734 habet
2473 681 2643 740 cervi.
2670 682 2960 749 quamdam
2998 682 3135 737 hirci
3160 683 3184 737 ?
3210 714 3279 724 —
3303 684 3369 741 Α.
3400 684 3567 743 Forte

1976 769 2095 823 ﬁeri
2120 779 2320 840 potest,
2352 779 2413 827 ut
2437 774 2560 829 ideo
2589 774 2821 829 dicatur.
2851 774 2960 830 Sed
2989 777 3035 831 si
3058 777 3435 834 hircocervum
3465 795 3567 838 no—

1977 860 2163 926 mino,
2212 863 2355 932 quod
2398 863 2599 919 animal
2645 874 2775 920 tunc
2801 866 3056 938 intelligis
3095 885 3183 925 me
3212 872 3561 941 signiﬁcare;

1975 950 2060 1004 vel
2105 950 2316 1008 hircum
2347 954 2432 1008 vel
2474 970 2696 1009 cervum
2725 955 2909 1027 [Mss.,
2955 959 3231 1016 hircorum
3263 963 3344 1018 vel
3372 977 3563 1018 cervo-

1981 1041 2245 1114 ruin]?-—
2268 1042 2331 1098 C.
2359 1044 2467 1100 Nec
2488 1046 2722 1109 hircum,
2750 1063 2851 1104 nec
2880 1064 3100 1103 cervum
3126 1070 3140 1117 ;
3171 1055 3265 1108 sed
3297 1054 3424 1108 illud
3449 1056 3564 1110 ani-

1978 1132 2109 1198 mai,
2137 1135 2280 1203 quod
2306 1150 2372 1191 eo
2400 1136 2538 1191 solet
2557 1138 2776 1192 nomine
2802 1140 3122 1209 signiﬁcari.
3151 1174 3221 1183 -—
3247 1145 3311 1198 Λ.
3353 1145 3419 1199 Et
3444 1146 3565 1201 ideo

1978 1223 2115 1279 nihil
2140 1224 2270 1281 illud
2298 1242 2495 1282 nomen
2525 1238 2833 1299 separatum
2870 1233 3158 1304 signiﬁcat,
3188 1236 3332 1307 quod
3358 1237 3424 1292 ad
3453 1239 3567 1308 pri-

1978 1331 2123 1371 mam
2152 1326 2402 1373 naturam
2432 1322 2723 1390 pertineat,
2755 1337 2916 1392 quam
2951 1325 3128 1394 primo
3153 1329 3460 1399 signiﬁcare
3488 1333 3577 1387 in-

1979 1407 2233 1478 cipiebat.

2554 1502 2800 1573 Deﬁnitio
2837 1510 2993 1563 verbi.

2050 1590 2111 1648 ε.
2138 1593 2376 1650 Verbum
2410 1596 2542 1667 quid
2570 1599 2698 1652 est?
2720 1628 2792 1638 —
2818 1599 2881 1652 Α.
2927 1600 3039 1654 Vox
3083 1602 3436 1671 signiﬁcativa
3477 1622 3565 1661 sc-

1980 1687 2216 1743 cundum
2256 1689 2539 1759 placitum,
2586 1707 2711 1746 eum
2753 1700 2997 1763 tempore
3034 1694 3319 1751 diﬁinitum
3361 1696 3565 1768 aliquid

1980 1777 2329 1847 signiﬁcans,
2386 1788 2443 1833 et
2486 1782 2756 1836 accidens.
2798 1812 2871 1823 —-
2904 1782 2964 1836 C.
3011 1785 3252 1856 intelligo
3299 1788 3446 1843 enim
3496 1805 3568 1844 ex

1979 1869 2180 1937 prioris
2230 1868 2571 1925 dilﬁnitionis
2621 1873 3062 1942 interpretatione
3089 1917 3105 1941 ,
3161 1877 3289 1946 quid
3334 1885 3419 1933 est
3460 1895 3565 1935 vox

1984 1956 2364 2028 signiticativa,
2413 1967 2469 2014 et
2499 1960 2628 2030 quid
2659 1964 2951 2017 secundum
2978 1963 3257 2033 placitum.
3306 1966 3373 2021 Et
3426 1968 3568 2024 forte

1982 2050 2111 2119 quid
2150 2052 2221 2105 sit
2244 2068 2361 2105 cum
2408 2061 2637 2123 tempore
2674 2055 2851 2120 video,
2896 2058 3021 2126 quia
3065 2059 3288 2113 verbum
3318 2060 3456 2114 solet
3484 2075 3567 2115 se—

1981 2155 2105 2194 cum
2137 2148 2349 2211 tempus
2379 2145 2674 2198 attrahere.
2718 2143 2823 2200 Sed
2848 2162 3077 2215 expone,
3111 2149 3239 2217 quid
3266 2151 3337 2204 sit
3368 2151 3569 2206 difﬁni-

1983 2241 2095 2286 tum
2149 2233 2353 2303 aliquid
2401 2236 2712 2305 signiﬁcans
2759 2245 2813 2291 et
2855 2239 3152 2294 accidens?
3198 2271 3269 2281 —
3318 2241 3382 2295 Α.
3434 2241 3567 2297 Nam

1978 2341 2139 2379 omne
2181 2327 2406 2381 verbum
2452 2336 2657 2383 certam
2703 2330 2975 2401 signiﬁcat
3020 2334 3288 2388 actionem
3325 2341 3380 2387 et
3428 2332 3566 2407 [At.,

1978 2417 2085 2489 vel]
2112 2420 2439 2488 passionem,
2468 2430 2548 2487 ut,
2574 2423 2733 2479 video
2755 2424 2838 2479 vel
2862 2424 3067 2479 videor.
3099 2426 3165 2480 Et
3189 2427 3409 2483 cuilibet
3434 2427 3565 2482 sub—

1978 2514 2193 2567 stantim
2221 2514 2309 2568 illa
2336 2517 2480 2571 actio
2509 2516 2591 2571 vel
2621 2532 2802 2587 passno
2827 2517 2966 2573 solet
2993 2520 3265 2586 accidere,
3306 2529 3383 2587 ut,
3412 2530 3566 2590 puta,

1980 2602 2185 2658 homini
2216 2604 2399 2660 videre
2418 2607 2503 2660 vel
2530 2606 2721 2661 videri.

2050 2694 2112 2750 C.
2158 2695 2215 2751 Si
2245 2700 2427 2753 omnia
2471 2698 2681 2772 [verba]
2721 2701 2988 2757 actionem
3039 2700 3194 2774 [Ms.,
3232 2702 3437 2777 actum]
3483 2703 3570 2760 vel

1978 2790 2288 2858 passionem
2320 2790 2646 2861 signiﬁcant,
2678 2794 2820 2848 unde
2852 2794 3031 2864 aliqua
3060 2795 3317 2850 dicuntur
3342 2805 3569 2853 neutra-

1978 2882 2092 2937 lia?
2115 2914 2185 2923 ——-
2211 2883 2275 2937 A.
2304 2882 2420 2937 Non
2449 2883 2588 2949 ideo,
2622 2886 2764 2953 quod
2792 2901 2956 2940 unam
2990 2901 3058 2942 ex
3088 2888 3174 2941 his
3204 2903 3309 2942 non
3332 2889 3571 2944 habeant

1979 2975 2431 3045 signiﬁcationem
2458 2992 2474 3042 ;
2524 2979 2619 3031 sed
2648 2977 2775 3046 quia
2828 2975 3175 3032 unil'ormitcr
3203 2995 3417 3049 semper
3444 2995 3571 3051 pro~

1978 3063 2245 3132 feruntur,
2300 3067 2353 3121 id
2398 3076 2502 3131 est,
2550 3066 2636 3121 vel
2690 3075 2873 3121 actum
2922 3067 3119 3132 solum,
3174 3078 3237 3124 ut
3280 3072 3568 3137 manduco,

1978 3169 2182 3219 curro;
2234 3155 2321 3211 vel
2362 3157 2687 3227 passionem,
2719 3166 2800 3223 ut,
2830 3158 3044 3228 vapulo,
3076 3174 3265 3216 venco.
3321 3160 3427 3218 Sed
3452 3163 3569 3219 haec

289 3253 494 3309 eadem
517 3254 772 3309 omnibus
784 3256 1033 3325 gentibus
1054 3264 1209 3321 sunt;
1237 3257 1454 3311 nomina
1479 3274 1609 3313 vero
1638 3260 1871 3326 diversa,
1902 3284 1950 3346 ς
1978 3248 2134 3303 alias-

289 3351 351 3397 et
362 3343 658 3399 secundum
673 3343 928 3414 placitum
945 3347 1334 3416 imponentium
1352 3351 1668 3417 composita,
1683 3362 1742 3405 ut
1758 3352 1875 3406 auri

286 3434 479 3490 eadem
506 3444 700 3491 natura
722 3444 808 3491 est
841 3438 981 3507 apud
1008 3438 1229 3494 Gl'iECOS
1256 3448 1312 3494 ct
1339 3438 1596 3508 Latinos;
1630 3443 1761 3497 dum
1799 3444 1873 3497 illi

288 3528 396 3585 hoc
441 3526 653 3599 Kryson
702 3530 1000 3593 nominant,
1033 3530 1121 3584 isti
1163 3547 1374 3584 aurum.
1405 3532 1551 3587 -—C.
1597 3532 1875 3601 Quomodo

286 3620 400 3674 sine
428 3628 654 3690 tempore
677 3621 703 3675 Ρ
724 3651 798 3662 --
823 3621 889 3673 A.
916 3620 1053 3689 Quia
1096 3635 1292 3679 nomen
1341 3631 1549 3695 tempus
1579 3642 1685 3681 non
1711 3636 1876 3682 attra-

293 3709 394 3774 hit,
423 3709 566 3764 sicut
592 3710 757 3765 verba
782 3709 1005 3765 faciunt.

357 3798 420 3855 C.
442 3800 579 3868 Quid
596 3809 701 3867 est,
718 3801 994 3872 diﬂinitum
1012 3803 1215 3875 aliquid
1226 3804 1488 3876 signiﬁcat
1503 3806 1681 3860 ἵ-Α,
1704 3806 1876 3863 Omne

290 3893 437 3947 enim
463 3907 659 3949 nomen
688 3894 741 3949 in
772 3896 1105 3951 nominativo
1126 3911 1256 3952 casu
1283 3913 1407 3952 cum
1432 3898 1600 3953 verbo
1626 3900 1877 3954 substan-

295 3981 408 4037 tiaii
453 4000 571 4038 sum
618 3983 816 4054 aliquid
843 3994 1053 4039 certum
1082 3987 1371 4058 signiﬁcat,
1420 3989 1473 4043 in
1517 3988 1876 4046 afﬁrmatione

293 4075 377 4131 vel
406 4077 729 4147 negatione;
761 4084 838 4141 ut,
875 4077 1030 4131 homo
1076 4094 1216 4144 sum,
1261 4080 1417 4134 homo
1459 4096 1537 4145 es,
1575 4082 1729 4135 homo
1776 4094 1871 4137 est.

293 4164 463 4217 Arbor
490 4180 595 4218 non
617 4181 756 4230 sum,
783 4182 887 4219 non
906 4183 980 4229 es,
1009 4184 1111 4222 non
1134 4178 1228 4222 est.
1254 4168 1311 4222 ln
1333 4168 1567 4240 obliquis
1588 4185 1720 4225 vero
1743 4173 1879 4227 casi-

293 4255 395 4310 bus
423 4255 555 4311 nihil
580 4266 788 4311 certum
814 4256 1100 4328 signiﬁcat,
1128 4260 1229 4314 nisi
1259 4261 1458 4315 additis
1486 4260 1608 4316 aliis
1631 4264 1877 4331 partibus

294 4348 364 4402 ab
386 4348 598 4418 plenam
626 4348 1092 4418 signiﬁcationem,
1122 4358 1199 4415 ut,
1235 4349 1479 4405 Hominis
1508 4353 1662 4406 istius
1699 4362 1776 4407 est
1806 4353 1874 4406 li-

294 4439 386 4493 ber
410 4439 537 4504 iste;
567 4448 646 4503 ut,
679 4439 819 4493 Huic
845 4441 1042 4495 homini
1074 4442 1144 4495 da
1170 4442 1309 4497 hunc
1333 4443 1563 4507 librum;
1601 4454 1679 4510 ut,
1722 4444 1877 4501 Hunc

294 4529 554 4583 hominem
584 4530 749 4599 legere
774 4529 858 4598 {ac
883 4530 1077 4585 librum
1101 4532 1289 4598 istum,
1326 4542 1406 4599 ut,
1438 4534 1515 4587 Ab
1544 4535 1641 4589 hoc
1670 4535 1878 4591 homine

296 4618 487 4673 librum
518 4621 677 4675 istum
706 4621 887 4676 didici.

370 4714 432 4770 ε.
459 4716 602 4785 Quid
626 4726 731 4783 est,
766 4717 918 4786 cujus
944 4716 1090 4771 nulla
1112 4734 1235 4784 pars
1257 4727 1333 4772 est
1355 4720 1707 4789 signiﬁcativa
1730 4739 1881 4793 sepa-

300 4818 417 4862 rata
436 4810 535 4863 ?A.
565 4808 697 4864 Nam
726 4808 979 4865 Socrates
1002 4810 1338 4881 trisyllabum
1366 4828 1562 4867 nomen
1590 4820 1703 4878 est;
1729 4829 1883 4883 sepa-

302 4900 435 4956 ratis
474 4916 605 4955 vero
628 4900 855 4968 singulis
881 4901 1120 4972 syllabis.
1162 4902 1236 4956 nil
1264 4917 1361 4970 per
1381 4917 1440 4957 se
1460 4903 1750 4974 signiﬁcat,
1785 4919 1885 4961 nec

300 4990 397 5055 So,
424 5005 525 5045 nec
549 5007 663 5056 cra,
689 5000 908 5046 nectes.

370 5080 530 5151 351
567 5076 630 5135 C.
677 5078 816 5135 Num
862 5096 969 5135 non
1004 5081 1233 5147 domus,
1273 5082 1320 5137 si
1351 5083 1611 5140 dividitur
1656 5086 1710 5140 in
1750 5087 1886 5141 duas

300 5170 561 5243 syllabas,
590 5171 645 5229 id
669 5181 774 5237 est,
802 5172 871 5227 do
889 5181 946 5228 et
969 5190 1101 5235 mu,
1133 5173 1403 5244 signiﬁcat
1440 5183 1620 5233 tamen
1649 5176 1887 5248 aliquid?

301 5270 359 5319 et
387 5263 514 5317 talia
540 5262 841 5319 innumera.
870 5293 944 5306 --
969 5263 1036 5315 Α.
1070 5262 1354 5335 Signiﬁcat
1390 5268 1568 5333 enim,
1610 5268 1707 5324 sed
1752 5269 1886 5323 nihil

303 5355 372 5408 ad
399 5354 598 5426 prioris
622 5354 858 5411 nominis
900 5355 1353 5427 signiﬁcationem
1396 5360 1637 5429 pertinet
1664 5362 1886 5418 Μυηόί

303 5446 538 5502 nominis
580 5445 923 5518 signiﬁcatio.
964 5446 1100 5502 Nam
1130 5464 1248 5503 mus
1294 5449 1495 5505 animal
1541 5458 1626 5506 est
1661 5466 1761 5525 per
1788 5467 1886 5517 se;

305 5548 364 5594 et
388 5542 457 5593 do
494 5542 717 5597 verbum
741 5540 943 5610 aliquid
963 5540 1193 5597 actionis
1231 5540 1545 5613 signiﬁcans
1571 5563 1584 5599 :
1610 5546 1705 5600 sed
1731 5553 1887 5601 utro-

306 5646 536 5701 rumque
596 5632 919 5704 signiﬁcatio
968 5632 1048 5689 nil
1091 5636 1159 5689 ad
1212 5636 1432 5691 domum
1477 5637 1889 5709 signiﬁcandam

306 5723 562 5789 pertinet.

376 5818 435 5875 ϐ.
479 5816 722 5883 Qualiter
742 5819 796 5873 in
823 5821 1139 5897 compositis
1161 5822 1491 5887 nominibus,
1524 5830 1585 5876 ut
1605 5829 1692 5877 cst
1719 5824 1890 5879 hirco-

306 5934 506 5980 cervus,
557 5915 701 5987 quod
744 5931 919 5987 graece
964 5916 1296 5989 tragelaphus
1329 5918 1565 5985 dicitur;
1618 5935 1745 5975 num
1781 5936 1887 5976 non

2500 3341 2751 3411 Deﬁnitio
2783 3344 3058 3398 orationis.

2047 3436 2106 3490 C.
2143 3435 2332 3491 Oratio
2368 3435 2498 3506 quid
2533 3436 2655 3491 est?
2682 3466 2754 3476 ——
2784 3436 2849 3489 A.
2881 3434 3133 3506 Congrua
3159 3439 3398 3509 partium
3430 3441 3573 3496 ordi-

1975 3525 2163 3590 natio,
2214 3526 2513 3598 perfectam
2571 3528 2895 3582 sentcntiam
2943 3526 3361 3595 demonstrans,
3412 3530 3568 3601 cujus

1974 3617 2211 3686 partium
2262 3616 2470 3687 aliquid
2515 3626 2828 3685 separatum
2880 3616 3299 3687 signiﬁcativum
3346 3628 3450 3675 est.
3500 3616 3593 3663 -—-'

1974 3704 2036 3760 C.
2065 3706 2347 3775 Quomodo
2369 3715 2676 3775 separatum
2723 3706 3185 3776 signiﬁcativum?
3209 3738 3281 3749 —
3306 3709 3369 3762 Α.
3397 3709 3562 3765 Plena

1972 3800 2191 3853 oratio:
2248 3798 2503 3869 Virgilius
2548 3797 2826 3854 xEncadas
2857 3800 3062 3855 cecinit.
3120 3796 3373 3871 Virgilius
3408 3800 3576 3873 igitur

1975 3900 2032 3945 ct
2056 3890 2331 3945 :Encadas
2361 3900 2416 3946 et
2443 3891 2629 3944 cecinit
2660 3891 2777 3945 haec
2813 3892 2916 3945 tria
2945 3900 3195 3962 separata
3241 3891 3447 3961 aliquid
3476 3907 3576 3963 per

1975 3996 2034 4035 se
2061 3980 2405 4049 signiﬁcant:
2446 3982 2702 4053 Virgilius
2746 3984 3043 4049 hominem,
3112 3982 3389 4040 Eneadas
3434 4000 3569 4057 gen—

1976 4082 2108 4139 tem,
2138 4073 2338 4129 cecinit
2366 4070 2620 4145 [actum].

2431 4182 2682 4252 Deﬁnitio
2713 4183 3114 4237 cnuntiationis.

2048 4275 2108 4329 C.
2139 4275 2281 4343 Quid
2323 4283 2407 4330 est
2434 4275 2737 4330 enuntiatio
2755 4275 2778 4327 ?
2799 4305 2870 4314 —
2895 4273 2959 4327 Α.
2992 4274 3309 4329 Enuntiatio
3343 4285 3429 4330 est
3448 4291 3567 4331 ora-

1979 4370 2053 4423 tio
2080 4369 2195 4422 veri
2238 4367 2322 4422 vel
2354 4367 2477 4423 falsi
2523 4366 2900 4439 signiﬁcativa.
2934 4396 3005 4408 -
3028 4364 3089 4420 C.
3138 4366 3418 4433 Quomodo
3459 4384 3574 4424 veri

1976 4459 2063 4514 vei
2090 4456 2208 4516 falsi
2239 4458 2638 4535 signiﬁcativa?
2661 4488 2733 4497 ——
2760 4457 2824 4509 A.
2851 4456 3189 4526 Principaics
3214 4466 3340 4513 sunt
3365 4458 3577 4528 Species

1979 4550 2259 4613 orationis,
2289 4550 2587 4607 secundum
2615 4548 2931 4605 dialecticos
2951 4590 2966 4613 ,
3015 4550 3292 4619 quinque;
3334 4551 3429 4608 sed
3456 4551 3575 4609 inec

1905 4636 2113 4707 Dsola,
2162 4641 2214 4696 id
2252 4648 2357 4709 est,
2400 4640 2732 4698 enuntiativa
2771 4654 2961 4693 verum
3004 4638 3206 4707 aliquid
3250 4639 3334 4695 vel
3376 4639 3574 4697 falsum

1980 4730 2287 4804 signiﬁcat:
2319 4739 2401 4795 ut,
2427 4731 2580 4786 homo
2607 4739 2703 4795 est,
2734 4729 2820 4785 vel
2844 4730 2999 4785 homo
3041 4747 3144 4784 non
3166 4739 3283 4795 est;
3325 4728 3573 4788 Socrates

1982 4821 2237 4891 disputat,
2276 4816 2519 4875 Socrates
2562 4836 2664 4873 non
2693 4819 2945 4889 disputat.
2996 4818 3201 4876 [lorum
3232 4820 3376 4879 enim
3403 4836 3572 4877 unum

1983 4928 2175 4970 verum
2203 4926 2325 4972 esse
2351 4926 2575 4973 necesse
2601 4919 2704 4974 est,
2739 4911 2793 4964 id
2821 4919 2927 4974 εει,
2959 4918 3052 4966 aut
3078 4908 3358 4966 Socratem
3386 4911 3573 4986 dispu-

1987 5015 2124 5071 tare,
2155 5014 2247 5060 aut
2288 5005 2573 5063 Socratem
2604 5020 2710 5058 non
2745 5004 3042 5073 disputare.
3096 5002 3165 5059 Et
3206 5002 3260 5061 iu
3306 5003 3413 5061 hac
3456 5003 3570 5059 sola

1987 5097 2165 5166 specie
2190 5095 2523 5167 philosophi,
2560 5096 2654 5166 qui
2678 5093 2746 5147 de
2772 5094 2999 5149 veritate
3024 5107 3202 5149 rerum
3230 5092 3313 5150 vel
3338 5093 3405 5151 de
3427 5092 3576 5151 falsi-

1989 5197 2100 5245 tate
2142 5189 2573 5264 disputaverunt,
2618 5200 2810 5244 omnes
2840 5200 2966 5243 suas
3012 5192 3313 5255 posuerunt
3353 5191 3573 5241 contro—

1987 5284 2215 5339 versias.
3099 5356 3108 5365 _

2060 5376 2121 5431 C.
2148 5366 2298 5435 "Num
2331 5382 2391 5435 et
2415 5374 2520 5435 illa:
2549 5374 2671 5433 aliae
2695 5372 2905 5442 species
2931 5378 3163 5445 quatuor
3183 5370 3250 5428 ad
3266 5369 3577 5433 dialecticos

1989 5484 2098 5529 non
2141 5466 2459 5540 pertinent?
2482 5496 2555 5508 --
2581 5464 2646 5521 Δ.
2677 5464 2796 5520 Νοη
2834 5464 3107 5535 pertinent
3135 5462 3204 5517 ad
3233 5462 3572 5528 dialecticos,

1992 5559 2087 5614 sed
2112 5558 2181 5613 ad
2211 5556 2614 5629 grammaticos.

2062 5648 2123 5703 C.
2156 5649 2361 5711 Tamen
2384 5648 2599 5709 illarum
2627 5647 2848 5709 nomina
2878 5660 3001 5709 cum
3024 5644 3290 5715 exemplis
3316 5642 3501 5703 dicito.

2580 5738 2992 5810 Interrogativa.

2065 5833 2127 5885 Α.
2155 5831 2251 5886 Est
2292 5833 2435 5888 enim
2471 5830 2714 5901 «praedam
2755 5830 2964 5901 species
2992 5830 3253 5892 orationis
3280 5831 3572 5900 interroga-

1991 5921 2122 5986 tiva,
2151 5929 2210 5976 ut
2234 5937 2249 5978 :
