4090 6528
64 638 191 685 ιοςιειι

85 720 128 774 rel
141 720 188 775 liii}

64 903 151 960 riam.

64 996 158 1065 licusz
168 1001 191 1066 ι,

69 1089 178 1159 dedis

64 1182 174 1233 atratis

64 1273 108 1326 nis
122 1283 175 1327 eis

72 1362 171 1418 Socrus

64 1530 111 1577 lu

65 1715 91 1760 it

64 1965 104 2008 lit.

64 2191 148 2266 lectu

64 2271 145 2314 Illi!

315 425 422 485 977

381 539 448 595 Ρ.
477 540 617 610 Quid
640 550 768 597 sunt
786 558 909 598 ossa
928 543 952 596 ?
973 572 1044 583 --
1073 544 1138 596 A.
1171 543 1456 598 Fortitudo
1476 542 1742 613 corporis.

376 628 451 687 Ρ.
483 631 625 700 Quid
652 641 781 688 sunt
804 634 998 689 coxae?
1023 664 1094 673 —
1112 632 1178 687 A.
1207 632 1473 703 Epistylia
1495 632 1905 688 columnarum.

383 719 453 777 P.
479 722 622 792 Quid
645 732 773 780 sunt
799 739 961 779 crura
982 723 1094 778 ?—
1119 722 1186 778 Α.
1215 724 1495 780 Columna:
1519 722 1786 792 corporis.

383 810 451 869 P.
477 813 619 882 Quid
639 825 767 871 sunt
783 816 951 886 pedes
973 816 999 869 ?
1024 847 1097 858 --
1118 815 1185 869 Α.
1213 815 1412 871 Mobile
1456 815 1893 870 fundamentum.

379 906 448 962 Ρ.
479 907 620 976 Quid
643 917 728 966 est
759 909 1026 981 sanguis?
1050 939 1123 951 --
1156 909 1223 964 Α.
1261 907 1474 964 Humor
1495 922 1781 970 venarum,
1807 907 1894 960 vi—

306 1007 379 1056 tae
407 1001 747 1058 alimentum.
1995 992 2434 1065 descendamus].
2468 992 2682 1065 Sequar
2705 1010 3027 1064 quocunque
3063 996 3205 1050 ieris.

380 1089 450 1147 Ρ.
484 1092 626 1161 Quid
652 1099 778 1148 sunt
800 1106 953 1147 venze
974 1093 998 1146 ?
1023 1121 1095 1132 --
1123 1093 1188 1146 Α.
1218 1090 1422 1148 Fontes
1449 1091 1654 1147 carnis.
2067 1086 2135 1142 Ρ.
2161 1085 2221 1142 Si
2250 1087 2449 1143 scirem
2494 1087 2622 1155 quid
2668 1095 2815 1142 esset
2854 1088 3026 1148 navis,
3059 1103 3429 1157 praepararem
3458 1090 3574 1144 tibi.

381 1181 450 1237 Ρ.
481 1181 624 1251 Quid
649 1192 738 1238 est
759 1184 956 1240 omium
981 1184 1094 1238 ?—-
1117 1181 1184 1236 Α.
1208 1182 1437 1253 Sphara
1456 1181 1732 1249 volubilis,
1755 1180 1896 1252 [cul-
1993 1187 2058 1234 ut
2079 1179 2298 1235 venires
2333 1179 2402 1232 ad
2433 1193 2542 1233 me.
2563 1209 2633 1217 —
2654 1180 2718 1233 Α.
2750 1178 2914 1232 Navis
2960 1189 3052 1233 est
3084 1181 3275 1234 domus
3324 1181 3578 1242 erratica.

304 1287 434 1331 Inen
467 1272 839 1348 immensum].
1994 1272 2222 1328 ubilibet
2238 1272 2555 1342 hospitium,
2584 1271 2761 1328 viator
2783 1272 2902 1355 sine
2930 1273 3195 1344 vestigiis,
3222 1273 3397 1329 vicina
3422 1272 3575 1346 [Ms.,

379 1362 445 1420 Ρ.
472 1364 614 1433 Quid
640 1373 723 1421 est
753 1365 846 1421 lux
868 1366 893 1420 ?
919 1396 990 1407 —
1012 1365 1081 1420 Α.
1110 1364 1305 1422 Facies
1320 1365 1565 1421 omnium
1591 1381 1796 1422 rerum.
1991 1363 2229 1437 vicinus]
2261 1380 2463 1422 arena;

2065 1451 2135 1509 P.
2163 1453 2305 1522 Quid
2334 1462 2422 1509 est
2452 1467 2616 1509 arena
2635 1453 2661 1507 ?
2687 1484 2759 1496 —-
2776 1453 2842 1508 Α.
2873 1454 3054 1510 Murus
3076 1464 3254 1510 teme.

2064 1543 2133 1603 Ρ.
2163 1545 2306 1615 Quid
2333 1555 2421 1603 est
2445 1545 2658 1602 herba?
2683 1574 2757 1587 --
2783 1545 2849 1600 Α.
2891 1547 3072 1602 Vestis
3099 1556 3276 1602 terrae.

2064 1637 2134 1695 P.
2159 1637 2302 1708 Quid
2356 1644 2482 1693 sunt
2525 1636 2727 1693 olera?
2762 1665 2833 1678 -—
2859 1636 2922 1690 Α.
2979 1637 3156 1693 Amici
3206 1636 3574 1693 medicorum.

1989 1731 2112 1791 laus
2133 1745 2454 1801 coquomm.

1043 428 1519 487 DIDASCALICA.
1561 459 1630 470 —-
1671 427 2082 486 DISPUTATIO
2119 426 2360 484 PlPPlNl
2398 427 2544 485 CUM
2583 427 2856 486 ALBINO.
3477 432 3580 484 978

1915 543 1969 600 Α
1997 554 2085 593 ras
2115 551 2162 592 ι.
2189 538 2340 595 Luna
2364 540 2502 594 duos
2522 539 2642 595 dies
2670 549 2726 595 et
2750 547 2875 594 octo
2908 538 3089 604 horas,
3138 551 3191 594 et
3243 540 3387 595 bisse
3417 541 3577 595 unius

2001 631 2170 686 horae.

2068 719 2138 778 P.
2169 722 2445 794 Magister,
2476 727 2641 780 timeo
2663 725 2831 779 altum
2862 724 3035 778 ire.-——
3061 727 3124 778 Α.
3150 725 3284 792 Quis
3324 735 3379 780 te
3421 726 3576 780 duxit

1998 812 2055 869 in
2077 812 2244 869 altum
2267 815 2294 868 ?

2059 904 2138 960 ‘P.
2169 903 2491 960 Curiositas.
2522 933 2594 944 —
2623 903 2687 958 Α.
2717 902 2775 958 Si
2812 905 2994 970 times,
3046 906 3370 960 descendam
3421 906 3576 977 [Ms.,

377 1453 444 1510 Ρ.
469 1455 609 1524 Quid
631 1465 720 1512 est
737 1456 892 1513 dies!
934 1486 1000 1497 —
1023 1454 1090 1510 A.
1121 1454 1538 1513 lncitameutum
1567 1456 1790 1513 laboris.

375 1543 447 1601 Ρ.
477 1547 618 1615 Quid
648 1555 732 1602 est
759 1545 882 1603 sel?
904 1576 977 1588 --
1002 1547 1068 1602 Α.
1097 1544 1365 1616 Splendor
1391 1547 1565 1613 orbis,
1617 1544 1742 1602 eali
1769 1543 1890 1617 pul-

300 1639 577 1705 chritudo,
631 1647 842 1695 natura:
889 1637 1087 1711 gratia,
1117 1638 1296 1694 honor
1322 1637 1450 1705 diei,
1484 1639 1744 1694 horarum
1770 1637 1888 1694 dis-

305 1727 567 1784 tributor.

377 1815 445 1871 Ρ.
468 1815 608 1886 Quid
635 1827 720 1874 est
754 1816 882 1874 luna
903 1819 926 1872 ?
947 1846 1017 1859 --
1043 1819 1110 1872 Α.
1133 1817 1340 1876 Oculus
1364 1821 1561 1885 noctis,
1601 1818 1744 1876 roris
1771 1817 1884 1876 lar-
2065 1824 2133 1879 P.
2165 1821 2307 1891 Quid
2327 1830 2430 1888 est,
2478 1820 2625 1891 quod
2664 1835 2853 1876 amara
2877 1819 3054 1876 dulcia
3083 1820 3213 1877 facit
3241 1820 3355 1874 ?--
3379 1822 3443 1876 A.
3477 1821 3580 1875 Fa-

302 1923 391 1980 ga,
420 1923 661 1980 pmsaga
680 1916 1094 1980 tempestatum.
1917 1895 1966 1961 Β
1987 1930 2130 1971 mes.

382 1996 444 2052 Ρ.
475 1997 615 2067 Quid
630 2007 757 2054 sunt
787 1998 954 2054 slelim
973 2001 997 2053 ?
1019 2029 1089 2041 --
1111 2000 1176 2054 Α.
1205 2001 1422 2058 Pictura
1447 2002 1718 2069 culminis,
1744 2016 1882 2059 nau—
2061 2002 2130 2058 Ρ.
2158 2001 2300 2072 Quid
2326 2010 2430 2070 est,
2462 2001 2608 2073 quod
2629 2001 2909 2058 hominem
2939 2017 3046 2058 non
3077 2003 3281 2059 lassum
3307 2002 3475 2059 facit?
3511 2029 3583 2041 -

302 2097 483 2146 tarum
511 2092 925 2162 gubernatores,
958 2094 1137 2150 noctis
1161 2094 1344 2151 decor.
1988 2095 2054 2151 Α.
2082 2095 2344 2152 Lucrum.

380 2181 441 2237 Ρ.
475 2183 617 2251 Quid
646 2193 731 2240 est
758 2184 984 2255 pluvia?
1010 2215 1080 2227 -
1100 2186 1167 2241 Α.
1210 2185 1505 2259 Conceptio
1536 2196 1699 2246 terra:
1718 2231 1734 2255 ,
1774 2188 1890 2247 fru-
2059 2187 2226 2262 35".
2247 2185 2315 2242 P.
2356 2181 2500 2256 Quid
2539 2197 2625 2242 est
2647 2185 2891 2259 vigilanti
2931 2188 3194 2241 somnus?
3232 2217 3298 2226 —
3319 2188 3383 2240 A.
3421 2185 3575 2257 Spes.

301 2291 430 2349 gum
450 2278 708 2348 geniti-ix.
2062 2279 2130 2335 P.
2159 2280 2300 2348 Quid
2317 2287 2404 2338 est
2422 2294 2550 2352 spes
2574 2280 2599 2334 2
2621 2311 2694 2321 -
2714 2279 2778 2333 Α.
2805 2278 3167 2352 Befrigerium
3190 2279 3395 2336 laboris
3410 2320 3425 2344 ,
3453 2279 3574 2351 [du-

374 2367 440 2424 Ρ.
465 2367 608 2438 Quid
642 2376 730 2424 est
750 2367 992 2425 nebula?
1011 2398 1081 2410 —
1111 2370 1176 2426 Α.
1207 2367 1327 2427 Nox
1350 2371 1407 2426 in
1434 2371 1546 2439 die,
1572 2371 1727 2430 labor
1751 2388 1880 2431 ocu-
1988 2373 2114 2431 bius
2141 2370 2414 2444 eventus].

298 2456 504 2514 lorum.
2061 2461 2131 2518 P.
2162 2463 2305 2534 Quid
2330 2472 2415 2520 est
2443 2464 2726 2521 amicitia?
2754 2493 2826 2505 -—
2856 2465 2918 2516 A.
2948 2461 3256 2533 Equalitas
3278 2463 3578 2519 amicorum

371 2549 440 2606 Ρ.
469 2550 607 2620 Quid
637 2561 724 2609 est
747 2560 942 2608 ventus
965 2552 991 2606 i
1013 2582 1083 2593 —-
1104 2552 1171 2607 Δ.
1198 2552 1360 2610 Aeris
1376 2555 1740 2626 perturbatio,
1776 2571 1891 2614 mo-
1993 2554 2147 2631 [Hs.,
2173 2555 2528 2628 animorum].

296 2641 485 2699 bilitas
507 2656 795 2714 aquarum,
835 2642 1060 2698 siccitas
1085 2649 1267 2700 terrae.
2063 2643 2131 2702 Ρ.
2155 2644 2297 2715 Quid
2325 2654 2411 2704 est
2458 2645 2724 2703 ﬁdest—
2752 2646 2816 2700 Α.
2857 2645 3057 2716 Ignota:
3103 2647 3181 2700 rei
3226 2655 3284 2702 et
3312 2647 3572 2702 mirandae

370 2729 439 2788 Ρ.
469 2733 612 2802 Quid
638 2743 725 2791 est
760 2735 1044 2790 terra‘l—
1067 2735 1134 2791 Δ.
1167 2734 1344 2792 later
1372 2739 1759 2806 crescentinm,
1783 2758 1888 2797 nu-
1992 2738 2281 2796 eertitudo.

297 2826 413 2882 trix
440 2826 764 2891 viventium,
788 2826 1071 2884 cellarium
1108 2828 1257 2895 vitae,
1285 2829 1601 2886 devoratrix
1620 2832 1887 2888 omnium.
2064 2829 2132 2890 Ρ.
2167 2829 2310 2903 Quid
2336 2837 2421 2886 est
2464 2829 2664 2886 mirum
2686 2830 2711 2883 ἲ
2733 2859 2802 2869 —-
2829 2829 2896 2883 Α.
2926 2827 3110 2900 Nuper
3151 2829 3260 2885 vidi
3306 2829 3582 2883 hominem

370 2915 438 2973 P.
471 2917 613 2987 Quid
631 2929 718 2975 est
729 2933 880 2974 mare
898 2919 1005 2972 ι-
1021 2916 1089 2973 Α.
1110 2918 1368 2975 Audacize
1377 2921 1467 2976 via
1487 2917 1640 2992 [ls.,
1662 2922 1891 2980 audacia

1992 2929 2226 2981 suum
2251 2964 2264 2987 ,
2320 2928 2597 2978 mortuum
2629 2919 2998 2978 ambulantem
3047 2919 3177 2993 [ιιι.
3201 2961 3217 2986 ,
3271 2921 3583 2976 molientem

295 3009 470 3085 vitae],
499 3010 656 3067 limes
686 3020 866 3075 terrae,
890 3009 1098 3068 divisor
1119 3009 1422 3081 regionum,
1459 3014 1759 3085 hospitium
1785 3012 1892 3072 nu.
1991 3012 2409 3086 ambulantem],
2438 3011 2538 3082 qui
2559 3025 2840 3084 nunquam
2870 3009 2993 3067 fuit.

293 3102 532 3168 viarum,
564 3100 957 3159 fonsimbrium
973 3143 990 3159 .
1012 3099 1283 3175 refugium
1307 3102 1365 3157 in
1378 3103 1640 3174 periculis
1663 3144 1680 3172 ,
1709 3105 1889 3177 gratia
2066 3103 2136 3161 Ρ.
2171 3105 2459 3175 Quomodo
2475 3112 2658 3177 potest
2682 3118 2803 3160 esse
2830 3145 2846 3170 ,
2875 3104 3053 3173 pande
3077 3104 3246 3160 mihi?
3263 3134 3334 3146 -—
3357 3104 3423 3160 Α.
3449 3103 3584 3160 Ima-

294 3195 354 3251 in
370 3192 758 3264 voluptatibus.
1913 3248 1960 3271 Α
1992 3212 2063 3271 go
2084 3198 2140 3254 in
2163 3211 2325 3268 aqua.
2411 3188 2418 3194 ’

371 3248 440 3339 Ρ.
477 3248 618 3354 Quid
647 3248 775 3340 sunt
814 3282 1081 3340 ﬂumina?
1103 3313 1175 3326 —-
1198 3284 1264 3340 Α.
1305 3285 1513 3343 Cursus
1541 3285 1886 3355 indeﬁcieus,
1907 3248 1962 3313 ο
1994 3248 2140 3342 ΤΡ.
2427 3300 2536 3341 non
2565 3284 2805 3342 intellexi
2830 3301 2931 3356 per
2957 3299 3066 3353 me,
3094 3288 3225 3342 dum
3275 3289 3436 3344 toties
3458 3290 3566 3343 vidi

295 3374 525 3433 refectio
554 3375 706 3443 solis,
732 3376 982 3447 irrigatio
1006 3382 1191 3432 terra).
1995 3377 2169 3453 [hunc
2205 3380 2387 3451 ipsum
2431 3379 2783 3453 hominem]?
2809 3412 2881 3422 -—
2916 3380 2984 3436 Δ.
3015 3381 3154 3451 Quia
3200 3383 3354 3438 bonae
3380 3384 3576 3438 indolis

370 3466 441 3524 Ρ.
459 3468 602 3537 Quid
629 3475 718 3525 est
753 3482 896 3536 aqua
917 3467 944 3521 l
962 3495 1034 3510 -—
1057 3467 1124 3522 Δ.
1151 3465 1467 3526 Subsidium
1491 3469 1619 3527 vita
1635 3510 1656 3536 ,
1684 3469 1894 3528 ablatio
1991 3469 2288 3540 esjuvenis
2314 3476 2372 3526 et
2395 3469 2666 3527 naturalis
2694 3471 2897 3542 ingenii
2921 3512 2937 3536 ,
2966 3487 3270 3543 proponam
3299 3473 3397 3528 tibi
3423 3489 3591 3542 quae-7.

292 3560 564 3620 sordium.
1996 3563 2122 3623 dam
2137 3564 2393 3621 aliamira
2421 3580 2438 3628 ;
2461 3570 2634 3630 tenta,
2661 3562 2710 3618 si
2733 3577 2835 3634 per
2852 3565 3084 3633 teipsum
3107 3565 3288 3636 possis
3306 3567 3584 3629 coniicere

371 3649 439 3707 Ρ.
465 3651 611 3721 Quid
644 3659 731 3710 est
752 3650 1026 3722 iguis?--
1051 3649 1119 3704 Δ.
1165 3640 1331 3708 Calor
1350 3652 1584 3718 nimius,
1612 3650 1760 3709 totus
1795 3666 1894 3706 na-
1992 3654 2106 3712 illa.
3237 3722 3243 3726 ξ

299 3746 598 3808 scentium,
625 3743 921 3797 maturitas
942 3739 1182 3812 frugum.
2067 3745 2135 3802 P.
2169 3745 2387 3803 Faciam
2418 3738 2573 3818 μὴ..
2614 3746 2898 3820 faciemus]
2926 3764 2940 3812 ;
2975 3756 3156 3804 tamen
3189 3749 3283 3815 ita,
3318 3766 3361 3804 Si
3395 3764 3573 3812 secus,

372 3831 442 3890 Ρ.
483 3833 628 3905 Quid
669 3840 758 3888 est
799 3830 980 3904 frigus
1001 3829 1030 3886 ἲ
1054 3860 1124 3872 -
1144 3830 1214 3887 Δ.
1265 3829 1577 3892 Febricitas
1621 3835 1894 3892 membro-
1992 3853 2158 3912 qnam
2179 3846 2281 3903 est,
2307 3837 2504 3900 dicam,
2527 3837 2774 3909 corrigas
2798 3852 2905 3893 me.
2931 3867 3004 3879 —
3029 3837 3095 3891 Α.
3121 3838 3369 3904 Faciam,
3393 3849 3453 3893 nt
3472 3840 3576 3896 vis.

297 3946 446 3987 rum.
1994 3930 2229 4000 Quihm
2255 3932 2477 4002 ignotus
2497 3944 2710 3985 mecum
2741 3931 2860 3986 sine
2896 3929 3076 4000 lingua
3108 3939 3164 3986 et
3195 3947 3328 3987 voce
3358 3933 3575 3989 locutus

374 4024 441 4080 Ρ.
473 4022 614 4091 Quid
665 4029 748 4077 est
797 4018 1060 4092 gelui—
1110 4019 1177 4074 Α.
1234 4017 1548 4078 Persecutio
1575 4020 1890 4087 herbarum,
1996 4033 2101 4091 est,
2153 4024 2248 4096 qui
2280 4037 2560 4093 nunquam
2598 4031 2726 4077 ante
2772 4022 2916 4087 fuit,
2968 4039 3069 4079 nec
3113 4033 3305 4094 postea
3343 4026 3447 4081 erit
3482 4042 3496 4092 ;
3529 4035 3589 4082 et

298 4115 534 4189 perditio
578 4112 736 4186 [Ha.,
782 4117 1122 4184 persecutor.
1167 4149 1183 4164 .
1227 4149 1243 4164 .
1282 4111 1553 4184 perditor]
1595 4110 1853 4170 foliorum
1876 4154 1889 4180 ,
1995 4133 2289 4190 quamnon
2307 4116 2614 4182 audiebam,
2638 4130 2744 4170 nec
2769 4117 2914 4171 novi.

301 4209 578 4267 Vinculum
604 4217 784 4272 ιθιτεν
816 4205 937 4262 ῖσηδ
961 4215 1251 4274 ιαπεωιιι-
2071 4207 2137 4267 Ρ.
2161 4208 2446 4268 Somnium
2489 4215 2541 4263 te
2567 4205 2756 4279 [forte]
2813 4207 3344 4279 fatigavitmiagister
3370 4209 3395 4262 ?
3419 4240 3490 4252 —-
3513 4211 3580 4263 Α.

373 4299 444 4356 Ρ.
468 4300 609 4370 Quid
627 4306 713 4357 est
734 4297 873 4353 nix?
899 4296 1057 4352 --A.
1088 4294 1243 4367 Aqua
1266 4295 1436 4352 sicca.
1997 4300 2199 4368 Etiam,
2248 4298 2348 4354 ﬁli.
2374 4297 2514 4353 Audi
2555 4304 2611 4351 et
2645 4296 2792 4352 aliud
2823 4315 2834 4349 :
2875 4294 2993 4352 Vidi
3041 4307 3286 4353 mortuos
3315 4313 3581 4370 generare

373 4391 442 4448 P.
467 4391 613 4462 Quid
633 4397 722 4448 est
748 4389 962 4448 hiems?
986 4416 1058 4433 --
1087 4384 1155 4442 Α.
1179 4384 1416 4443 Ᾰιὶειθιίε
1433 4387 1610 4444 casti].

1995 4398 2201 4462 vivum,
2222 4403 2278 4452 et
2306 4409 2436 4450 aura
2464 4391 2573 4447 vivi
2602 4392 2906 4460 consumpti
2935 4399 3060 4446 sunt
3081 4392 3299 4448 mortui.

373 4486 443 4545 Ρ.
479 4485 621 4555 Quid
642 4489 734 4541 est
756 4480 898 4540 ver?
921 4510 994 4523 —--
1019 4479 1086 4536 Α.
1111 4477 1301 4537 Pictor
1322 4489 1502 4536 terrae.
2073 4484 2140 4541 P.
2178 4486 2255 4542 De
2278 4482 2565 4541 fricatione
2604 4483 2863 4536 arborum
2881 4480 3024 4552 ignis
3048 4489 3212 4536 natus
3238 4489 3323 4537 est
3349 4523 3366 4547 ,
3391 4497 3588 4539 consu-

376 4575 447 4632 P.
470 4574 614 4645 Quid
638 4581 727 4631 est
747 4575 912 4630 ωιυ
929 4569 956 4625 ἲ
977 4597 1048 4612 --
1078 4568 1145 4624 Δ.
1169 4569 1430 4629 Βενειιίο
1450 4578 1634 4636 terra,
1668 4573 1893 4629 maturi-
1927 4626 1978 4654 η
1997 4597 2153 4645 mens
2184 4577 2478 4654 [arbores].
2506 4605 2580 4619 -—
2607 4576 2672 4632 Α.
2723 4575 2927 4630 Verum
2960 4580 3062 4629 est.
3100 4574 3295 4630 Audivi
3339 4583 3587 4632 mortuos

303 4670 384 4728 tio
409 4667 646 4742 frugum.
1924 4667 1975 4687 ¹“’
1999 4674 2168 4730 multa
2196 4672 2502 4742 loquentes.

378 4759 447 4817 Ρ.
473 4757 618 4830 Quid
643 4763 733 4816 est
753 4761 1048 4814 autumnus
1073 4755 1098 4810 Ἰ
1124 4785 1198 4797 -
1216 4753 1283 4810 Α.
1316 4754 1587 4813 Horreum
1615 4759 1763 4814 anni.
2073 4765 2141 4821 P.
2177 4761 2461 4834 Nunquam
2488 4760 2650 4824 bene,
2689 4756 2795 4812 nisi
2820 4755 3221 4826 suspendantur
3264 4756 3316 4810 in
3346 4770 3496 4812 aere.
3515 4784 3588 4800 --

379 4850 449 4907 Ρ.
471 4851 615 4922 Quid
635 4857 722 4906 est
745 4862 923 4904 annus
943 4847 1059 4901 1-
1085 4847 1151 4902 Α.
1177 4847 1450 4919 Quadriga
1472 4849 1678 4906 mundi.
2006 4856 2064 4912 Δ.
2087 4852 2248 4911 Vere.
2275 4847 2399 4909 Vidi
2433 4849 2611 4919 ignem
2657 4847 3044 4901 incxstinctum
3083 4861 3314 4916 pausare
3341 4848 3393 4901 in
3417 4863 3585 4916 aqua.

378 4940 446 5000 Ρ.
485 4943 619 5014 Quis
642 4942 790 5000 ducit
817 4940 1024 5014 [eauti]
1049 4970 1123 4984 -ο
1149 4943 1216 4997 Α.
1247 4940 1366 4997 Nox
1396 4949 1452 4997 et
1476 4942 1615 5010 dies,
1643 4943 1816 5016 frigus
1844 4954 1901 5000 et
2068 4943 2137 4999 P.
2178 4942 2400 4999 Silicem
2438 4938 2519 5013 [in
2559 4954 2699 5009 aqua
2740 4938 3048 5008 significare
3085 4939 3189 5004 vis,
3223 4938 3400 5012 reor].
3424 4970 3492 4982 —--
3512 4940 3582 4995 Δ.

307 5036 481 5099 calor.
2002 5034 2074 5092 Ut
2102 5034 2266 5099 roris,
2313 5032 2395 5087 sic
2416 5037 2521 5086 est.
2556 5028 2678 5084 Vidi
2707 5038 2981 5085 mortuum
3006 5030 3282 5086 sedentem
3323 5047 3488 5103 super
3513 5033 3598 5086 vi-

382 5127 452 5184 P.
485 5126 621 5195 Quis
651 5133 738 5181 est
764 5125 953 5199 auriga
987 5125 1238 5197 ejus?_.
1267 5125 1332 5181 Α.
1364 5123 1459 5183 Sol
1488 5134 1545 5182 et
1560 5125 1708 5183 luna.
1997 5141 2147 5190 vum,
2173 5125 2304 5179 etin
2332 5124 2447 5180 risu
2468 5121 2665 5178 mortui
2680 5129 2927 5177 mortuus
2949 5129 3033 5176 est
3057 5122 3214 5178 vivus
3236 5119 3395 5195 [Μι.
3423 5124 3589 5179 mori-

383 5219 452 5277 Ρ.
480 5220 624 5287 Quot
651 5218 818 5276 habet
833 5216 1083 5287 palatia?
1108 5247 1178 5258 -
1200 5217 1267 5274 Α.
1292 5215 1610 5275 Duodecim.
2003 5224 2092 5272 tur
2113 5214 2314 5287 vivus].

1924 4626 1978 4687 D

2075 5307 2142 5361 P.
2169 5305 2283 5362 Hoc
2329 5305 2446 5360 coci
2500 5301 2652 5376 [ιηη
2711 5300 2894 5375 coqui]
2945 5303 3121 5358 nostri
3179 5305 3582 5358 norunt.-A.

2004 5395 2270 5472 [norunt].
2309 5395 2417 5450 Sed
2438 5409 2576 5465 pone
2605 5393 2836 5463 digitum
2860 5407 3024 5463 super
3054 5408 3136 5458 os,
3188 5411 3258 5450 ne
3300 5398 3452 5466 pueri
3482 5398 3587 5452 hoc

2007 5491 2244 5551 audiant,
2272 5488 2401 5560 quid
2426 5489 2514 5543 sit.
2547 5486 2647 5542 Fui
2683 5487 2737 5542 in
2770 5487 3056 5542 venatione
3078 5503 3200 5543 cum
3228 5489 3370 5555 aliis,
3400 5492 3453 5544 in
3479 5506 3586 5560 qua

2005 5582 2053 5638 si
2079 5580 2208 5650 quid
2229 5579 2494 5648 cepimus,
2529 5575 2664 5634 nihil
2693 5576 2978 5633 uobiscum
3009 5579 3349 5648 portavimus
3378 5599 3394 5646 ;
3421 5595 3584 5651 quem

2007 5688 2115 5728 non
2163 5667 2438 5743 potuimus
2471 5681 2699 5738 capere.
2750 5667 2970 5726 domum
3018 5669 3361 5740 portavimus
3408 5673 3589 5727 nobis-

2005 5778 2147 5819 cum.

382 5309 452 5367 Ρ.
488 5311 590 5378 Qui
617 5319 744 5369 sunt
788 5316 1049 5380 praetores
1095 5309 1471 5380 palatium?
1503 5339 1576 5350 —
1601 5309 1666 5365 Α.
1708 5312 1898 5378 Aries.

309 5405 548 5468 Taurus,
585 5401 820 5468 Gemini,
847 5399 1077 5466 Cancer,
1119 5400 1251 5468 Leo,
1290 5402 1475 5474 Virgo,
1513 5401 1698 5469 Libra,
1738 5404 1896 5462 Scor-

312 5497 440 5569 pius
466 5537 480 5562 ,
530 5493 854 5554 Arcitenens
909 5490 1063 5565 μὴ,
1095 5491 1469 5568 Sagittarius],
1507 5495 1898 5568 Capricornus,

311 5587 609 5663 Aquarius,
641 5585 844 5641 Pisces.

386 5674 454 5732 Ρ.
483 5675 627 5744 Quot
661 5673 781 5732 dies
825 5672 1214 5750 babitat[Ha.,
1240 5675 1520 5750 habitant]
1562 5680 1618 5733 in
1657 5693 1906 5750 unoquo—

314 5786 425 5846 que
438 5768 759 5840 palatio?-—-
781 5764 845 5821 Α.
876 5764 970 5822 Sol
990 5782 1100 5820 nx
1131 5764 1269 5840 [dies
1289 5774 1342 5823 et
1367 5767 1552 5826 decem
1581 5767 1770 5842 semis]
1799 5770 1898 5828 ho-

385 5894 418 5927 ι
435 5881 557 5946 Vid.
591 5883 749 5956 epist.
773 5880 984 5940 Alcuiui
1011 5880 1102 5940 85.
