4090 6528
516 384 623 441 979

1333 380 1398 435 Β.
1437 377 1503 441 ε.
1537 376 1766 442 Αιωιι
1804 376 1938 437 SEU
1976 378 2256 437 ALCUINI
2293 378 2583 436 OPEBUH
2620 376 2802 435 PARS
2838 376 2952 435 VII.

3697 380 3812 438 980

587 494 659 551 Ρ.
692 491 1045 553 Rusticum
1086 499 1175 548 est
1224 491 1345 547 haec
1374 491 1610 547 venatio.
1647 520 1724 533 --
1743 492 1811 545 Α.
1829 491 1947 549 Est.
1977 490 2104 547 Vidi
2128 493 2183 555 Α
2205 506 2486 555 nunquam
2510 490 2803 565 mortuus].
2834 490 3053 547 Tertius
3081 490 3251 547 semel
3276 499 3439 547 natus
3471 500 3526 547 et
3555 492 3642 550 bis
3666 508 3819 552 mor-

517 588 810 660 quemdam
833 593 1040 650 natum,
1066 593 1361 654 antequam
1380 591 1527 639 esset
1544 592 1861 653 conceptus.

593 674 667 735 Ρ.
719 675 941 742 Vidisti,
966 684 1023 731 et
1049 674 1192 730 forte
1218 674 1738 731 manducasti.-—-A.
1772 671 2113 728 Manducavi.

523 767 669 837 Quid
717 764 1052 840 [Hs.,Quis]
1077 775 1186 831 est,
1208 765 1303 834 qui
1334 779 1446 818 non
1477 774 1584 829 est,
1618 770 1676 818 et
1705 778 1906 820 nomen
1952 764 2120 819 habet

518 867 578 914 et
602 871 931 931 responsum
960 856 1054 912 dat
1078 854 1343 912 sonanti?
1869 884 1874 889 -

596 948 667 1005 Ρ.
695 947 879 1004 Biblos
904 948 959 1003 in
988 946 1126 1003 silva
1155 944 1307 1019 [Ht.,
1345 944 1491 1001 Bilos
1520 944 1577 1001 in
1605 942 1784 1016 silvis]
1816 943 2115 1015 interroga.

522 1070 596 1083 ——
616 1042 682 1096 Α.
721 1039 840 1097 Vidi
877 1039 1151 1110 hospitem
1183 1044 1497 1094 currentem
1536 1050 1663 1092 cum
1683 1036 1844 1092 domo
1888 1051 2022 1102 sua;
2052 1044 2110 1092 et

527 1132 624 1189 ille
654 1132 890 1196 tacebat,
926 1137 983 1185 et
1004 1129 1198 1199 domus
1221 1128 1472 1183 sonabat.

596 1221 664 1277 P.
687 1222 828 1277 Para
852 1220 983 1276 mihi
1010 1228 1149 1286 rete,
1170 1228 1228 1276 et
1252 1220 1487 1291 pandam
1513 1218 1633 1275 tibi.
1660 1248 1733 1261 --
1754 1218 1820 1273 Δ.
1845 1217 1985 1287 Quis
2007 1226 2117 1290 est,

522 1326 689 1383 quem
712 1312 899 1368 videre
928 1325 1037 1365 non
1064 1317 1221 1381 potes
1243 1307 1379 1381 [αυὶ.
1410 1349 1423 1363 .
1466 1324 1485 1363 .'
1518 1308 1743 1381 potestl,
1779 1308 1884 1365 nisi
1913 1307 2117 1366 clausis

524 1403 703 1459 oculis
722 1403 748 1457 ἲ

596 1492 665 1548 Ρ.
689 1493 795 1562 Qui
820 1492 1022 1559 stertit,
1077 1492 1177 1548 tibi
1198 1492 1441 1548 ostendit
1468 1490 1639 1547 illum.
1666 1519 1737 1530 -—
1771 1487 1837 1543 A.
1876 1487 1998 1547 Vidi
2018 1491 2121 1547 h0-

527 1591 731 1645 miuem
754 1595 879 1644 octo
901 1587 958 1641 in
998 1602 1165 1642 manu
1186 1592 1490 1651 tenentem,
1531 1592 1589 1639 et
1616 1584 1686 1640 de
1710 1582 1926 1639 octonis
1951 1580 2119 1656 [subi-

529 1676 607 1750 to]
630 1678 809 1747 rapuit
831 1687 1062 1748 septem,
1086 1684 1142 1732 ct
1171 1682 1552 1732 remanserunt
1584 1689 1701 1732 sex.

603 1764 668 1822 P.
702 1767 862 1822 Pueri
910 1768 965 1822 in
1015 1766 1217 1823 scholis
1253 1766 1359 1823 hoc
1378 1767 1578 1823 sciunt.
1601 1796 1672 1806 —
1696 1764 1764 1827 Α.
1811 1762 1946 1834 Quis
1993 1772 2102 1833 est,

529 1858 643 1925 cui,
674 1858 720 1913 si
745 1869 906 1929 caput
931 1858 1238 1923 abstuleris,
1278 1857 1439 1913 altior
1467 1858 1641 1929 surgit
1667 1858 1693 1912 Ἰ

596 1945 664 2002 Ρ.
692 1947 827 2005 Vide
860 1947 1014 2021 [Ms.,
1045 1947 1216 2021 Vade]
1267 1947 1338 2002 ad
1361 1947 1563 2004 lectum
1591 1957 1744 2003 tuum
1788 1958 1845 2005 et
1866 1947 1941 2003 ibi
1972 1946 2119 2003 inve—

530 2039 669 2095 nies.
694 2068 769 2080 --
794 2037 861 2094 Α.
903 2038 1040 2095 Tres
1084 2039 1274 2103 fuere;
1319 2053 1460 2093 unus
1486 2052 1758 2108 nusquam
1800 2036 1950 2110 [λιι.
1977 2053 2120 2092 nun-

531 2127 723 2203 quam]
755 2139 919 2185 natus
947 2138 1004 2185 et
1031 2130 1200 2186 semel
1222 2138 1486 2187 mortuus.
1517 2126 1694 2201 [Alter
1721 2129 1893 2185 semel
1936 2138 2120 2194 natus,

2218 590 2345 637 tuus
2378 593 2429 635 ⁸.

2289 666 2354 725 Ρ.
2386 671 2601 727 Primus
2647 672 2961 742 atquivocus
3004 678 3168 726 terra;
3192 669 3349 744 [Ms.,
3384 669 3544 745 mete]
3573 690 3590 739 ;
3615 689 3819 731 secun-

2218 762 2320 818 dus
2345 762 2459 817 Deo
2482 776 2644 828 meo;
2671 763 2868 818 tertius
2898 763 3106 829 homini
3125 765 3371 835 pauperi.
3404 794 3479 807 —
3498 766 3564 822 A.
3602 766 3699 823 Dic
3725 777 3821 824 ta-

2218 868 2343 908 men
2368 854 2573 923 primas
2597 852 2807 911 litteras
2833 851 3185 927 [nominum].

2289 942 2357 998 P.
2390 961 2429 1000 ι.
2455 961 2510 999 v.
2546 942 2677 1017 [κε.
2717 942 2941 1017 1111,]12
2984 960 3114 1001 xxx.
3151 977 3223 988 —
3247 948 3312 1001 Α.
3350 947 3473 1005 Vidi
3544 949 3816 1009 feminam

2216 1037 2523 1102 volantem,
2558 1045 2799 1093 rostrum
2852 1035 3143 1093 habentem
3194 1037 3433 1097 ferreum
3463 1082 3479 1106 ,
3505 1050 3563 1097 et
3603 1057 3816 1114 corpus

2216 1128 2455 1200 ligneum
2476 1135 2534 1182 et
2552 1128 2781 1184 caudam
2812 1136 3130 1199 pennatam,
3154 1138 3384 1185 mortem
3410 1140 3735 1203 portantem.

2286 1215 2353 1274 P.
2385 1216 2545 1275 Socia
2566 1216 2820 1273 militum.
2847 1248 2921 1260 —
2943 1219 3009 1274 Α.
3047 1219 3189 1287 Quid
3215 1228 3302 1275 est
3320 1221 3519 1277 miles?

2281 1306 2351 1364 P.
2379 1309 2565 1365 Murus
2589 1308 2824 1380 imperii,
2851 1310 3014 1366 timor
3053 1311 3314 1378 hostium,
3351 1311 3646 1384 gloriosum
3690 1329 3817 1370 ser-

2220 1401 2429 1457 vitium.
2453 1429 2525 1441 —-
2544 1399 2612 1455 Α.
2649 1399 2792 1469 Quid
2824 1409 2912 1457 est
2933 1401 3078 1472 quod
3100 1409 3187 1457 est
3211 1410 3268 1457 et
3288 1416 3397 1458 non
3431 1412 3517 1458 est
3550 1404 3573 1458 ?

2289 1490 2356 1549 P.
2385 1491 2549 1549 Nihil.
2581 1523 2656 1535 —
2677 1492 2743 1549 Α.
2776 1491 3057 1561 Quomodo
3113 1501 3296 1565 potest
3334 1509 3460 1552 esse
3489 1502 3547 1551 et
3578 1507 3686 1553 non
3720 1506 3815 1556 est

2220 1583 2377 1660 [ιι.
2410 1583 2557 1657 esse]
2581 1584 2605 1639 ’ἒ
3163 1588 3167 1591 ’

2290 1676 2358 1732 Ρ.
2388 1674 2615 1733 Nomine
2666 1684 2775 1743 est,
2805 1685 2861 1733 et
2885 1691 2947 1733 re
2990 1692 3101 1734 nou
3135 1687 3240 1735 est.
3270 1679 3423 1734 ——A.
3454 1679 3595 1748 Quid
3644 1680 3816 1755 [ιιι.

2218 1767 2375 1842 Quis]
2401 1777 2490 1825 est
2513 1768 2713 1831 tacitus
2735 1770 2967 1827 nuncius
2982 1771 3008 1824 τ

2146 1851 2197 1914 Β
2300 1858 2369 1919 Ρ.
2395 1860 2569 1929 Quem
2594 1876 2759 1916 manu
2788 1870 2967 1917 teneo.
3002 1892 3076 1903 —
3095 1864 3160 1919 Α.
3186 1862 3325 1931 Quid
3354 1874 3507 1922 tenes
3533 1882 3694 1922 manu
3716 1869 3742 1923 Ἰ

2301 1952 2366 2009 Ρ.
2396 1952 2695 2097 [Epistulam
2737 1968 2915 2010 meam
2944 1952 3101 2027 [H.L,
3134 1954 3405 2028 tuam].-—
3439 1956 3504 2012 Α.
3532 1958 3673 2030 Lege
3698 1958 3822 2015 feli-

2301 2060 2389 2097 er.
2455 2044 2511 2097 li.

2227 2044 2389 2109 citer,
2416 2044 2511 2099 fili.

599 2277 629 2307 ο
647 2263 847 2321 Confer
873 2264 1145 2338 Symposii
1178 2263 1435 2336 Enigma
1466 2264 1560 2330 94,
1582 2271 1639 2319 et
1678 2263 1883 2323 Bonav.
1916 2260 2162 2317 Vulcanii

2225 2276 2319 2332 iag.
2347 2258 2471 2314 294.

535 2410 3791 2440 ww

1383 2544 2238 2677 OPUSCULUM
2336 2540 2965 2660 SEXTUM.

862 2761 1028 2852 DE
1100 2758 1512 2856 CUBSU
1585 2760 1739 2849 ET
1796 2755 2176 2845 SALTU
2233 2753 2586 2844 LUNIE
2652 2750 2808 2847 AC
2870 2757 3485 2846 BISSEXTO.

875 2970 1038 3045 355
1062 2966 1381 3026 MONITUM
1418 2965 1777 3023 PREVIUM.

602 3070 686 3129 Cl.
717 3068 1097 3137 Quercetanus
1115 3064 1259 3119 inter
1274 3062 1489 3137 Alcuini
1514 3060 1789 3131 epistolas,
1815 3060 2127 3137 subuenie-

534 3144 616 3200 ris
636 3140 709 3195 25
726 3129 784 3194 Et
801 3135 873 3192 26
894 3138 1029 3192 duas
1055 3136 1275 3190 chartas
1300 3132 1503 3197 retulit,
1529 3129 1683 3201 quas,
1714 3146 1840 3186 cum
1864 3129 2000 3201 nihil
2025 3130 2125 3187 ha-

534 3196 729 3270 bEreut
767 3208 955 3265 formae
1002 3196 1497 3275 epistolaris,_inde
1529 3196 1769 3275 erupere
1810 3213 1865 3256 et
1896 3202 1952 3255 in
1983 3196 2126 3275 hunc

535 3283 716 3339 locum
740 3270 1060 3343 transferre,
1098 3284 1264 3345 atque
1300 3273 1408 3329 illis
1434 3270 1641 3345 libellis
1670 3270 1962 3345 adiungere
2004 3270 2124 3342 pla-

537 3353 671 3425 cuit,
699 3347 1019 3425 qui‘similis
1036 3343 1225 3425 essent
1245 3344 1572 3425 argumenti,
1593 3343 1848 3425 nimirum
1878 3350 2127 3425 astrono-

537 3366 671 3417 cuit,
740 3366 793 3405 ιιι
818 3366 1011 3405 Simius
1036 3366 1220 3402 essent
1245 3366 1572 3414 argumenti,
1593 3366 1848 3399 utuurum
1878 3366 2125 3405 usuum)-

535 3423 686 3479 mici.
699 3366 787 3475 ‘ile
807 3420 955 3475 hisce
974 3418 1180 3473 chartis
1199 3414 1460 3486 Alcuinus
1484 3414 1866 3486 intelligendus
1890 3412 2125 3478 videtur,

534 3495 594 3549 in
631 3489 950 3563 epistola‘85
972 3488 1041 3543 ad
1068 3484 1323 3563 Carolum
1352 3486 1426 3539 ita
1455 3484 1744 3563 scribens:
1780 3503 1799 3536 ‹
1835 3484 2127 3563 Signorum

536 3555 1008 3631 vero'partitiones
1038 3573 1136 3629 per
1164 3558 1360 3631 horas;
1395 3555 1746 3631 etquonnodo
1777 3555 2127 3631 convenirent

535 3624 731 3691 novem
743 3632 892 3686 hora:
916 3624 1133 3684 lunares
1162 3627 1401 3697 quinque
1421 3624 1613 3697 diebus
1639 3626 1909 3681 solaribus
1936 3624 2125 3679 memi-

538 3704 597 3758 ni
632 3718 719 3758 me
742 3702 796 3755 in
818 3701 922 3755 alia
943 3699 1097 3754 vobis
1118 3696 1352 3767 dirigere
1378 3696 1624 3765 cpistola.
1662 3717 1680 3748 ι

610 3772 841 3842 Scripsit
868 3785 1000 3826 vero
1026 3765 1373 3842 Aleuinus‘ad
1396 3767 1645 3842 eumdem
1669 3765 2127 3842 sapientissimum

534 3837 945 3913 regem—plura,
995 3838 1513 3913 quibus___scientiam
1562 3837 1983 3893 astronomicam
2028 3851 2127 3913 pro

536 3907 869 3969 modulo—sui
893 3907 1154 3981 temporis
1184 3909 1454 3981 illustrare
1481 3915 1834 3981 conatusest,
1866 3907 2129 3981 «λψς-ρω-

533 3985 735 4040 rimam
768 3975 1024 4053 partemf
1053 3989 1214 4053 prout
1258 3980 1373 4053 jam
1413 3979 1663 4053 superius
1708 3975 1844 4047 (Col.
1877 3975 2129 4053 847M0-

535 4048 795 4116 tavimus',
852 4048 1159 4120 temporum
1195 4048 1770 4120 hoininquuelapsu
1802 4049 2124 4120 perierunt.

535 4063 795 4116 tarimus,
852 4063 1159 4120 temporum
1196 4063 1770 4131 noxmnumqueolapsu
1819 4063 2124 4171 Perierunt.

534 4123 688 4179 Hanc
717 4133 898 4177 tamen
932 4121 1198 4191 iacturam
1236 4126 1528 4191 evaserunt
1554 4119 1663 4191 bim
1691 4119 1854 4191 bbeli
1883 4118 1948 4191 de
1975 4117 2128 4191 Saltu

535 4194 678 4249 luna:
723 4203 778 4248 et
819 4193 887 4248 de
922 4189 1187 4255 Bissexto,
1238 4190 1331 4259 qui
1375 4204 1496 4244 cum
1532 4190 1777 4244 chartula
1802 4189 2129 4245 Calculatio-

538 4265 624 4320 nis
648 4264 716 4319 de
753 4262 1074 4318 invenienda
1100 4262 1224 4315 luna
1252 4258 1491 4331 paschali
1512 4261 1808 4331 etiamnum
1838 4268 2129 4330 supersunt

537 4343 702 4400 atque
742 4332 1120 4389 custodiuntur
1172 4331 1225 4385 in
1253 4328 1587 4385 bibliotheca
1639 4328 1932 4394 Vaticana}
1989 4346 2126 4400 quos

535 4401 665 4461 inde
713 4404 973 4473 accepiha
1034 4402 1153 4473 virg
1200 4401 1601 4473 eruditissimo,
1641 4414 1815 4473 quem
1840 4401 1953 4473 jam
1994 4402 2124 4456 alibi

535 4475 774 4539 laudavi,
804 4469 870 4528 DZ
910 4471 1072 4527 Petro
1108 4471 1399 4526 Francisco
1443 4469 1721 4542 Fogginio,
1771 4469 2010 4542 ejusdem
2044 4473 2126 4525 bi-

2304 2982 2381 3038 De
2412 2981 2656 3056 Βίαςπο
2676 2983 2883 3056 pariter
2908 2984 3091 3056 pauci:
3119 2983 3244 3041 olim
3289 3003 3345 3041 se
3369 2987 3680 3044 rationalis
3707 3000 3824 3046 tra-

2230 3063 2383 3128 ctare
2415 3054 2647 3128 erupisse
2679 3052 3221 3128 Mwmus__testatur
3265 3056 3321 3113 in
3360 3059 3519 3128 epist.
3563 3059 3684 3127 illo,
3723 3064 3827 3121 ubi

2230 3127 2396 3201 etiam
2422 3126 2716 3201 proﬁtetur
2747 3140 2806 3201 se
2835 3126 2904 3182 ab
2932 3125 3040 3201 illo_
3072 3125 3483 3201 sapientissimo
3508 3145 3634 3201 rege
3666 3125 3686 3182 ὰ
3721 3148 3825 3188 ει-

2228 3195 2521 3267 plorandas
2550 3215 2574 3267 ρ
2610 3197 2883 3267 accepisse
2923 3214 2942 3247 ι
2993 3195 3268 3252 chartulas
3315 3195 3687 3259 calculationis
3734 3202 3822 3259 lu-

2226 3266 2377 3340 naris
2404 3267 2491 3321 vel
2509 3266 2804 3340 bissextilis
2818 3268 3262 3340 prmparationis,
3280 3268 3334 3323 in
3354 3270 3552 3338 quibus
3570 3272 3773 3340 inveni,
3794 3295 3816 3328 ι

2227 3336 2426 3409 inquit,
2463 3355 2482 3388 ‹
2513 3337 2752 3393 rationes
2776 3336 3185 3409 diligentissime
3212 3336 3528 3409 exquisitas,
3562 3336 3820 3401 acutissi-

2225 3422 2313 3482 me
2337 3408 2605 3482 inventas,
2623 3409 2955 3482 nobilissime
2980 3408 3262 3482 prolatas:
3288 3408 3344 3465 et
3366 3413 3509 3482 quod
3537 3429 3660 3482 mea
3685 3415 3821 3471 olim

2225 3477 2442 3533 devotio
2454 3478 2521 3535 de
2535 3479 2781 3535 Bissexto
2792 3477 3266 3549 paucis'inchoavit
3282 3477 3618 3548 ranunculis,
3637 3497 3819 3543 vestra

2227 3549 2573 3621 sagacissima
2613 3550 2885 3621 indagatio
2926 3551 3143 3620 copiose
3188 3551 3496 3620 complevit.
3530 3572 3549 3606 ι
3609 3554 3822 3614 Paucas

2228 3619 2393 3675 hasce
2414 3619 2761 3676 ratiunculas
2773 3623 2829 3676 in
2858 3619 3091 3677 tractatu
3120 3636 3281 3691 quem
3316 3619 3403 3679 hic
3438 3641 3504 3679 ex
3532 3640 3638 3681 ms.
3662 3626 3818 3683 Vati-

2227 3704 2366 3745 cano
2408 3701 2464 3746 et
2508 3693 2577 3746 ad
2622 3691 2785 3747 tinem
2815 3691 2957 3746 illius
2981 3692 3211 3757 edimus,
3241 3694 3506 3750 contineri
3536 3710 3603 3751 eo
3636 3699 3819 3755 minus

2228 3759 2558 3845 dubitamus,
2582 3763 2732 3845 quod
2746 3778 2778 3816 a
2796 3762 2935 3845 style
2951 3762 3324 3845 Alcuininibil
3349 3765 3588 3845 abludat,
3616 3776 3673 3821 et
3691 3785 3819 3845 eum

2228 3833 2485 3909 method‘o
2519 3833 2886 3904 computandi,
2911 3848 3020 3904 quo
3047 3834 3103 3889 in
3131 3833 3251 3889 aliis
3274 3850 3405 3890 usus
3431 3844 3537 3896 est.
3569 3839 3819 3909 apprime

2229 3904 2537 3958 conveniat.

2301 3972 2453 4028 Haud
2470 3972 2857 4049 displicebant,
2900 3989 3057 4049 reor,
3072 3974 3284 4049 erudito
3308 3975 3517 4043 lectori,
3545 3993 3667 4049 qua:
3689 3981 3817 4049 qui-

2229 4042 2352 4096 dam
2390 4042 2654 4099 sodalium
2697 4054 3008 4100 nostrorum
3045 4047 3100 4101 in
3137 4048 3325 4103 ambas
3354 4042 3817 4106 commentatum-

2229 4113 2380 4169 culas
2416 4115 2631 4171 Alcuiui
2673 4115 2740 4170 de
2768 4115 2921 4170 Saltu
2952 4115 3093 4171 inme
3132 4125 3186 4171 et
3212 4116 3459 4173 Bissexto
3486 4119 3813 4183 observavit.

2228 4191 2285 4237 et
2302 4199 2403 4259 pro
2440 4189 2722 4259 utriusque
2754 4186 3112 4259 illustratione
3134 4195 3189 4241 et
3214 4188 3547 4245 correctione
3574 4189 3773 4259 adjecit
3799 4210 3814 4246 :

2234 4273 2253 4303 ι
2284 4254 2759 4329 Attentuslector,
2788 4258 2984 4329 inquit,
3009 4258 3064 4313 id
3092 4259 3390 4329 generatim
3428 4254 3670 4316 advertet
3697 4277 3816 4317 om-

2227 4338 2326 4379 nes
2354 4325 2565 4381 Alcuini
2597 4327 2665 4383 de
2710 4325 2880 4385 Salui
2907 4328 3048 4383 lunae
3077 4325 3459 4385 c‘alculatioues
3484 4331 3555 4386 ad
3580 4331 3684 4388 hoc
3709 4332 3820 4391 tale

2226 4396 2505 4471 problema
2532 4396 2714 4471 reduci
2751 4414 2931 4468 posse,
2954 4400 3244 4471 quomodo,
3274 4414 3466 4471 nempe
3489 4402 3617 4456 dato
3640 4401 3818 4460 incre-

2226 4414 2505 4466 prouiema
2532 4414 2714 4453 reduci
2751 4414 2931 4468 posse,
2954 4414 3244 4523 quomouo,
3274 4414 3466 4471 nempe
3489 4414 3617 4456 nato
3640 4418 3815 4460 incre-

2226 4474 2412 4542 mento
2444 4466 2618 4542 lunari
2647 4468 2873 4542 diurno,
2903 4484 2969 4542 ve
3013 4479 3319 4542 menstrup,
3351 4472 3434 4525 vel
3467 4487 3667 4538 annuo,
3706 4472 3815 4528 cal-

534 4537 817 4601 bliotbecte
843 4543 1125 4599 ditissima}
1150 4537 1776 4613 solertissimokcustode.
1803 4537 2119 4613 Exstanthi
2153 4539 2205 4599 ι)
2228 4537 2349 4613 culo
2390 4538 2730 4613 eruimpossit
2773 4540 2889 4613 dies
2933 4540 3162 4610 integra,
3207 4537 3549 4613 qtizeﬂsaltus
3591 4537 3814 4612 dicitur,

535 4615 703 4671 libelli
734 4614 931 4669 ibidem
969 4614 1111 4667 inter
1150 4628 1281 4667 mss.
1329 4611 1462 4681 Reg.
1497 4611 1657 4666 Suec.
1688 4612 1789 4681 sub
1817 4628 1963 4665 num.
1993 4612 2119 4679 2‘26,

536 4684 629 4741 fol.
656 4684 744 4749 l8,
773 4694 827 4739 et
857 4686 911 4738 in
941 4684 1062 4737 cod.
1094 4699 1194 4736 ms.
1226 4682 1489 4748 Palatino,
1515 4698 1664 4734 num.
1695 4680 1854 4746 1449,
1879 4682 1970 4736 fol.
1996 4683 2055 4736 ll
2090 4699 2123 4739 a

536 4765 707 4827 tergo.
748 4754 1091 4827 Nequevero
1134 4754 1401 4827 ullatenus
1433 4753 1634 4811 dubito,
1668 4752 1878 4827 libellos
1905 4754 2124 4827 eusdem

538 4823 663 4882 vere
698 4826 765 4880 ad
806 4824 1092 4879 Alcuinum
1134 4826 1421 4893 pertinere.
1453 4824 1747 4892 cumquod
1782 4823 1857 4877 illi
1883 4825 2125 4878 tribuan-

536 4906 628 4976 t_u_r
666 4897 719 4976 in
756 4896 876 4976 illis"
905 4895 1181 4949 codicibus
1230 4894 1587 4976 perantiquis,
1668 4903 1781 4976 tum
1823 4895 1964 4976 quod

533 4966 795 5022 Alcuinus
825 4965 944 5021 illos
981 4963 1242 5033 tanquam
1287 4964 1367 5019 sui
1399 4963 1599 5017 laboris
1626 4974 1817 5033 partus
1842 4963 2125 5034 indigitare

537 5039 783 5092 videatur
809 5036 863 5089 in
887 5037 1129 5107 epistulis
1150 5036 1219 5088 8’2
1242 5045 1299 5089 et
1322 5034 1443 5107 100.
1468 5034 1522 5087 1η
1550 5035 1718 5103 priori
1743 5034 1817 5087 ita
1844 5033 2079 5107 loquitur
2107 5053 2118 5088 :

540 5126 561 5158 σ
601 5108 672 5166 Ut
698 5108 764 5163 ad
815 5104 1071 5175 inquisita
1125 5104 1384 5160 chartuhc
1430 5116 1621 5159 vestrae
1678 5105 2119 5173 reSpundeam....

574 5194 706 5233 auca
754 5177 821 5230 de
852 5177 1063 5231 ratione
1098 5176 1378 5245 multiplici
1409 5176 1579 5228 saltus
1606 5175 1873 5243 subjicere
1898 5178 2118 5230 curabo.

574 5194 706 5233 auca
754 5193 821 5230 ue
852 5193 1063 5231 ratione
1098 5193 1378 5245 muiupnci
1409 5193 1579 5228 sanus
1606 5193 1873 5243 διιιῃιυεΐθ
1898 5193 2118 5230 curano.

534 5193 778 5302 grimum
806 5262 1003 5316 ponam
1043 5251 1187 5317 quod
1216 5247 1268 5299 in
1306 5246 1586 5299 doctorum
1616 5246 1779 5317 didici
1822 5246 1991 5317 libris.
2023 5245 2124 5301 Se-

533 5316 734 5381 cundo,
762 5315 904 5385 quod
936 5315 1142 5371 ratione
1167 5317 1425 5370 suadente
1453 5316 1778 5385 investigare
1800 5315 1961 5368 valui.
1993 5317 2124 5371 Ter-

535 5388 633 5449 tio,
678 5390 822 5456 quod
854 5403 922 5443 ex
955 5388 1334 5441 mathematica
1383 5388 1654 5455 quondam
1707 5387 1890 5456 audita
1936 5388 2123 5441 memi—

535 5455 867 5527 nisse’potui
922 5458 1223 5527 disciplina.
1262 5477 1280 5508 ι
1318 5458 1382 5509 Et
1427 5456 1585 5524 paulo
1625 5455 1869 5527 inferius
1911 5475 1921 5508 :
1957 5476 1975 5507 ς
2018 5458 2124 5511 llas

537 5525 912 5600 vero‘funai‘is
940 5525 1109 5600 saltus
1151 5529 1559 5600 supputationes
1589 5525 2031 5600 aliquas,_[quas]
2068 5529 2123 5581 in

537 5595 760 5669 alterius
799 5597 1056 5669 chartulae
1085 5595 1340 5669 [paginis]
1372 5598 1625 5652 distincte
1664 5595 1868 5661 notavi,
1900 5606 1959 5651 ut
1985 5595 2126 5669 prae-

537 5666 667 5727 dixi,
697 5681 764 5721 ex
806 5668 1035 5723 lectione
1064 5666 1412 5736 paternorum
1439 5682 1694 5722 sensuum
1729 5669 1921 5737 scripsi
1946 5685 1959 5725 :
1985 5666 2125 5723 alias

537 5753 602 5793 cx
634 5739 859 5791 rationis
904 5738 1213 5807 conjectura
1258 5738 1609 5808 investigavi;
1641 5738 1774 5791 alias
1816 5754 1883 5791 ex
1915 5741 2126 5797 mathe-

541 5808 862 5865 maticorum
892 5810 1057 5864 variis
1084 5809 1551 5879 supputationibus
1587 5808 1794 5877 collegi.
1828 5829 1845 5859 ›

2226 4606 2412 4677 elapso
2442 4606 2646 4681 scilicet
2681 4610 2832 4681 cyclo
2860 4606 3298 4666 decenriovcndli.
3338 4612 3432 4666 Vel
3465 4614 3723 4668 vicissim.
3755 4606 3815 4671 Id

2224 4687 2405 4752 autem
2444 4680 2723 4735 Alcuinus’
2755 4682 2809 4736 in
2845 4682 3074 4737 diversis
3127 4681 3514 4751 liypothesibus
3567 4685 3812 4752 resolvit,

2224 4765 2369 4804 nunc
2389 4749 2784 4806 incrementum
2810 4762 3145 4807 menstruum
3168 4749 3417 4821 ponendo
3437 4765 3674 4820 quatuor
3699 4749 3814 4811 mo;

2224 4830 2534 4896 mentorum
2570 4831 2625 4878 et
2649 4821 2982 4896 duodecima:
3026 4823 3194 4893 partis
3221 4826 3500 4896 momenti,
3545 4842 3610 4880 ac
3646 4828 3810 4896 quin—

2224 4894 2533 4964 gentesima:
2555 4894 2905 4962 sexagesima:
2920 4902 3126 4964 quarta:
3152 4894 3322 4964 partis
3348 4897 3629 4962 mulcati,
3655 4894 3815 4953 idest

2226 4963 2430 5028 atomi;
2478 4979 2622 5019 nunc
2662 4972 2898 5034 quatuor
2940 4963 3344 5037 momentorum
3369 4974 3424 5020 et
3454 4968 3808 5037 quadraginta

2223 5039 2348 5107 octo
2381 5044 2702 5107 atomorum,
2727 5043 2870 5107 etc.;
2895 5038 3052 5107 modo
3094 5034 3425 5090 incrementa
3461 5034 3813 5107 supponendo

2224 5102 2279 5156 in
2318 5106 2594 5174 temporis,
2634 5106 2793 5160 modo
2830 5106 2883 5159 in
2927 5106 3221 5175 eccliptiea:
3247 5107 3494 5175 partibus
3521 5102 3666 5161 data.
3700 5107 3813 5163 Hoc

2224 5187 2354 5247 vero
2366 5177 2446 5247 vel
2461 5175 2651 5230 calculi
2665 5176 2906 5247 variandi
2924 5178 3114 5244 gratia,
3135 5175 3219 5230 vel
3240 5177 3383 5247 quod
3406 5179 3575 5247 magis
3586 5178 3809 5245 arridet,

2224 5242 2449 5300 docendi
2478 5262 2640 5300 causa
2664 5245 2859 5301 fecisse
2884 5242 3187 5302 censendus
3210 5242 3311 5301 est.
3340 5246 3411 5301 Ut
3437 5242 3581 5303 enim
3608 5263 3731 5303 cum
3755 5242 3811 5304 in

2225 5314 2409 5368 schola
2444 5317 2629 5385 palatii
2675 5318 3061 5372 astronomiam
3090 5318 3339 5371 docuisse
3368 5328 3577 5372 certum
3605 5327 3707 5381 est,
3737 5320 3809 5373 ita

2223 5392 2279 5465 et
2305 5400 2400 5453 pro
2423 5389 2637 5442 diversa
2665 5387 3050 5458 discipulorum
3086 5390 3384 5458 capacitate
3409 5388 3652 5443 diversas
3672 5389 3810 5445 inire

2225 5468 2339 5510 vnas
2365 5467 2585 5512 coactus
2604 5468 2742 5512 erat.

2299 5545 2336 5600 ί-
2364 5525 2480 5600 Non
2506 5528 2700 5583 minori
2730 5529 3118 5600 perspicuitate
3138 5527 3206 5582 de
3236 5527 3483 5582 Bissexto
3537 5538 3666 5600 agit,
3734 5544 3801 5584 ac

2224 5597 2523 5672 problems,
2552 5608 2714 5669 prout
2732 5597 2945 5672 ibidem
2967 5600 3036 5653 ab
3061 5599 3286 5654 Alcuino
3301 5597 3651 5672 proponitur,
3681 5615 3807 5672 cap-

2226 5674 2281 5739 tu
2310 5668 2623 5723 tacillirndm
2655 5678 2757 5725 est.
2788 5669 3045 5725 Duriores
3078 5685 3208 5724 vero
3233 5668 3564 5724 calculorum
3618 5668 3805 5739 spinas

2224 5734 2414 5792 Davidi
2446 5754 2545 5801 suo
2570 5741 2673 5799 hac
2701 5741 2758 5795 in
2782 5741 3012 5796 materie
3038 5741 3358 5800 reservavit,
3386 5748 3446 5792 ut
3478 5734 3665 5793 videre
3719 5749 3807 5796 est

2226 5807 2278 5861 in
2306 5810 2463 5879 epist.
2520 5809 2610 5875 83,
2648 5826 2757 5880 quo
2786 5826 2910 5866 cum
2958 5820 3013 5865 et
3060 5811 3192 5865 alias
3244 5810 3441 5880 sacpius
3485 5808 3805 5881 fuiiginosas
