4090 6514
614 388 719 442 983

1429 371 1491 428 Β.
1528 372 1591 428 F.
1628 367 1854 427 ALBll‘il
1892 366 2026 423 SEU
2065 356 2343 419 ALCUINI
2380 356 2668 415 OPERUM
2707 351 2884 408 PARS
2923 350 3032 408 VII.

3773 337 3897 398 984

612 501 866 570 diturque
920 496 976 554 in
1006 492 1193 550 Pisces
1231 490 1522 546 inchoante
1561 487 1706 541 bissc
1746 485 1895 539 hora:
1944 476 2192 535 secunda:
2221 478 2269 538 Δ
2293 473 2545 545 quodque
2592 473 2808 542 signum
2845 485 2883 524 ιι
2917 468 3125 532 diebus,
3170 480 3224 520 vi
3264 461 3445 570 horis:
3470 473 3536 516 ac
3553 456 3698 516 hisse
3717 459 3897 513 unius

613 596 791 652 noctis
816 592 991 664 pridie
1033 589 1112 645 Id.
1144 583 1342 657 April.,
1390 593 1449 639 et
1487 588 1768 638 remanent
1810 578 1876 633 de
1912 574 2087 647 pridie
2113 571 2190 628 1d.

613 686 789 758 April.
815 687 962 740 hora:
999 699 1137 739 ιιιι.
1181 681 1292 735 Has
1319 679 1454 736 adde
1480 677 1550 731 ad
1579 675 1734 740 ldus,
1784 678 1839 727 et
1866 676 2027 724 erunt
2049 669 2198 722 home

618 794 766 833 vat.
828 775 924 831 His
971 775 1107 830 adde
1136 783 1257 829 octo
1293 773 1457 827 horas
1493 784 1560 825 ex
1587 783 1720 823 xvul
1768 762 1886 820 Kal.
1933 760 2087 824 Maii,
2145 767 2205 813 et

616 869 847 926 habebis
876 869 1039 922 horas
1082 882 1220 921 um.
1300 863 1397 917 llis
1422 875 1554 916 vero
1595 855 1920 928 computatis
1961 850 2203 906 invenies

620 975 652 1014 a
677 974 746 1013 xv
772 956 887 1012 Kal.
922 954 1125 1026 April.,
1153 954 1294 1009 unde
1322 952 1654 1023 crepidinem
1681 944 2085 1002 construximus
2107 942 2205 994 hu-

615 1051 715 1123 jus
736 1050 1109 1107 calculationis
1137 1062 1282 1101 xxvu
1313 1045 1428 1100 dies
1457 1057 1627 1112 usque
1654 1040 1708 1095 in
1736 1053 1869 1094 xviu
1903 1035 2022 1090 Kal.
2041 1031 2202 1097 Maii;

623 1143 687 1197 in
711 1142 869 1214 cujus
883 1141 990 1195 diei
1016 1146 1228 1194 noctem
1263 1152 1362 1191 vin
1397 1136 1548 1192 horae
1575 1133 1891 1188 decurrunt.
1930 1128 1991 1183 In
2011 1124 2207 1196 quibus

626 1250 777 1290 xxvu
805 1234 995 1290 diebus
1034 1240 1090 1288 et
1133 1247 1228 1285 vur
1256 1230 1407 1285 horis
1445 1227 1599 1283 Luna
1626 1241 1705 1280 xu
1732 1225 1886 1295 signa
1915 1219 2203 1292 pervolat;

628 1329 897 1384 habentur
911 1328 1062 1384 horae
1086 1342 1235 1380 xxvu
1271 1325 1504 1391 dierum,
1535 1322 1679 1392 quod
1704 1327 1830 1376 sunt
1852 1319 2001 1373 hora:
2028 1329 2206 1376 sem.

626 1418 990 1491 superadditis
1013 1435 1108 1474 vui
1138 1418 1305 1474 horis.

704 1513 764 1568 Si
784 1528 914 1569 vero
935 1512 1016 1567 vis
1034 1511 1101 1566 ad
1122 1527 1222 1566 xm
1238 1510 1450 1581 signum
1465 1508 1674 1563 lunaris
1699 1519 1892 1563 cursus
1902 1502 2211 1575 pervenire,

2298 566 2468 623 horae.
2506 561 2940 633 Unumquodque
2960 573 3092 614 vero
3117 557 3329 627 signum
3347 553 3512 609 habet
3537 567 3642 607 xxx
3669 563 3892 623 partes.

2299 655 2360 713 Si
2387 670 2515 728 ergo
2545 657 2625 710 vis
2648 655 2809 719 scire,
2837 660 3101 723 quantum
3127 648 3361 718 spatium
3394 646 3520 699 luna
3553 650 3801 698 moretur
3827 642 3896 698 in

2299 763 2410 802 una
2434 747 2676 817 qualibet
2719 745 2785 799 de
2814 759 2920 799 xxx
2949 742 3191 813 partibus
3213 780 3227 803 ,
3275 752 3428 794 sume
3454 738 3620 793 horas
3649 736 3898 792 duorum

2301 840 2550 904 dierum,
2592 854 2714 910 qua:
2756 847 2882 894 sunt
2927 851 3117 891 xcvm.
3172 831 3324 888 Adde
3361 832 3447 887 his
3478 847 3532 886 vt
3559 831 3725 886 horas
3757 844 3900 887 cum

2301 932 2470 998 bisse,
2495 931 2634 986 ﬁunt
2659 945 2775 985 um
2807 929 2971 988 horae,
3011 925 3208 997 quibus
3231 923 3358 978 luna
3386 928 3632 977 moratur
3657 923 3711 975 in
3740 936 3895 977 uno-

2303 1033 2521 1090 quoque
2561 1019 2735 1089 signo.
2793 1015 2906 1071 Has
2931 1030 3048 1070 ι.ιιιι
3081 1013 3244 1067 horas
3289 1011 3550 1068 distribue
3592 1011 3902 1080 unicuique

2303 1112 2446 1183 parti
2486 1126 2584 1182 per
2609 1123 2794 1181 aequas
2825 1107 3140 1177 portiones,
3187 1103 3324 1158 dans
3363 1102 3611 1158 videlicet
3658 1101 3902 1173 singulis

2306 1205 2553 1276 partibus
2595 1200 2838 1273 singulas
2885 1201 3083 1261 horas;
3115 1205 3173 1253 et
3211 1197 3569 1252 remanebunt
3595 1195 3695 1250 tibi
3723 1193 3899 1250 ιιὶιιι

2307 1299 2476 1353 horae.
2542 1295 2651 1350 llas
2697 1292 2992 1364 multiplica
3035 1306 3135 1361 per
3177 1296 3407 1359 punctos
3443 1285 3609 1358 358
3652 1302 3718 1342 ea
3747 1287 3898 1359 lege,

2307 1407 2417 1462 qua
2461 1392 2596 1445 hora
2639 1387 2841 1443 habeat
2870 1385 3108 1457 quinque
3148 1392 3400 1453 punctos,
3449 1388 3509 1433 et
3548 1379 3685 1434 tiunt
3702 1381 3902 1450 puncti

2309 1496 2434 1538 cxx.
2477 1477 2588 1534 Hos
2614 1477 2825 1550 partire
2847 1490 2946 1546 per
2975 1488 3110 1542 xxx,
3133 1479 3368 1545 quatuor
3391 1470 3666 1536 invenies;
3690 1470 3757 1526 da
3777 1470 3908 1526 uui-

632 1616 884 1678 computa
903 1624 935 1663 a
959 1623 1014 1662 ιι
1041 1608 1174 1662 hora
1203 1606 1379 1662 noctis
1402 1619 1534 1658 xviu
1561 1600 1678 1657 Kal.
1699 1641 1714 1666 ,
1747 1600 1801 1654 in
1827 1611 1989 1667 quam
2019 1596 2213 1650 horam

2318 1574 2507 1645 cuique
2551 1573 2697 1642 parti
2739 1578 2970 1643 punctos
2997 1584 3103 1634 un,
3142 1576 3200 1623 et
3236 1566 3535 1621 remanebit
3556 1564 3718 1623 bi‘sse.
3779 1566 3906 1622 Hoc

629 1716 710 1763 xu
734 1657 886 1770 signa
911 1705 1294 1770 pervenerunt.
1349 1694 1611 1765 Computa
1654 1691 1779 1747 inde
1815 1657 1934 1745 Liui
1972 1689 2137 1742 horas
2159 1690 2215 1738 et

2318 1667 2517 1737 partire
2537 1681 2633 1736 per
2651 1681 2721 1720 ιι.
2741 1670 2977 1727 ostenta,
3023 1660 3149 1734 quia
3161 1659 3321 1731 plena
3341 1659 3474 1714 hora
3502 1675 3533 1714 ι.
3563 1657 3772 1731 [ποι-ιε,
3797 1657 3902 1730 ιι]

633 1793 808 1858 bisse;
837 1807 1066 1862 quarum
1102 1789 1269 1846 habes
1299 1802 1387 1843 xvi
1415 1803 1482 1843 ex
1517 1799 1653 1840 xvm
1699 1782 1818 1838 Kal.

632 1883 911 1954 sequentis
931 1881 1068 1946 diei,
1101 1880 1154 1936 id
1183 1887 1296 1945 est,
1327 1894 1436 1933 xvu
1466 1876 1584 1932 Kal.
1618 1883 1674 1929 et
1702 1873 1840 1928 ﬁunt
1862 1873 2011 1926 horas
2036 1885 2128 1933 ιι,
2154 1874 2212 1921 et

635 1973 861 2030 habebis
903 1972 1019 2029 dies
1057 1986 1189 2026 ccxv
1232 1968 1349 2024 Kal.
1384 1983 1511 2024 xxix
1547 1963 1759 2038 [Forte,
1781 1970 1838 2017 et
1857 1959 2081 2018 habebis
2099 1971 2211 2012 xvu

637 2063 755 2120 Kal.
793 2065 909 2120 dies
944 2061 1120 2135 xxix].
1161 2061 1311 2116 Adde
1344 2061 1432 2115 his
1473 2074 1548 2113 ιιι
1579 2057 1741 2111 horas
1785 2052 2074 2124 trigesima;
2108 2064 2209 2103 no-

633 2155 760 2219 ctis,
789 2170 910 2223 qua:
942 2152 1188 2224 pervenit
1219 2151 1274 2206 in
1321 2165 1410 2204 xvi
1444 2146 1563 2203 Kal.
1597 2153 1652 2202 et
1675 2143 1902 2200 habebis
1925 2143 2091 2197 horas
2114 2155 2214 2194 xm

1872 1779 2024 1836 Adde
2049 1778 2211 1832 horas
2245 1823 2286 1836 _
2314 1757 2479 1813 habet
2505 1765 2740 1823 ostenta,
2784 1764 2842 1810 et
2863 1755 3011 1811 bisse
3032 1755 3152 1809 dum
3175 1761 3361 1823 partes
3382 1759 3509 1808 sunt
3523 1751 3684 1808 unius
3707 1752 3904 1820 hora;

2242 1823 2288 1885 Β
2314 1848 2456 1916 ideo,
2486 1856 2550 1904 ut
2576 1848 2708 1914 dixi,
2750 1863 2818 1902 ιι.
2854 1853 3068 1902 ostenta
3097 1843 3337 1900 efﬁciunt
3361 1844 3508 1900 bisse
3536 1844 3696 1899 unius
3722 1843 3906 1900 horae.

2313 1941 2391 1997 Da
2411 1940 2623 2012 singula
2666 1946 2883 1995 ostenta
2931 1934 3160 2007 singulis
3180 1933 3446 2004 partibus,
3481 1941 3541 1989 et
3557 1941 3846 1990 remanent
3871 1949 3911 1988 x

2312 2040 2548 2090 ostenta.
2587 2032 2713 2088 ηεαδ
2738 2028 3036 2100 multiplica
3058 2042 3153 2097 per
3177 2027 3309 2093 tria,
3349 2035 3408 2083 et
3433 2026 3571 2081 liunt
3595 2042 3704 2081 xxx
3729 2032 3789 2081 et
3813 2025 3916 2080 vi-

2317 2125 2492 2190 debis,
2525 2123 2669 2195 quod
2706 2123 2833 2178 luna
2879 2123 2935 2178 in
2981 2121 3158 2192 spatio
3186 2121 3348 2176 unius
3383 2120 3535 2175 hora:
3562 2128 3619 2175 et
3641 2135 3721 2174 ιιιι
3759 2135 3919 2191 pun-

633 2212 778 2315 signa
807 2212 1012 2314 plena-rs.
1051 2241 1110 2296 In
1131 2256 1234 2311 qua
1264 2241 1401 2294 hora
1444 2253 1521 2291 xu
1568 2235 1744 2291 noctis
1783 2232 1941 2303 plena
1970 2229 2220 2300 pervenit
2316 2226 2528 2273 ctorum
2552 2223 2607 2271 et
2634 2215 2798 2270 unius
2820 2212 3044 2278 ostenti,
3069 2222 3123 2269 et
3144 2214 3319 2267 tertiae
3341 2213 3514 2282 partis
3534 2212 3695 2266 unius
3713 2218 3920 2266 osten-

638 2337 708 2393 ad
735 2337 937 2393 coitum
977 2335 1107 2391 solis
1128 2374 1142 2398 ,
1186 2336 1238 2388 in
1269 2349 1377 2403 quo
1400 2330 1535 2385 duas
1567 2330 1734 2384 horas
1754 2369 1770 2393 ,
1799 2335 1860 2381 ut
1893 2324 2215 2388 aestimatur,

2319 2310 2360 2366 ti
2389 2317 2601 2365 tantum
2619 2322 2810 2362 cursus
2831 2305 3072 2377 peragit,
3093 2312 3359 2374 quantum
3389 2302 3469 2357 sol
3491 2301 3546 2357 in
3574 2317 3731 2357 xxun
3751 2301 3925 2357 horia

635 2438 908 2485 versatur.
960 2427 1032 2483 Et
1067 2393 1465 2495 videbis-quod
1511 2422 1678 2477 altera
1725 2418 1968 2475 incensio
2005 2431 2221 2486 semper

2319 2408 2375 2456 et
2399 2413 2508 2456 xxx
2534 2407 2592 2454 et
2614 2413 2724 2453 uno
2755 2394 2962 2469 [Forte,
2994 2411 3066 2452 xx
3089 2403 3148 2453 et
3181 2393 3313 2466 uno]
3340 2394 3591 2450 ostentis.

638 2521 746 2575 erit
766 2526 891 2590 post
916 2534 993 2574 ιιι
1018 2519 1137 2574 hor.
1168 2516 1304 2572 Nam
1329 2516 1503 2587 prima
1536 2510 1694 2581 hujus
1715 2508 2116 2580 supputationis
2137 2521 2224 2562 re-

639 2611 766 2682 gula
794 2627 825 2665 a
856 2609 1168 2681 vespertina
1191 2609 1328 2664 hora
1352 2608 1407 2662 in
1429 2606 1617 2662 Ariete
1640 2601 1954 2672 incipiebat,
1983 2607 2040 2654 et
2063 2597 2223 2653 modo

641 2701 700 2755 in
755 2701 1077 2757 matutinam
1129 2700 1319 2754 horam
1360 2697 1467 2753 diei
1510 2693 1762 2768 pervenit
1800 2691 2038 2748 secunda
2084 2689 2226 2754 vice,

639 2789 827 2846 Ariete
853 2795 1075 2861 peracto
1099 2796 1154 2843 et
1177 2787 1360 2843 Tauro
1385 2785 1694 2857 incipiente.

2719 2512 2746 2552 δ
2782 2511 2889 2570 DE
2931 2508 3185 2572 SALTU
3227 2505 3487 2570 LUNE.

2763 2616 3128 2675 PROBLEHA
3168 2616 3460 2675 PRIMUM.

2394 2713 2472 2770 De
2491 2711 2635 2770 saltu
2658 2711 2799 2768 lunae
2838 2725 3013 2783 pauca
3045 2710 3308 2765 dicamus.
3356 2708 3434 2763 De
3472 2707 3576 2763 hoc
3596 2705 3734 2763 saltu
3766 2706 3926 2764 luna

2318 2806 2557 2878 primum
2579 2802 3024 2875 interrogandum
3051 2808 3158 2867 est,
3187 2800 3280 2856 ubi
3310 2800 3366 2855 in
3396 2800 3679 2870 Scriptura
3707 2798 3776 2855 de
3797 2799 3921 2854 sal-

711 2880 917 2937 Novem
968 2881 1149 2952 horas,
1195 2879 1270 2936 ait
1317 2877 1546 2945 Plinius,
1589 2877 1648 2933 in
1689 2877 1814 2932 luna
1852 2889 1954 2947 pro
1987 2874 2230 2946 quinque

2321 2874 2384 2954 tu
2421 2896 2570 2954 lunas
2607 2874 3107 2952 commemoratur?
3153 2890 3262 2947 Ant
3283 2905 3453 2963 quam
3482 2890 3652 2946 saltus
3676 2891 3919 2956 dicitur;

642 2972 835 3030 diebus
861 2972 1204 3044 computatis,
1252 2971 1305 3026 iu
1334 2978 1459 3036 est,
1512 2978 1721 3025 tantum
1761 2965 1974 3023 itineris
2015 2964 2230 3038 peragit

643 3065 774 3119 luna
796 3066 860 3119 in.
902 3079 961 3120 ιι
1012 3064 1164 3119 horis
1185 3103 1204 3128 ,
1247 3069 1508 3133 quantum
1538 3059 1619 3116 sol
1651 3059 1710 3115 in
1744 3059 1986 3129 quinque
2014 3055 2225 3113 diebus.

2324 2993 2382 3042 et
2408 2986 2464 3041 in
2502 2999 2612 3054 quo
2637 2984 2779 3052 loco,
2808 2990 2866 3041 et
2890 2984 2946 3039 in
2969 2995 3080 3054 quo
3098 2983 3187 3037 die
3214 2979 3463 3037 datarum
3506 2981 3563 3038 in
3587 2996 3730 3036 anno
3750 2980 3924 3036 debet

2328 3079 2448 3136 ﬁeri
2467 3079 2493 3132 ἲ
2533 3077 2599 3133 Ει
2623 3093 2720 3151 per
2742 3083 2876 3148 quot
2894 3089 3066 3134 annos
3087 3073 3259 3131 saluts
3288 3073 3429 3129 luna
3449 3072 3823 3145 praeparatur?
3846 3071 3928 3126 Et

644 3155 874 3227 Signum
896 3154 1060 3210 habet
1078 3153 1498 3224 unumquodque
1522 3167 1633 3208 xxx
1655 3159 1840 3222 partes
1865 3169 1880 3205 :
1903 3150 1961 3205 in
1981 3161 2228 3218 unoquo-

2329 3169 2601 3242 quomodo
2623 3150 2824 3227 crescit
2847 3209 2864 3236 ,
2909 3174 2967 3224 et
3009 3175 3247 3238 quantus
3289 3165 3345 3221 in
3378 3178 3704 3235 unoquoque
3735 3178 3920 3230 anno,

642 3260 755 3316 que
794 3246 951 3317 signo
977 3244 1103 3300 luna
1131 3252 1384 3301 versatur
1412 3259 1530 3300 unt
1569 3241 1722 3299 horis
1765 3256 1889 3298 cum
1929 3240 2074 3298 bisne
2106 3255 2227 3295 suo.

647 3335 862 3393 Partire
907 3352 1025 3392 ιιιιι
1078 3336 1244 3390 horas
1287 3335 1343 3390 in
1383 3350 1464 3400 ιι,
1509 3341 1566 3390 et
1594 3333 1835 3391 invenies
1878 3348 1974 3389 sex
2021 3332 2227 3388 novies.

585 3487 587 3489 .
649 3431 782 3485 lteni
800 3427 879 3484 sol
902 3435 1148 3483 moratur
1173 3426 1227 3481 in
1251 3439 1575 3496 unoquoque
1615 3427 1770 3496 signo
1802 3438 1911 3478 ιιι
1953 3422 2067 3478 dies
2103 3431 2160 3478 et
2197 3439 2234 3478 x

650 3524 817 3579 semis
839 3523 1023 3578 horae:
1056 3521 1270 3576 Partire
1295 3535 1399 3574 xxx
1428 3534 1526 3588 per
1546 3535 1600 3584 v,
1626 3526 1681 3573 et
1699 3516 1939 3572 invenies
1963 3531 2058 3570 sex
2077 3516 2235 3584 quin-

651 3617 809 3687 quies
837 3617 892 3671 in
916 3630 1054 3677 xxx;
1082 3622 1139 3669 et
1163 3619 1374 3667 sextam
1400 3619 1608 3683 partem
1654 3608 1794 3680 signi
1823 3606 2112 3678 cujuslibet
2153 3607 2234 3662 sol

654 3708 859 3778 peragit
881 3706 936 3759 in
978 3721 1012 3758 v
1054 3705 1244 3760 diebus
1265 3744 1282 3769 ,
1326 3701 1456 3756 dum
1475 3700 1601 3755 luna
1627 3706 1836 3754 sextam
1861 3706 2072 3767 partem
2093 3696 2234 3767 signi

2331 3268 2386 3319 et
2413 3263 2470 3318 iu
2495 3276 2825 3332 unoquoque
2864 3271 3049 3315 mense
3069 3301 3083 3322 ,
3127 3257 3438 3330 diligentius
3482 3257 3925 3329 investigandum

2330 3363 2435 3419 est,
2465 3360 2524 3408 et
2552 3351 2812 3423 exemplis
2834 3351 3173 3424 probandum

2400 3443 2478 3500 De
2515 3443 2657 3500 saltu
2700 3441 2843 3501 luna
2887 3440 3178 3512 Dionysius
3214 3443 3610 3495 commemorat
3635 3435 3866 3494 dicen"
3902 3450 3924 3492 :

2339 3557 2358 3590 ι
2387 3537 2621 3594 Ultimus
2646 3552 2821 3593 annus
2846 3532 3298 3591 deeennovenalis
3318 3531 3458 3603 cyeli
3499 3538 3720 3603 epactas
3759 3527 3923 3602 [Νι.

2331 3637 2569 3699 tepactas
2594 3629 2670 3685 ita
2695 3625 2942 3700 semper],
2980 3626 3033 3683 id
3061 3631 3166 3691 est,
3191 3624 3521 3696 adiectiones
3540 3622 3759 3679 lunares
3779 3635 3920 3678 xviu

2333 3731 2462 3777 tunc
2483 3720 2678 3777 retinet
2731 3717 2886 3791 [Hs.,
2937 3715 3226 3787 retinens],
3276 3715 3453 3786 primo
3501 3729 3644 3770 anno
3699 3727 3803 3769 non
3850 3727 3912 3766 ιι

655 3798 710 3851 ίη
742 3813 798 3852 ¹¹
830 3796 979 3851 horis
1003 3794 1251 3865 Ρθηῧίίτ
1284 3806 1476 3848 novem
1513 3804 1648 3846 “3'0
1686 3788 1877 3844 diebus
1909 3803 2012 3876 ⁸³³
2054 3795 2237 3856 Pam”
2334 3812 2472 3876 dies,
2497 3819 2557 3866 ut
2585 3813 2639 3865 in
2660 3788 2873 3866 ceteris
2899 3808 3056 3864 annis
3087 3808 3247 3873 solet,
3274 3806 3369 3862 sed
3393 3822 3470 3862 xu
3485 3806 3603 3862 dies
3616 3817 3924 3861 accommo-

652 3888 900 3961 peragit;
932 3887 1061 3940 item
1096 3899 1151 3939 ιι
1172 3884 1364 3938 diebus
1409 3896 1511 3936 cxx
1529 3921 1547 3944 ,
1565 3889 1628 3936 et
1648 3880 1780 3934 item
1809 3894 1862 3932 ιι
1893 3875 2084 3932 diebus
2105 3889 2233 3941 cxx,

654 3977 801 4050 quod
849 3985 975 4031 sunt
1014 3991 1162 4028 xxvu
1200 3974 1347 4036 dies,
1384 3987 1481 4041 per
1528 3986 1687 4026 xxun
1733 3970 1927 4035 horas,
1962 3975 2020 4023 et
2052 3977 2240 4037 partes

657 4085 819 4125 CCCLX
830 4108 850 4120 .-

729 4160 1030 4215 Videndum
1080 4163 1201 4222 est,
1245 4154 1518 4224 quomodo
1561 4153 1889 4208 conveniant
1925 4165 2023 4206 vnt
2067 4150 2240 4213 horna,

2333 3905 2448 3959 dat.
2489 3903 2556 3960 Et
2577 3904 2704 3974 quia
2742 3918 2852 3959 xxx
2899 3901 3111 3959 dierum
3148 3900 3255 3956 fine
3282 3899 3592 3964 volvuntur,
3624 3895 3768 3953 nulla
3791 3911 3923 3968 epa-

2335 4003 2424 4050 cta
2450 3993 2505 4049 in
2527 3992 2794 4064 principio
2822 3993 2993 4063 ipsius
3020 3991 3158 4063 eycii
3191 3991 3414 4063 ponitur
3441 3987 3574 4063 (AL,
3605 3987 3764 4045 nulla:
3791 4003 3922 4061 epa-

2337 4094 2530 4142 ct:e....
2562 4084 2878 4158 ponuntur].
2911 4105 2929 4138 ι
2975 4084 3128 4141 Illum
3150 4098 3278 4156 ergo
3307 4083 3454 4139 diem
3479 4098 3588 4147 ιιι,
3610 4097 3769 4152 que
3794 4079 3924 4138 Dio-

2336 4181 2527 4251 nysius
2573 4178 2761 4248 adjicit
2804 4193 2966 4249 super
3006 4186 3256 4249 epactam
3300 4192 3378 4242 xi,
3423 4178 3566 4234 diem
3608 4175 3778 4235 saltus
3801 4177 3924 4235 sine

657 4267 781 4323 qua:
817 4257 1107 4321 supersunt
1134 4249 1208 4344 _in
1238 4247 1364 4302 luna
1379 4287 1402 4344 _,
1449 4261 1483 4298 v
1509 4246 1701 4344 diebus
1728 4244 1819 4314 qui
1843 4251 2136 4344 supersunt
2178 4243 2234 4297 in
2337 4243 2503 4330 αξη)ίο
2526 4243 2888 4336 άεωωιξ
2909 4279 2966 4326 α
2984 4243 3270 4344 p'jopwm
3290 4270 3548 4327 dicuntur
3573 4269 3630 4325 in
3661 4268 3754 4324 me
3776 4283 3919 4325 anno

660 4344 797 4409 sole,
840 4350 902 4396 ut
927 4339 1215 4410 pervenire
1247 4338 1420 4407 possit
1461 4337 1528 4390 ad
1566 4337 1732 4391 totius
1771 4336 1902 4389 anni
1933 4335 2081 4400 dies;
2127 4348 2240 4389 non

660 4438 808 4493 enim
844 4435 923 4489 sol
953 4435 1039 4488 his
1064 4448 1096 4484 v
1122 4433 1313 4486 diebus
1343 4431 1545 4499 absque
1568 4430 1792 4484 zodiaco
1817 4427 2022 4484 circulo
2046 4428 2239 4482 currit.

2338 4363 2501 4418 nullae
2526 4370 2753 4432 epactae,
2783 4362 2909 4431 quia
2937 4376 3042 4417 non
3073 4369 3199 4417 sunt
3219 4373 3496 4431 congrua,
3515 4359 3613 4416 sed
3640 4356 3918 4431 superﬂua

2339 4460 2485 4506 sunt.
2513 4451 2620 4506 Per
2663 4468 2697 4506 x
2745 4452 2890 4508 enim
2933 4459 2989 4506 et
3029 4466 3127 4505 vni
3154 4465 3344 4515 annos,
3387 4465 3443 4506 ιι
3468 4456 3673 4523 epacta:
3701 4463 3920 4521 semper

659 4529 743 4581 An
766 4526 970 4596 aliquid
1000 4523 1303 4579 addendum
1329 4524 1402 4576 sit
1421 4521 1475 4575 in
1501 4521 1640 4576 caelo
1661 4536 1826 4577 cccxx
1850 4521 2125 4590 partibus;
2151 4520 2238 4574 vel

2339 4544 2536 4601 addita:
2558 4543 2841 4609 videntur;
2883 4543 2938 4598 in
2965 4543 3058 4598 illo
3085 4553 3268 4599 autem
3295 4558 3470 4608 anno,
3503 4520 3576 4598 Vin
3597 4558 3706 4613 quo
3730 4556 3789 4599 se
3812 4520 3919 4600 sal-

659 4618 831 4673 vdies
879 4614 1148 4672 dividendi
1197 4612 1306 4668 sint
1349 4627 1447 4706 per
1487 4612 1987 4706 singulas-partes
2038 4610 2240 4667 habent
2340 4642 2430 4691 ms
2465 4635 2780 4702 inuaserit,
2829 4648 2938 4690 non
2979 4650 3036 4688 xl
3084 4633 3182 4690 sed
3228 4650 3304 4690 ιη
3333 4643 3538 4706 θρπιω
3557 4610 3916 4704 nimium",

661 4709 806 4764 enim
834 4722 868 4761 v
896 4706 1012 4761 dies
1039 4722 1142 4759 cxx
1173 4706 1351 4759 horas.
1392 4703 1475 4757 An
1500 4703 1673 4757 danda
1700 4702 1772 4757 sit
1797 4703 2088 4771 unicuique
2115 4716 2241 4771 par-

2337 4725 2488 4781 verbi
2515 4724 2709 4797 gratia,
2759 4725 2828 4780 de
2873 4739 3007 4779 xvru
3049 4723 3105 4779 in
3150 4722 3258 4779 fine
3299 4723 3434 4796 cyeli
3477 4725 3920 4782 decenuoveualis

663 4801 704 4855 ti
731 4805 888 4854 tertia
930 4812 1060 4869 pars
1086 4796 1262 4884 horae,
1295 4794 1348 4848 id
1378 4802 1462 4848 est
1485 4833 1500 4857 ,
1553 4794 1694 4847 trien
1719 4808 1917 4884 unum;
1963 4804 2067 4847 nec
2093 4791 2249 4846 enim.
2338 4832 2446 4872 non
2476 4791 2542 4870 in‘
2562 4831 2752 4872 nm"
2779 4815 3078 4872 ascendunt
3103 4791 3448 4884 epacw"sed
3478 4815 3532 4869 in
3560 4829 3687 4869 in.

662 4904 759 4942 vut
798 4889 946 4942 hom
974 4883 1182 4939 iunaris
1221 4899 1415 4938 cursus
1459 4894 1640 4936 vacuae
1668 4888 1823 4943 sunt,
1867 4879 1994 4935 dum
2022 4894 2240 4948 compu-

2409 4904 2511 4973 Qui
2539 4913 2664 4962 sunt
2688 4921 2819 4977 ergo
2839 4947 2854 4970 ,
2900 4905 2991 4976 qui
3017 4907 3250 4975 primum
3283 4905 3446 4960 istum
3480 4905 3624 4962 diem
3650 4909 3916 4964 sattusin-

666 4989 776 5034 tata
806 4986 892 5034 est
932 4978 988 5032 in
1018 4993 1162 5032 xxvu
1211 4975 1400 5031 diebus
1429 5016 1450 5040 ,
1489 4975 1537 5030 si
1573 4973 1863 5043 unicuique
1891 4973 1996 5028 diei
2027 4974 2243 5066 additur
2339 5002 2608 5052 "nerunt
2651 5001 2706 5051 ει
2752 4973 3107 5050 Magram?
3147 4993 3388 5066 Em“;
3421 4995 3539 5051 sine
3573 4997 3755 5052 dubio,
3791 4998 3921 5054 [nde

664 5073 825 5127 tertia
849 5087 977 5140 pars
1003 5086 1124 5124 xuu
1149 5067 1354 5140 [Forle,
1382 5066 1563 5138 xxuu]
1589 5067 1793 5136 partis,
1823 5075 1881 5120 ut
1910 5067 2079 5135 possit
2105 5064 2244 5136 legi-

2342 5085 2631 5157 Dionysius
2659 5083 2791 5140 dicit
2815 5105 2828 5137 ;
2857 5083 2902 5139 A
2927 5085 3106 5154 primo
3134 5100 3308 5150 anno,
3332 5090 3427 5155 qui
3463 5100 3572 5140 non
3597 5087 3763 5143 habet
3786 5100 3910 5156 epa-

663 5164 831 5216 tiutus
856 5176 1117 5216 numerus
1145 5160 1379 5228 partium
1409 5155 1644 5227 impleri,
1677 5156 1782 5211 hoc
1807 5163 1890 5211 est
1909 5195 1924 5219 ,
1970 5156 2038 5209 ad
2075 5170 2238 5211 cccu

2341 5183 2460 5232 etas
2485 5155 2719 5230 Vlunares
2735 5215 2751 5241 ,
2796 5175 2900 5230 hoc
2925 5183 3044 5241 est,
3096 5190 3364 5247 congruas
3389 5193 3489 5247 pro
3515 5191 3604 5243 eo,
3631 5180 3774 5249 quod
3793 5155 3916 5235 eum

662 5262 847 5326 partes
875 5253 1186 5323 pervenire;
1221 5253 1373 5342 sicut
1392 5248 1446 5301 in
1481 5255 1660 5342 vestra
1688 5247 2003 5342 acutissima
2027 5255 2083 5302 et
2106 5249 2242 5304 bene
2342 5268 2452 5322 ,ειη
2479 5267 2690 5322 numeri
2717 5266 2911 5321 decimi
2949 5264 3124 5337 [ιερη
3151 5274 3276 5323 ωσι
3310 5268 3420 5322 si";
3439 5267 3566 5322 ηοιιί
3590 5247 3805 5342 ἀέςίωί]
3835 5272 3912 5325 in-

657 5343 934 5417 exquisita
954 5342 1335 5414 supputatione
1363 5340 1667 5394 invenimus
1695 5340 1963 5409 agendum
1992 5353 2130 5394 esse.

1064 5448 1090 5474 ι
1127 5433 1236 5493 DE
1277 5430 1525 5493 CUBSU
1569 5429 1823 5492 LtJNJE.

2340 5357 2560 5414 ferioris
2583 5357 2709 5410 anni
2738 5371 2772 5409 x
2800 5365 2856 5411 et
2881 5371 2977 5410 vm
3006 5363 3230 5426 epactte,
3266 5357 3448 5412 addito
3469 5359 3635 5414 etiam
3657 5361 3726 5414 ab
3751 5359 3910 5432 Egy-

2340 5449 2470 5520 ptiis
2490 5464 2600 5504 uno
2621 5448 2709 5504 die
2731 5488 2747 5514 ,
2789 5447 2932 5502 ﬁunt
2965 5463 3074 5503 xxx
3104 5449 3157 5503 id
3194 5456 3312 5515 est,
3343 5448 3470 5504 luna
3511 5452 3714 5507 mensis
3755 5455 3910 5508 unius

734 5535 889 5591 Luna
917 5535 1116 5606 quippe
1142 5532 1430 5587 velocitate
1456 5531 1542 5587 sui
1570 5545 1764 5587 cursus
1783 5530 2022 5600 pervolat
2050 5547 2251 5588 unum-
2343 5540 2575 5610 integra.
2613 5537 2766 5592 Illum
2807 5551 2940 5606 ergo
2978 5553 3144 5592 unum
3167 5538 3342 5605 diem,
3381 5554 3543 5609 quem
3562 5541 3694 5597 dicit
3719 5540 3914 5613 Dion}.

737 5678 766 5708 ι
803 5665 1030 5723 Videtur
1055 5679 1174 5720 esse

737 5680 766 5708 ι
811 5680 1030 5723 Videtur
1055 5680 1174 5720 esse
1232 5680 1403 5717 artem
1435 5680 1578 5732 scrip

667 5747 772 5794 cet.
797 5737 958 5804 epist.
988 5737 1077 5792 26.
1107 5680 1240 5790 νίῶ
1261 5735 1419 5804 epist.
1456 5733 1578 5804 ιω.

738 5808 765 5849 δ
801 5800 881 5862 ει
910 5821 1009 5862 ms.
1042 5822 1153 5877 reg.
1178 5800 1336 5862 Suec.
1359 5819 1507 5858 nuru.
1540 5800 1670 5868 226,
1692 5801 1785 5856 fol.
1819 5802 1902 5858 18.

1232 5672 1403 5717 artem
1435 5662 1620 5732 scripti
1649 5661 1866 5732 prioris.
1901 5660 2043 5718 Edit.
2067 5661 2239 5730 Quer-

2413 5683 2437 5711 ε
2479 5670 2768 5742 Dionysius
2786 5669 3060 5742 Exiguus,
3086 5671 3241 5740 epist.
3271 5670 3340 5742 ad
3367 5670 3703 5742 Bonifacinm
3729 5679 3787 5729 et
3808 5672 3907 5731 Bo-

2339 5758 2492 5809 num,
2522 5739 2652 5798 tom.
2684 5739 2866 5797 LXVII
2893 5739 3230 5813 PatrOlogite,
3254 5741 3463 5797 col.23.
