4090 6556
380 429 488 487 985

1097 427 1570 487 DIDASCALICA.
1613 459 1682 468 —
1720 426 1810 484 DE
1847 425 2084 485 CURSU
2122 424 2214 481 ET
2254 423 2480 483 SALTU
2519 424 2755 493 LUNIE,
2794 425 2949 484 ETC.

3561 426 3668 486 986

379 547 497 604 sius
521 545 592 602 ab
641 544 915 617 Egyptiis
957 544 1197 601 additum
1221 588 1236 612 ,
1277 546 1422 603 diem
1457 545 1629 601 saltus
1660 545 1779 600 sine
1806 542 1974 598 dubio
2001 550 2053 606 Α
2076 555 2144 596 eo
2177 541 2323 610 quod
2349 538 2636 611 supernum
2680 550 2836 607 sunt;
2881 551 3009 598 tunc
3057 541 3202 596 enim
3227 559 3304 598 xu
3343 552 3549 614 epactze
3579 546 3670 601 ad-

380 639 740 697 demonstrat.
779 637 880 693 Hic
910 652 1041 708 ergo
1069 637 1240 692 saltus
1264 638 1430 702 lunae,
1459 637 1856 691 incrementum
1886 635 1973 689 vel

378 741 730 804 augmentum
756 731 956 788 dicitur
984 731 1196 797 lunare,
1222 747 1290 787 eo
1316 731 1462 801 quod
1488 731 1689 787 crescit
1713 745 1815 801 per
1841 745 1973 785 xvnt

380 840 555 882 annos
600 840 744 882 unus
787 825 905 881 dies
952 825 1007 878 in
1046 823 1194 878 luna.
1257 823 1468 894 Dequo
1491 824 1655 878 etiam
1684 829 1975 892 augmento

291 941 296 946 -
379 916 582 982 lunari,
609 916 712 972 hoc
738 924 840 982 est,
876 915 944 972 de
969 916 1056 971 die
1076 916 1246 971 saltus
1266 915 1541 971 Victorius
1568 927 1596 955 ι
1627 912 1864 969 ostendit
1893 912 1975 966 di-

381 1022 548 1062 cens:
597 1025 617 1058 (
645 1006 774 1061 Post
805 1022 962 1061 xvttu
987 1021 1158 1061 annos
1209 1004 1586 1077 Egyptiorum
1619 1018 1772 1058 more
1795 1003 1974 1058 conti-

381 1108 548 1156 nuato
568 1099 762 1154 ordine
789 1101 895 1154 hoc
919 1105 1273 1168 augmentum
1309 1097 1503 1151 lunare
1533 1094 1817 1150 accrescit.
1849 1114 1868 1145 ι

451 1188 896 1259 lnterrogandum
938 1195 1024 1244 est
1054 1187 1238 1257 igitur,
1280 1187 1335 1240 in
1384 1201 1492 1254 quo
1514 1184 1637 1238 loco
1675 1183 1765 1238 hic
1801 1182 1975 1239 saltus

375 1278 533 1349 iuxta
561 1281 756 1336 latinos
797 1279 1064 1351 ponitur?
1117 1277 1247 1333 Sine
1276 1277 1442 1333 dubio
1471 1279 1526 1331 in
1562 1291 1630 1330 xv
1661 1272 1976 1330 Decembris

383 1371 562 1446 [Leg.,
591 1388 661 1426 xv
688 1370 810 1428 Kal.
840 1367 1202 1443 Decembris].

454 1463 661 1520 Deinde
687 1464 828 1519 scire
854 1477 955 1518 nos
980 1461 1255 1529 convenit,
1281 1459 1554 1532 quomodo
1577 1458 1670 1513 hic
1698 1457 1870 1513 saltus
1891 1469 1978 1511 se-

2075 635 2201 690 ditte
2235 635 2587 691 inveniuntur
2611 637 2678 692 de
2705 651 2838 691 xvm
2873 638 2924 692 in
2971 653 3124 692 xxxu
3168 637 3315 710 [Leg.
3351 654 3476 694 xxx.
3529 641 3666 696 Nam

2074 738 2219 779 anno
2232 724 2370 795 cycli
2411 725 2601 780 ultimo
2627 735 2831 796 epactaa
2859 736 2984 781 sunt
3012 744 3144 782 xvm
3167 741 3220 785 ct
3248 745 3393 784 anno
3419 735 3670 802 sequenti

2072 815 2270 886 primo,
2303 824 2429 871 sunt
2461 833 2588 881 xxx,
2615 819 2728 873 sive
2754 819 2934 889 potius
2956 819 3167 892 nullae];
3201 822 3386 877 addito
3406 823 3568 877 etiam
3601 824 3671 879 ab

2070 901 2349 974 Egyptiis
2375 921 2484 960 uno
2513 905 2600 961 die
2639 909 2706 962 ad
2735 923 2862 963 suas
2886 925 2939 964 xi
2969 920 3211 979 epactas.

2144 997 2426 1063 Quomodo
2456 1013 2586 1069 ergo
2611 1000 2660 1052 in
2699 999 2826 1054 luna
2859 1001 2947 1055 hic
2975 1000 3092 1056 dies
3113 1002 3283 1058 saltus
3322 1003 3668 1060 demonstra-

2073 1095 2194 1142 tur:
2253 1099 2310 1144 et
2356 1089 2627 1158 quomodo
2675 1091 2879 1146 crescit
2914 1093 2969 1146 in
2997 1108 3320 1163 unaquaque
3351 1094 3627 1151 lunatione
3648 1097 3674 1150 ?

2074 1178 2180 1234 Per
2202 1195 2284 1235 tm
2301 1190 2577 1236 momenta
2595 1183 2792 1237 crescit
2814 1183 2867 1237 in
2890 1198 3212 1254 unoquoque
3235 1201 3440 1252 mense,
3459 1191 3672 1244 cautius

2073 1279 2129 1325 et
2156 1270 2465 1341 diligentius
2495 1270 3033 1328 animadvertendum
3063 1281 3167 1330 est.
3203 1273 3295 1330 Sic
3322 1277 3668 1332 demonstra-

2074 1366 2197 1415 tur:
2221 1359 2354 1416 Cum
2384 1361 2530 1416 enim
2561 1363 2760 1416 dicitur
2783 1362 2909 1417 luna
2935 1378 3066 1417 xxtx
3087 1361 3237 1435 [Ms.,
3265 1364 3447 1438 xvmt]
3472 1366 3589 1422 dies
3614 1376 3673 1422 et

2075 1453 2260 1518 semis,
2301 1451 2356 1509 id
2380 1462 2487 1518 est,
2517 1469 2594 1508 ιιι
2622 1455 2789 1510 horas
2823 1455 2879 1510 in
2926 1470 2986 1510 se
3016 1455 3239 1522 habere,
3289 1458 3448 1527 paulo
3491 1460 3673 1514 minus

384 1554 622 1614 cundum
646 1553 872 1611 Latinos
905 1554 960 1609 in
989 1553 1226 1625 epactis,
1275 1565 1397 1622 quae
1428 1557 1660 1607 currunt
1687 1548 1742 1603 in
1763 1563 1819 1602 ιι
1849 1544 1970 1602 Kal.
2068 1541 2256 1612 iunior
2281 1542 2338 1597 in
2375 1550 2568 1597 natura
2597 1543 2848 1611 habetur,
2888 1560 3051 1615 quam
3072 1555 3323 1617 putatur;
3353 1557 3407 1601 et
3441 1548 3565 1603 ideo
3586 1547 3672 1605 ci-

383 1649 604 1722 Aprilis,
636 1647 961 1715 ostenditur,
1005 1656 1062 1704 et
1083 1661 1155 1704 eo
1177 1660 1321 1702 anno
1342 1643 1560 1718 μαγις,
1586 1649 1642 1697 et
1671 1656 1781 1712 quo
1807 1639 1973 1712 anno]

2077 1632 2182 1688 tior
2196 1633 2460 1702 prtevenit
2483 1633 2622 1691 lunae
2643 1635 2905 1701 incensio,
2934 1645 3226 1707 antequam
3254 1653 3444 1693 xxvuu
3466 1639 3585 1696 dies
3612 1648 3671 1696 et

386 1739 523 1812 cycli
561 1737 869 1794 invenitur?
907 1736 967 1792 In
995 1752 1086 1792 xvt
1117 1749 1259 1792 anno
1287 1732 1536 1790 videlicet
1576 1731 1746 1788 saltus
1783 1745 1974 1785 secun-
2073 1725 2264 1790 semis,
2301 1726 2356 1782 id
2383 1733 2484 1791 est,
2521 1728 2768 1782 xtthoraa
2793 1728 2953 1800 plene
2983 1729 3264 1784 liniantur.
3315 1731 3492 1788 Certis
3519 1732 3668 1788 enim

384 1833 514 1890 dum
565 1830 789 1887 Latinos
827 1829 1139 1885 invenitur:
1187 1826 1341 1882 verbi
1367 1824 1572 1897 gratia,
1618 1822 1675 1877 in
1711 1820 1804 1877 illo
1831 1833 1975 1876 anno
2075 1818 2364 1875 momentis
2386 1818 2622 1874 velocior
2643 1826 2730 1875 est
2751 1819 2898 1874 lunae
2913 1819 3206 1875 exstinctio
3226 1827 3283 1876 et
3308 1821 3552 1876 incensio
3579 1835 3672 1877 se-

384 1925 684 1984 secundum
707 1924 927 1981 Graecos
956 1938 1026 1978 xv
1054 1929 1184 1978 sunt
1204 1927 1412 1992 epactaz
1432 1918 1488 1973 in
1516 1931 1572 1972 ιι
1603 1913 1724 1971 Kal.
1750 1910 1973 1985 Aprilis.
2002 1900 2052 1965 Β
2078 1908 2311 1966 cundum
2334 1918 2604 1975 naturam,
2647 1927 2812 1981 quam
2839 1911 3041 1967 dicitur
3075 1919 3167 1968 aut
3193 1919 3417 1983 putatur
3473 1929 3668 1969 secun-

385 2018 460 2074 Et
484 2019 531 2073 si
572 2017 890 2088 contingat,
923 2022 985 2070 ut
1012 2014 1103 2070 die
1122 2011 1405 2070 Dominica
1435 2009 1533 2064 ﬁat
1562 2006 1653 2062 illa
1681 2013 1871 2078 epacta
1895 2003 1978 2059 lu-

387 2109 536 2163 naris
562 2123 631 2164 xv
653 2108 708 2163 in
733 2123 790 2164 xl
815 2105 937 2164 Kal.
973 2103 1148 2176 April.
1190 2101 1488 2160 secundum
1516 2099 1785 2155 rationem
1819 2095 1977 2153 Grae-

386 2215 598 2266 corum,
626 2208 683 2256 et
711 2197 1010 2254 secundum
1046 2195 1397 2251 traditionem
1420 2189 1625 2246 Nicanti
1647 2186 1860 2245 concilii
1891 2201 1980 2242 sa-

387 2292 756 2349 cratissimum
774 2291 983 2346 Pascha
1007 2297 1140 2357 tunc
1165 2287 1514 2344 celebratur:
1547 2280 1846 2338 secundm
1875 2278 1981 2335 La-

388 2384 535 2440 tinos
578 2393 762 2441 antem
804 2400 912 2438 non
957 2383 1238 2439 celebrant
1276 2380 1497 2461 Pascha.
1519 2379 1578 2434 in
1612 2393 1680 2432 xv
1707 2375 1859 2441 luna,
1883 2374 1980 2430 sed

389 2494 504 2535 xvr.
543 2478 611 2534 Et
638 2479 720 2535 sic
745 2485 977 2535 currunt
1006 2486 1213 2549 epactte
1241 2475 1381 2548 apud
1408 2473 1530 2529 illos
1553 2473 1607 2528 in
1633 2469 1726 2526 illo
1749 2482 1892 2524 anno
1912 2467 1980 2523 de

387 2578 586 2643 quarta
635 2570 762 2626 luna
798 2570 854 2625 in
891 2584 1017 2636 xw,
1051 2570 1194 2625 sicut
1237 2569 1293 2623 in
1341 2563 1585 2621 Victorlo
1628 2561 1905 2617 invenitur
1926 2559 1977 2625 ι’,

388 2663 564 2719 saltus
592 2677 756 2717 causa
777 2702 793 2729 ,
833 2662 963 2734 quia
991 2677 1101 2717 non
1131 2659 1419 2715 voluerunt
1444 2655 1624 2710 Latini
1653 2651 1862 2708 Pascha
1885 2664 1979 2706 ce-

388 2752 606 2810 lebrare
628 2753 682 2808 in
708 2751 800 2808 illa
826 2759 1019 2824 epacta
1041 2751 1238 2816 Lunae,
1285 2750 1340 2805 in
1369 2763 1479 2822 qua
1520 2745 1770 2802 Christus
1787 2756 1983 2817 passus

387 2852 496 2913 est,
521 2845 625 2901 hoc
648 2854 734 2900 est
755 2843 884 2900 luna
911 2841 1145 2917 [Suppl.,
1172 2841 1289 2915 xv].

457 2932 628 3007 359
653 2931 934 3002 0'10me
960 2947 1092 3005 δι’Εο
1116 2931 1415 2990 secundum
1441 2931 1664 2990 ϐιαιως
1687 2929 1861 2988 saltus
1887 2927 1981 2983 de-

368 3035 752 3092 -monstratur,
785 3023 889 3100 [et]
925 3026 981 3081 in
1001 3039 1112 3096 quo
1137 3025 1225 3082 die
1245 3024 1498 3080 datarum
1520 3020 1825 3081 invenitur?
1869 3017 1982 3074 Hoc

389 3126 498 3186 est,
527 3134 599 3174 xv
615 3117 734 3175 Kal.
758 3116 906 3174 liii.
966 3116 1274 3173 Secundum
1304 3116 1619 3189 Dionysium
1651 3115 1734 3170 sic
1758 3114 1983 3172 demon-

391 3217 620 3267 stratur.
698 3206 837 3264 Nam
883 3210 1100 3281 quando
1139 3208 1276 3264 dixit
1319 3207 1607 3281 Dionysius
1633 3217 1656 3247 ε
1686 3223 1701 3260 :
1759 3223 1780 3257 ι
1816 3205 1980 3276 Auno

389 3298 569 3375 primo
583 3299 1008 3357 decennovenali
1031 3299 1207 3354 lunari
1224 3315 1359 3367 xvu,
1385 3316 1416 3354 a
1443 3315 1510 3354 xv
1532 3298 1651 3354 Kal.
1670 3295 1794 3356 Maii
1813 3312 1985 3367 usque

391 3390 464 3449 ad
489 3390 670 3447 Nonas
712 3390 937 3464 Aprilis,
986 3392 1117 3461 quia
1147 3390 1451 3447 communis
1494 3404 1667 3445 anuus
1701 3396 1809 3454 est,
1851 3388 1990 3443 ﬁunt

391 3482 513 3540 dies
547 3497 778 3539 :ccuttt.
813 3502 835 3536 ι
876 3482 936 3538 In
963 3482 1055 3538 illo
1088 3483 1208 3539 loco
1235 3490 1293 3538 et
1315 3483 1370 3539 in
1399 3483 1490 3538 illo
1521 3483 1611 3538 die
1644 3481 1788 3536 diem
1818 3480 1988 3536 saltus

391 3573 593 3646 posuit,
618 3573 722 3632 hoc
745 3581 850 3641 est,
887 3590 918 3629 a
946 3590 1017 3630 xv
1048 3573 1166 3630 Kal.
1194 3573 1321 3630 Maii
1341 3572 1390 3628 ά.
1443 3573 1577 3630 Nam
1621 3587 1836 3645 semper
1860 3571 1988 3627 Dio-

393 3665 582 3739 nysius
606 3680 639 3720 a
669 3680 738 3721 xv
782 3664 909 3721 luna
942 3666 1070 3721 anni
1102 3665 1329 3733 lunaris,
1390 3665 1506 3721 sive
1533 3662 1839 3722 communis
1870 3662 1987 3718 sive

392 3754 745 3813 embolismus
767 3753 906 3828 [sit],
923 3772 1092 3828 usque
1115 3757 1184 3813 ad
1210 3773 1331 3812 xtnt
1360 3757 1544 3812 lunam
1569 3756 1881 3827 paschalem
1900 3770 1987 3811 se-

394 3846 612 3919 quentis
649 3848 777 3903 anni
828 3849 910 3905 sic
939 3857 1208 3906 numerat.
1277 3849 1384 3905 Iste
1435 3864 1567 3921 ergo
1593 3847 1879 3919 Dionysius
1914 3864 1987 3904 xv

393 3937 665 3995 Kalendas
709 3938 858 4007 Maii,
916 3941 1212 3997 secundum
1262 3941 1606 3998 traditionem
1648 3939 1845 4012 angeli,
1888 3941 1987 4011 qui

394 4028 690 4089 Pachomio
716 4033 984 4089 monacho
1018 4045 1041 4072 θ
1067 4033 1248 4089 divina
1284 4032 1615 4090 revelatione
1641 4032 1982 4096 annotavit,

395 4125 454 4182 in
475 4126 710 4181 termino
733 4124 986 4182 Paschali
1014 4141 1133 4182 xuu
1159 4123 1344 4180 lunam
1366 4124 1423 4181 in
1451 4124 1560 4180 line
1579 4114 1892 4196 totinscyeii
1919 4139 1990 4180 xv

395 4216 515 4273 Kal.
554 4217 911 4287 Maiiposuit:
943 4218 1039 4273 sed
1072 4226 1252 4272 tamen
1278 4217 1579 4273 secundum
1601 4215 1868 4272 rationem
1891 4230 1992 4271 na-

397 4321 534 4368 tum
561 4327 629 4366 xv
659 4309 833 4384 [Leg.,
863 4326 1005 4372 xmt,
1039 4324 1161 4364 nam
1189 4309 1488 4365 secundum
1509 4315 1734 4379 epactas
1757 4306 1885 4362 luna
1906 4315 1992 4363 est

399 4417 542 4468 xtm,
570 4403 666 4459 sed
694 4418 794 4473 per
822 4402 1026 4457 saltum
1069 4400 1458 4472 Dionysianum
1479 4398 1605 4454 luna
1647 4399 1711 4454 ﬁt
1737 4396 1840 4470 xv]
1863 4397 1991 4452 luna

398 4496 691 4552 invenitur.
747 4493 854 4549 Pro
883 4495 988 4553 hoc
1038 4494 1326 4565 Dionysius
1374 4492 1673 4549 secundum
1721 4492 1989 4547 rationem

2077 1999 2208 2056 dum
2237 2009 2434 2058 artem.
2475 2001 2611 2057 Nam
2634 2018 2716 2058 utt
2736 2005 3050 2060 momentis
3079 2012 3130 2061 et
3179 2006 3492 2062 duodecima
3516 2017 3676 2078 parte

2079 2095 2341 2150 momenti
2369 2134 2383 2160 ,
2434 2105 2490 2151 et
2511 2096 2946 2167 quingentesima
2971 2096 3418 2167 quinquagesima
3463 2099 3674 2155 decima

2079 2195 2273 2256 quarta
2313 2196 2469 2258 parte
2499 2188 2778 2253 momenti,
2816 2190 2920 2244 hoc
2942 2197 3026 2244 est
3047 2197 3249 2256 atomo,
3287 2191 3393 2245 hoc
3417 2205 3675 2262 augmen-

2080 2283 2196 2332 tum
2225 2278 2414 2336 lunare
2442 2280 2497 2335 in
2527 2279 2634 2337 {ine
2661 2279 3085 2352 uniuscujusque
3124 2283 3327 2337 mensis
3353 2281 3560 2337 lunaris
3583 2299 3676 2340 ac—

2079 2369 2299 2435 crescit,
2349 2379 2640 2442 antequam
2664 2370 2886 2430 ﬁniatur
2933 2373 3248 2430 duodecima
3284 2376 3421 2430 hora
3463 2375 3675 2432 dimidii

2077 2459 2207 2526 diei,
2222 2461 2316 2532 qui
2335 2478 2500 2534 super
2518 2479 2710 2522 xxvtnt
2724 2465 2842 2521 dies
2864 2476 2966 2522 est.
2991 2461 3085 2522 Sic
3103 2481 3200 2538 per
3223 2483 3378 2524 xvnn
3403 2485 3595 2536 annos,
3619 2471 3676 2527 id

2079 2561 2184 2618 est,
2209 2567 2308 2626 per
2327 2569 2404 2610 xu
2425 2569 2743 2614 communes
2764 2565 2820 2612 et
2848 2572 2924 2615 vlt
2940 2558 3311 2624 embolismos,
3358 2561 3449 2630 qui
3471 2561 3676 2619 habent
3754 2574 3760 2578 ’

2080 2646 2528 2706 menseslunares
2550 2660 2784 2719 ccxxxv,
2807 2648 2900 2707 ille
2918 2665 3058 2708 unus
3078 2651 3194 2708 dies
3213 2671 3369 2711 xxun
3391 2656 3673 2724 horarum,

2079 2741 2175 2813 qui
2203 2741 2403 2800 dicitur
2427 2744 2620 2808 saltus,
2662 2745 2927 2817 paulatim
2971 2749 3290 2805 adcrescere
3315 2749 3475 2816 solet,
3503 2765 3680 2822 usque

2080 2831 2212 2888 dum
2253 2833 2442 2902 prima
2455 2832 2584 2890 luna
2613 2834 2708 2890 ﬁat
2732 2835 2999 2907 completa
3050 2837 3105 2892 in
3130 2838 3218 2893 illa
3240 2840 3395 2905 hora,
3448 2856 3556 2912 qua
3578 2857 3680 2912 pu-

2083 2932 2236 2982 tatur
2269 2926 2399 2981 luna
2442 2925 2715 2998 exstingui
2739 2970 2755 2994 ,
2800 2935 2895 2984 ant
2936 2929 3170 2985 incendi.
3226 2930 3335 2988 Aut
3358 2946 3428 2986 xv
3450 2931 3579 2988 luna
3596 2933 3680 2987 in~

2081 3022 2301 3079 venitur
2341 3023 2395 3078 in
2422 3021 2513 3077 illa
2541 3023 2629 3077 die
2650 3023 2948 3079 secundum
2971 3033 3244 3091 naturam,
3289 3025 3509 3095 quando
3534 3026 3671 3084 dici-

2083 3121 2176 3169 tur
2207 3127 2329 3170 nm
2360 3113 2487 3168 luna
2530 3112 2827 3169 secundum
2857 3120 3029 3169 artem
3075 3122 3130 3169 et
3170 3114 3467 3172 semiudum
3514 3117 3684 3172 ratio-

2084 3223 2214 3264 nem
2256 3214 2601 3280 epactarum,
2650 3207 2791 3263 sicut
2840 3197 3078 3263 diximus
3098 3207 3152 3262 in
3180 3223 3249 3262 xv
3273 3205 3393 3262 Kal.
3417 3207 3568 3275 Maii,
3621 3210 3680 3265 in

2085 3316 2196 3371 quo
2216 3300 2304 3357 die
2329 3308 2386 3357 et
2411 3301 2625 3357 decima
2659 3310 2857 3372 quarta
2921 3301 3049 3356 luna
3091 3300 3291 3357 dicitur
3349 3309 3407 3357 et
3466 3299 3682 3358 decima

2086 3391 2297 3466 quinta.

2159 3483 2219 3540 Si
2243 3500 2377 3558 ergo
2396 3500 2559 3541 nosse
2597 3485 2709 3549 vis,
2763 3492 3028 3555 quantum
3054 3483 3122 3540 de
3147 3486 3253 3540 hoc
3278 3491 3572 3559 augmento
3600 3485 3684 3545 lu-

2084 3576 2206 3632 nari
2234 3576 2435 3633 crescit
2459 3577 2514 3632 in
2539 3591 2866 3646 unoquoque
2894 3590 3039 3631 anno
3063 3591 3164 3646 per
3181 3591 3338 3634 xvtttt
3373 3591 3548 3632 annos
3574 3594 3589 3642 ;
3622 3585 3683 3632 et

2081 3675 2344 3737 quantum
2375 3669 2430 3722 in
2471 3682 2798 3737 unoquoque
2852 3683 3039 3724 mense
3084 3668 3260 3724 lunarl
3320 3682 3418 3739 per
3465 3683 3678 3724 ccxxxv

2084 3772 2323 3823 menses,
2349 3757 2662 3829 diligentius
2679 3758 3074 3825 animadverte,
3113 3757 3259 3830 quod
3287 3759 3340 3814 in
3363 3761 3511 3814 omni
3532 3775 3677 3814 anno

2083 3851 2358 3909 communi
2384 3851 2585 3906 crescit
2609 3865 2714 3905 una
2759 3851 2892 3905 hora
2917 3861 2969 3906 et
2994 3867 3090 3908 vtu
3120 3851 3436 3914 momentis;
3476 3869 3508 3907 x
3535 3852 3684 3907 enim

2085 3959 2302 4001 menses
2330 3959 2493 4000 unam
2518 3945 2708 4000 horam
2739 3942 2946 3999 faciunt
2970 3986 2984 4010 ,
3034 3945 3082 4000 si
3128 3947 3274 4001 enim
3317 3963 3348 4001 x
3379 3957 3576 4017 quater
3597 3947 3683 4003 vel

2086 4045 2324 4108 quatuor
2347 4037 2532 4094 decies
2575 4035 3047 4107 multiplicaveris,
3096 4054 3163 4092 ιιι.
3192 4047 3464 4094 momenta
3532 4046 3681 4103 sunt,

2089 4125 2193 4184 hoc
2219 4135 2323 4192 est,
2349 4143 2458 4184 una
2483 4128 2653 4183 hora:
2684 4136 2744 4183 et
2771 4127 2880 4184 duo
2897 4142 3112 4183 menses
3133 4143 3230 4182 vm
3264 4136 3537 4186 momenta
3570 4126 3686 4184 em-

2087 4220 2270 4285 ciunt;
2295 4217 2383 4274 bis
2408 4219 2553 4275 enim
2596 4227 2830 4289 quatuor
2857 4235 2953 4274 vui
2986 4229 3258 4276 momenta
3293 4229 3438 4276 sunt.
3487 4218 3580 4278 Sic
3628 4220 3685 4275 in

2091 4325 2236 4367 anno
2264 4312 2559 4375 communi,
2608 4312 2700 4381 qui
2748 4313 2908 4367 habet
2945 4325 3020 4366 xu
3052 4327 3268 4367 menses
3299 4312 3545 4378 lunares,
3575 4327 3684 4367 una

2091 4403 2226 4458 hora
2257 4401 2326 4459 ad
2348 4403 2806 4472 praeparationem
2838 4401 3010 4458 saltus
3037 4409 3092 4457 et
3117 4416 3216 4456 vui
3266 4411 3540 4457 momenta
3563 4417 3682 4455 cre—

2092 4506 2271 4551 scunt.
2303 4491 2396 4550 Sic
2413 4508 2515 4564 per
2534 4509 2568 4547 x
2595 4504 2654 4549 et
2678 4509 2874 4550 novem
2900 4509 3094 4559 annos,
3125 4495 3278 4564 quasi
3306 4493 3537 4549 fuissent
3563 4508 3682 4548 om-

397 4588 566 4650 saltus
591 4602 623 4642 a
650 4602 721 4642 xv
747 4585 865 4643 Kal.
895 4586 1042 4651 Maii,
1076 4587 1179 4642 hoc
1205 4595 1310 4650 est,
1341 4600 1372 4638 a
1399 4598 1468 4638 xv
1494 4582 1622 4638 luna
1637 4582 1875 4653 primum
1894 4596 1988 4636 an-
2017 4613 2070 4675 D
2094 4602 2190 4642 nes
2215 4599 2531 4642 communes
2552 4583 2649 4657 (vn
2697 4583 3033 4675 embolismis
3075 4585 3372 4656 separatim
3420 4585 3682 4652 dimissis,

397 4697 530 4744 num
579 4680 714 4755 cycli
757 4678 1206 4735 decennovenalis
1249 4677 1460 4746 incipit,
1486 4684 1543 4729 et
1557 4675 1856 4731 secundum
1877 4681 1989 4728 tra-

397 4775 659 4833 ditionem
685 4773 860 4844 angeli
890 4771 943 4827 in
977 4786 1045 4825 xv
1066 4770 1184 4825 Kal.
1218 4767 1340 4822 Maii
1379 4767 1558 4837 posuit
1579 4766 1895 4827 terminum,
1934 4771 1992 4819 et

397 4864 560 4922 linem
582 4862 746 4919 totius
773 4860 910 4933 cycli
942 4860 998 4915 in
1028 4875 1099 4914 xv
1127 4857 1245 4914 Kal.
1274 4857 1400 4913 Maii
1431 4871 1548 4911 xuu
1575 4854 1723 4910 luna.
1751 4854 1882 4910 Item
1906 4869 1993 4909 se-

396 4956 634 5012 cundum
648 4953 868 5010 Graecos
890 4953 944 5008 in
966 4950 1172 5022 epactis
1193 4950 1312 5004 dies
1327 4948 1498 5004 saltus
1520 4948 1575 5002 in
1606 4962 1662 5002 xt
1676 4944 1796 5001 Kal.
1813 4944 1986 5015 April.

395 5048 828 5109 demonstratur,
877 5043 1006 5115 quia
1037 5051 1165 5097 tunc
1185 5039 1274 5097 illo
1302 5054 1446 5095 anno
1471 5039 1525 5094 in
1556 5037 1823 5107 principio
1852 5036 1990 5106 cycli

397 5137 559 5196 nulla:
586 5142 792 5209 epacta:
816 5134 1099 5199 dicuntur,
1137 5131 1264 5203 quia
1288 5146 1396 5185 non
1416 5136 1542 5184 sunt
1565 5143 1840 5199 congruae.
1892 5143 1991 5183 oro

470 5326 498 5355 ι
535 5313 812 5370 Victorius
836 5312 892 5368 in
922 5310 1142 5368 Praefat.
1167 5308 1447 5367 Paschalis
1477 5308 1600 5366 festi
1628 5310 1776 5380 apud
1799 5307 1992 5366 Petav.

399 5391 533 5441 tom.
565 5382 632 5466 ll,
663 5397 786 5466 pag.
813 5382 940 5438 δοι.
1516 5450 1526 5462 .

475 5453 504 5495 ι)
543 5454 816 5510 Victorius
856 5454 959 5509 loc.
986 5455 1081 5509 cit.
1121 5454 1189 5509 de
1231 5468 1382 5508 more
1408 5450 1729 5506 Latinorum
1756 5449 1872 5504 hac
1903 5464 1995 5506 re-

402 5532 629 5580 censet:
666 5543 684 5574 ι
714 5524 774 5580 Si
801 5534 983 5581 autem
1005 5526 1092 5581 die
1117 5524 1328 5581 sabbati
1344 5521 1699 5594 plenilunium
1724 5534 1848 5576 esse
1867 5534 1998 5594 0t)!!-

404 5594 626 5667 tigerit,
666 5603 720 5651 et
745 5594 1098 5719 consequenti
1144 5589 1418 5650 dominico
1459 5592 1584 5646 luna
1635 5605 1703 5643 xv
1745 5589 1996 5660 reperiri,

404 5663 598 5719 eadem
640 5663 907 5719 hebdoma
947 5681 978 5719 a
1010 5664 1330 5719 transmissa
1375 5664 1432 5717 in
1460 5662 1693 5718 alterum
1716 5660 1863 5715 diem
1887 5661 1996 5716 00-

404 5663 598 5720 etidetn
640 5663 978 5721 ltebdomada
1010 5664 1330 5720 transmissa
1375 5664 1432 5717 in
1460 5663 1693 5718 alterum
1716 5663 1863 5715 diem
1887 5663 1998 5716 Do-

407 5734 690 5800 ntinicum,
723 5735 904 5799 idest,
937 5735 1061 5790 luna
1090 5749 1202 5790 xxtt
1235 5731 1514 5804 transferri
1538 5731 1734 5804 debere
1769 5728 1996 5804 [Latini]

409 5804 683 5860 dixerunt.
710 5825 728 5858 ι
762 5804 887 5859 Haec
911 5821 1036 5862 cum
1062 5806 1373 5860 narratione
1391 5802 1604 5858 Alcuiui
1636 5819 1741 5857 non
1772 5802 2000 5859 concor-

411 5873 562 5931 dant.
605 5873 840 5932 Advorte
883 5884 1061 5933 tamen
1105 5875 1392 5931 Alcuinum
1432 5875 1524 5931 hic
1567 5875 1713 5947 loqui
1753 5875 1820 5930 de
1857 5889 2001 5930 anno

2091 4677 2160 4733 de
2185 4675 2383 4745 quibus
2409 4687 2600 4745 postea
2621 4673 2888 4746 dicemus)
2914 4685 3170 4732 crescunt
3187 4689 3285 4747 per
3305 4679 3455 4731 xvt'tu
3489 4689 3683 4737 annos,

2091 4780 2247 4820 xvmt
2284 4765 2457 4832 horae,
2484 4766 2589 4821 hoc
2610 4767 2867 4832 est,hora
2887 4766 3314 4836 uniuscujusque
3342 4768 3469 4822 anni
3505 4785 3517 4820 :
3546 4765 3682 4823 Item

2090 4869 2188 4910 vtu
2206 4864 2476 4910 momenta
2493 4856 2919 4929 uniuscujusque
2935 4857 3063 4912 anni
3081 4874 3095 4923 ;
3123 4858 3202 4912 sic
3217 4872 3314 4927 per
3330 4873 3482 4914 xvuu
3514 4871 3686 4914 annos

2092 4963 2201 5004 cut
2220 4954 2488 5001 momenta
2507 4945 2830 5011 eiliciuntur,
2855 4948 2957 5004 hoc
2973 4954 3076 5013 est,
3096 4932 3157 5003 ιιι
3178 4949 3324 5003 hora:
3340 4957 3394 5003 et
3411 4964 3510 5002 xxx
3522 4964 3556 5003 ιι
3575 4963 3687 5002 ιιιο-

2092 5049 2272 5098 menta
2293 5057 2308 5094 :
2333 5039 2495 5096 simul
2510 5051 2689 5096 autem
2713 5041 2850 5096 ﬁunt
2879 5058 2992 5097 xxtt
3013 5057 3126 5096 ora:
3143 5050 3197 5096 et
3217 5057 3368 5094 XXX"
3387 5050 3680 5098 momenta.

2092 5133 2423 5205 Colligamus
2445 5149 2578 5204 ergo
2625 5140 2901 5190 momenta
2928 5135 2996 5191 de
3027 5150 3106 5191 vtt
3158 5132 3516 5198 embolismis,
3546 5148 3686 5205 quos

2094 5308 2308 5365 decimo
2343 5315 2504 5391 sexto
2539 5308 2675 5391 cycli
2726 5307 3294 5391 decennoveualis,_in
3317 5323 3442 5391 quo
3484 5306 3683 5391 saltum

2204 5392 2298 5433 ere
2351 5377 2440 5451 ait
2469 5377 2727 5433 Latinos:
2776 5379 2843 5434 de
2876 5395 2988 5451 quo
3025 5377 3525 5451 tacet__Victorius_;
3573 5377 3689 5434 nisi

2234 5450 2482 5519 exceptio
2509 5451 2749 5519 a_regula
2777 5448 3014 5519 generali
3041 5451 3096 5506 in
3121 5449 3284 5505 editis
3305 5450 3376 5506 sit
3403 5448 3626 5507 omissa.

2170 5528 2196 5592 (ξ
2237 5519 2293 5592 |_n
2322 5517 2482 5592 epist.
2517 5517 2580 5583 ll,
2615 5517 2744 5574 tum.
2780 5517 2962 5592 LXVII
2987 5520 3324 5592 Patrologiar.

2169 5587 2199 5628 ἀ
2238 5587 2492 5662 Petavius
2523 5599 2703 5662 tamen
2719 5600 2847 5662 tum.
2867 5591 2906 5654 Ι,
2935 5606 3057 5662 pag.
3081 5587 3455 5662 3l0,'asserit,
3488 5588 3685 5662 saltum

2103 5658 2241 5730 luna:
2266 5676 2297 5715 a
2333 5659 2589 5730 Dionysio
2622 5661 2693 5715 30
2713 5658 2838 5715 Julii
2864 5658 3151 5727 stantium,
3188 5673 3244 5716 et
3267 5663 3346 5718 sic
3394 5661 3462 5715 ad
3489 5659 3687 5715 Kalen-

2102 5729 2316 5784 darium
2337 5729 2638 5786 Romanum
2665 5746 2788 5786 esse
2811 5733 3150 5787 translatum.

2103 5810 2204 5927 50:
2241 5799 2408 5871 Epist.
2439 5801 2583 5860 beati
2606 5799 2792 5873 Cyrilli
2815 5803 2954 5874 apud
2983 5802 3282 5869 Petaviuut,
3309 5809 3440 5858 tom.
3465 5799 3532 5866 ιι,
3558 5813 3682 5871 pac-

2174 5893 2228 5927 δ’

2174 5873 2228 5927 3.
