4090 6576
223 424 338 480 995

935 414 1403 474 DIDASCALICA.
1445 443 1517 452 ——
1554 411 1643 467 DE
1680 405 1910 465 CURSU
1951 404 2038 459 ET
2080 402 2307 460 SALTU
2348 401 2583 466 LUNE,
2622 398 2774 457 E'I'C.

3387 401 3494 456 994

226 552 347 591 vun
377 537 518 601 dies,
548 535 642 604 qui
672 532 873 587 faciunt
896 530 1262 588 hebdomadas
1280 529 1434 593 duas,
1450 533 1504 580 et
1524 526 1806 581 remanent
1835 520 1882 579 A
1909 514 2071 571 hodie
2098 522 2151 571 et
2173 521 2327 570 sexto
2353 513 2620 568 Kalendas
2643 526 2783 568 cras.
2811 508 2909 565 Vel
2936 518 3224 604 propterea
3271 509 3493 575 dicitur,

226 627 466 698 quinque
493 627 625 680 dies.
657 623 806 680 Adde
833 623 932 678 has
961 621 1095 677 duas
1123 620 1452 690 septimanas
1475 616 1546 671 ad
1569 614 1808 684 priorem

225 727 538 790 computum
566 731 616 783 ε,
636 716 771 771 fiunt
813 715 1126 786 septimana:
1150 724 1421 773 necccxm,
1451 715 1505 763 et
1528 708 1811 761 remanent

227 812 338 866 duo
369 811 560 865 diesct
600 809 750 863 hora:
781 822 939 862 xvur.
994 803 1113 861 Una
1157 799 1495 858 hebdomada
1546 792 1811 852 accrescit

227 900 286 954 in
324 900 729 955 diminutionem
767 897 958 961 saltus,
1005 893 1412 964 nongentesima
1461 887 1812 958 nonagesima

228 991 405 1059 prima
447 1005 574 1059 pars
611 989 771 1043 unius
816 986 990 1056 partis
1025 985 1217 1040 solaris
1242 996 1457 1045 cursus,
1485 981 1708 1049 insuper
1756 983 1814 1031 et

227 1081 372 1137 trien
395 1080 813 1153 nongentesimai
847 1077 1208 1148 nonagesima:
1236 1073 1428 1144 primze
1453 1069 1627 1140 partis
1659 1081 1808 1138 pars.

303 1169 360 1226 Si
394 1186 524 1225 vero
547 1169 612 1224 ad
638 1168 754 1224 dies
777 1167 912 1222 velis
935 1165 1244 1238 pervenire,
1281 1171 1336 1218 et
1372 1162 1511 1217 scire
1540 1160 1815 1215 desideras

230 1272 432 1334 quanta
460 1264 530 1317 sit
583 1277 680 1332 per
707 1261 951 1332 singulos
976 1259 1091 1314 dies
1122 1257 1281 1311 unius
1332 1251 1702 1309 diminutionis
1729 1263 1814 1303 ra-

228 1355 310 1410 tio
340 1397 354 1418 ,
426 1362 677 1424 computa
741 1354 858 1407 dies
914 1367 1064 1406 xvuu
1089 1361 1353 1404 annorum
1384 1387 1396 1411 ,
1454 1343 1544 1412 qui
1603 1349 1729 1398 sunt
1757 1337 1814 1396 ἷιῖ

230 1453 675 1510 nccccxxxvu,et
702 1443 865 1514 hujus
890 1440 1103 1496 numeri
1127 1439 1336 1494 dierum
1367 1432 1817 1492 decennovenalis

227 1537 370 1606 cycli
420 1551 546 1606 pars
592 1535 817 1605 singulis
861 1533 1052 1588 diebus
1097 1530 1164 1584 ad
1210 1528 1621 1585 diminutionem
1673 1526 1817 1581 illius

232 1628 394 1684 unius
421 1629 593 1699 partis
628 1626 959 1700 [accrescit].

301 1721 369 1776 Et
393 1721 439 1776 si
465 1721 533 1775 ad
556 1719 1023 1776 constellationem
1074 1715 1583 1773 mathematicorum
1625 1726 1818 1772 nerve-

229 1813 353 1869 nire
380 1813 503 1882 quis
535 1821 707 1878 curet,
731 1819 1007 1883 computet
1026 1812 1192 1865 horas
1223 1825 1256 1863 x
1283 1816 1340 1864 et
1365 1823 1485 1864 vuu
1510 1819 1775 1860 annorum
1799 1843 1815 1868 ,

230 1914 290 1962 et
314 1907 611 1960 secundum
635 1920 920 1960 numerum
966 1904 1223 1959 horarum
1249 1900 1454 1956 dividat
1481 1897 1628 1953 illam
1656 1911 1817 1951 unam

230 2005 442 2067 partem
466 1996 656 2052 solaris
681 2011 872 2052 cursus
899 1995 954 2048 in
975 2010 1085 2049 uno
1106 1995 1214 2058 dic,
1242 2002 1297 2048 et
1310 1992 1384 2047 ibi
1412 1991 1519 2047 erit
1539 1997 1669 2046 tunc
1690 2006 1820 2047 con-

231 2087 468 2142 stellatio
492 2087 875 2142 mathematica
905 2084 1061 2150 falsa,
1092 2084 1357 2154 siquidem
1387 2082 1598 2137 ratione
1626 2083 1818 2136 inven-

229 2190 311 2246 ta,
334 2181 429 2235 sed
457 2179 694 2248 diligenti
742 2177 1090 2247 inquisitione
1132 2182 1490 2246 perserutata.
1509 2173 1577 2229 Et
1601 2182 1805 2240 tamen,

230 2272 447 2337 utdixi,
481 2271 567 2326 illa
598 2270 882 2326 diminutio
931 2269 1075 2326 illius
1113 2269 1275 2324 unius
1314 2268 1484 2338 partis
1511 2268 1565 2322 in
1593 2280 1821 2323 numero

229 2365 490 2420 horarum
515 2363 805 2426 invenitur,
834 2362 886 2416 in
935 2377 1042 2431 quo
1070 2362 1218 2417 hora:
1257 2367 1385 2415 sunt
1432 2376 1533 2430 per
1560 2375 1591 2413 x
1619 2366 1676 2413 et
1698 2374 1818 2415 vim

231 2468 424 2509 annos.
459 2453 489 2493 δ
518 2452 652 2508 Nam
686 2468 840 2507 xvnu
888 2452 1014 2506 anni
1057 2451 1260 2508 habent
1303 2451 1470 2507 horas
1512 2451 1715 2507 Efi'ﬁ'ﬁ
1764 2456 1823 2506 et

229 2547 558 2618 quadragies
583 2546 956 2616 quinquagies.
987 2544 1193 2611 Quarta
1217 2560 1346 2615 pars
1374 2560 1589 2601 eccum
1612 2546 1821 2602 centies

231 2639 482 2709 sexagies
507 2637 696 2694 octies.
727 2635 1008 2691 Millesima
1053 2650 1182 2703 pars
1208 2636 1368 2691 unius
1411 2636 1584 2705 partis
1627 2636 1822 2692 solaris

229 2743 429 2786 cursus
474 2729 530 2782 in
567 2743 674 2782 una
705 2727 1007 2783 detrahitur
1034 2726 1123 2780 illa
1161 2727 1320 2782 unius
1366 2725 1561 2781 solaris
1614 2726 1819 2796 partis,

231 2828 292 2875 et
342 2835 534 2876 cursus
562 2835 659 2890 per
693 2820 835 2874 diem
893 2819 945 2871 in
990 2819 1212 2874 zodiaco
1257 2817 1483 2882 circulo,
1499 2817 1642 2872 sicut
1677 2830 1822 2886 ωερε

235 2912 492 2974 diximus,
525 2911 593 2964 ad
620 2909 1030 2964 diminutionem
1070 2908 1232 2962 unius
1265 2907 1371 2962 diei
1400 2906 1522 2976 plus
1547 2922 1645 2975 per
1668 2920 1821 2960 xvun

234 2999 373 3056 solet
396 2998 667 3052 transilire
695 2997 750 3050 in
779 2997 918 3050 lunae
951 3011 1136 3060 cursu,
1164 3009 1326 3065 quem
1364 2995 1507 3051 diem
1535 2993 1826 3050 calculato-

234 3103 327 3144 res
355 3089 551 3145 saltum
577 3088 859 3143 nominare
886 3085 1190 3140 voluerunt.

1513 2448 1715 2462 ῃ

1908 606 1962 661 id
1993 613 2079 662 est
2113 606 2196 662 bis
2237 615 2422 662 sextas
2460 605 2682 669 sexies;
2713 611 2896 659 sextas
2933 611 3113 657 autem
3159 603 3295 658 duas
3332 604 3504 660 horas

1910 692 2197 764 signiﬁcat.
2220 693 2348 747 Duae
2369 707 2497 763 ergo
2528 693 2675 747 hora:
2698 690 2802 755 bis,
2830 698 3065 760 quatuor
3082 698 3237 754 sunt;
3264 691 3392 746 item
3415 704 3499 746 illi

1909 785 2087 841 sexies
2128 786 2274 840 ducti
2303 801 2457 840 xxuu
2502 785 2650 839 horae
2677 790 2822 846 sunt,
2848 792 3130 852 propterea
3168 783 3367 838 dicitur
3389 783 3504 838 bis-

1910 883 2116 941 sextus,
2163 875 2290 945 quia
2343 876 2426 930 his
2478 882 2658 930 sextas
2706 874 2930 939 sexies;
2977 889 3104 928 nam
3150 882 3330 930 sextas
3378 875 3501 931 ideo

1912 965 2130 1029 dicitur,
2157 966 2246 1034 qui
2270 963 2386 1037 [F.,
2419 961 2569 1037 quia]
2607 976 2758 1020 sexta
2799 980 2925 1034 pars
2966 966 3106 1019 assis
3129 973 3232 1030 est,
3262 967 3368 1020 hoc
3391 974 3500 1032 est,

1913 1055 2031 1109 duae
2049 1055 2243 1119 unciae,
2271 1055 2318 1109 si
2353 1055 2406 1108 in
2436 1054 2764 1125 ponderibus
2791 1055 3232 1123 interpretantur,
3255 1064 3348 1111 aut
3365 1054 3503 1112 duas

1914 1145 2078 1200 horas
2104 1143 2391 1216 signiﬁcat.

1987 1237 2125 1304 Quid
2145 1253 2273 1308 ergo
2293 1234 2454 1292 edicit
2473 1236 2810 1294 bissextum?
2834 1239 2937 1293 hoc
2958 1247 3040 1293 est
3061 1233 3285 1295 tarditas
3305 1255 3501 1298 cursus

1917 1329 2074 1392 solis;
2106 1330 2230 1384 inde
2257 1329 2590 1400 Augustinus
2611 1328 2636 1367 ἀ
2666 1329 2834 1385 dicit:
2885 1348 2904 1380 ι
2937 1330 3193 1385 Breviorc
3233 1340 3414 1388 autem
3445 1341 3502 1387 et

1916 1419 2123 1490 vulgari
2160 1419 2388 1483 ratione,
2427 1419 2723 1474 bissextum
2766 1421 3061 1474 retardatio
3093 1428 3315 1490 generat
3351 1421 3502 1490 solis,

1916 1525 2026 1564 non
2047 1511 2114 1564 ad
2137 1509 2385 1566 eamdem
2406 1509 2601 1565 lineam
2625 1508 2746 1565 caeli
2762 1523 2860 1579 per
2877 1525 3076 1588 cccva
3097 1511 3213 1565 dies
3230 1509 3384 1580 plene
3413 1527 3502 1567 re-

1918 1601 2153 1665 deuntis,
2196 1617 2229 1656 a
2254 1616 2363 1670 qua
2400 1602 2634 1656 recurrit
2661 1618 2675 1666 ;
2699 1601 2848 1656 verbi
2877 1602 3050 1670 gratia
3077 1603 3130 1656 in
3176 1603 3502 1672 {equinoctio

1919 1690 2142 1755 vernali,
2191 1691 2338 1760 quod
2366 1689 2525 1760 juxta
2575 1691 2858 1763 Aigyptios
2901 1708 2957 1747 xi
3007 1691 3196 1764 [Beda,
3227 1693 3327 1765 xu]
3385 1694 3503 1749 Kal.

1919 1778 2118 1851 Aprilis
2147 1781 2235 1836 die
2260 1783 2508 1853 pervenit
2537 1781 2724 1854 [Beda,
2755 1784 3028 1856 provenit]
3078 1783 3244 1839 solem
3279 1801 3509 1856 surgen—

1923 1881 2032 1929 tem
2061 1888 2091 1927 a
2115 1875 2294 1930 medio
2321 1875 2571 1941 orientis,
2592 1875 2636 1929 si
2665 1875 2948 1944 diligenter
2969 1877 3334 1943 adnotaveris,
3359 1879 3506 1934 hunc

1919 1979 2065 2021 anno
2099 1967 2370 2036 sequenti,
2420 1967 2508 2022 die
2553 1966 2805 2023 videlicet
2849 1969 3058 2032 eodem,
3107 1968 3501 2039 aliquantulum

1920 2055 2148 2112 inferius
2195 2058 2329 2112 oriri
2380 2060 2639 2128 reperies,
2691 2058 2794 2116 nisi
2842 2060 3200 2129 quadrantem
3254 2061 3500 2130 adjicias,

1918 2161 1975 2200 ιι
2009 2144 2216 2218 [δυρρι.
2251 2147 2396 2220 Kal.]
2422 2147 2624 2218 Aprilis
2641 2149 3022 2218 aequinoctium
3051 2147 3315 2205 facturus.
3345 2150 3508 2206 Eam-

1918 2240 2043 2297 dem
2071 2242 2380 2297 tarditatem
2406 2243 2463 2297 in
2489 2242 2702 2298 caeteris
2725 2256 2939 2313 quoque
2972 2243 3128 2296 annis
3152 2251 3354 2297 servat.
3388 2263 3406 2293 ι

1991 2330 2145 2388 Unde
2163 2347 2294 2403 ergo
2312 2332 2586 2388 bissextus
2605 2331 2868 2387 edicitur?
2889 2332 3004 2388 sine
3019 2332 3178 2387 dubio
3199 2347 3264 2387 ex
3277 2341 3511 2402 quatuor

1920 2423 2334 2492 quadrantibus,
2351 2423 2494 2478 sicut
2513 2423 2710 2494 legitur
2734 2434 2790 2478 οε
2815 2423 3092 2479 Bissextus
3102 2439 3170 2478 ex
3192 2425 3512 2494 quadrantis

1919 2514 2131 2569 ratione
2158 2529 2258 2585 per
2283 2515 2701 2585 quadriennium
2736 2514 3040 2580 coniicitur,
3073 2518 3201 2572 dum
3245 2517 3322 2572 sol
3356 2517 3424 2571 ad
3454 2516 3509 2572 id

1923 2603 2161 2674 signum,
2213 2619 2283 2658 ex
2312 2619 2421 2674 quo
2466 2620 2719 2676 egressus
2759 2613 2862 2670 est,
2900 2612 3025 2675 post
3068 2619 3272 2659 cchxv
3299 2606 3415 2660 dies
3455 2613 3514 2661 et

1919 2704 2116 2764 quarta
2140 2703 2295 2765 parte
2327 2697 2437 2752 diei
2467 2711 2592 2753 sero
2620 2697 2832 2768 adjecta
2864 2696 3172 2752 revertitur.

1992 2807 2100 2864 Iste
2147 2822 2279 2879 ergo
2326 2808 2627 2866 bissextilis
2675 2811 2792 2866 dies
2834 2815 2962 2880 quot
3003 2811 3168 2866 horas
3206 2811 3412 2867 habet?
3456 2818 3516 2866 et

1921 2908 2105 2953 utrum
2134 2898 2188 2953 in
2213 2898 2302 2954 die
2323 2907 2535 2955 tantum
2556 2910 2660 2964 est,
2687 2917 2756 2955 an
2781 2901 2837 2956 in
2878 2901 3072 2958 nocte?
3100 2917 3168 2956 an
3194 2903 3358 2959 etiam
3386 2918 3516 2958 con~

1924 2988 2062 3044 tinet
2084 2989 2226 3045 diem
2250 2995 2305 3043 et
2341 2998 2555 3047 noctem
2580 2991 2604 3043 ?
2631 2999 2687 3048 et
2727 2991 2832 3048 illa
2859 2993 3150 3061 quadrans,
3189 3007 3254 3047 ex
3281 3009 3388 3063 quo
3417 3010 3515 3048 na-

1925 3080 2098 3134 scitur
2125 3081 2227 3136 iste
2248 3081 2545 3137 bissextilis
2573 3083 2708 3147 dies,
2733 3092 2915 3138 utrum
2942 3083 3237 3140 artiﬁcialis
3260 3100 3324 3137 an
3351 3093 3514 3139 natu-

308 3178 376 3233 Et
397 3194 467 3233 ne
506 3178 664 3233 alicui
695 3175 891 3231 falsum
917 3176 1089 3230 videri
1121 3175 1331 3238 debeat,
1362 3176 1505 3244 quod
1559 3175 1613 3230 in
1642 3181 1824 3229 tantas
1850 3205 1896 3267 Ο
1927 3169 2100 3226 ralis?
2125 3170 2231 3226 Alii
2260 3181 2475 3240 putant,
2504 3174 2645 3243 quod
2690 3174 2794 3230 iste
2827 3175 2943 3230 dies
2977 3174 3268 3229 bissextilis
3297 3192 3372 3229 xu
3419 3177 3517 3231 ho-

236 3266 531 3322 divisiones
556 3266 746 3338 partiri
774 3266 945 3336 possit
997 3280 1104 3319 una
1148 3281 1274 3335 pars
1322 3266 1530 3320 zodiaci
1556 3306 1571 3330 ,
1625 3267 1826 3335 cogitet

238 3358 665 3430 magnitudinem
695 3357 842 3421 solis,
877 3363 937 3409 ut
962 3355 1160 3422 ferunt,
1186 3358 1311 3424 quia
1337 3357 1512 3426 major
1533 3365 1618 3410 est
1643 3365 1822 3419 terra;

238 3464 305 3504 ex
339 3448 704 3519 magnitudine
743 3448 888 3500 enim
932 3446 1060 3501 solis
1103 3446 1468 3514 conjecturam
1510 3444 1675 3500 faciat
1704 3446 1829 3500 lati-

241 3540 486 3598 tudinum
512 3537 934 3608 uniuscujusque
953 3538 1124 3609 partis
1149 3552 1246 3606 per
1280 3537 1460 3592 sidera
1489 3537 1696 3606 singula
1719 3577 1734 3602 ,
1771 3543 1830 3592 et

244 3634 302 3687 in
329 3646 390 3686 se
418 3645 670 3685 reversus
719 3630 892 3700 magis
937 3627 1165 3683 miretur
1189 3643 1325 3697 opus
1374 3627 1492 3693 Dei,
1521 3642 1683 3697 quam
1729 3641 1828 3685 suo

245 3724 511 3780 innitatur
533 3737 716 3778 sensu.

302 3874 466 3949 335
521 3887 922 3968 INCIPIT
977 3887 1109 3965 DE
1165 3887 1661 3969 BISSEXTO
1715 3887 1770 3964 θ.

318 4068 396 4124 De
447 4069 690 4124 hissexto
737 4067 974 4136 primum
1027 4067 1184 4124 nobis
1233 4065 1675 4138 interrogandum
1724 4075 1830 4134 est,

245 4178 417 4234 quare
441 4161 641 4219 dicitur
656 4160 958 4217 bissextus?
996 4166 1089 4214 aut
1130 4159 1260 4230 quid
1295 4158 1460 4214 eﬂicit
1487 4160 1831 4217 Bissextum?

237 4264 344 4311 aut
360 4256 428 4312 de
447 4255 592 4326 quali
616 4253 838 4309 materia
861 4251 1122 4308 eﬂicitur?
1141 4261 1194 4307 et
1209 4253 1349 4308 unde
1371 4254 1607 4324 primum
1630 4257 1830 4325 erepit?

242 4354 586 4416 ctquantum
628 4346 695 4400 de
735 4344 827 4399 illo
852 4345 1050 4399 crescit
1097 4345 1151 4398 in
1200 4359 1521 4414 unoquoque
1565 4362 1727 4412 anno,
1777 4356 1834 4402 et

242 4445 509 4510 quantum
528 4438 585 4490 in
609 4449 933 4504 unoquoque
961 4435 1067 4499 die,
1091 4441 1146 4486 et
1175 4435 1229 4488 in
1253 4450 1584 4506 unoquoque
1607 4438 1830 4494 mense?

1929 3277 2020 3318 ras
2055 3263 2350 3329 habuisset,
2374 3272 2430 3319 at
2454 3267 2635 3320 caeteri
2661 3266 2780 3322 dies
2806 3265 3106 3323 artificialis
3135 3267 3228 3340 [F.
3258 3268 3358 3336 leg.
3387 3277 3513 3324 ut...

1927 3352 2287 3425 artiﬁciales],
2321 3355 2446 3411 inde
2471 3356 2666 3430 legitur
2695 3357 2714 3396 ί
2749 3376 2760 3411 :
2801 3377 2819 3410 ι
2854 3358 3135 3414 Bissextus
3163 3367 3270 3426 est,
3300 3376 3397 3430 per
3422 3378 3518 3415 an-

1927 3459 2027 3500 nos
2052 3461 2135 3499 un
2157 3461 2297 3501 unus
2319 3447 2435 3502 dies
2457 3449 2736 3518 adjectus;
2765 3450 2962 3505 crescit
2988 3451 3131 3505 enim
3157 3465 3254 3519 per
3277 3451 3526 3521 singulos

1927 3551 2100 3592 annos
2122 3544 2320 3606 quarta
2348 3555 2476 3608 pars
2518 3541 2674 3606 assis,
2712 3556 2778 3598 ac
2801 3541 2894 3598 ubi
2921 3550 3116 3611 quarto
3154 3558 3296 3599 anno
3340 3559 3518 3600 assem

1929 3625 2298 3696 compleverit,
2326 3628 2662 3684 bissextilem
2696 3646 2898 3686 annum
2945 3629 3096 3687 facit.
3146 3632 3334 3689 Dictus
3370 3634 3518 3689 enim

1929 3718 2223 3786 bissextus,
2260 3721 2388 3793 quia
2432 3721 2518 3778 his
2563 3723 2740 3777 sexies
2767 3722 2961 3778 ductus
2986 3724 3149 3779 assim
3193 3723 3342 3790 facit,
3372 3725 3520 3796 quod

1930 3817 2015 3864 est
2037 3827 2180 3866 unus
2205 3809 2338 3867 dies.
2393 3809 2618 3879 Quando
2644 3826 2773 3882 ergo
2822 3813 2983 3879 dixit,
3011 3824 3261 3884 quartam
3306 3825 3517 3888 partem

1932 3899 2072 3954 assis
2091 3899 2147 3954 in
2166 3915 2276 3956 uno
2294 3914 2509 3970 quoque
2529 3915 2670 3956 anno
2691 3915 2955 3966 crescere,
2988 3910 3098 3958 tres
3136 3904 3298 3960 horas
3333 3914 3518 3962 osten-

1931 3990 2048 4056 dit;
2079 3992 2281 4047 scimus
2329 3993 2474 4046 enim
2509 3992 2636 4062 quia
2679 3992 2818 4049 assis
2845 4009 2922 4049 xu
2965 3995 3154 4050 uncias
3181 3996 3366 4056 habet.
3396 4011 3519 4067 qua:

1931 4080 2238 4152 signiﬁcant
2268 4098 2345 4139 xu
2377 4083 2559 4149 horas,
2591 4091 2788 4153 quarta
2817 4093 2995 4140 autem
3032 4101 3160 4155 pars
3185 4095 3267 4142 est
3308 4105 3382 4143 xu
3419 4091 3518 4143 ho-

1929 4187 2116 4228 rarum
2139 4181 2249 4228 tres
2269 4173 2437 4238 horae,
2469 4184 2525 4229 et
2547 4173 2627 4229 sic
2663 4172 2892 4230 edicitur
2919 4176 3210 4232 hissextilis
3246 4179 3361 4234 dies
3389 4181 3521 4234 arti-

1931 4264 2178 4321 licialiter
2198 4279 2267 4320 ex
2302 4266 2476 4322 tribus
2507 4266 2656 4322 horis
2691 4262 3113 4338 uniuscujusque
3150 4270 3277 4324 anni
3303 4287 3399 4340 per
3420 4287 3519 4325 an-

1932 4370 2034 4410 nos
2061 4363 2333 4423 quatuor;
2364 4362 2481 4409 tres
2511 4354 2657 4411 enim
2681 4363 2873 4424 quater
2906 4357 3070 4412 ducta
3114 4373 3191 4413 xu
3221 4360 3386 4415 horas
3407 4359 3519 4416 elli-

1933 4446 2121 4512 ciunt;
2153 4452 2210 4499 et
2245 4445 2351 4502 hoc
2378 4445 2566 4502 volunt
2604 4446 2839 4517 probare
2872 4462 2972 4519 per
3007 4448 3169 4503 horas
3205 4451 3370 4516 totius
3394 4454 3522 4509 anni

244 4535 301 4586 et
330 4527 384 4582 in
415 4542 522 4625 quo
547 4524 665 4625 loco
685 4533 740 4580 et
767 4525 821 4625 in
848 4539 953 4625 qua
982 4525 1069 4578 die
1087 4524 1334 4625 datarum
1352 4527 1570 4625 ponitur
1594 4526 1698 4584 iste
1722 4529 1833 4584 bis—
1862 4565 1913 4625 Β
1936 4535 2140 4590 divisas
2173 4549 2272 4604 per
2295 4549 2373 4590 vu
2417 4544 2622 4606 partes,
2669 4542 2726 4593 et
2749 4538 2893 4606 quod
2935 4538 3279 4606 superfuerit,
3313 4541 3517 4608 dicunt,

245 4617 468 4676 sextus?
490 4624 547 4671 et
563 4615 687 4686 quis
706 4614 911 4683 primus
925 4613 1127 4669 invenit
1146 4614 1438 4670 bissextum
1457 4615 1482 4668 ?

318 4708 595 4763 Bissextus
615 4720 744 4776 ergo
775 4712 1057 4774 propterea
1083 4703 1282 4760 dlcitur
1297 4714 1519 4776 propter
1541 4707 1625 4763 bis
1652 4719 1834 4765 sextus

249 4799 520 4857 Kalendas
540 4796 874 4862 nominatas;
905 4795 985 4851 sic
1005 4796 1150 4851 enim
1175 4795 1375 4852 dicitur
1397 4806 1551 4852 sexto
1568 4797 1834 4855 Kalendas

249 4932 335 4987 rio
348 4930 500 5004 stqu
515 4928 726 4985 Alcuini
755 4928 998 4985 nonnihil
1035 4929 1258 4984 recedit.
1285 4930 1556 5004 Fortassis
1596 4932 1836 5004 alterius

248 5000 534 5071 scriptoris
563 5011 666 5071 est,
693 5015 852 5071 quem
889 5006 1075 5071 tamen
1114 5014 1238 5053 cum
1291 5001 1411 5055 aliis
1464 5001 1532 5056 ad
1581 5000 1834 5058 Carolum

249 5070 472 5128 militare
493 5070 675 5125 voluit.
693 5070 804 5140 Hic
829 5084 957 5124 vero
976 5070 1208 5140 scriptor
1234 5071 1329 5134 ait,
1344 5073 1700 5140 quantitatem
1729 5074 1835 5130 diei

250 5142 416 5198 unius
442 5157 548 5197 non
577 5139 738 5194 modo
767 5141 819 5192 in
857 5139 1103 5208 partibus
1146 5139 1440 5210 temporis,
1486 5143 1581 5198 sed
1628 5145 1792 5198 etiam
1818 5186 1833 5210 ,

252 5213 367 5267 into
388 5211 576 5281 magis,
602 5211 658 5264 in
683 5210 928 5283 partibus
951 5209 1170 5283 zodiaci
1200 5219 1255 5264 et
1286 5211 1575 5278 eccliptica:
1606 5209 1837 5283 (unum;

253 5298 361 5351 que
385 5277 529 5336 enim
571 5277 917 5351 confundere]
945 5277 1179 5351 videtur)
1218 5277 1445 5351 exprimi
1492 5277 1668 5351 posse.
1701 5282 1838 5339 Cum

257 5348 424 5410 ikitur
439 5353 609 5407 saltus
637 5351 710 5406 sit
735 5366 839 5406 una
868 5348 980 5406 dies
1009 5348 1064 5403 in
1099 5348 1349 5405 aetatibus
1388 5348 1526 5406 lunae
1548 5368 1838 5410 numerau—

258 5370 273 5406 I
316 5370 609 5407 itursattus
637 5370 710 5406 Sll
735 5370 839 5406 una
868 5370 980 5406 ales
1009 5370 1064 5403 Ill
1099 5370 1349 5405 εειειιιυιιδ
1388 5370 1526 5406 luna:
1548 5370 1838 5410 numeran—

258 5370 346 5478 dis
371 5421 686 5501 omittenda,
715 5435 835 5476 eam
875 5433 971 5501 per
1003 5427 1187 5501 partes
1213 5422 1506 5501 ecclipticae
1533 5425 1840 5501 exprimere

255 5501 488 5575 conatur
507 5491 608 5575 hac
633 5506 764 5575 usus
809 5489 1097 5575 analogia:
1138 5490 1243 5547 Per
1293 5489 1558 5562 integrum
1592 5489 1704 5575 (qui
1755 5503 1841 5575 est

258 5570 376 5617 toto
423 5560 575 5631 cyclo
618 5560 1057 5631 decennovenali)
1111 5577 1390 5614 numerum
1414 5560 1706 5618 'mensium
1753 5565 1839 5619 vel

259 5630 702 5699 septimanarum,
729 5630 808 5686 vel
848 5631 1076 5693 dierum,
1108 5632 1213 5684 imo
1233 5633 1394 5685 etiam
1435 5631 1688 5686 horarum
1717 5675 1731 5698 ,
1771 5635 1839 5690 ad

258 5702 702 5770 przeparationem
731 5701 900 5756 saltus
926 5700 1203 5770 peragitur
1225 5701 1478 5770 spatium,
1507 5703 1663 5771 quale
1691 5715 1840 5759 motu

259 5772 481 5842 proprio
502 5772 578 5826 sol
598 5788 701 5825 una
721 5772 804 5842 die
819 5771 1107 5842 describit;
1142 5785 1270 5842 ergo
1299 5787 1405 5826 uno
1419 5788 1603 5828 mense
1622 5774 1706 5829 vel
1734 5791 1838 5829 una

260 5841 665 5912 arpliuianawel
692 5841 801 5908 die,
820 5841 926 5898 imo
955 5841 1117 5896 etiam
1143 5842 1274 5898 hora
1303 5852 1464 5912 quota
1494 5843 1652 5916 hujus
1680 5846 1837 5914 spatii

1938 4624 2083 4693 quod
2124 4632 2210 4680 est
2248 4625 2540 4694 quadrans,
2571 4627 2662 4696 qui
2700 4625 2864 4681 edicit
2903 4628 3238 4684 hissextilem
3265 4632 3425 4696 diem,
3465 4639 3522 4687 et

1938 4717 2044 4770 hoc
2061 4714 2268 4778 dicunt,
2289 4714 2432 4783 quod
2457 4730 2523 4770 ex
2552 4715 2765 4771 ratione
2792 4715 3103 4773 Graecorum
3128 4721 3393 4788 provenit.
3426 4721 3520 4776 Di-

1937 4806 2185 4862 vidamus
2222 4819 2354 4876 ergo
2395 4805 2560 4860 horas
2606 4805 2772 4863 totius
2812 4808 2959 4874 anni,
3007 4816 3067 4862 ut
3093 4809 3349 4877 sciamus,
3389 4813 3518 4882 quid

1938 4955 2067 5010 pars
2084 4937 2418 5011 percurritur
2434 4940 2459 4993 ἲ
2473 4938 2627 4995 Unde
2642 4940 2709 4994 ad
2725 4948 2910 5009 partes
2923 4941 3216 5011 eccliptica:
3231 4943 3516 5000 admodum

1938 5011 2162 5080 exiguas
2181 5010 2448 5080 pervenit,
2465 5024 2600 5078 quas
2639 5010 3077 5067 constellationes
3111 5013 3520 5070 mathematicas

1938 5078 2192 5149 appellat,
2222 5089 2276 5132 et
2302 5078 2466 5150 fa_lsas
2492 5095 2612 5135 esse
2624 5081 2721 5142 ait,
2738 5082 2860 5150 quia
2881 5083 3086 5138 ratione
3112 5084 3339 5138 inventae
3371 5093 3517 5149 sunt,

1938 5148 2148 5219 uiampe,
2177 5148 2928 5232 utaitDedaJnezplorandis
2952 5153 3218 5207 hominum
3243 5148 3514 5223 genituris.

2011 5231 2038 5260 ι
2081 5220 2281 5290 Desunt
2307 5218 2484 5290 aliqua
2509 5260 2523 5281 ,
2581 5227 2656 5274 ita
2684 5220 2822 5276 forte
2849 5223 3138 5290 supplenda
3165 5241 3177 5275 :
3210 5224 3344 5290 ﬁunt
3369 5226 3521 5290 septi-

2011 5238 2038 5260 -
2081 5238 2281 5274 uesuut
2307 5238 2484 5288 aliqua
2509 5260 2523 5281 ,
2581 5238 2656 5300 ita
2684 5238 2822 5302 torte
2849 5238 3138 5304 supplenda
3165 5241 3177 5275 :
3210 5238 3344 5290 [tum
3369 5238 3518 5295 sepu-

1940 5305 2112 5368 ιραηιε
2149 5288 2257 5344 990
2282 5306 2295 5343 ;
2320 5289 2456 5343 adde
2498 5297 2547 5344 et
2568 5289 2678 5346 dies
2704 5290 2740 5345 ι
2768 5291 3053 5368 bissexti!“
3076 5302 3126 5347 et
3165 5308 3297 5348 xvm
3335 5294 3518 5364 horas,

1941 5360 2101 5428 ﬁunt,
2131 5367 2235 5414 etc.

2012 5428 2042 5469 1⁵
2080 5428 2255 5499 Locus
2275 5438 2580 5499 corruptus.

2013 5507 2039 5536 α
2078 5498 2466 5572 Argumentum
2513 5500 2673 5570 hujus
2723 5509 2986 5557 tractatus
3028 5501 3082 5555 in
3128 5501 3244 5572 ejus
3295 5505 3520 5561 exordio

1941 5569 2285 5645 perspicuum
2307 5578 2429 5632 est;
2462 5569 2651 5645 modus
2682 5573 2946 5645 tractandi
2977 5574 3118 5628 idem
3145 5569 3304 5645 quem
3331 5575 3522 5631 obser-

1940 5645 2034 5707 vat
2059 5637 2318 5693 Alcuinus
2341 5655 2498 5707 supra
2531 5637 2597 5692 de
2621 5640 2770 5694 Saltu
2793 5642 2951 5696 lunae.

2015 5706 2040 5747 δ
2072 5708 2268 5780 Potius
2286 5706 2427 5780 Beda
2451 5709 2516 5780 de
2544 5709 2868 5780 Temporum
2892 5711 3119 5768 ratione.

2018 5789 2040 5849 ε
2067 5777 2220 5849 Apud
2242 5778 2437 5849 Bedam
2463 5779 2590 5832 ibid.

2020 5847 2038 5884 τ
2069 5847 2222 5920 Apud
2242 5847 2440 5904 Bedam
2468 5850 2533 5904 de
2558 5849 2903 5922 Argumentis
2925 5853 3084 5922 luam,
3111 5863 3235 5910 ante
3261 5855 3514 5910 medium.
