4090 6508
456 423 565 483 995

1274 409 1339 469 Β.
1374 405 1441 466 ιν.
1472 401 1700 464 ΑιΒιΝι
1738 398 1873 457 SEU
1911 391 2190 453 ALClllNl
2225 384 2511 447 OPEBUM
2548 382 2731 440 PARS
2766 377 2880 438 VII.

3634 372 3741 430 998

458 540 743 594 remaneat
764 544 926 602 super
961 536 1169 599 septem
1200 531 1428 597 partes;
1470 517 1679 575 scimus
1705 512 1874 577 enim,
1902 508 2047 580 quod
2073 508 2125 568 Α
2152 505 2350 559 iterum
2393 500 2450 552 in
2485 494 2713 553 exordio
2740 493 2845 548 diei
2890 490 2970 546 sol
3002 491 3056 545 in
3096 489 3215 546 loco
3245 487 3435 545 eodem
3475 494 3639 557 atque
3680 488 3742 543 in

461 630 521 686 in
542 636 658 684 toto
687 601 846 680 anno
871 623 1020 679 horae
1065 626 1193 676 sunt
1224 614 1331 672 ῆῑῐ
1375 628 1569 677 nccnx,
1613 609 1718 665 has
1756 621 1890 679 ergo
1917 601 2055 658 divi-

464 723 659 778 damus
682 731 782 787 per
825 731 900 770 vu
930 722 1136 783 partes,
1180 708 1337 779 quasi
1378 721 1478 778 per
1522 716 1810 760 numerum
1846 702 2057 787 septem

465 786 699 872 dierum,
744 804 838 876 qui
869 800 1294 870 multiplicantur
1317 811 1417 868 per
1459 801 1631 850 totum
1679 805 1901 851 annum,
1953 786 2058 841 hoc

468 909 556 959 est
592 916 667 958 ut
695 897 1030 968 septimanae,
1060 899 1117 948 et
1156 904 1301 947 unus
1329 888 1483 948 dies:
1529 886 1740 942 dimitte
1782 897 1915 952 ergo
1938 896 2055 945 vn;

468 993 600 1067 quia
630 1006 706 1048 vn
733 995 919 1060 partes
963 990 1115 1048 sunt,
1158 982 1264 1037 hoc
1297 987 1386 1036 est
1407 994 1481 1034 vn
1514 976 1727 1039 millies,
1775 978 2060 1029 remanent

471 1066 569 1141 tibi
599 1082 655 1139 in
688 1095 863 1137 nccnx
886 1075 1035 1150 [Leg.
1062 1075 1088 1132 ῑ
1117 1071 1337 1144 pecu],
1365 1070 1575 1127 dimitte
1622 1083 1740 1130 occ,
1768 1066 1897 1136 quia
1939 1080 2061 1133 sep-

472 1184 583 1231 tem
608 1178 792 1243 partes
826 1176 970 1230 sunt;
1001 1167 1107 1224 hoc
1145 1172 1230 1221 est
1265 1161 1472 1219 centies
1516 1167 1747 1230 septem,
1777 1163 2063 1212 remanent

473 1283 589 1325 1.x:
640 1262 851 1319 dimitte
879 1276 945 1316 nc
994 1256 1081 1332 [L.
1130 1261 1415 1312 remanent
1444 1269 1464 1309 ι
1497 1267 1607 1307 Lx:
1656 1250 1868 1305 dimitte
1914 1244 2060 1317 nec],

471 1359 619 1415 sicut
676 1362 837 1412 antea
904 1351 1158 1413 diximus,
1218 1354 1502 1403 remanent
1555 1357 1779 1399 cccu:
1849 1337 2065 1393 dimitte

474 1462 726 1514 cccxxx;
754 1444 881 1517 quia
904 1443 992 1500 bis
1030 1448 1237 1510 septem
1266 1435 1446 1508 γεδειιὶ
1475 1443 1622 1499 ειιιιι,
1654 1435 1940 1486 remanent
1968 1427 2064 1483 tibi

477 1557 664 1601 Lxxx:
698 1536 912 1593 dimitte
957 1530 1264 1602 thu,quia
1301 1544 1424 1584 vnu
1471 1524 1681 1596 septeni
1707 1529 1853 1585 sunt,
1896 1533 2070 1575 rema-

478 1638 615 1689 nent
637 1645 751 1686 xvn
776 1645 791 1682 :
818 1625 1030 1682 dimitte
1059 1639 1201 1687 xuu,
1222 1620 1347 1692 quia
1376 1618 1462 1674 bis
1485 1623 1693 1686 septem
1722 1620 1865 1674 sunt,
1891 1625 2070 1666 rema—

482 1730 615 1779 nent
636 1735 723 1776 ιιι.
773 1718 900 1774 Illas
925 1731 1054 1786 ergo
1081 1730 1145 1769 ιιι
1184 1714 1370 1774 horas,
1414 1724 1537 1779 qua:
1582 1710 1864 1761 remanent
1907 1714 2071 1770 super

483 1814 776 1871 divisiones
801 1811 1055 1865 horarum
1080 1808 1247 1863 totius
1272 1803 1419 1868 anni,
1448 1802 1635 1856 dicunt
1650 1813 1772 1854 esse
1793 1796 2071 1866 quadran-

2154 595 2344 650 eodem
2389 592 2545 661 signo
2586 587 2886 659 apparebit.
2935 583 3026 640 Sic
3068 598 3198 656 ergo
3230 581 3331 637 fuit
3374 582 3432 638 in
3475 581 3747 652 principio

2153 685 2342 744 mundi
2373 686 2461 739 ille
2485 682 2759 753 quadrans
2787 696 2817 736 a
2846 679 3023 735 media
3057 686 3221 734 nocte
3261 674 3627 747 aequinoctiali
3655 690 3750 729 us-

2156 794 2263 851 que
2291 777 2360 832 ad
2395 789 2574 838 mane,
2615 772 2694 827 illi
2720 778 2902 825 autem
2950 770 3156 825 indies
3200 773 3514 837 sequentes,
3560 765 3613 821 id
3638 771 3749 830 est,

2156 890 2213 932 xt
2239 871 2361 927 Kal.
2398 867 2623 940 Aprilis,
2660 883 2697 920 x
2728 863 2846 919 Kal.
2895 863 3089 933 April.,
3119 878 3238 917 vuu
3264 860 3384 916 Kal.
3415 857 3639 929 Aprilis,
3665 857 3755 913 di—

2158 970 2288 1019 cunt
2312 960 2455 1031 quod
2479 958 2716 1028 aequales
2740 956 2964 1019 fuerint,
2984 954 3079 1009 sed
3100 955 3217 1008 sine
3236 966 3462 1006 numero
3487 951 3754 1005 horarum

2162 1057 2304 1109 inter
2328 1052 2444 1107 dies
2467 1057 2525 1104 et
2569 1056 2779 1112 noctes,
2824 1046 2980 1118 quasi
3023 1062 3094 1099 LII
3125 1041 3217 1116 [F.
3252 1041 3337 1113 tu]
3363 1041 3479 1096 dies
3523 1039 3758 1097 fuissent

2159 1142 2586 1216 aequinoctiales,
2628 1147 2919 1210 antequam
2967 1136 3048 1193 sol
3093 1136 3286 1191 fuisset
3336 1140 3575 1198 creatus,
3623 1140 3757 1188 ante

2160 1238 2294 1295 solis
2320 1238 2465 1293 enim
2491 1235 2825 1291 creationem
2870 1231 3161 1303 primitivze
3205 1227 3342 1283 lucis
3369 1226 3601 1282 circuitu
3627 1238 3757 1298 age-

2161 1330 2344 1393 batur,
2373 1329 2518 1398 quod
2543 1341 2688 1382 nunc
2710 1340 2808 1396 per
2833 1323 3000 1379 solem
3030 1322 3229 1393 agitur.
3254 1318 3281 1360 d
3321 1338 3341 1371 ι
3386 1318 3521 1374 Nam
3549 1329 3759 1387 praee-

2162 1420 2299 1477 dens
2328 1420 2589 1484 triduum,
2620 1426 2680 1472 ut
2720 1415 2975 1471 omnibus
3016 1413 3193 1468 visum
3239 1417 3345 1476 est,
3377 1407 3583 1478 absque
3627 1405 3758 1463 ullis

2166 1513 2429 1572 horarum
2457 1508 2905 1570 dimensionibus,
2938 1512 2998 1559 ut
3032 1511 3164 1574 puta
3198 1516 3299 1556 nec
3336 1501 3464 1556 dum
3490 1497 3650 1555 factis
3674 1496 3757 1552 si-

2168 1603 2408 1667 deribus,
2436 1599 2631 1670 aequali
2656 1599 2811 1653 lance
2831 1596 2925 1651 lux
2950 1604 3033 1651 est
3064 1593 3248 1665 [Bed.,
3271 1590 3467 1661 aequali
3496 1589 3650 1646 lance
3672 1586 3761 1642 lu-

2170 1709 2296 1750 men
2332 1694 2693 1760 tenebrasque
2719 1687 3033 1761 pandebat],
3060 1684 3321 1756 pallidum
3358 1683 3500 1738 diem
3525 1688 3581 1736 et
3608 1688 3765 1735 tene-

2172 1786 2300 1841 bras
2325 1783 2617 1855 pandebat.
2640 1780 2769 1837 Hazc
2796 1788 2975 1835 autem
3002 1778 3141 1832 ratio
3168 1790 3235 1831 ex
3257 1773 3585 1830 auctoritate
3609 1769 3765 1827 Grat-

482 1916 594 1962 tem
624 1901 981 1966 artificialem,
1012 1907 1068 1955 et
1093 1899 1172 1956 sic
1196 1912 1264 1953 ex
1286 1903 1521 1965 quatuor
1543 1861 1939 1963 quadrantibus
1972 1902 2069 1957 per
2103 1873 2146 1932 Β
2174 1891 2362 1933 eorum
2385 1873 2757 1930 conﬁrmatur.
2783 1870 3007 1942 Legitur
3025 1869 3170 1924 enim
3195 1867 3249 1921 in
3269 1865 3498 1936 epistola
3528 1861 3767 1919 Mauricii

483 2012 570 2058 ιιιι
594 2007 765 2050 annos
789 2007 956 2047 unum
981 1992 1123 2046 diem
1148 1986 1499 2049 bissextilem,
1530 1985 1623 2054 qui
1656 1982 1820 2039 habet
1860 1998 1937 2037 xu
1968 1981 2068 2035 ho—

485 2102 618 2151 ras;
643 2092 759 2142 tres
784 2084 931 2140 enim
952 2090 1146 2153 quater
1179 2079 1350 2145 ducti,
1380 2095 1459 2134 xu
1490 2077 1655 2133 horas
1676 2075 1931 2131 efficiunt.
1962 2073 2075 2130 Sed

486 2188 672 2234 tamen
702 2181 817 2231 tunc
843 2176 988 2230 ratio
1017 2171 1386 2243 suprascripta
1423 2172 1565 2239 apud
1607 2176 1858 2224 auctores
1887 2181 2077 2238 repro-

485 2271 666 2328 batur.
694 2269 753 2325 ln
772 2267 1076 2339 quadrante
1096 2266 1246 2320 enim
1268 2280 1377 2319 non
1406 2264 1594 2320 dicunt
1614 2270 1725 2317 tres
1744 2261 1909 2316 horas
1931 2276 2073 2320 esse.

486 2363 585 2421 sed
609 2379 664 2418 Vl
690 2368 746 2417 et
774 2360 924 2415 illum
968 2358 1110 2414 diem
1138 2355 1473 2416 liissextilem
1500 2370 1605 2410 non
1640 2356 1830 2411 dicunt
1854 2366 1975 2408 esse
1999 2368 2077 2407 xu

490 2456 771 2517 horarum,
797 2450 962 2523 366
980 2448 1072 2505 sed
1090 2465 1271 2511 xxuu,
1288 2448 1560 2517 quomodo
1582 2461 1712 2516 ergo
1730 2443 1826 2517 [Ε.
1848 2444 2077 2499 subaud.

494 2546 636 2620 fieri]
663 2546 944 2616 potuisset,
974 2550 1036 2596 ut
1060 2539 1151 2599 ille
1185 2540 1303 2598 dies
1347 2538 1641 2594 bissextilis
1665 2554 1737 2592 xx
1769 2534 1863 2608 [F.
1896 2533 2079 2606 xxuu]

492 2640 753 2695 horarum
799 2642 947 2691 esset
993 2633 1111 2689 sine
1160 2630 1366 2687 nocte?
1411 2629 1542 2685 Inde
1596 2629 1928 2699 Augustinus
1982 2625 2085 2695 (De

495 2725 702 2798 Temp,
734 2743 789 2781 ιι.
824 2724 879 2796 8)
921 2724 1051 2779 dicit
1083 2722 1151 2778 de
1192 2723 1297 2778 hoe
1343 2719 1644 2790 quadrante
1675 2726 1731 2773 et
1769 2717 1836 2772 de
1865 2715 1954 2770 illa
1995 2714 2086 2770 die

490 2819 801 2877 hissextili:
847 2835 866 2868 ι
924 2833 1007 2872 ιιιι
1059 2815 1391 2889 quadrantes
1437 2811 1647 2867 faciunt
1695 2826 1862 2865 unum
1918 2808 2083 2871 diem.

498 2928 662 2985 quem
711 2923 935 2967 necesse
986 2916 1069 2963 est
1118 2903 1430 2962 intercalari
1473 2919 1541 2958 ex
1587 2916 1753 2957 cursu
1804 2898 1989 2973 [Aug.,
2017 2913 2088 2955 ex

497 3001 687 3077 curso]
721 2999 1099 3072 quadriennio,
1145 3012 1307 3068 quem
1328 2995 1471 3050 diem
1508 2991 1842 3052 bissextilem
1871 2995 2083 3052 vocant,

500 3109 572 3152 ne
604 3103 905 3167 temporum
934 3091 1071 3146 ordo
1104 3088 1369 3146 turbetur.
1397 3087 1516 3157 lpse
1538 3093 1717 3140 autem
1742 3082 2014 3153 quadrans
2032 3095 2086 3135 vr

497 3184 665 3240 horas
697 3182 900 3248 habet;
941 3188 1089 3236 totus
1132 3178 1277 3236 enim
1306 3177 1421 3234 dies
1464 3174 1643 3249 [Aug.,
1675 3173 1865 3233 addit:
1902 3172 1957 3227 id
1982 3170 2087 3243 est]

499 3291 629 3332 cum
658 3290 756 3331 sua
783 3282 938 3333 nocte
963 3288 1124 3331 xxttu
1151 3272 1301 3327 hora:
1327 3276 1477 3333 sunt,
1514 3280 1747 3339 quarum
1774 3280 1903 3335 pars
1924 3278 2092 3334 quar-
2118 3240 2165 3300 (ἶ

500 3375 579 3431 ta,
603 3366 695 3436 qui
725 3374 811 3420 est
828 3363 1103 3433 quadrans
1132 3360 1256 3424 diei,
1283 3373 1379 3415 sex
1399 3358 1550 3414 hora:
1587 3356 1955 3413 inveniuntur.
1993 3374 2013 3410 ι

574 3458 675 3514 llic
700 3472 832 3530 ergo
858 3455 1130 3527 quadrans
1149 3451 1294 3507 unde
1310 3452 1545 3521 primum
1565 3447 1849 3520 processit,
1876 3455 1930 3503 et
1951 3445 2095 3503 unde

503 3552 670 3607 habet
720 3546 1119 3611 auctoritatem,
1168 3541 1611 3612 interrogandum
1662 3548 1762 3597 est.
1814 3537 1912 3592 Hic
1962 3553 2096 3607 ergo

502 3641 782 3713 quadrans
807 3638 908 3695 fuit
934 3654 963 3693 a
990 3636 1257 3707 principio
1294 3633 1495 3698 seculi,
1524 3646 1592 3686 ex
1621 3646 1729 3701 quo
1772 3628 1930 3684 factae
1972 3633 2098 3684 sunt

507 3742 793 3789 creatum.
846 3729 923 3783 De
962 3728 1066 3782 hoc
1093 3725 1393 3795 quadrante
1434 3722 1799 3793 Hieronymus
1846 3716 2101 3788 exposuit

506 3826 562 3880 in
589 3830 823 3885 tractatu
846 3820 1008 3893 primi
1034 3816 1328 3874 testimonii
1356 3812 1607 3877 Genesis,
1648 3810 1740 3865 ubi
1766 3809 2000 3879 legitur:
2034 3805 2101 3859 In

504 3914 762 3989 principio
792 3911 919 3968 fecit
943 3910 1084 3965 Deus
1122 3908 1307 3963 caelum
1327 3916 1374 3961 et
1396 3916 1593 3961 terram
1620 3900 1774 3975 (Gen.
1807 3918 1845 3964 ι,
1878 3900 1953 3971 ί).
1979 3900 2103 3955 Hie-

507 4020 768 4077 ronymus
786 4017 915 4074 ergo
927 4000 1063 4056 dixit
1086 4042 1098 4053 .
1126 4012 1151 4039 ι
1175 3998 1248 4053 De
1265 3998 1369 4052 hoc
1388 3994 1656 4067 principio
1668 3992 1821 4048 multi
1836 4000 2103 4048 tractave-

511 4105 660 4161 runt,
691 4094 785 4151 sed
812 4094 917 4149 hoc
958 4091 1284 4163 principium
1312 4103 1414 4161 ego
1441 4086 1724 4156 exopinor,
1750 4085 1817 4138 de
1842 4099 1949 4154 quo
1994 4084 2104 4138 An-

513 4187 843 4244 dromacbus
863 4182 1331 4253 historiographus
1360 4178 1671 4234 Judieorum
1697 4176 1819 4231 aliis
1843 4175 2104 4249 pervigile

513 4277 760 4333 scribens
787 4275 937 4330 illum
965 4273 1321 4342 quadrantem
1349 4268 1642 4324 mediatum
1668 4265 1844 4319 noctis
1872 4280 1950 4329 xI,
1975 4266 2101 4335 quia

515 4370 571 4423 in
596 4366 773 4423 media
802 4371 961 4419 nocte
988 4362 1167 4418 factus
1193 4369 1279 4421 est
1304 4359 1554 4422 mundus,
1587 4366 1642 4411 ct
1667 4356 1720 4412 in
1750 4356 1925 4411 media
1948 4363 2105 4411 nocte

516 4461 715 4517 iterum
744 4459 1074 4513 destruetur.

590 4550 872 4620 Quomodo
900 4564 1030 4620 ergo
1068 4547 1157 4602 hic
1197 4544 1468 4618 quadrans
1516 4543 1881 4614 cognoscitur,
1922 4548 2103 4595 utrum

520 4645 576 4701 in
607 4643 693 4698 die
723 4642 815 4705 sit,
838 4656 905 4695 an
942 4640 996 4695 in
1034 4645 1190 4693 nocte
1215 4633 1655 4704 interrogandum
1684 4641 1787 4695 est,
1820 4638 1912 4685 aut
1936 4628 2049 4682 vari

519 4737 648 4794 bilis
683 4736 778 4802 sit,
803 4741 861 4789 et
898 4747 997 4804 per
1038 4730 1179 4784 diem
1207 4736 1266 4784 et
1292 4742 1391 4798 per
1417 4724 1677 4782 noctem?
1706 4723 1735 4764 ιι
1775 4742 1791 4772 ι
1841 4720 1933 4775 Sol
1960 4720 2104 4776 enim

522 4828 645 4885 εωιί
673 4826 935 4881 ambitum
986 4820 1157 4893 [Beda
1197 4818 1347 4871 addit
1392 4812 1653 4888 annuum]
1699 4827 1796 4881 per
1833 4828 1909 4866 xu
1952 4810 2107 4880 signa

523 4914 713 4973 circuli
743 4912 949 4969 zodiaci
970 4925 1075 4964 non
1102 4922 1303 4963 accnxv
1342 4905 1531 4959 diebus
1559 4918 1776 4958 cursum
1803 4914 1961 4955 suum
1988 4915 2109 4969 pcr-

528 5009 664 5073 ﬁcit,
708 5007 804 5062 sed
850 5000 1215 5073 superadditis
1258 5013 1308 5051 Vl
1360 4996 1509 5050 horis
1547 4993 1840 5063 adimplere
1890 5003 2109 5046 cursum

529 5114 688 5156 suum
712 5096 1094 5166 cognoscitur;
1122 5090 1265 5144 unde
1287 5088 1346 5141 tit
1374 5095 1433 5140 ut
1460 5088 1528 5148 si,
1556 5086 1706 5139 γει-ιιι
1738 5084 1932 5154 gratia,
1957 5091 2113 5137 nocte

532 5186 892 5259 aequinoctiali
924 5183 1102 5256 [ΒΜ.⁷
1128 5196 1271 5238 nunc
1297 5174 1747 5249 :rquinostialem]
1778 5174 1898 5231 οωιί
1940 5174 2115 5228 locum

534 5292 695 5335 mane
721 5276 905 5331 oriens
933 5273 1011 5329 sol
1052 5270 1336 5331 intraverit
1362 5280 1383 5311 ε
1428 5288 1445 5318 ι
1480 5267 1533 5320 in
1575 5265 1839 5335 principio
1880 5263 2027 5323 anni,
2063 5264 2116 5314 in

2174 1968 2415 2041 episcopi
2442 1965 2793 2022 Alexandrini
2821 1964 2888 2018 de
2928 1963 3014 2017 his
3044 1959 3218 2015 tribus
3247 1957 3442 2012 diebus
3464 1956 3521 2011 in
3558 1953 3767 2026 princi-

2175 2063 2268 2134 pio
2299 2059 2510 2124 mundi,
2562 2064 2855 2125 antequam
2894 2061 3081 2108 essent
3120 2048 3430 2106 luminaria.
3470 2046 3610 2102 llinc
3649 2045 3769 2116 ipse

2176 2154 2335 2218 dixit,
2362 2152 2551 2208 eadem
2579 2146 2855 2220 longitudo
2884 2146 3025 2201 facta
3062 2151 3147 2200 est
3174 2157 3243 2197 ex
3269 2140 3510 2211 potentia
3539 2137 3635 2194 Dei
3666 2136 3772 2191 tri-

2177 2247 2282 2302 bus
2302 2243 2492 2315 primis
2515 2241 2724 2306 diebus,
2755 2238 2913 2293 factis
2948 2238 3002 2292 in
3032 2234 3297 2307 principio
3318 2232 3528 2297 mundi,
3558 2230 3653 2286 sed
3685 2228 3773 2285 sol

2181 2335 2388 2393 addidit
2426 2348 2647 2390 cursum
2691 2331 2927 2395 dierum,
2969 2327 3189 2399 quando
3227 2326 3404 2381 illuxit
3444 2325 3500 2380 in
3524 2324 3771 2380 mundo:

2181 2436 2379 2500 quarto
2430 2425 2520 2482 die
2566 2425 2694 2481 luna
2730 2439 2763 2479 e
2807 2424 3085 2481 contrario
3122 2419 3359 2490 dempsit
3398 2431 3619 2474 cursum
3668 2431 3773 2471 no-

2183 2524 2375 2587 ctium,
2398 2522 2476 2576 sic
2502 2535 2633 2588 ergo
2650 2519 2870 2576 tradunt
2883 2524 3154 2580 auctores,
3169 2515 3312 2570 sicut
3325 2514 3488 2567 etiam
3505 2510 3561 2566 in
3573 2508 3775 2566 Genesi

2182 2613 2400 2684 legitur,
2432 2612 2575 2682 quod
2606 2618 2801 2680 quarta
2827 2611 2913 2665 die
2941 2608 3103 2664 solet
3146 2606 3272 2660 luna
3314 2603 3456 2659 facta
3494 2610 3638 2663 sunt.
3668 2601 3778 2656 hoc

2184 2712 2292 2770 est,
2322 2704 2377 2758 in
2400 2718 2498 2757 Vlll
2546 2701 2666 2758 Kal.
2714 2700 2918 2770 Aprilis
2942 2700 2997 2753 in
3027 2697 3208 2754 medio
3254 2695 3483 2751 orientis
3511 2691 3593 2747 sol
3619 2698 3780 2746 ortus

2186 2805 2290 2853 est.
2323 2796 2415 2851 llle
2456 2810 2590 2866 ergo
2625 2811 2802 2850 annus
2831 2794 2900 2849 ab
2936 2800 3061 2849 ortu
3102 2791 3235 2846 solis
3275 2801 3450 2858 usque
3486 2786 3554 2841 ad
3594 2792 3780 2839 ortum

2188 2891 2318 2945 solis
2344 2904 2565 2946 cursum
2592 2903 2753 2945 suum
2790 2887 3010 2959 plenum
3037 2900 3145 2940 non
3179 2883 3370 2939 habuit
3412 2895 3582 2951 usque
3626 2881 3695 2934 ad
3721 2893 3781 2935 rt

2188 2984 2354 3043 horas
2378 2982 2611 3047 additas,
2636 2981 2740 3038 hoc
2778 2988 2887 3047 est,
2929 2994 3097 3035 unum
3125 2979 3528 3049 quadrantem;
3559 2981 3615 3030 et
3642 2982 3778 3029 tunc

2187 3075 2380 3131 habuit
2402 3076 2563 3131 ﬁnem
2587 3075 2677 3130 ille
2709 3075 2919 3144 primus
2950 3089 3129 3129 annus
3154 3072 3328 3127 media
3354 3071 3478 3136 die;
3527 3084 3673 3124 anno
3694 3078 3785 3123 se-

2192 3167 2378 3239 quenti
2408 3182 2657 3237 vespere,
2705 3167 2902 3223 additis
2936 3181 2991 3221 vi
3035 3165 3211 3229 boris,
3257 3163 3311 3218 id
3356 3170 3462 3227 est,
3514 3159 3787 3217 secundus

2194 3261 2468 3329 quadrans
2493 3275 2508 3325 ;
2538 3268 2593 3314 et
2619 3260 2699 3314 sic
2728 3260 2921 3314 tertius
2939 3257 3117 3312 media
3145 3264 3326 3320 nocte,
3346 3255 3466 3309 aliis
3485 3270 3539 3309 vr
3564 3252 3786 3317 additis,

2195 3352 2246 3406 id
2274 3360 2380 3415 est,
2417 3352 2578 3405 tertio
2606 3352 2953 3419 quadrante;
2996 3349 3131 3404 etin
3180 3364 3261 3403 nu
3307 3361 3470 3411 anno,
3502 3346 3701 3400 iterum
3729 3359 3785 3397 vr

2195 3443 2348 3497 heris
2375 3442 2595 3507 additis,
2627 3442 2731 3497 hoc
2757 3449 2862 3506 est,
2893 3448 3090 3510 quarto
3119 3439 3422 3509 quadrante
3446 3454 3476 3492 a
3503 3437 3635 3493 solis
3661 3444 3787 3492 ortu

2196 3534 2386 3589 habuit
2430 3548 2650 3589 cursum
2682 3546 2839 3588 suum
2887 3532 3137 3597 ﬁnitum;
3183 3541 3240 3586 et
3267 3531 3347 3587 sic
3397 3530 3652 3585 discurrit
3689 3543 3792 3599 per

2197 3633 2373 3678 totum
2404 3631 2617 3694 tempus
2653 3623 2720 3677 ab
2751 3622 2907 3677 initio
2932 3637 3105 3692 usque
3146 3622 3217 3676 ad
3243 3620 3442 3685 ﬁnem;
3491 3618 3784 3690 aliquando

2197 3717 2343 3770 enim
2391 3714 2554 3769 finem
2588 3714 2756 3769 totius
2795 3714 2923 3767 anni
2954 3713 3129 3767 media
3160 3714 3247 3767 die
3282 3711 3451 3776 facit;
3499 3708 3791 3780 aliquando

2197 3820 2462 3876 vespere;
2495 3803 2784 3874 aliquando
2813 3803 2991 3858 media
3033 3811 3194 3858 nocte
3218 3818 3233 3869 ;
3263 3801 3555 3873 aliquando
3579 3799 3792 3855 oriente

2201 3897 2337 3952 sole.
2379 3915 2399 3948 ι

2275 4027 2333 4083 Si
2374 4036 2555 4082 autem
2590 4028 2732 4086 scire
2758 4026 3015 4093 volueris,
3048 4027 3102 4081 in
3129 4042 3238 4098 quo
3278 4025 3401 4083 loco
3429 4034 3514 4083 est
3534 4025 3636 4083 iste
3659 4040 3794 4096 qua-

2202 4124 2369 4178 drans
2398 4137 2543 4176 anno
2577 4120 2850 4192 praesenti,
2893 4121 3035 4176 scias
3073 4132 3207 4189 quot
3241 4120 3369 4177 anni
3405 4128 3531 4177 sunt
3576 4135 3608 4177 ιι
3637 4121 3793 4190 ptin-

2203 4219 2346 4288 cipio
2389 4218 2597 4280 mundi,
2640 4215 2792 4271 verbi
2832 4216 3030 4287 gratia,
3054 4229 3104 4269 v-t
3134 4230 3291 4270 xxut.
3328 4213 3438 4269 llos
3477 4214 3656 4271 divide
3698 4227 3797 4284 per

2205 4316 2440 4382 quatuor
2465 4318 2666 4379 partes,
2694 4309 2821 4377 quia
2850 4317 2975 4377 post
3003 4324 3084 4361 ιιιι
3113 4321 3285 4360 annos
3313 4320 3526 4373 semper
3549 4306 3797 4374 pervenit

2206 4404 2295 4458 ille
2321 4402 2594 4472 quadrans
2622 4399 2887 4454 naturalis
2935 4400 2987 4453 in
3034 4397 3185 4452 illum
3228 4396 3429 4460 locum,
3476 4393 3564 4450 ubi
3601 4392 3705 4449 fuit
3728 4396 3797 4451 ab

2206 4493 2383 4558 initio,
2414 4491 2515 4545 hoc
2537 4499 2620 4545 est
2661 4491 2711 4544 in
2741 4489 2918 4543 media
2956 4489 3082 4554 die;
3128 4486 3341 4541 dimitte
3362 4500 3494 4555 ergo
3521 4484 3649 4550 ,ﬁi't'
3669 4485 3797 4555 quia

2135 4603 2187 4662 ι)
2208 4593 2440 4656 quatuor
2466 4592 2651 4653 partes
2678 4580 2913 4653 aequales
2954 4588 3098 4640 sunt.
3138 4586 3424 4637 remanent
3445 4579 3484 4633 ﬁ
3509 4592 3643 4632 um
3668 4594 3685 4642 ς
3716 4576 3800 4631 ἀί-

2211 4678 2365 4731 mitte
2388 4676 2409 4726 i
2433 4690 2518 4739 nc,
2545 4673 2668 4740 quia
2698 4687 2784 4729 χιι
2819 4669 2975 4743 [Ma.,
3005 4686 3094 4736 xv,
3113 4667 3381 4740 mendose]
3411 4667 3621 4726 centeni
3650 4675 3796 4730 sunt,

2213 4775 2496 4821 remanent
2522 4779 2810 4819 ccccxxtu.
2858 4762 3080 4819 Dimitte
3111 4777 3277 4817 et:ch
3300 4760 3387 4833 [ι.
3420 4759 3635 4833 cccxx].
3671 4763 3799 4831 quia

2212 4867 2445 4929 quatuor
2472 4854 2718 4925 octogeni
2751 4861 2893 4916 sunt,
2926 4858 3207 4907 remanent
3226 4867 3319 4907 Clll
3343 4868 3357 4917 ;
3400 4850 3609 4906 dimitte
3633 4866 3798 4911 Lxxx.

2214 4949 2343 5019 quia
2368 4947 2535 5015 vigies
2561 4944 2843 5014 quaternis
2868 4952 3012 5007 sunt,
3063 4950 3345 4997 remanent
3384 4951 3518 4997 Χιιιι
3546 4959 3562 5007 ;
3590 4939 3803 4999 dimitte

2217 5056 2312 5104 xx,
2344 5038 2469 5108 quia
2495 5035 2514 5109 [
2522 5035 2708 5106 Suppl.
2741 5032 3049 5105 quinquies]
3074 5033 3324 5102 quaterni
3348 5040 3494 5096 sunt.
3525 5038 3806 5089 remanent

2221 5148 2281 5186 ιιι
2308 5149 2322 5198 ;
2359 5142 2485 5189 tunc
2514 5131 2568 5184 in
2604 5129 2780 5186 media
2811 5137 2969 5187 nocte
3001 5127 3088 5182 ille
3114 5142 3291 5182 annos
3316 5126 3519 5180 ﬁnitur.

2293 5261 2575 5338 3671iic
2620 5276 2751 5335 ergo
2776 5261 3075 5331 quadrans.
3116 5274 3279 5328 quem
3318 5257 3576 5322 diuinas,
3614 5258 3669 5311 in
3698 5270 3806 5325 quo

535 5369 682 5423 hunc
700 5365 877 5421 locum
914 5359 1364 5432 terminoctialem,
1390 5372 1533 5410 anno
1554 5356 1799 5425 sequenti
1826 5369 1933 5412 non
1963 5366 2120 5412 tuane
2225 5355 2351 5410 loco
2390 5356 2442 5409 in
2486 5369 2655 5415 antis,
2680 5362 2737 5409 et
2777 5354 2831 5407 in
2869 5368 2976 5423 qua
3004 5351 3093 5406 die
3123 5352 3325 5409 mensis
3364 5350 3575 5423 positus
3602 5349 3805 5408 inveni-

537 5461 749 5516 oriente
781 5457 894 5514 sole
918 5456 1067 5510 illum
1090 5468 1290 5507 annum
1321 5452 1594 5515 terminat,
1625 5449 1720 5507 sed
1742 5448 1987 5517 sequenti
2014 5462 2125 5501 nie-
2228 5447 2348 5498 tur?
2377 5443 2531 5499 Scire
2557 5460 2657 5500 nos
2684 5452 2917 5519 oportet,
2965 5442 3262 5501 secundum
3292 5440 3511 5498 Graecos
3549 5440 3605 5495 in
3643 5439 3808 5508 sequi-

540 5550 699 5616 ridie,
724 5560 778 5605 et
807 5549 889 5607 sic
916 5546 1185 5605 secundus
1205 5559 1379 5601 anuus
1402 5542 1561 5599 ﬁnem
1601 5554 1825 5608 vespero
1862 5539 2118 5601 habebit;

544 5646 599 5700 in
642 5644 803 5702 tertio
830 5651 1182 5698 autemauno
1216 5636 1388 5691 medio
1418 5642 1592 5694 nocte,
1641 5633 1697 5687 in
1742 5641 1936 5702 quarto
1979 5645 2124 5689 anno

615 5769 639 5797 ⁸
670 5756 848 5812 Locus
876 5762 1176 5824 corruptus.

621 5830 645 5867 δ
678 5828 819 5883 llcda
848 5828 913 5881 de
936 5816 1261 5892 Tempormn
1292 5818 1517 5883 ratione,
1543 5831 1661 5887 cap.
1690 5816 1777 5870 36.

2232 5539 2413 5596 uectio
2460 5535 2686 5602 vernali,
2738 5536 2967 5601 honest,
2994 5536 3048 5595 in
3083 5551 3159 5592 nu
3209 5532 3328 5593 Kal.
3369 5532 3595 5600 Aprilis,
3637 5530 3804 5592 sedit:

2234 5626 2340 5686 tiae
2373 5626 2518 5684 illius
2543 5626 2650 5682 diui
2688 5626 2896 5695 positus
2925 5625 3154 5678 dicitur.
3189 5623 3295 5678 Sed
3325 5622 3595 5692 quomodo
3619 5619 3719 5675 fuit
3743 5619 3809 5674 ab

2306 5750 2329 5776 ο
2365 5737 2538 5791 Aliter
2556 5737 2801 5797 nonnihil
2831 5736 2971 5802 apud
3004 5735 3225 5797 Bedatn.

2305 5809 2331 5847 δ
2362 5807 2507 5863 Beda
2537 5803 2603 5863 de
2630 5804 2955 5878 Temporum
2979 5817 3207 5873 ratione,
3240 5822 3353 5879 cap.
3388 5814 3437 5861 δ.
