4090 6566
276 415 385 473 997

996 415 1471 476 DIDASCALICA.
1508 448 1578 458 —-
1615 417 1704 472 DE
1740 415 1976 473 CURSU
2017 417 2108 473 ET
2148 416 2381 474 SALTU
2421 414 2656 482 LU‘NA‘I,
2698 415 2851 472 ETC.

3455 413 3567 473 998

271 539 458 603 initio,
471 534 688 609 quando
713 536 917 599 dicunt,
941 537 1086 607 quod
1108 537 1162 592 in
1184 538 1274 593 illo
1297 537 1598 608 quadrante
1619 537 1862 601 noctis“,
1892 542 1944 599 Α
1970 534 2220 594 celarent
2251 537 2419 604 diem,
2442 551 2508 593 eo
2538 536 2746 593 scilicet
2790 549 2974 592 mense
3007 550 3070 593 ac
3094 534 3235 601 loco,
3266 551 3377 609 quo
3401 537 3569 594 etiam

274 629 499 703 quando
540 629 775 700 primum
820 629 1056 685 mundus
1092 629 1271 685 factus
1310 638 1416 696 εει,
1460 639 1747 702 propterea
1780 631 1870 685 ille

281 721 579 794 quadrans,
622 721 689 776 de
717 736 827 790 quo
858 720 1106 775 nascitur
1150 721 1449 778 bissextilis
1490 722 1631 788 dies,
1679 722 1734 777 in
1780 722 1872 777 illo

274 808 404 866 loco
430 808 752 865 naturaliter
776 809 831 864 in
853 808 959 864 line
993 810 1119 865 anni
1148 811 1276 881 poni
1306 812 1486 867 debet.
1535 811 1873 883 Principium

281 913 416 974 ergo
438 901 568 957 anni
588 900 885 956 secundum
914 899 1133 957 Graecos
1154 916 1208 957 xi
1240 901 1360 957 Kal.
1388 902 1593 974 Aprilis
1615 910 1720 969 est,
1751 904 1877 959 linis

280 1002 469 1052 autem
537 1009 616 1050 xu
675 993 796 1049 Kal.
853 993 1077 1064 Aprilis.
1146 994 1457 1051 Secundum
1521 996 1875 1054 Anatbolium

280 1081 711 1140 Alexandrinum
756 1084 1070 1155 episcopum
1113 1084 1390 1139 Laudatize
1439 1081 1534 1155 [Ε.
1582 1084 1874 1158 Laodiciae]

284 1174 391 1231 iste
409 1172 686 1245 quadrans
726 1174 782 1229 in
799 1191 894 1230 vnt
932 1175 1051 1229 Kal.
1082 1174 1284 1246 Aprilis
1330 1176 1542 1246 positus
1576 1176 1875 1244 invenitur,

276 1264 416 1339 quia
452 1263 544 1320 illa
568 1266 678 1332 die,
707 1275 771 1321 ut
815 1267 1039 1322 tradunt
1067 1273 1341 1331 auctores,
1383 1266 1466 1321 sol
1513 1276 1571 1322 et
1605 1267 1732 1323 luna
1770 1269 1879 1325 duo

281 1357 579 1416 luminaria
602 1357 747 1415 facta
766 1369 916 1427 sunt,
940 1369 1228 1434 propterea
1249 1377 1347 1417 vin
1378 1360 1497 1417 Kal.
1539 1361 1744 1432 Aprilis
1772 1364 1877 1418 ini-

279 1450 428 1507 tium
457 1452 605 1516 anni,
655 1458 713 1508 et
758 1452 973 1507 initium
1019 1452 1156 1524 cycli
1194 1452 1645 1511 decennovenalis
1680 1467 1879 1509 secun-

286 1542 418 1600 dum
475 1543 824 1600 Anatholium
878 1544 1168 1600 diciturbz
1219 1564 1241 1598 ι
1276 1545 1376 1603 Εει
1417 1562 1548 1618 ergo
1599 1547 1654 1601 in
1700 1545 1882 1617 primo

282 1650 437 1693 anno
463 1634 677 1690 initium
703 1634 867 1707 primi
891 1635 1115 1702 mensis,
1145 1637 1289 1706 quod
1316 1644 1401 1693 est
1424 1652 1580 1692 xvnu
1610 1651 1879 1692 annorum

282 1727 484 1785 circuli
541 1726 869 1798 principium
894 1768 910 1793 ,
975 1728 1272 1784 secundum
1323 1726 1614 1800 Egyptios
1661 1729 1882 1798 quidem

290 1817 500 1873 mensis
544 1816 847 1873 Famenotb
889 1832 1017 1873 xxvi
1063 1817 1169 1883 die,
1219 1819 1515 1874 secundum
1560 1818 1885 1875 Macedones

1971 632 2114 701 apud
2145 640 2360 687 veteres
2386 646 2600 686 menses
2637 628 3100 685 intercalabantur
3132 626 3324 701 [Beda,
3360 628 3569 686 mensis

1972 719 2459 792 intercalabatur],
2493 720 2546 775 id
2591 728 2714 783 est,
2759 728 2884 774 ante
2937 718 3158 773 ultimos
3207 717 3399 790 [Beda,
3439 726 3570 775 ante

1972 814 2213 884 quinque
2241 810 2482 884 ultimos]
2523 812 2639 866 dies
2671 811 2950 866 Februarii
2993 811 3226 875 mensis,
3261 811 3421 880 idque
3458 810 3575 868 bis-

1973 910 2189 958 sextum
2217 900 2430 956 censuit
2457 899 2864 954 nominandum.
2902 919 2921 952 ι

2046 992 2104 1047 In
2125 992 2232 1047 hoc
2264 990 2513 1061 exemplo
2533 999 2758 1060 apparet
2785 992 2925 1059 quod
2956 990 3132 1047 Julius
3156 990 3339 1047 Czesar
3360 991 3571 1061 primus

1974 1086 2276 1144 bissextum
2309 1085 2450 1139 diem
2488 1083 2809 1148 nominavit,
2855 1093 2912 1138 et
2958 1093 3242 1153 propterea
3293 1084 3565 1139 bissextus

1978 1174 2033 1230 in
2052 1190 2105 1229 γι
2147 1172 2266 1227 Kal.
2299 1172 2476 1227 Martii
2513 1173 2735 1242 ponitur
2762 1172 3061 1227 secundum
3092 1172 3394 1236 Romanos,
3442 1171 3571 1241 quia

1979 1266 2211 1322 Romani
2237 1275 2454 1321 veteres
2472 1265 2794 1336 principium
2830 1266 2955 1319 anni
2991 1265 3345 1321 babuerunta
3377 1264 3570 1322 Martio

1978 1374 2188 1425 mense,
2222 1358 2347 1415 finis
2372 1368 2551 1412 autem
2582 1358 2708 1412 anni
2736 1368 2820 1414 est
2842 1359 2894 1412 in
2939 1358 3237 1412 Februario
3282 1372 3491 1421 mense,
3517 1355 3573 1411 id

1978 1461 2084 1516 est,
2113 1452 2168 1507 in
2188 1467 2240 1505 νι
2266 1450 2384 1506 Kal.
2405 1450 2603 1505 Martii.
2631 1450 2709 1504 llli
2741 1459 2922 1506 autem
2946 1466 2979 1501 v
3001 1450 3116 1505 dies
3137 1451 3228 1520 qui
3256 1457 3574 1519 supersunt,

1980 1544 2338 1601 intercalares
2383 1545 2500 1600 dies
2541 1543 2680 1613 apud
2728 1543 2982 1612 antiquos
3026 1551 3205 1606 erant,
3242 1541 3382 1596 sicut
3414 1541 3577 1595 modo

1981 1638 2124 1708 apud
2155 1635 2443 1709 Egyptios
2478 1642 2605 1689 sunt
2635 1650 2665 1688 a
2693 1649 2812 1689 vnn
2860 1633 2975 1687 Kal.
3021 1631 3362 1703 Septembris
3403 1646 3577 1701 usque

1983 1732 2039 1787 in
2068 1747 2151 1786 nn
2181 1729 2451 1784 Kalendas
2498 1725 2857 1797 Septembris.
2894 1725 2973 1781 De
3002 1726 3105 1781 hoc
3130 1726 3297 1780 etiam
3346 1724 3433 1778 die
3475 1723 3583 1779 bis-

1986 1823 2165 1881 sextili
2204 1822 2419 1879 Chorus
2449 1818 2544 1893 [F.
2587 1818 2787 1892 Herus]
2816 1817 3195 1890 Egyptiorum
3246 1816 3469 1872 tradidit
3497 1815 3582 1870 di-

290 1922 425 1962 vero
450 1923 559 1963 xxv
581 1910 689 1974 die,
730 1909 787 1965 id
815 1916 933 1974 est,
967 1924 1065 1965 vni
1104 1907 1224 1964 Kal.
1259 1909 1499 1979 Aprilisc
1523 1950 1538 1975 ,
1567 1909 1624 1964 in
1656 1925 1764 1980 qua
1789 1909 1878 1967 die
1910 1901 1955 1960 Β
1981 1929 2112 1970 cens
2139 1930 2154 1967 :
2185 1931 2206 1966 ι
2240 1910 2569 1968 lnsercndus
2595 1920 2679 1966 est
2727 1911 2816 1966 hic
2864 1910 3001 1973 dies,
3038 1918 3331 1979 antequam
3359 1907 3583 1978 quintus

292 1997 570 2056 invenitur
595 1999 678 2055 sol
701 2014 812 2055 non
851 1999 1026 2056 solum
1055 2000 1436 2057 conscendisse
1475 1999 1712 2069 primam
1753 2016 1881 2073 par-

294 2098 430 2156 tem,
460 2104 651 2145 verum
695 2091 865 2147 etiam
901 2098 961 2147 et
985 2091 1342 2163 quadrantem
1370 2090 1425 2146 in
1446 2106 1516 2147 ea
1541 2091 1629 2146 die
1654 2090 1878 2158 habere,

294 2181 355 2239 id
392 2188 502 2247 est,
550 2179 603 2236 in
626 2180 806 2253 prima
851 2190 1011 2252 parte
1043 2197 1113 2237 ex
1143 2197 1218 2237 xu
1254 2181 1519 2253 partibus.
1551 2179 1679 2237 Haec
1704 2182 1882 2253 prima

292 2269 562 2342 particula
598 2285 668 2327 ex
710 2286 787 2326 xu
807 2270 1060 2342 partibus
1090 2269 1310 2327 vernale
1351 2277 1437 2325 est
1472 2271 1880 2341 aequinoctium,

295 2372 355 2419 et
381 2363 499 2435 ipse
538 2360 634 2436 [F.
682 2360 821 2436 ipsa]
853 2370 939 2419 est
968 2362 1183 2420 initium
1210 2361 1479 2418 mensium
1511 2369 1569 2416 et
1593 2370 1757 2431 caput
1778 2362 1886 2417 cir-

296 2455 431 2522 culi,
461 2462 519 2510 et
548 2454 814 2513 absolutio
842 2470 1033 2511 cursus
1070 2454 1371 2519 stellarum,
1402 2469 1524 2524 quae
1548 2454 1799 2524 planetaa,
1831 2455 1888 2511 id

296 2558 406 2615 est,
436 2564 587 2622 vagae
613 2549 888 2615 dicuntur,
936 2562 1002 2605 ac
1029 2547 1152 2605 linis
1193 2563 1272 2603 xu
1312 2546 1595 2620 particulxe
1624 2555 1681 2603 et
1720 2548 1888 2604 totius

293 2642 490 2700 circuli
540 2642 822 2697 terminus.
876 2638 1159 2698 Manifesta
1208 2655 1343 2712 ergo
1392 2640 1605 2696 ratione
1649 2638 1891 2697 Anatbo-

296 2732 409 2792 lius
455 2735 794 2790 demonstrat
837 2734 998 2788 istum
1029 2732 1384 2804 quadrantem
1425 2732 1482 2787 in
1505 2732 1889 2802 aequinoctium

297 2826 544 2892 vernale,
564 2825 710 2897 quod
727 2832 812 2881 est
838 2840 938 2880 vni
961 2823 1081 2879 Kal.
1105 2823 1305 2896 Aprilis
1324 2825 1623 2880 secundum
1645 2824 1890 2892 Latinos,

299 2918 401 2975 sed
446 2917 709 2974 tamenin
750 2916 856 2973 (ine
882 2932 1004 2971 VIIII
1030 2915 1154 2972 Kal.
1200 2916 1402 2988 Aprilis
1428 2916 1591 2973 debet
1618 2917 1757 2981 ﬁeri,
1788 2918 1893 2973 hoc

299 3019 411 3077 est,
446 3011 501 3066 in
534 3008 640 3069 line
668 3009 797 3064 anni
832 3008 1127 3065 secundum
1168 3007 1423 3075 Latinos,
1453 3009 1581 3080 quia
1604 3020 1893 3080 propterea

301 3102 482 3174 Latini
531 3103 748 3159 initium
775 3102 904 3157 anni
933 3101 1141 3157 faciunt
1167 3103 1235 3158 ab
1254 3119 1374 3160 vnn
1424 3102 1543 3157 Kal.
1576 3102 1798 3174 Aprilis,
1827 3116 1895 3158 eo

304 3195 454 3266 quod
483 3194 574 3251 illa
601 3194 691 3251 die
728 3192 1021 3249 luminaria
1046 3192 1192 3249 facta
1219 3201 1345 3249 sunt
1365 3194 1444 3249 sol
1478 3203 1534 3249 et
1562 3194 1705 3258 luna,
1732 3202 1789 3248 et
1812 3195 1895 3253 sic

1979 2018 2157 2061 annus
2201 2002 2446 2073 incipiat.
2482 2021 2501 2054 ι
2529 2000 2649 2070 Quo
2682 2000 2931 2070 exemplo
2974 1999 3261 2055 manifeste
3311 1996 3584 2069 colligitur

1980 2098 2127 2169 quod
2171 2096 2227 2154 in
2256 2096 2363 2152 line
2392 2095 2522 2151 anni
2560 2094 2856 2151 bissextilis
2905 2094 3022 2149 dies
3072 2092 3200 2165 poni
3229 2093 3411 2157 debet,
3454 2105 3582 2146 cum

1982 2189 2122 2247 dixit
2148 2206 2163 2243 :
2193 2197 2486 2259 antequam
2506 2186 2730 2257 quintus
2750 2186 2995 2256 incipiat.

2053 2279 2258 2337 Deinde
2294 2279 2439 2335 scire
2482 2293 2584 2334 nos
2626 2285 2841 2348 oportet
2876 2286 3139 2350 quantum
3190 2276 3259 2332 de
3297 2277 3402 2332 boc
3442 2291 3584 2347 qua-

1984 2370 2180 2429 drante
2214 2370 2270 2426 in
2297 2386 2626 2441 unaquaque
2649 2371 2737 2426 die
2756 2385 2854 2441 per
2879 2377 3052 2424 totum
3081 2384 3306 2435 annum,
3335 2377 3392 2423 et
3412 2384 3582 2438 quan-

1985 2473 2102 2521 tum
2130 2466 2190 2522 in
2215 2480 2543 2536 unoquoque
2586 2478 2775 2520 mense
2800 2464 3020 2520 crescit.
3060 2464 3118 2518 In
3144 2478 3468 2535 unoquoque
3495 2463 3584 2517 die

1988 2563 2247 2613 crescunt
2266 2557 2386 2613 duae
2405 2567 2592 2629 partes
2611 2556 2894 2621 momenti,
2920 2562 2975 2611 et
3003 2555 3083 2611 sic
3109 2556 3162 2610 in
3195 2555 3369 2611 tribus
3395 2556 3592 2612 diebus

1987 2649 2096 2707 duo
2124 2658 2397 2707 momenta
2414 2657 2688 2715 crescunt,
2707 2658 2762 2704 et
2785 2650 2838 2704 in
2863 2664 2915 2704 νι
2952 2649 3144 2704 diebus
3171 2664 3253 2703 ιιιι
3283 2656 3585 2714 momenta,

1989 2743 2045 2799 in
2070 2759 2149 2799 ιιι
2173 2744 2366 2799 diebus
2390 2759 2488 2799 vin
2518 2752 2813 2808 momenta,
2843 2741 2897 2796 in
2924 2757 3046 2797 xuu
3075 2738 3168 2814 [Ρ.
3208 2739 3357 2812 xxiv]
3386 2738 3580 2795 diebus

1991 2853 2081 2894 xv:
2126 2844 2435 2902 momenta,
2486 2844 2543 2892 et
2576 2836 2650 2891 ita
2689 2836 2745 2890 in
2790 2840 2900 2889 xxx
2944 2834 3134 2889 diebus
3159 2840 3217 2887 et
3260 2833 3314 2887 in
3359 2848 3394 2886 x
3435 2830 3595 2888 boris

1991 2935 2247 2986 crescunt
2289 2944 2360 2983 xx
2405 2935 2699 2992 momenta,
2731 2927 2835 2983 hoc
2854 2934 2959 2992 est,
2991 2926 3216 2981 dimidia
3240 2927 3398 2990 liora,
3427 2933 3484 2981 et
3508 2923 3592 2982 sic

1992 3020 2049 3079 in
2082 3022 2259 3078 tribus
2284 3021 2567 3081 mensibus
2609 3020 2858 3090 trigenis,
2885 3019 2991 3074 hoc
3012 3026 3120 3082 est,
3142 3018 3196 3072 in
3228 3032 3293 3071 xc
3321 3017 3512 3072 diebus
3538 3026 3598 3071 et

1994 3127 2108 3168 uno
2145 3111 2233 3167 die
2269 3120 2329 3166 et
2350 3129 2403 3165 vr
2440 3110 2593 3166 boris
2618 3111 2820 3169 crescit
2851 3111 2986 3165 hora
3023 3118 3079 3164 et
3113 3108 3359 3164 dimidia.
3398 3106 3458 3163 ln
3495 3123 3593 3163 sex

1999 3210 2182 3261 autem
2226 3202 2506 3265 utensilms
2551 3201 2796 3272 trigenis,
2828 3200 2932 3256 hoc
2962 3209 3065 3266 εει,
3100 3200 3154 3254 in
3182 3199 3324 3254 binis
3357 3214 3598 3270 nonagc~

303 3255 431 3342 linis
468 3284 596 3341 anni
634 3291 719 3340 est
744 3299 865 3340 vnn
896 3282 1015 3338 Kal.
1060 3284 1290 3354 Aprilis;
1342 3293 1398 3339 et
1428 3255 1717 3354 propterea
1762 3300 1893 3341 con-

1998 3296 2106 3361 nis,
2129 3304 2185 3350 et
2206 3310 2245 3349 ιι
2274 3295 2466 3350 diebus
2488 3302 2545 3349 et
2571 3310 2648 3349 xu
2677 3294 2828 3348 boris
2855 3299 3111 3347 crescunt
3134 3307 3195 3345 Ill
3219 3290 3389 3345 liorre.
3425 3289 3593 3345 Simi-

303 3386 589 3437 currentes
610 3376 741 3434 solis
769 3385 826 3433 et
850 3377 1144 3433 bissextilis
1171 3377 1290 3433 dies
1314 3377 1369 3431 in
1398 3392 1518 3432 vnn
1549 3375 1670 3431 Kal.
1717 3374 1890 3447 April.

304 3470 469 3543 positi
493 3468 859 3525 inveniuntur.
873 3484 894 3520 ι

378 3559 823 3633 lnterrogandum
870 3564 957 3617 est
1000 3573 1155 3632 ergo,
1204 3558 1308 3616 iste
1350 3559 1648 3629 quadrans,
1690 3558 1759 3614 de
1786 3573 1897 3631 quo

307 3652 586 3709 bissextus
619 3651 883 3717 nascitur,
914 3649 969 3704 in
998 3657 1130 3726 quot
1171 3648 1305 3706 locis
1348 3650 1477 3706 anni
1520 3650 1731 3720 positus
1756 3650 1899 3705 dici-

311 3745 437 3801 tur?
462 3744 517 3800 in
542 3758 580 3798 ν
602 3742 758 3807 locis,
781 3740 1079 3797 secundum
1098 3740 1319 3797 Graecos
1341 3740 1397 3795 in
1422 3741 1771 3810 aequinoctio,
1795 3741 1899 3797 hoc

310 3842 418 3901 est,
460 3835 517 3891 in
561 3849 639 3889 xu
688 3832 805 3889 Kal.
842 3832 1072 3902 Aprilis;
1124 3833 1420 3887 secundum
1458 3832 1811 3888 Anatbolium
1838 3828 1899 3885 in

310 3945 433 3988 vnn
456 3928 575 3984 Kal.
606 3926 830 3999 Aprilis.
858 3925 953 3982 sed
982 3927 1036 3983 in
1071 3926 1179 3982 line
1211 3921 1353 3981 illius
1380 3926 1483 3982 diei
1503 3966 1518 3991 ,
1550 3928 1659 3981 hoc
1686 3933 1791 3992 est,
1816 3927 1901 3981 in-

314 4030 400 4077 ter
424 4036 542 4076 vnn
569 4027 627 4075 et
639 4033 736 4074 vnt
760 4014 880 4072 Kal.
896 4015 1119 4088 Aprilis,
1142 4018 1285 4073 sicut
1310 4016 1577 4081 diximus;
1603 4016 1899 4078 secundum

312 4113 577 4170 [siderum
620 4110 895 4168 bissextus
935 4108 1055 4165 dies
1081 4108 1283 4164 dicitur
1320 4108 1376 4162 in
1397 4124 1452 4163 γι
1479 4098 1661 4163 Nonas
1696 4106 1899 4173 Martii,

314 4215 377 4262 ut
400 4213 686 4278 propterea
702 4203 985 4258 Bissextus
1009 4201 1304 4267 diceretur,
1323 4202 1477 4272 quasi
1506 4200 1591 4256 bis
1611 4217 1665 4255 vr
1696 4199 1898 4265 Nonas,

317 4299 372 4354 id
398 4308 485 4355 est
506 4314 559 4353 νι
583 4295 764 4352 Nonas
780 4294 960 4360 bodie,
978 4302 1033 4351 et
1060 4310 1111 4349 vr
1130 4293 1312 4349 Nonas
1339 4308 1481 4350 cras.
1505 4293 1634 4349 Inde
1666 4293 1906 4353 lsidoms

318 4393 453 4448 dicit
473 4390 502 4431 ἀ
535 4409 549 4444 :
581 4408 600 4441 ι
627 4388 931 4444 Bissextilis
956 4388 1074 4443 dies
1101 4403 1131 4442 a
1152 4402 1206 4443 vn
1230 4386 1411 4441 Nonas
1440 4385 1619 4445 Martii
1649 4400 1821 4456 usque
1851 4386 1904 4445 in

318 4487 465 4544 diem
500 4484 673 4556 pridie
709 4482 1071 4539 Kalendarum
1115 4478 1495 4536 Januariarum
1544 4479 1728 4535 cursui
1768 4478 1909 4539 lunas

318 4581 611 4654 opponitur
630 4577 819 4651 [Beda,
846 4576 901 4631 in
928 4575 1069 4629 luna:
1088 4590 1250 4629 cursu
1272 4573 1608 4645 apponitur].
1647 4594 1667 4627 ι
1701 4571 1905 4629 Secun-

323 4678 451 4732 dum
480 4672 763 4744 Egyptios
786 4679 968 4726 autem
992 4668 1266 4724 bissextus
1288 4668 1339 4722 in
1370 4683 1449 4721 nn
1474 4665 1743 4722 Kalendas
1766 4680 1909 4721 sem-

322 4785 424 4841 per
453 4761 836 4840 [Septembris]
877 4762 1119 4831 ponitur,
1165 4759 1268 4814 hoc
1296 4766 1402 4824 est,
1436 4760 1490 4813 in
1535 4758 1642 4813 line
1671 4757 1797 4812 anni
1825 4771 1909 4814 se-

323 4857 559 4915 cundum
588 4855 890 4925 Egyptios.
910 4850 1150 4923 IEgyptii
1173 4851 1316 4906 enim
1343 4848 1670 4921 principium
1698 4847 1825 4901 anni
1848 4863 1911 4903 ιιι

326 4952 594 5007 Kalendas
644 4948 980 5019 Septembris
1028 4946 1257 5010 habent;
1297 4942 1597 4999 secundum
1636 4939 1915 4997 Romanos

327 5055 536 5111 autem,
566 5052 622 5099 et
648 5043 945 5098 secundum
974 5041 1357 5096 auctoritatem
1382 5036 1509 5093 Julii
1536 5036 1769 5092 Caesaris
1801 5036 1916 5091 bis-

326 5152 514 5198 sextus
560 5140 615 5193 in
645 5154 697 5193 vt
734 5137 855 5192 Kal.
890 5135 1067 5190 Martii
1104 5135 1358 5209 ponitur,
1404 5132 1527 5188 inde
1558 5133 1611 5187 in
1644 5130 1915 5187 Macrobio

326 5235 529 5305 legitur
565 5245 591 5272 ο
619 5252 631 5286 :
664 5251 682 5282 ι
718 5230 892 5285 Julius
916 5228 1100 5285 Caesar
1141 5226 1333 5281 statuit
1359 5234 1419 5279 ut
1448 5242 1529 5283 nn
1565 5238 1708 5280 anno
1737 5239 1920 5279 sacer-

331 5328 487 5384 dotes
511 5325 601 5395 qui
626 5324 890 5379 curabant
918 5320 1198 5378 mensibus
1224 5324 1280 5374 et
1308 5315 1520 5381 diebus,
1552 5330 1718 5377 unum
1748 5314 1921 5371 inter-

406 5537 435 5565 ι
456 5523 719 5578 Videntur
743 5521 921 5578 aliqua
951 5518 1169 5577 deesse.

409 5595 441 5634 δ
464 5592 646 5649 Verba
689 5580 961 5645 Auatlmlii
999 5589 1121 5642 vide
1165 5584 1307 5655 apud
1346 5582 1583 5655 Eusebi
1606 5580 1746 5655 llist.
1787 5581 1926 5637 libro

338 5682 438 5731 vn,
465 5679 587 5733 cap.
620 5661 710 5733 3'2,
735 5676 857 5730 pag.
889 5660 1016 5726 569,
1044 5658 1173 5712 edit.
1200 5652 1466 5712 Cantabr.
1492 5652 1652 5707 “20.

409 5744 435 5776 ι
470 5734 604 5791 Ven.
630 5732 775 5787 Beda
814 5746 869 5784 xi
894 5729 1018 5783 Kal.
1052 5727 1220 5796 April“.
1245 5725 1537 5796 legendum
1556 5737 1678 5780 esse
1703 5729 1927 5779 conten-

409 5744 435 5776 ι
474 5744 604 5791 ven.
630 5744 775 5787 uena
814 5746 869 5784 xi
894 5744 1018 5783 nm.
1052 5744 1220 5797 Apm'.
1245 5744 1529 5796 Ingenuum
1556 5744 1678 5780 esse
1703 5744 1922 5779 conten-

469 5806 604 5930 Vgi’de
634 5801 931 5863 Petavium,
962 5809 1091 5853 tom.
1125 5797 1163 5862 Ι,
1200 5797 1289 5852 lib.
1314 5813 1388 5860 vr,
1421 5796 1488 5850 de
1515 5794 1699 5849 Doctr.
1736 5802 1922 5863 temp,

341 5891 573 5947 cap.1r.

1996 3384 2123 3441 liter
2146 3394 2204 3440 et
2230 3385 2286 3440 in
2313 3384 2436 3440 aliis
2461 3384 2741 3441 mensibus
2769 3382 3019 3453 trigenis,
3066 3382 3222 3452 quasi
3264 3381 3494 3436 fuissent
3517 3389 3598 3435 tot

1997 3477 2196 3546 trigeni
2224 3484 2281 3534 et
2315 3477 2525 3537 duobus
2553 3477 2744 3532 diebus
2770 3483 2826 3531 et
2851 3491 2927 3529 xu
2971 3475 3142 3539 boris,
3181 3482 3436 3529 crescunt
3478 3474 3602 3528 aliae

1997 3580 2113 3628 tres
2142 3570 2313 3635 liora},
2344 3576 2400 3623 ει
2423 3569 2503 3623 sic
2530 3574 2786 3624 crescunt
2824 3582 2921 3622 sex
2947 3567 3095 3623 intra;
3116 3565 3595 3637 quadrantisLboc

1999 3670 2109 3730 εει,
2139 3671 2334 3733 quarta
2378 3677 2506 3733 pars
2533 3660 2641 3716 diei
2678 3659 2942 3718 naturalis
2967 3659 3165 3714 crescit
3204 3673 3304 3727 per
3341 3673 3412 3711 xu
3443 3671 3598 3711 men-

2001 3770 2115 3823 ses,
2143 3756 2197 3811 id
2221 3763 2326 3821 est,
2365 3770 2466 3825 per
2501 3765 2943 3822 unumquemque
2968 3767 3170 3805 annum
3209 3751 3277 3804 de
3306 3767 3389 3805 ιιιι
3420 3750 3601 3812 anuis,

1999 3853 2057 3902 et
2094 3847 2177 3901 sic
2204 3854 2441 3915 quatuor
2462 3844 2618 3900 annis
2649 3841 2954 3912 completis,
2985 3850 3040 3895 ει
3066 3849 3301 3911 quatuor
3328 3841 3606 3910 quadran—

2002 3935 2151 3992 tibus
2174 3935 2416 3992 collectis
2460 3935 2513 3991 in
2544 3934 2651 3989 line
2673 3933 2855 4002 quarti
2881 3930 3031 3995 anui,
3059 3940 3348 3999 antequam
3371 3930 3598 3999 quintus

1922 4084 1925 4088 .
2004 4029 2249 4098 incipiat,
2278 4028 2576 4087 bissextilis
2613 4025 2731 4085 dies
2767 4025 3035 4096 pervenit.
3080 4022 3369 4093 [lucusque
3399 4022 3468 4078 de
3489 4022 3600 4079 bis-

2004 4129 2158 4178 εειιο
2166 4158 2182 4174 ο

2069 4262 2238 4321 nan
2270 4262 2481 4318 ALIUD
2515 4259 3007 4318 ARGUMENTUM
3048 4261 3135 4315 nr.
3176 4230 3534 4315 mssexro.

2082 4397 2139 4453 Si
2192 4411 2354 4455 nosse
2400 4396 2484 4451 vis
2538 4395 2810 4464 quomodo
2862 4395 2951 4448 ille
2998 4393 3275 4461 quadrans
3339 4393 3608 4447 naturalis

2012 4489 2224 4563 [SuppL
2258 4487 2335 4559 γι]
2368 4488 2647 4551 horarum,
2676 4489 2769 4555 qui
2800 4502 2896 4554 per
2927 4495 3097 4539 totum
3150 4500 3349 4538 annum
3385 4484 3608 4546 crescit,

2013 4588 2275 4649 quantum
2296 4579 2362 4633 de
2376 4591 2442 4631 eo
2465 4578 2517 4631 in
2538 4592 2863 4645 unoquoque
2886 4576 2971 4629 die
2988 4584 3042 4629 ct
3064 4585 3175 4627 tum
3204 4575 3253 4627 iu
3285 4589 3612 4642 unoquoque

2013 4688 2201 4730 mense
2252 4686 2500 4726 crescere
2552 4668 2888 4738 intelligitur,
2942 4670 3012 4721 ita
3054 4668 3503 4727 animadvertere,
3554 4674 3612 4719 et

2013 4767 2335 4835 investigare
2376 4764 2660 4834 diligenter
2685 4763 2869 4816 debes.
2902 4760 2957 4814 Si
3000 4761 3142 4813 enim
3178 4761 3361 4811 dicunt
3385 4756 3478 4829 [1".
3513 4755 3607 4809 Sic

2012 4862 2159 4916 enim
2215 4859 2514 4929 dicuntur]
2561 4867 2618 4912 et
2657 4858 3083 4922 investigantur,
3138 4856 3280 4923 quod
3335 4854 3456 4906 duae
3505 4861 3610 4903 ter-

2015 4952 2105 5006 tia:
2143 4959 2329 5021 partes
2364 4949 2621 5005 momenti
2663 4948 2716 5006 in
2760 4946 2905 5000 οιιιιιὶ
2947 4947 3033 4998 diu
3074 4945 3419 5012 colliguntur,
3453 4950 3507 4995 et
3534 4941 3609 4994 ita

2024 5044 2079 5101 in
2113 5044 2288 5100 tribus
2316 5043 2509 5101 diebus
2538 5057 2575 5094 ιι
2610 5048 2900 5101 momenta,
2939 5039 2989 5090 in
3019 5053 3069 5090 τι
3108 5038 3299 5089 diebus
3326 5050 3430 5091 nu.
3455 5033 3508 5085 in
3532 5048 3610 5085 xu

2020 5152 2140 5199 vul,
2172 5136 2226 5188 in
2250 5150 2406 5191 xxutt
2457 5148 2567 5191 xw,
2616 5132 2669 5189 in
2712 5146 2816 5186 xxx
2849 5137 3023 5180 autem
3056 5127 3262 5184 diebus.
3293 5134 3349 5178 et
3374 5123 3427 5175 in
3454 5139 3481 5174 τι
3514 5123 3609 5174 ho-

2022 5226 2101 5281 ris
2132 5242 2202 5285 χχ
2228 5233 2500 5279 momenta
2518 5221 2866 5291 colliguntur,
2894 5219 2945 5272 id
2972 5226 3074 5280 est,
3102 5216 3322 5269 dimidia
3355 5215 3508 5267 hora.
3539 5212 3610 5267 Et

2024 5317 2108 5372 sic
2134 5317 2189 5374 in
2217 5315 2392 5371 tribus
2416 5311 2695 5368 mensibus
2725 5309 2945 5378 trigcuis
2971 5317 3025 5362 et
3054 5323 3159 5363 una
3182 5305 3268 5360 die
3299 5313 3355 5358 et
3375 5318 3429 5357 γι
3463 5303 3615 5357 boris

2094 5514 2123 5557 δ
2155 5514 2473 5582 Discrepat
2498 5512 2660 5582 verba
2690 5508 2876 5582 Isidori
2908 5507 2964 5558 in
2979 5506 3220 5582 editione
3250 5504 3309 5557 Ι).
3330 5504 3614 5582 ΣιριλΒινε-ιιι,

2026 5588 2121 5642 ubi
2142 5588 2214 5639 ita
2239 5573 2490 5653 leguntur
2518 5583 2581 5633 de
2606 5581 2806 5653 Natura
2830 5578 3132 5653 iterqurap.
3167 5578 3218 5633 ὅ,
3244 5573 3426 5653 βηῖλξὸ
3453 5590 3465 5625 :
3505 5574 3619 5653 llis—

2026 5667 2205 5716 seztus
2233 5644 2407 5708 autem
2434 5670 2468 5707 ιι
2498 5663 2646 5705 sexto
2680 5650 2801 5710 Kal.
2836 5648 3017 5707 ﬂuuii
3047 5664 3216 5715 «atque
3243 5646 3311 5697 ad
3337 5644 3477 5699 diem
3511 5645 3617 5709 pri—

2028 5729 2115 5781 dia
2185 5724 2548 5781 Kalendarum
2604 5721 2897 5777 Iuniarum.
2941 5717 2995 5773 iu
3045 5720 3186 5773 tanta
3239 5731 3397 5770 (una
3451 5731 3615 5783 appe-

2030 5798 2140 5853 ηἰιιι
2149 5813 2191 5848 r.

2106 5879 2128 5905 ο
2159 5866 2315 5936 Apud
2338 5863 2560 5921 Betim.
