4090 6488
580 440 713 498 illi}?

1410 425 1472 479 Β.
1512 423 1574 479 1³⁵.
1611 420 1852 509 ALBlNl
1881 418 2010 474 SE13
2047 411 2328 471 ALCUlNl
2359 406 2648 469 OPEHUM
2682 400 2863 463 PARS
2898 401 3034 460 Vill.

3737 387 3900 449 1008

577 551 924 628 Lugdunensi
964 544 1263 617 bibliopola
1306 537 1673 612 comparasée,
1709 551 1774 590 ac
1800 502 1944 590 bona
1986 530 2093 586 ﬁde
2127 534 2183 584 et
2210 528 2256 589 Α
2281 524 2447 628 quasi
2490 520 2785 624 naufragus
2832 519 2944 573 Deo
2977 516 3273 570 miserante
3298 509 3367 565 ad
3391 515 3606 579 portum
3636 502 3903 572 dejectus

580 621 797 706 titulum
821 654 874 702 et
905 646 1216 699 contextum
1244 634 1453 706 operis,
1482 638 1645 703 prout
1686 645 1739 682 in
1766 642 1833 682 eo
1854 625 2041 681 codice
2087 621 2184 675 ita-

580 743 890 804 bebantur,
921 739 975 791 in
1023 733 1199 790 editos
1243 730 1419 785 ἰὴν-ος
1464 723 1734 780 retulisse.
1783 718 1928 775 Sane
1967 729 2183 772 omnem

585 832 694 890 doli
740 827 870 885 mali
918 831 1014 881 aut
1056 820 1263 878 fraudis
1309 814 1677 887 suspicionem
1704 825 1733 865 a
1760 808 2017 880 religioso
2042 805 2183 867 viro,

584 924 791 998 optime
834 920 903 977 de
942 912 1221 987 republica
1268 907 1535 965 litterario
1587 902 1804 965 merito,
1847 896 2059 998 amoliri

586 984 692 1074 θέε.
737 1012 879 1071 Nam
919 984 1065 1082 quod
1109 1020 1210 1078 pro
1252 1000 1429 1057 Albini
1477 993 1763 1054 substituit
1795 989 2023 1082 Alt-uini,
2054 984 2189 1082 nihil

590 1111 819 1168 interest
845 1102 912 1159 ad
938 1079 1230 1175 personam
1249 1137 1265 1161 ,
1292 1107 1413 1166 quae
1435 1086 1729 1146 binominis
1758 1083 1877 1143 fuit.
1909 1079 2189 1149 Siquidem

590 1202 769 1275 patrio
794 1174 1013 1255 nomine
1040 1190 1371 1252 Alchwinus,
1396 1185 1591 1241 Latino
1610 1190 1679 1275 et
1698 1177 1939 1236 ascititio
1964 1174 2192 1229 Albinus

590 1268 823 1353 Placcus
866 1289 1044 1344 dictus
1071 1291 1173 1341 est.
1221 1281 1336 1336 lmo
1364 1292 1496 1333 vero
1525 1276 1629 1331 hoc
1656 1268 1789 1342 facit
1814 1270 1879 1327 ad
1902 1279 2193 1324 removen-

595 1387 721 1442 dam
750 1379 1136 1452 suspicionem.
1170 1371 1229 1427 Si
1260 1369 1405 1426 enim
1433 1367 1613 1422 editor
1639 1361 1853 1418 titulum
1885 1355 2196 1429 supposuis-

596 1484 701 1543 set,
723 1450 970 1530 eamdem
1013 1464 1303 1535 utrobique
1342 1456 1719 1530 supposuisset
1759 1450 2190 1521 inscriptionem.

596 1567 790 1625 Fuerit
813 1577 944 1637 ergo
973 1558 1171 1630 aliquis
1196 1555 1355 1619 alius,
1380 1552 1473 1623 qui
1501 1551 1710 1605 incerto
1737 1555 1986 1616 tempore.
2010 1555 2199 1596 recen-

601 1662 794 1715 tiorem
822 1631 1037 1712 titulum
1061 1649 1235 1707 veteri
1271 1648 1409 1702 libro
1442 1640 1700 1715 praefixit,
1728 1637 1872 1708 quod
1915 1651 2021 1691 non
2058 1631 2198 1686 mala

603 1752 729 1816 fide,
754 1747 849 1804 sed
878 1760 945 1801 ex
980 1757 1137 1815 aequo
1174 1741 1423 1807 bonoque
1459 1733 1661 1788 factum
1694 1727 2009 1785 existimare
2048 1722 2197 1777 licet.

2285 612 2451 685 (sum)
2477 613 2697 682 quietis.

2356 706 2411 761 ὅ.
2446 702 2732 759 Postremo
2760 697 2976 755 easdem
2998 696 3200 767 passim
3234 690 3551 754 sententias,
3583 689 3907 755 eademun

2285 795 2451 851 verba
2491 792 2733 864 reperias
2766 791 2820 845 in
2848 791 2952 844 hac
2994 783 3369 847 Coufessione,
3400 796 3521 850 quae
3560 780 3616 835 in
3644 776 3906 849 genuino

2289 889 2459 958 ipsius
2502 884 2718 939 Alcuini
2766 883 2905 938 libro
2944 880 3011 935 de
3052 877 3185 933 Fide
3214 887 3416 931 sanctae
3457 869 3741 926 Trinitatis
3787 865 3902 938 (ς).

2288 978 2699 1036 Confessionem
2727 984 3136 1030 controversam
3166 968 3380 1024 orditur
3403 963 3564 1036 373
3591 970 3786 1016 auctor
3824 959 3906 1014 ab

2291 1072 2377 1128 his
2396 1070 2579 1126 verbis
2605 1088 2617 1122 :
2646 1085 2664 1119 ι
2702 1067 2905 1121 Adesto
2922 1064 3079 1128 mihi,
3104 1076 3293 1117 verum
3322 1058 3526 1121 lumen,
3551 1055 3695 1110 Deus
3722 1052 3910 1107 Pater

2292 1165 2667 1235 omnipotens,
2696 1162 2885 1217 adesto
2925 1158 3077 1221 mihi,
3109 1170 3299 1211 verum
3339 1153 3520 1209 lumen
3548 1151 3614 1206 de
3644 1147 3860 1204 lumine
3882 1184 3903 1207 ,

2294 1264 2432 1313 etc.»
2464 1256 2666 1311 Eadem
2692 1252 2915 1310 omnino
2939 1249 3103 1305 verba
3118 1249 3284 1303 habet
3308 1246 3570 1302 Alcuinus
3596 1243 3651 1297 in
3680 1241 3909 1296 invoca-

2296 1351 2444 1406 tione
2464 1348 2531 1403 ad
2558 1346 2958 1402 sanctissimam
2986 1341 3307 1396 Trinitatem
3329 1339 3384 1392 in
3404 1336 3641 1407 Operum
3662 1345 3909 1392 suorum

2297 1441 2547 1501 columna
2593 1437 2697 1495 7'56
2736 1435 3080 1511 (Patrologia:
3123 1441 3269 1488 temo
3305 1430 3392 1493 Cl,
3439 1428 3542 1485 col.
3573 1426 3686 1495 54).
3738 1424 3912 1479 Mitto

2298 1534 2405 1591 alla
2428 1532 2692 1603 ejusmodi
2722 1529 3060 1600 quamplura.

2372 1624 2468 1680 llis
2496 1624 2631 1679 adde
2658 1622 3039 1690 antiquitatem
3073 1616 3256 1687 operis
3293 1614 3543 1686 superius
3584 1616 3856 1665 assertum
3888 1625 3904 1659 :

2303 1716 2446 1787 quod
2474 1729 2596 1770 cum
2620 1711 2799 1770 Caroli
2828 1710 3006 1782 Magni
3043 1718 3287 1779 tempore
3320 1706 3599 1762 conditum
3627 1703 3729 1766 sit,
3763 1700 3914 1756 nulli

959 1797 1132 1893 re
1145 1797 1405 1887 mentitus
1434 1826 1507 1882 sit
1532 1824 1844 1895 quisquam,
1870 1816 2014 1872 nulla
2038 1818 2202 1869 causa
2304 1810 2486 1880 potius
2516 1822 2677 1877 quam
2703 1803 2935 1861 Alcuino
2953 1844 2967 1868 ,
2993 1811 3052 1858 ut
3084 1801 3199 1874 jam
3231 1800 3372 1857 dixi.
3401 1797 3664 1869 assignari
3696 1804 3912 1866 potest.

1020 1926 1164 1998 Ergo
1189 1923 1243 1978 id
1273 1919 1467 1977 fecisse
1505 1893 1752 1976 videtur,
1780 1911 2089 1983 quicunque
2118 1911 2201 1959 est
2236 1918 2281 1980 Β
2306 1899 2364 1955 ld
2396 1914 2525 1953 vero
2560 1896 2792 1966 amplius
2827 1894 3099 1950 elucescet
3125 1909 3191 1947 ex
3237 1893 3505 1948 solutione
3547 1898 3914 1961 argumento-

607 1982 717 2094 ilieo,
735 1982 805 2080 ad
829 2023 989 2079 fidem
1011 1982 1242 2091 alicujus
1268 2013 1467 2070 veteris
1487 2010 1706 2069 codicis,
1727 1982 1819 2061 aut
1846 2003 1985 2059 forte
2008 2000 2205 2072 ipsius—
2308 2008 2460 2057 rum,
2496 2003 2629 2094 quae.
2649 1996 2772 2094 tum
2820 1987 3083 2094 adversps
3123 1986 3306 2057 operis
3340 1982 3756 2054 antiquitatem,
3789 1990 3917 2034 tum

607 2125 722 2174 mct
760 2112 1108 2185 exemplaris,
1137 2108 1293 2178 cujus
1332 2104 1601 2176 fugientes
1638 2100 1850 2155 litteras
1877 2109 2016 2151 novo
2061 2100 2208 2147 atra-

608 2217 793 2267 mento
819 2204 1139 2263 restituerit.
1168 2197 1239 2255 At
1264 2199 1377 2255 sive
1401 2199 1523 2261 hoc,
1540 2195 1655 2249 sive
1677 2192 1783 2247 alio
1805 2190 1964 2245 modo
1986 2186 2039 2241 id
2061 2200 2207 2240 com—

610 2304 839 2358 missum
867 2298 941 2355 sit
971 2294 1137 2369 (quod
1176 2299 1327 2348 certe
1376 2288 1727 2345 commissum
1770 2278 1990 2353 nollem)
2040 2276 2209 2333 multa

612 2400 740 2451 sunt
767 2391 821 2446 in
849 2405 912 2446 ea
938 2383 1289 2443 Confessione
1310 2396 1431 2450 qua:
1454 2378 1521 2434 ad
1547 2392 1683 2447 opus
1709 2373 1855 2430 istud
1876 2370 2105 2426 Alcuino
2124 2369 2211 2422 tri~

613 2480 891 2539 buendum
917 2476 1194 2532 inducant.
1241 2470 1622 2540 Supponamus
1642 2464 1789 2519 enim
1834 2460 2040 2516 nullum
2061 2457 2213 2527 operi

614 2570 899 2647 praeﬁxum
944 2567 1191 2631 titulum;
1241 2579 1372 2619 sane
1423 2562 1650 2633 probata
1706 2554 1824 2625 ejus
1865 2552 2211 2623 antiquitate,

616 2645 825 2722 nullum
840 2659 1018 2717 Caroli
1036 2657 1211 2728 Magni
1235 2664 1478 2723 tempore
1498 2662 1777 2705 auctorem
1795 2645 2034 2710 invenio,
2049 2659 2214 2713 quam
2236 2647 2240 2649 ‘

618 2757 929 2818 Alcuinum,
946 2752 1030 2809 cui
1054 2750 1171 2805 haec
1193 2744 1477 2802 Confessio
1501 2743 1694 2799 merito
1713 2738 1914 2795 ascribi
1940 2738 2132 2809 possit.
2160 2734 2216 2789 in

620 2862 744 2903 eum
765 2843 1029 2915 siquidem
1057 2839 1301 2913 apprime
1324 2834 1653 2891 conveniunt
1673 2830 1869 2888 indicia
1894 2828 2075 2884 omnia
2098 2843 2219 2898 quae

621 2939 690 2995 de
715 2946 934 2993 auctore
955 2934 1011 2989 in
1036 2933 1152 3003 ipsa
1177 2927 1535 2985 Confessione
1566 2926 1836 2995 leguntur.

696 3033 750 3086 l.
778 3028 839 3085 ιιι
858 3027 1053 3099 primis
1075 3032 1266 3080 auctor
1284 3022 1456 3076 Deum
1479 3024 1753 3091 precatur,
1771 3026 1833 3071 ut
1858 3035 1876 3067 ι
1900 3012 2223 3071 necessariis

624 3120 1002 3181 famulantium
1031 3114 1308 3184 obsequiis
1326 3153 1342 3177 ,
1374 3120 1430 3166 et
1458 3111 1700 3180 impensa
1726 3124 1756 3161 a
1785 3106 2048 3162 fratribus
2073 3120 2225 3158 reve-

626 3213 802 3271 rentia
834 3232 851 3264 ι
881 3222 1155 3278 nunquam
1185 3203 1501 3261 extollatur.
1549 3199 1707 3267 Quod
1736 3197 1953 3268 quidem
1980 3194 2226 3267 apprime

2311 2086 2574 2141 adversus
2602 2081 2889 2136 Alcuinum
2926 2076 3289 2134 adducuntur.

2381 2269 2623 2325 Primum
2655 2272 3034 2338 argumentum
3065 2264 3118 2317 in
3145 2262 3299 2317 Notis
3328 2263 3396 2316 ad
3417 2260 3649 2315 ndicium
3677 2260 3922 2314 sanctis-

2312 2361 2433 2416 simi
2464 2357 2822 2423 sacramenti,
2867 2370 3017 2411 num.
3048 2354 3134 2419 π),
3166 2356 3488 2424 proponitur
3516 2352 3574 2406 in
3619 2352 3764 2408 hunc
3797 2349 3924 2406 fere

2314 2453 2531 2511 modum
2558 2471 2570 2505 :
2604 2471 2621 2501 ι
2650 2450 2777 2505 Haec
2798 2448 3079 2505 Confessio
3101 2446 3337 2502 maxima
3358 2462 3425 2501 ex
3450 2454 3606 2519 parte
3625 2444 3921 2514 desumpta

2313 2553 2398 2600 est
2425 2559 2491 2599 ex
2515 2539 2718 2611 Pelagii
2744 2536 3099 2597 Confessioue
3128 2538 3276 2604 fidei,
3301 2547 3357 2593 et
3377 2554 3443 2593 ex
3473 2537 3613 2593 libro
3639 2534 3923 2594 Gennadii

2317 2638 2382 2693 de
2408 2635 2759 2709 Dogmatibus
2784 2632 3209 2698 ecclesiasticis,
3242 2631 3458 2687 tametsi
3502 2631 3622 2689 loca
3661 2630 3755 2685 illa
3793 2647 3925 2701 quae

2316 2724 2663 2796 Pelagianam
2690 2732 2785 2779 aut
2807 2718 3301 2795 Semipelagianam
3328 2723 3635 2779 doctrinam
3672 2722 3923 2793 sapiunt,

2318 2802 2563 2874 correcta
2591 2814 3092 2885 deprehenduntur.
3127 2814 3329 2869 Deinde
3352 2815 3563 2886 priores
3584 2815 3704 2871 duze
3727 2824 3926 2885 partes

2318 2912 2597 2986 praeclarae
2641 2919 2766 2965 sunt
2808 2918 2865 2964 et
2898 2907 3034 2977 nite;
3065 2915 3121 2962 at
3152 2908 3316 2963 tertia
3363 2923 3493 2978 pars
3525 2922 3631 2963 non
3677 2909 3928 2963 cohaeret

2322 3019 2445 3059 cum
2475 3003 2683 3059 duabus
2711 2999 3012 3073 prioribus,
3057 3015 3127 3054 ex
3177 2999 3375 3070 quibus
3416 2999 3588 3055 multa
3618 3001 3817 3069 repetit
3856 3001 3929 3054 ad

2324 3095 2568 3161 verbum,
2597 3093 2743 3163 quod
2771 3092 2826 3147 in
2864 3091 3302 3170 unoeodemque
3329 3106 3493 3162 opere
3522 3091 3703 3147 nullus
3732 3101 3934 3149 auctor

2326 3184 2541 3241 fecerit.
2579 3203 2598 3238 ι
2632 3181 2747 3240 Huc
2783 3181 2898 3237 fere
2934 3181 3264 3253 conjectum
3292 3182 3438 3244 illius
3477 3183 3732 3255 anonymi
3774 3184 3929 3238 redi-

532 3317 535 3319 ’
626 3304 886 3375 competit
905 3270 1151 3363 Alcuino,
1182 3296 1270 3351 cui
1296 3294 1589 3364 Elipandus
1618 3288 1911 3345 Toletanus
1938 3287 2223 3356 episcopus
2251 3285 2296 3352 c
2325 3283 2544 3348 guntur,
2575 3274 2665 3345 qui
2696 3271 3050 3329 nihilominus
3088 3270 3309 3340 fatetur,
3360 3274 3559 3344 stylum
3596 3274 3754 3329 istius
3776 3273 3931 3329 Con-

628 3391 980 3466 exprobravlt
999 3387 1141 3459 quod
1167 3386 1346 3458 viginti
1378 3382 1545 3438 millia
1564 3393 1835 3451 servorum
1859 3379 2085 3434 haberet
2114 3376 2221 3448 (e):

632 3504 732 3546 nec
756 3487 1017 3542 Alcuinus
1043 3483 1159 3552 ipse
1180 3483 1231 3537 di
1255 3482 1436 3535 l'tetur
1465 3480 1518 3533 in
1549 3475 1901 3547 responsione
1923 3474 1988 3529 ad
2010 3472 2226 3543 Elipan—

642 3585 792 3640 dum.

704 3676 759 3731 2.
800 3673 1034 3736 Deinde,
1079 3684 1202 3739 pag.
1252 3664 1393 3729 130,
1440 3659 1746 3733 ingemiscit
1788 3658 1934 3729 quod
1984 3656 2231 3711 amiserit

641 3786 661 3820 ε
692 3767 870 3824 locum
899 3763 1108 3819 dilecte
1128 3756 1453 3820 solitudinis,
1474 3752 1709 3808 amicum
1741 3748 2232 3818 mceroris,quietis

637 3868 695 3916 et
721 3853 1091 3929 paenitudinis,
1116 3871 1133 3902 ι
1165 3864 1326 3921 quem
1357 3847 1424 3900 ab
1451 3846 1671 3900 ineunte
1707 3850 1865 3897 relate
1910 3854 2124 3909 semper
2158 3837 2233 3891 di-

638 3952 866 4009 lexerat.
900 3968 917 3998 ι
956 3947 1178 4008 licirco,
1230 3941 1434 4011 inquit,
1481 3940 1535 3994 in
1587 3937 1837 4005 angustia
1895 3942 1949 3989 et
1998 3949 2234 3989 mmrore

640 4042 812 4098 multo
837 4041 1011 4111 posita
1035 4047 1118 4091 est
1146 4036 1325 4089 anima
1356 4048 1494 4098 mea,
1522 4041 1672 4086 tuum
1703 4045 1863 4098 super
1889 4044 1948 4083 se
1980 4027 2232 4098 ignorans

638 4132 898 4206 judicium
927 4150 939 4183 :
968 4129 1095 4199 quia
1124 4133 1391 4182 secretum
1414 4121 1585 4178 solitm
1614 4121 1813 4190 quietis
1839 4130 1894 4177 et
1920 4126 2237 4189 opportunae

646 4224 713 4279 ad
743 4231 796 4277 te
827 4218 1141 4279 vacationis,
1175 4215 1317 4285 quod
1358 4212 1525 4269 semel
1567 4212 1821 4266 incautus
1848 4208 2028 4275 amisi,
2061 4210 2238 4263 denuo

646 4313 889 4371 invenire
930 4327 1035 4366 non
1069 4308 1239 4379 potui.
1273 4305 1387 4361 Hoc
1428 4313 1612 4359 autem
1634 4311 1763 4374 opto
1793 4303 1991 4367 adhuc,
2023 4303 2239 4371 suspiro

646 4416 703 4467 et
722 4422 935 4478 quaero;
968 4405 1062 4459 sed
1091 4399 1545 4471 prmpedicntibus
1572 4397 1813 4467 peccatis
1843 4395 1975 4450 meis
2000 4395 2240 4464 reperire

646 4515 756 4555 non
799 4496 953 4551 valeo
980 4492 1064 4566 (l').
1098 4512 1117 4545 ι
1145 4490 1401 4545 Eamdem
1450 4490 1615 4543 animi
1662 4490 1742 4544 sui
1776 4487 2242 4558 agitationemcx-

648 4590 837 4663 primit
884 4586 1145 4641 Alcuinus
1184 4582 1426 4654 pluribus
1466 4581 1518 4636 in
1567 4581 1721 4645 locis,
1755 4581 1991 4635 maxime
2030 4594 2158 4633 vero
2186 4580 2238 4632 in

649 4680 876 4753 epistola
928 4678 1052 4742 129,
1081 4678 1136 4730 in
1178 4691 1285 4746 qua
1329 4674 1444 4728 haec
1492 4672 1696 4726 verba:
1729 4690 1747 4722 ι
1784 4670 1923 4749 Fere
1963 4677 2089 4725 ante
2138 4672 2239 4725 hoc

649 4771 1077 4847 quinquennium
1113 4768 1528 4836 occupationes,
1556 4765 1724 4821 Deum
1756 4772 1937 4825 testor,
1967 4778 2073 4818 non
2113 4762 2239 4818 ficto

650 4868 815 4923 corde
844 4864 1114 4920 declinare
1144 4861 1395 4933 cogitavi,
1423 4861 1517 4915 sed
1547 4867 1739 4913 vestrm
1760 4860 1862 4930 piae
1890 4859 2241 4927 providentia:

653 4956 879 5014 consilio
906 4954 1201 5009 translatus
1233 4967 1352 5006 sum
1387 4952 1440 5005 in
1469 4951 1750 5005 servitium
1793 4950 1964 5004 sancti
1996 4948 2239 5015 Martini,

656 5046 780 5102 fidei
828 5044 1105 5099 catholica:
1149 5050 1205 5098 et
1250 5040 1633 5096 ecclesiastica'.
1679 5040 1947 5094 sanctioni
2008 5041 2242 5095 donante

656 5137 785 5197 Deo,
819 5134 1138 5205 proficuum.
1192 5131 1308 5187 Non
1357 5131 1584 5186 recessit
1626 5140 1805 5186 tamen
1833 5132 1900 5185 de
1930 5129 2089 5184 corde
2122 5144 2243 5184 meo

655 5227 853 5297 prioris
883 5224 1177 5279 voluntatis
1206 5222 1431 5277 affectus
1450 5264 1465 5287 ,
1494 5222 1631 5277 sicut
1665 5228 1941 5276 transacto
1970 5236 2113 5275 anno
2155 5235 2246 5274 ve-

658 5328 789 5373 stra:
831 5315 1018 5386 pietati
1060 5313 1172 5383 jam
1218 5312 1465 5383 praedixi.
1502 5332 1519 5364 ι
1556 5310 1680 5366 Haec
1722 5310 1790 5365 ad
1841 5308 2094 5365 Carolum
2123 5311 2246 5366 :cui

660 5409 824 5464 aliam
867 5408 1085 5479 scripsit
1131 5407 1444 5476 epistolam,
1476 5404 1734 5459 nimirum
1779 5398 1902 5466 152,
1949 5404 2015 5458 de
2055 5405 2246 5459 eodem

662 5507 1000 5571 argumento.
1050 5498 1176 5554 Voti
1205 5511 1425 5566 compos
1468 5495 1671 5560 factus,
1706 5495 1840 5549 alias
1868 5494 2016 5548 misit
2042 5492 2249 5548 litteras

662 5590 733 5646 ad
759 5589 955 5645 fratres
983 5589 1039 5644 in
1062 5585 1273 5643 Gothiae
1308 5586 1554 5656 partibus
1584 5586 1694 5642 Deo
1728 5584 2027 5638 servientes
2053 5580 2250 5652 (Epist.

665 5682 792 5755 155)
820 5699 833 5735 :
863 5700 881 5733 ι
911 5679 1026 5751 Ego
1044 5694 1193 5744 vero,
1217 5677 1315 5744 ait,
1337 5678 1519 5732 δίιξςιιιὶ
1542 5674 1956 5748 tempestatibus
1979 5673 2251 5739 turbatus,

666 5788 827 5830 casso
863 5771 1050 5828 multis
1096 5770 1153 5825 in
1196 5768 1334 5825 locis
1370 5768 1556 5824 labore
1598 5767 1857 5823 desudavi
1895 5784 1909 5820 :
1947 5761 2045 5818 sed
2090 5765 2255 5820 modo

2325 3368 2575 3424 fessionis
2624 3368 2884 3425 accedere
2931 3369 3000 3422 ad
3052 3367 3253 3439 stylum
3305 3366 3555 3433 Alcuini,
3600 3376 3764 3437 atque
3810 3367 3933 3437 ejus

2326 3464 2661 3519 conditorem
2690 3461 2889 3517 vixisse
2915 3470 3042 3516 ante
3088 3460 3542 3517 scholasticorum
3571 3471 3796 3519 aetatem
3814 3504 3830 3530 ,
3864 3479 3933 3519 ac

2327 3557 2552 3627 proinde
2582 3555 2716 3611 nihil
2744 3556 2880 3612 certi
2915 3566 2983 3611 ex
3012 3555 3099 3610 his
3138 3556 3472 3626 conjecturis
3503 3554 3699 3611 confici
3743 3571 3927 3626 posse.

2400 3648 2516 3704 Etsi
2544 3649 2662 3703 hzec
2686 3646 2959 3720 Anonymi
2990 3645 3274 3703 Confessio
3310 3645 3426 3703 fere
3450 3645 3681 3703 sufficiat
3716 3647 3785 3703 ad
3821 3650 3933 3704 sol-

2330 3740 2534 3796 vendas
2579 3737 2925 3807 conjecturas
2973 3756 3111 3811 quas
3153 3739 3403 3807 adduxit,
3455 3740 3712 3795 nonnulla
3748 3749 3934 3797 tamen

2334 3848 2598 3905 reponere
2642 3834 2800 3904 juvat
2846 3833 2915 3889 ad
2962 3834 3283 3903 ampliorem
3336 3835 3586 3890 veritatis
3636 3833 3930 3891 confirma-

2335 3928 2561 3982 tionem.

2408 4021 2458 4073 l.
2486 4018 2681 4074 Nullus
2717 4020 2924 4074 moveri
2957 4020 3120 4074 debet
3161 4018 3309 4090 quod
3335 4017 3708 4075 Confessionis
3742 4027 3933 4074 auctor

2335 4124 2466 4165 usus
2494 4109 2567 4164 sit
2592 4106 2949 4166 Confessione
2976 4107 3181 4179 Pelagii
3218 4105 3319 4180 (h).
3366 4105 3647 4176 Siquidem
3686 4113 3946 4177 tempore.

2335 4202 2551 4258 Alcuini
2578 4216 2679 4272 pro
2702 4217 2833 4256 vero
2857 4202 3034 4256 sancti
3074 4200 3392 4272 Hieronymi
3442 4198 3551 4253 fetu
3601 4199 3931 4270 agnosceba-

2337 4300 2446 4346 tur.
2476 4290 2532 4345 ld
2563 4301 2733 4361 patet,
2772 4299 2884 4346 tum
2909 4307 2976 4346 cx
3005 4290 3128 4348 libri
3159 4291 3307 4347 tertii
3337 4289 3575 4344 Carolini
3601 4305 3725 4359 cap.
3758 4290 3809 4355 l,
3837 4290 3927 4345 ubi

2338 4386 2457 4441 haec
2496 4383 2782 4440 Confessio
2834 4386 2935 4440 sub
2980 4385 3200 4440 nomine
3246 4382 3563 4455 Hieronymi
3609 4382 3924 4447 adducitur;

2340 4488 2458 4535 tum
2484 4495 2551 4535 ex
2577 4494 2679 4534 ms.
2707 4480 2909 4534 Codice
2936 4479 3199 4534 Caesareae
3243 4477 3611 4541 bibliothecae,
3641 4476 3732 4544 qui
3763 4475 3927 4531 codex

2341 4571 2580 4642 psalmos
2607 4578 2664 4624 et
2693 4569 2936 4635 cantica,
2962 4569 3257 4639 variasque
3300 4567 3674 4623 confessiones
3698 4565 3930 4635 comple-

2272 4646 2320 4708 Β
2344 4669 2520 4726 ctens,
2542 4659 2698 4729 jussu
2726 4660 2906 4716 Caroli
2934 4658 3113 4731 Magni
3140 4675 3170 4713 a
3192 4658 3421 4732 Dagulfo
3442 4658 3658 4713 notario
3681 4657 3925 4728 scriptus,

2345 4766 2507 4822 atque
2535 4754 2773 4808 Adriano
2802 4768 2955 4823 papae
2979 4751 3195 4806 oblatus
3219 4761 3305 4805 est
3328 4791 3345 4816 ,
3380 4758 3610 4805 testante
3646 4747 3930 4805 Lambecio

2346 4846 2401 4899 in
2426 4844 2689 4899 Caesarem
2705 4844 3044 4899 bibliothecae
3069 4851 3202 4898 tom.
3218 4842 3647 4913 ll,continetque
3669 4844 3810 4897 inter
3829 4841 3929 4898 alia

2346 4937 2675 5008 ipsissimam
2724 4931 2928 5005 Pelagii
2976 4932 3384 5005 Confessionem
3424 4950 3550 4989 cum
3598 4934 3703 4989 hoc
3742 4933 3925 4987 titulo:

2349 5027 2619 5099 Confessio
2646 5028 2772 5097 ﬁdei
2798 5025 3071 5081 catholica!
3097 5026 3267 5081 sancti
3295 5024 3625 5097 Hieronymi.
3650 5025 3787 5082 Tum
3811 5025 3927 5081 sub-

2354 5121 2601 5189 sequitur
2622 5119 2907 5175 Con‘fcssio
2934 5120 2989 5173 in
3012 5121 3127 5174 inec
3148 5120 3313 5174 verba
3339 5138 3352 5174 :
3386 5113 3663 5174 Credimus
3687 5119 3743 5173 in
3777 5117 3927 5174 Deum

2355 5210 2571 5265 Putrem
2601 5214 3004 5282 omnipotentem
3027 5222 3336 5268 cunctorum
3368 5211 3652 5267 visibilium
3676 5221 3726 5266 et
3761 5212 3928 5267 invisi-

2354 5304 2535 5359 (tilium
2583 5306 2935 5368 conditorem,
2969 5314 3101 5369 etc.,
3140 5321 3263 5375 qua:
3302 5306 3575 5378 ipsissima
3620 5312 3706 5361 est
3740 5302 3929 5375 Pelagii

2358 5396 2637 5452 Confessio
2662 5410 2709 5449 ο.
2735 5396 2948 5451 Nemini
2977 5396 3158 5468 itaque
3185 5397 3388 5452 mirum
3414 5412 3535 5453 esse
3562 5397 3722 5453 debet
3761 5398 3807 5453 si
3833 5397 3926 5454 Pe-

2358 5490 2485 5560 lagii
2514 5488 2924 5545 Confessionem
2955 5490 3362 5562 transcripserit
3385 5491 3438 5544 in
3471 5505 3625 5546 suam
3650 5488 3926 5558 Alcuinus,

2359 5582 2451 5653 qui
2472 5597 2592 5636 eam
2617 5583 2903 5651 reputabat
2924 5598 3045 5639 esse
3059 5581 3394 5654 Hieronymi,
3421 5596 3584 5653 quem
3606 5584 3663 5638 in
3678 5580 3790 5637 suis
3809 5578 3928 5635 scri-

2359 5675 2467 5745 ptis
2492 5674 2695 5744 passim
2724 5675 3090 5731 transcribere
3116 5675 3273 5731 solet.

2432 5762 2618 5832 Neque
2638 5764 2840 5819 mirum
2866 5764 3011 5835 quod
3033 5765 3201 5823 etiam
3226 5782 3357 5825 usus
3378 5774 3464 5823 est
3490 5765 3798 5825 testimonio
3820 5762 3929 5821 libri

747 5899 773 5928 ι
804 5885 927 5943 Vid.
955 5893 1097 5958 part.
1124 5900 1211 5953 ιιι,
1234 5898 1291 5939 ιι.
1314 5881 1405 5950 32,
1432 5897 1552 5959 qua:
1573 5897 1704 5938 sane
1724 5877 2014 5950 Pelagiana
2046 5876 2125 5934 vel
2157 5875 2592 5948 Semipelagiana
2617 5892 2725 5933 non
2748 5886 2894 5933 sunt.
