4090 6522
234 476 377 539 Ιοῡῦ

807 476 956 533 OPP.
997 476 1227 534 DUBIA.
1261 511 1331 521 —
1366 479 1456 534 DE
1490 476 1672 537 FlDEI
1711 475 2045 535 CONFESS.
2092 480 2489 539 MABILLONII
2527 484 2958 553 DlSQUlSlTlO.

3375 498 3516 557 tono

228 596 305 653 de
331 594 682 662 Dogmatibus
710 596 1119 661 ecclesiasticis,
1143 613 1307 667 quem
1331 597 1596 654 Gennadii
1626 597 1818 653 Massi-
1845 594 1888 648 Δ
1919 592 2153 658 attinet,
2183 596 2226 649 si
2257 598 2380 665 quis
2406 613 2520 653 rem
2550 603 2772 671 prepius
2801 605 3111 674 consideret
3135 649 3149 673 ,
3191 625 3253 665 es
3292 612 3509 672 Chiﬂle-

226 683 439 749 liensis,
490 684 724 744 hominis
772 685 1228 759 Semipelagiani,
1281 688 1450 742 fetum
1495 703 1618 744 esse
1672 705 1816 744 nunc

226 783 449 833 constat
492 777 632 847 apud
675 779 951 847 eruditos;
1009 790 1152 844 tum,
1204 783 1330 850 quia
1380 782 1517 836 liber
1553 782 1656 838 iste
1684 783 1816 837 olim

223 876 420 930 sancto
444 868 749 940 Augustino
771 872 1083 943 suppositus
1111 880 1212 929 est.
1241 872 1552 940 relatusque
1576 887 1608 926 a
1637 880 1818 941 poste-

225 960 313 1018 ris
337 960 395 1019 in
420 959 539 1029 ejus
562 958 798 1031 Operam
819 963 1183 1033 Appendicem
1209 981 1222 1016 :
1257 972 1390 1025 tum,
1416 964 1542 1031 quia
1564 973 1691 1017 ante
1720 978 1816 1017 an-

221 1066 331 1110 nos
358 1054 699 1123 octingentos
733 1067 859 1109 cum
884 1054 1183 1110 honoriﬁca
1222 1056 1462 1110 auctoris
1498 1054 1816 1125 praefatione

218 1144 478 1209 laudatus
503 1153 609 1211 est,
634 1146 799 1201 etiam
820 1147 889 1201 ab
915 1147 1000 1201 his
1030 1146 1123 1216 qui
1150 1147 1271 1216 ejus
1292 1156 1572 1216 parentem
1595 1146 1813 1202 Genna-

218 1240 377 1296 dium
418 1241 801 1309 agnoscebant.
848 1239 1021 1309 Hujus
1066 1241 1145 1295 rei
1176 1241 1482 1297 luculentus
1530 1241 1687 1295 testis
1730 1248 1815 1294 est

216 1333 498 1388 Adrianus
523 1347 663 1403 papa
692 1331 902 1402 primus
922 1372 934 1395 ,
971 1331 1183 1387 Aleuini
1212 1333 1458 1402 :equalis,
1493 1333 1546 1387 in
1586 1331 1812 1400 epistola

215 1424 295 1481 ad
313 1422 569 1479 Carolum
594 1422 844 1494 Magnum
868 1423 934 1479 de
959 1424 1118 1480 Cultu
1143 1434 1453 1479 sanctarum
1479 1426 1807 1493 imaginum:

210 1513 311 1572 cui
336 1514 618 1584 probando
646 1515 792 1570 inter
822 1516 957 1570 alias
990 1516 1213 1572 Patrum
1258 1516 1616 1571 auctoritates
1647 1517 1812 1570 etiam

212 1604 491 1665 Gennadii
517 1607 843 1662 sententiam
873 1609 1094 1665 adducit
1120 1609 1206 1665 his
1235 1609 1411 1664 verbis
1439 1627 1450 1661 :
1492 1627 1510 1659 ι
1547 1607 1603 1662 in
1640 1610 1815 1664 sacris

212 1697 499 1768 praedictis
525 1699 772 1755 conciliis
802 1701 1263 1771 praedecessorum
1294 1718 1539 1758 meorum
1578 1701 1810 1757 sanctis-

210 1791 486 1847 simorum
512 1790 831 1859 pontiﬁcum
868 1790 985 1845 haec
1022 1792 1201 1847 oblata
1238 1802 1367 1847 sunt
1397 1792 1730 1855 testimonia,
1757 1789 1812 1844 id

208 1882 304 1936 est
330 1895 344 1932 :
375 1881 551 1936 sancti
579 1879 843 1936 Gennadii
886 1882 1238 1939 Massiliensis
1272 1885 1543 1954 episcopi,
1571 1883 1813 1953 qualiter

210 1969 529 2032 veneranda
554 1970 666 2026 sint
691 1987 923 2043 corpora
959 1974 1044 2029 vel
1088 1975 1329 2048 reliquiae
1361 1984 1672 2031 sanctorum
1716 1937 1887 2063 ea:B

207 2060 389 2130 pitulo
413 2061 483 2117 40
513 2082 526 2116 :
560 2063 850 2120 Sacrorum
875 2085 1096 2138 corpora
1119 2111 1131 2135 ,
1164 2082 1210 2124 et
1241 2074 1503 2141 prurcipue
1533 2071 1804 2125 beatorum

204 2161 511 2224 martyrum
534 2154 800 2229 reliquias,
821 2177 884 2214 ac
898 2162 947 2215 si
963 2161 1159 2217 Christi
1180 2166 1433 2228 membra,
1452 2164 1803 2218 sincerissime

202 2242 549 2311 honoranda,
564 2254 670 2303 etc.
694 2248 826 2316 Quae
845 2251 1108 2308 Genu-adii
1134 2254 1299 2310 verba
1323 2256 1593 2310 habentur
1612 2254 1667 2309 in
1686 2254 1805 2324 ejus

205 2332 435 2408 vulgato
461 2335 602 2394 libro
629 2339 696 2395 de
727 2341 1078 2413 Dogmatibus
1112 2345 1527 2411 ecclesiasticis,
1558 2362 1680 2417 cap.
1710 2344 1798 2400 75.

208 2419 321 2478 libi
367 2424 518 2483 vides
565 2443 673 2484 non
708 2438 919 2487 tantum
957 2432 1329 2500 Gennadium,
1371 2437 1466 2490 sed
1491 2437 1655 2490 etiam
1685 2434 1806 2505 ejus

203 2510 413 2573 librum
438 2516 507 2572 de
534 2517 887 2590 Dogmatibus
916 2524 1298 2582 ecclesiasticis
1325 2527 1394 2583 ab
1417 2526 1661 2582 Adriano
1687 2527 1804 2582 lau-

202 2603 401 2661 datum
429 2624 447 2663 :
479 2623 582 2665 nec
598 2612 828 2683 proinde
855 2617 1052 2672 mirum
1077 2633 1200 2673 esse
1226 2620 1368 2690 quod
1397 2618 1467 2674 ab
1494 2620 1725 2676 Alcuino
1748 2620 1807 2675 in

202 2694 682 2758 Confessionesua
713 2712 770 2761 et
802 2704 939 2762 liber
966 2716 1023 2763 et
1054 2716 1245 2766 auctor
1280 2710 1469 2766 itidem
1514 2711 1802 2777 laudetur;

203 2803 392 2860 neque
418 2791 544 2847 inde
569 2796 710 2851 sumi
742 2812 900 2867 posse
928 2810 1307 2870 argumentum
1348 2812 1407 2857 ut
1433 2805 1551 2859 haec
1579 2803 1806 2863 Confes-

202 2882 296 2944 sio
320 2882 640 2941 detrahatur
658 2888 910 2956 Alcuino,
938 2892 1047 2946 imo
1072 2894 1256 2963 potius
1277 2904 1336 2949 ut
1362 2896 1468 2964 ipsi
1494 2907 1796 2953 asscratur.

201 2969 349 3027 Nam
377 2983 499 3044 post
522 2981 921 3039 controversias
950 2980 1291 3041 Gothescalci
1332 2990 1618 3045 occasione
1642 3001 1803 3047 exor-

202 3070 318 3127 tas,
339 3058 593 3133 innatum
614 3068 1140 3146 demum'suspectus
1160 3091 1226 3132 ac
1242 3076 1800 3151 Semipelagianorum

199 3170 399 3211 errore
423 3156 655 3219 iniectus
675 3161 934 3231 probatus
955 3174 1041 3219 est
1067 3167 1169 3221 iste
1191 3167 1456 3225 Gennadii
1485 3171 1715 3237 libellus,
1741 3181 1802 3230 ut

200 3254 361 3318 patet
384 3262 452 3301 ex
476 3246 623 3305 Flori
664 3260 721 3306 et
754 3252 1010 3310 Ecclesiae
1058 3257 1429 3330 Lugdunensis
1478 3264 1699 3333 scriptis
1744 3264 1799 3318 in

1922 685 2067 742 tiana
2093 685 2444 744 Confessione
2474 692 2813 763 desumptum
2862 699 2979 752 sine
3018 701 3181 755 dubio
3222 704 3511 763 videbitur.

1918 773 2056 829 Cum
2076 778 2220 832 enim
2240 778 2329 832 hic
2356 790 2621 837 tractatus
2645 784 3015 844 Confessionis
3037 789 3361 849 Christianae
3388 813 3513 866 spe-

1918 864 2095 920 cimen
2125 869 2428 937 promittat,
2461 870 2739 943 solamque
2760 874 2828 928 de
2851 875 3116 932 Trinitate
3136 879 3326 935 Fidem
3356 864 3507 938 coim-

1917 955 2217 1025 plectatur;
2256 960 2632 1029 imperfectum
2663 980 2795 1019 sane
2819 981 2956 1034 opus
2987 977 3099 1032 est,
3133 970 3176 1023 si
3204 985 3236 1025 a
3279 970 3508 1028 Confes-

1917 1051 2095 1105 sionis.
2134 1052 2370 1106 secunda
2425 1063 2596 1123 parte,
2653 1059 2774 1127 qua:
2826 1059 2893 1113 de
2939 1059 3317 1120 lncarnatiouc
3353 1065 3505 1137 agit,

1916 1139 2220 1195 divellatur.
2253 1142 2387 1199 Hinc
2430 1159 2769 1215 consequens
2795 1156 2880 1203 cst
2914 1158 2975 1203 ut
3001 1150 3182 1219 potius
3214 1152 3505 1223 Speculum

1914 1249 1983 1287 ex
2012 1232 2384 1301 Confessioue,
2414 1245 2670 1305 tanquam
2700 1239 3073 1309 imperfectum
3112 1258 3249 1313 opus
3274 1259 3342 1300 cx
3380 1261 3506 1315 per-

1913 1321 2078 1387 feeto,
2110 1341 2273 1395 quam
2300 1325 2583 1383 Confessio
2609 1345 2674 1384 ex
2707 1329 2938 1400 Speculo
2958 1373 2973 1396 ,
3014 1335 3315 1390 derivatum
3358 1339 3506 1392 dira-

1914 1421 2021 1466 tur.
2058 1413 2141 1469 Ad
2172 1416 2287 1469 haec
2313 1415 2551 1473 Joannes
2578 1419 2745 1475 abbas
2774 1420 3010 1476 libelltuu
3040 1439 3261 1491 precum
3296 1428 3507 1483 orditur

1914 1521 1944 1559 a
1973 1505 2169 1575 duplici
2199 1506 2520 1579 fragmento,
2544 1526 2775 1580 quorum
2805 1530 2971 1569 unum
3003 1526 3085 1571 est
3117 1517 3172 1572 in
3198 1520 3303 1574 line
3333 1520 3507 1589 partis

1912 1595 2100 1667 primm
2125 1597 2497 1657 Confessionis
2540 1600 2860 1674 (itidemque
2904 1606 2959 1661 in
3000 1606 3105 1662 ﬁne
3150 1607 3366 1679 Speculi
3393 1609 3505 1670 Au-

1910 1689 2248 1763 gustiniaui),
2284 1692 2515 1749 alterum
2558 1695 2718 1752 initio
2761 1699 3033 1764 secundae,
3078 1700 3382 1772 iterumque
3426 1700 3506 1757 t‘u-

1910 1778 2025 1834 sius
2046 1781 2101 1834 in
2127 1797 2247 1850 cap.
2276 1782 2345 1840 ti)
2382 1792 2589 1853 quartae
2612 1786 2803 1855 partis.
2832 1787 3110 1844 Posterius
3140 1788 3501 1862 fragmentum

1910 1870 2184 1941 decerpsit
2208 1887 2273 1929 ex
2300 1873 2685 1942 Confessionc,
2713 1894 2779 1934 ac
2807 1881 3032 1950 proinde
3079 1884 3231 1952 prius
3250 1924 3264 1948 ,
3294 1900 3402 1941 non
3429 1900 3500 1941 ex

1914 1960 2162 2031 Speculo.
2194 1965 2434 2037 Denique
2463 1969 2555 2038 qui
2587 1969 2655 2024 de
2680 1969 2895 2041 Speculi
2934 1982 3166 2029 tractatu
3208 1988 3503 2047 supersunt

1910 2054 2125 2110 codices
2155 2070 2286 2109 mss.
2336 2058 2671 2114 recentiores
2711 2069 2837 2116 sunt
2879 2077 3087 2118 clunes.
3128 2063 3237 2119 Nec
3279 2066 3499 2132 mirum,

1910 2160 2033 2199 cum
2079 2155 2204 2215 post
2247 2148 2563 2204 Anselmum
2614 2153 2846 2207 seorsim
2894 2154 3073 2210 editus
3115 2158 3186 2212 sit
3237 2167 3502 2219 tractatus

1909 2235 2045 2306 ipse,
2074 2237 2151 2293 uti
2191 2240 2356 2293 etiam
2386 2240 2620 2297 Dallzeus
2656 2242 2966 2299 conﬁtetur.
3016 2245 3089 2301 At
3130 2246 3502 2308 Confessionis

1906 2322 2233 2380 Boeriunum
2260 2327 2538 2398 exemplar
2568 2328 2749 2387 Caroli
2777 2331 2954 2403 Magni
2986 2341 3230 2407 tempore
3252 2337 3305 2392 in
3330 2354 3502 2396 mem-

1908 2415 2094 2472 branis
2121 2417 2475 2489 descriptum,
2507 2420 2715 2479 fontem
2738 2423 2942 2480 indicat
2959 2441 3028 2482 ex
3052 2442 3162 2498 quo
3185 2426 3497 2501 Speculum,

1907 2514 2167 2576 tanquam
2194 2509 2363 2576 rivus,
2388 2510 2645 2566 manavit.
2912 2548 2916 2552 ι

1976 2598 2030 2653 3.
2056 2599 2220 2656 Aliud
2244 2604 2469 2674 opponit
2495 2603 2749 2673 Dallzeus,
2772 2607 3028 2664 nimirum
3056 2610 3112 2666 in
3138 2610 3371 2684 vulgatis
3402 2611 3499 2668 Al-

1906 2695 2051 2755 cuini
2082 2694 2317 2767 Operam
2348 2697 2617 2755 indicibus
2660 2700 2865 2756 nullam
2909 2702 3026 2758 ﬁeri
3060 2705 3392 2775 mentionem
3429 2706 3500 2763 de

1906 2785 2245 2844 Cbiﬂletiana
2274 2787 2643 2848 Goniessione.
2672 2791 2919 2864 Namque
2945 2810 3085 2865 quos
3110 2795 3318 2853 indices
3340 2795 3499 2853 Chii-

1904 2879 2083 2935 tletius
2114 2882 2222 2937 huc
2248 2882 2489 2948 adducit,
2523 2884 2591 2939 de
2620 2885 2727 2940 alia
2752 2886 3103 2945 Coufessione
3135 2887 3349 2945 Alcuini
3376 2904 3500 2947 esse

1906 2971 2376 3042 interpretandos,
2425 2990 2546 3046 quae
2585 2977 2655 3033 ab
2697 2976 2889 3033 iisdem
2933 2980 3118 3038 verbis
3158 2981 3384 3053 incipiat
3430 2998 3499 3040 ac

1904 3061 2246 3120 Chitﬂetiana
2273 3064 2372 3137 (ι).

1973 3154 2053 3208 ita
2085 3156 2154 3210 sit
2182 3172 2355 3212 vero:
2387 3157 2483 3214 sed
2509 3174 2637 3230 quis
2664 3161 2875 3217 nesciat
2902 3178 3065 3233 quam
3090 3166 3269 3223 manci
3290 3175 3349 3224 et
3372 3183 3493 3225 mn-

1906 3245 1987 3300 tili
2033 3247 2141 3300 sint
2181 3257 2424 3303 veterum
2473 3250 2800 3321 scriptorum
2845 3252 3110 3326 catalogi,
3137 3258 3389 3325 quamvis
3426 3259 3495 3315 ab

200 3311 374 3393 causa
413 3342 922 3411 pmdestinationis.
949 3347 1085 3404 Cum
1128 3311 1257 3423 ἔτει)
1296 3362 1406 3408 tam
1439 3311 1707 3413 Gennradii
1736 3359 1801 3414 n-

1904 3338 2220 3394 auctoribus
2245 3338 2544 3409 aequalibus
2584 3311 2841 3397 ordinati.
2872 3311 3052 3415 Opera
3095 3311 3280 3403 sancti

202 3429 411 3485 bellum
438 3447 600 3502 quam
625 3433 961 3492 Gennazlium
1008 3439 1181 3509 ipsum
1231 3445 1410 3515 magni
1451 3444 1618 3501 faciat
1651 3446 1797 3502 Con-

202 3519 463 3578 fessionis
488 3522 840 3581 Chilﬁctiante
879 3530 1131 3599 scriptor,
1173 3533 1299 3586 inde
1335 3548 1673 3607 consulueris
1713 3547 1797 3594 est

202 3621 269 3673 ut
294 3614 341 3671 is
360 3624 485 3672 ante
513 3617 854 3677 Gothcscalci
881 3626 1285 3679 controversias
1309 3628 1529 3683 vixerit.

282 3706 469 3778 Neque
493 3710 673 3765 obstat
701 3712 845 3782 quod
872 3715 1033 3768 tertia
1082 3731 1208 3785 pars
1249 3718 1409 3775 istius
1431 3718 1798 3781 Confessionis

202 3815 335 3854 cum
360 3800 568 3860 duabus
592 3804 863 3873 prioribus
897 3822 1002 3861 non
1027 3808 1159 3862 satis
1186 3810 1462 3866 cohaerere
1485 3813 1716 3882 dicatur,
1741 3824 1799 3871 et

200 3905 275 3946 ex
303 3891 410 3947 illis
434 3894 687 3952 nonnulla
710 3904 935 3965 repetat.
962 3898 1095 3953 Nam
1120 3901 1171 3952 in
1195 3900 1382 3956 codice
1395 3902 1658 3960 Boeriano
1678 3906 1796 3962 duae

199 3984 540 4055 posteriores
568 3994 751 4056 partes
779 3991 968 4044 eadem
1006 4006 1188 4054 ntanu,
1231 4007 1338 4062 qua
1382 3993 1593 4062 priores
1642 3997 1795 4065 dum,

202 4076 494 4145 descriptae
516 4085 643 4133 sunt
671 4096 683 4131 :
711 4085 765 4133 et
790 4080 1043 4150 repetitio
1070 4082 1186 4138 hznc
1214 4097 1323 4138 non
1348 4084 1453 4139 nisi
1477 4089 1795 4158 recapitula-

204 4168 287 4223 tio
310 4168 716 4237 praemissorum
750 4178 851 4227 est.

278 4259 333 4314 2.
363 4257 607 4313 Alterum
636 4259 929 4330 objectum,
958 4265 1103 4332 quod
1126 4280 1195 4320 ex
1231 4265 1517 4324 Dallteanis
1555 4270 1791 4339 primum

203 4361 311 4416 est,
367 4351 490 4409 inde
536 4354 739 4425 petitur
777 4356 921 4425 quod
959 4357 1015 4411 in
1057 4356 1395 4416 Cliillletiana
1438 4360 1793 4419 Confessione

202 4443 376 4499 multa
402 4444 469 4502 de
490 4444 655 4501 verbo
681 4457 1048 4518 excerpuntur
1072 4459 1180 4504 tum
1201 4465 1268 4505 ex
1295 4460 1531 4508 tractatu
1557 4456 1626 4510 de
1657 4456 1795 4525 Spe-

204 4535 351 4598 culo,
378 4534 470 4604 qui
503 4534 646 4589 inter
678 4537 839 4592 notha
867 4538 1155 4610 Augustini
1202 4556 1369 4612 opera
1419 4545 1623 4603 relatus
1669 4558 1788 4614 est,

1902 3431 2029 3487 stiui
2057 3430 2110 3485 in
2142 3447 2428 3485 numerum
2477 3432 2662 3487 retulit
2706 3432 3018 3502 Possidius;
3060 3434 3301 3493 Ansclmi
3346 3438 3493 3495 Ead-

1901 3536 2120 3587 uterus;
2150 3520 2415 3577 Bernardi
2455 3521 2668 3578 abbatis
2710 3523 3125 3581 Clarcvallcnsis
3166 3525 3490 3594 Gaufridus;

1897 3624 2090 3666 omnes
2115 3611 2429 3666 auctoribus
2451 3618 2609 3667 aetate
2636 3627 2815 3681 pares.
2844 3613 2911 3668 Et
2938 3622 3118 3670 tamen
3147 3616 3353 3673 indices
3376 3617 3494 3686 isti,

1898 3714 2064 3769 quam
2094 3700 2149 3756 in
2175 3699 2359 3754 multis
2388 3700 2676 3768 deﬁciant,
2712 3701 2824 3772 jam
2849 3703 3058 3759 dudum.
3096 3705 3328 3764 eruditis
3356 3706 3492 3764 viris

1897 3806 2218 3862 persuasum
2237 3803 2344 3849 est.
3533 3844 3542 3854 .

1967 3883 2023 3939 4.
2054 3884 2156 3949 At,
2184 3884 2388 3955 inquit,
2418 3884 2648 3941 Dallzeus
2668 3927 2682 3949 ,
2716 3886 2953 3957 scriptor
2996 3887 3369 3945 Quinctianus
3396 3889 3489 3946 ΑΙ·
3596 3941 3601 3946 .

1895 3974 2121 4031 cuinum
2168 3976 2367 4047 saepius
2407 3975 2642 4047 expilat,
2670 3979 2812 4047 quod
2861 3996 2967 4033 non
2996 3982 3362 4037 commisisset
3394 3983 3489 4037 Al-

1895 4065 2109 4123 cuinus.
2141 4065 2259 4123 Non
2287 4067 2434 4123 enim
2466 4068 2644 4125 solent
2686 4069 2909 4141 ﬂorilcgi
2930 4111 2944 4134 ,
2974 4072 3056 4125 vel
3097 4072 3484 4142 deﬂoratores,

1893 4173 1963 4212 ex
1993 4157 2108 4214 suis
2136 4158 2238 4228 ipsi
2266 4158 2443 4225 libris,
2470 4160 2565 4215 sed
2589 4175 2657 4217 ex
2689 4162 2901 4227 alienis,
2944 4179 3008 4219 ca
3047 4165 3340 4236 decerpere
3365 4182 3493 4237 quae

1894 4249 2092 4305 litteris
2120 4250 2397 4305 mandant.

1964 4342 2077 4397 lmo
2100 4356 2233 4397 vero
2257 4342 2361 4398 hoc
2385 4344 2622 4399 maxime
2642 4344 2819 4414 arguit
2844 4361 2947 4400 non
2970 4346 3136 4402 alium
3158 4363 3277 4404 esse
3298 4360 3486 4408 aucto-

1894 4449 2010 4489 rem
2039 4434 2185 4490 hunc
2206 4449 2368 4505 quam
2394 4433 2730 4499 Alcuiuum,.
2760 4443 2820 4491 ut
2863 4439 2957 4508 qui
3000 4441 3245 4509 pressius
3276 4451 3333 4498 et
3369 4445 3509 4501 suis

1894 4524 2067 4594 ipsius
2090 4526 2274 4581 verbis
2311 4534 2365 4581 et
2399 4527 2687 4583 sententiis
2732 4529 2978 4584 illwa
3032 4530 3169 4587 Nam
3212 4533 3257 4588 si
3298 4532 3489 4591 Danai

208 4632 323 4687 tum
348 4638 416 4681 ex
443 4626 582 4682 libro
609 4627 1013 4684 Meditationum
1048 4632 1225 4687 cidem
1254 4632 1557 4707 Augustino
1594 4654 1789 4712 perpea
1818 4664 1877 4727 υ
1892 4617 2294 4727 ξῖῧιωῗηξδξξ)
2316 4616 2540 4727 elei?“
2558 4617 2902 4727 w‘mano
2923 4620 3486 4727 alﬁudfcamllusfs’fe‘

207 4734 328 4782 ram
349 4719 589 4789 ascripto
613 4738 625 4774 :
654 4720 799 4790 quod
826 4730 1115 4793 utrumque
1133 4739 1269 4795 opus
1289 4728 1654 4786 recentiorum
1669 4748 1791 4789 esse

207 4819 513 4877 temporum
568 4809 798 4865 Dallazus
844 4814 1141 4868 contendit.
1191 4815 1257 4871 Et
1311 4816 1527 4887 Speculi
1572 4823 1790 4891 quidem

206 4905 498 4952 tractatum
526 4897 961 4957 Meditationibus
987 4905 1347 4971 posteriorem
1372 4924 1523 4977 esse;
1562 4911 1789 4969 Medita-

205 4986 416 5042 tinuum
437 5002 567 5044 vero
590 4988 787 5044 librum
802 4993 1238 5048 consarcinatum
1259 5008 1381 5053 esse
1401 5007 1524 5069 post
1540 5010 1791 5059 sanctum

204 5075 553 5144 Ansclmum,
598 5093 667 5135 ex
705 5078 861 5149 cuius
905 5083 1072 5139 variis
1103 5088 1380 5156 opusculis
1430 5088 1545 5147 fere
1586 5093 1791 5151 conﬁa-

207 5175 298 5221 tus
327 5174 430 5223 est.

278 5257 527 5316 Concedo
549 5260 714 5323 hosce
740 5262 882 5319 duos
903 5264 1095 5332 libros,
1123 5267 1179 5324 id
1204 5277 1288 5325 est
1333 5269 1548 5342 Speculi
1580 5276 1791 5333 et'Me-

205 5348 555 5418 ditationum,
582 5361 776 5411 sancto
793 5353 1052 5417 Anseltno
1064 5361 1401 5430 posteriores
1420 5378 1557 5420 esse.
1572 5366 1645 5422 At
1665 5369 1791 5426 inde

207 5441 549 5512 antiquitatis
600 5446 1017 5515 praregativatn
1067 5449 1170 5506 sibi
1223 5453 1462 5509 vindicat
1509 5455 1792 5516 Confessio

204 5532 566 5599 Chiﬂletiana,
592 5549 717 5591 cum
755 5536 928 5593 codex
954 5537 1255 5600 Boer‘ianus
1295 5544 1456 5602 annis
1504 5548 1789 5607 minimum

206 5624 459 5681 ducentis
493 5633 623 5682 ante
656 5626 973 5687 Anselmum
1011 5641 1266 5690 exaratos
1298 5636 1399 5701 sit,
1432 5639 1511 5694 uti
1540 5642 1792 5712 superius

207 5718 574 5775 demonstravi
623 5719 708 5793 (i).
748 5720 913 5795 37‘
945 5722 1012 5778 Et
1048 5725 1265 5795 quidem
1293 5727 1698 5789 Meditationum
1728 5734 1791 5791 li-

208 5806 367 5865 brum
402 5824 473 5865 ex
515 5809 741 5868 Joannis
766 5812 982 5871 abbatis
1014 5818 1290 5887 opusculis
1321 5819 1436 5877 fore
1462 5829 1637 5879 totum
1659 5840 1791 5881 con-

208 5907 355 5957 stare
381 5901 547 5973 paulo
568 5912 695 5961 ante
720 5904 1006 5975 probatum
1045 5918 1145 5965 est.
1182 5908 1262 5966 Ad
1309 5908 1603 5983 Speculum
1648 5925 1791 5993 quod

1892 4705 2031 4762 liber
2056 4708 2128 4764 ad
2153 4706 2411 4765 Nationes
2434 4708 2517 4782 (ι),
2548 4712 2641 4781 qui
2667 4719 2813 4767 totus
2845 4728 2912 4767 ex
2941 4712 3185 4783 ejusdem
3212 4714 3485 4787 Apologia)

1892 4800 1958 4870 (si
1993 4808 2173 4855 tamen
2197 4800 2358 4875 alius)
2388 4802 2572 4858 verbis
2618 4812 2675 4859 et
2719 4805 3020 4860 rationibus
3060 4817 3293 4863 constat.
3326 4810 3481 4878 Quod

1890 4895 2055 4951 etiam
2083 4894 2152 4951 de
2176 4894 2460 4968 Augustini
2486 4897 2759 4953 nonnullis
2791 4898 3264 4969 aliisquealiorunt
3293 4911 3503 4959 aucto--

1892 5002 2011 5041 nun
2041 4987 2299 5059 operibus
2318 4988 2604 5045 dicendum
2633 4998 2738 5045 est.

1962 5095 2070 5152 Sed
2095 5097 2254 5151 video
2280 5097 2537 5151 Dallaaum
2576 5096 2890 5161 incumbere
2924 5100 2979 5153 in
3009 5117 3204 5156 nomen
3252 5102 3477 5176 ﬂorilegi

1890 5202 1988 5243 seu
2017 5186 2374 5244 deﬂoratoris.
2409 5188 2610 5244 Verum
2635 5204 2774 5261 nego
2802 5189 3182 5249 Confessorem
3210 5194 3311 5265 (sic
3327 5194 3474 5265 loqui

1890 5280 2023 5335 mihi
2048 5278 2230 5352 liceat)
2252 5292 2461 5334 merum
2486 5291 2607 5335 esse
2628 5278 2929 5352 ﬁerilegum
2951 5296 3046 5337 seu
3070 5282 3473 5351 deﬂoratorem,

1889 5389 2013 5431 cum
2067 5375 2287 5447 propria
2335 5374 2505 5429 verba
2554 5374 2912 5446 propriasque
2955 5378 3253 5434 sententias
3299 5378 3475 5438 fusius

1890 5463 2082 5519 alienis
2106 5463 2497 5519 intermisceat.
2527 5463 2683 5534 Opus
2698 5464 2920 5534 quidem
2940 5480 3098 5522 suum
3120 5467 3477 5539 Deﬂoratitut-

1887 5554 2063 5609 culum
2089 5560 2279 5619 vocat;
2308 5560 2368 5608 at
2389 5553 2493 5609 hoc
2510 5552 2777 5611 vocabulo
2792 5570 2903 5628 prze
2922 5556 3186 5612 modestia
3214 5573 3346 5613 usus
3365 5569 3471 5627 est,

1890 5649 2155 5703 rationem
2185 5648 2510 5703 habensnon
2539 5653 2651 5702 tam
2678 5662 2891 5713 eorum,
2908 5663 3045 5719 quos
3062 5649 3263 5723 seligit,
3289 5659 3475 5706 aucto-

1889 5752 2034 5803 rum,
2062 5752 2222 5807 quam
2243 5737 2546 5807 argumenti
2567 5736 2710 5807 quod
2731 5737 2959 5805 delibat;
2983 5740 3073 5809 qui
3098 5756 3231 5798 sane
3256 5740 3472 5812 loquen-

1892 5830 1946 5887 di
1973 5829 2163 5884 modus
2188 5828 2292 5884 hoc
2317 5829 2373 5884 in
2407 5842 2570 5884 sensu
2592 5828 2858 5886 hactenus
2886 5829 3169 5894 familiaris
3190 5837 3295 5885 est.
3400 5908 3405 5913 Ι

1964 5921 2017 5976 5.
2047 5917 2203 5986 Quod
2232 5918 2413 5977 subdit
2442 5918 2696 5982 Danaus.
2722 5919 2942 5979 levioris
2968 5930 3054 5979 est
3078 5920 3365 6007 momenti,
3392 5917 3471 5973 uti
