  <div class='ocr_page' id='page_1' title='image "/cluster/home/n/w/nwhite01/storage/ocr_20150623/101/umn.31951002477394h/519.png"; bbox 0 0 4090 6498; ppageno 0'>
   <div class='ocr_carea' id='block_1_1' title="bbox 595 359 724 414">
    <p class='ocr_par' dir='ltr' id='par_1_1' title="bbox 595 359 724 414">
     <span class='ocr_line' id='line_1_1' title="bbox 595 359 724 414; baseline 0.016 -2"><span class='ocrx_word' id='word_1_1' title='bbox 595 359 724 414; x_wconf 70' lang='grc'><strong>1011</strong></span> 
     </span>
    </p>
   </div>
   <div class='ocr_carea' id='block_1_2' title="bbox 1408 340 3031 409">
    <p class='ocr_par' dir='ltr' id='par_1_2' title="bbox 1408 340 3031 409">
     <span class='ocr_line' id='line_1_2' title="bbox 1408 340 3031 409; baseline -0.007 0"><span class='ocrx_word' id='word_1_2' title='bbox 1408 354 1469 409; x_wconf 86' lang='grc' dir='ltr'><strong>Β.</strong></span> <span class='ocrx_word' id='word_1_3' title='bbox 1509 351 1573 406; x_wconf 74' lang='lat' dir='ltr'><strong>F‘.</strong></span> <span class='ocrx_word' id='word_1_4' title='bbox 1599 348 1828 407; x_wconf 75' lang='lat' dir='ltr'><strong>ALBlNl</strong></span> <span class='ocrx_word' id='word_1_5' title='bbox 1864 349 1998 406; x_wconf 70' lang='grc' dir='ltr'>εει]</span> <span class='ocrx_word' id='word_1_6' title='bbox 2037 345 2313 403; x_wconf 75' lang='lat' dir='ltr'><strong>ALCUlNl</strong></span> <span class='ocrx_word' id='word_1_7' title='bbox 2351 344 2638 403; x_wconf 77' lang='lat' dir='ltr'><strong>OPERUM</strong></span> <span class='ocrx_word' id='word_1_8' title='bbox 2677 343 2862 400; x_wconf 76' lang='lat' dir='ltr'><strong>PARS</strong></span> <span class='ocrx_word' id='word_1_9' title='bbox 2899 340 3031 398; x_wconf 71' lang='lat' dir='ltr'><strong>VIII.</strong></span> 
     </span>
    </p>
   </div>
   <div class='ocr_carea' id='block_1_3' title="bbox 3725 337 3874 397">
    <p class='ocr_par' dir='ltr' id='par_1_3' title="bbox 3725 337 3874 397">
     <span class='ocr_line' id='line_1_3' title="bbox 3725 337 3874 397; baseline 0 -1"><span class='ocrx_word' id='word_1_10' title='bbox 3725 337 3874 397; x_wconf 63' lang='grc' dir='ltr'><strong>1οη</strong></span> 
     </span>
    </p>
   </div>
   <div class='ocr_carea' id='block_1_4' title="bbox 591 449 3873 540">
    <p class='ocr_par' dir='ltr' id='par_1_4' title="bbox 591 449 3873 540">
     <span class='ocr_line' id='line_1_4' title="bbox 591 449 3873 540; baseline -0.007 -12"><span class='ocrx_word' id='word_1_11' title='bbox 591 473 704 540; x_wconf 86' lang='lat' dir='ltr'><strong>ipse</strong></span> <span class='ocrx_word' id='word_1_12' title='bbox 732 468 956 533; x_wconf 84' lang='lat' dir='ltr'><strong>fatetur,</strong></span> <span class='ocrx_word' id='word_1_13' title='bbox 987 465 1244 522; x_wconf 88' lang='lat' dir='ltr'><strong>nimirum</strong></span> <span class='ocrx_word' id='word_1_14' title='bbox 1279 480 1401 536; x_wconf 67' lang='lat' dir='ltr'><strong>quae</strong></span> <span class='ocrx_word' id='word_1_15' title='bbox 1439 463 1606 520; x_wconf 87' lang='lat' dir='ltr'><strong>habet</strong></span> <span class='ocrx_word' id='word_1_16' title='bbox 1645 461 1858 533; x_wconf 79' lang='lat' dir='ltr'><strong>vulgata</strong></span> <span class='ocrx_word' id='word_1_17' title='bbox 1896 460 2179 517; x_wconf 84' lang='lat' dir='ltr'><strong>Confessio</strong></span> <span class='ocrx_word' id='word_1_18' title='bbox 2207 464 2250 518; x_wconf 75' lang='grc' dir='ltr'><strong>Α</strong></span> <span class='ocrx_word' id='word_1_19' title='bbox 2281 456 2500 523; x_wconf 83' lang='lat' dir='ltr'><strong>stantia,</strong></span> <span class='ocrx_word' id='word_1_20' title='bbox 2529 455 2778 512; x_wconf 76' lang='lat' dir='ltr'><strong>refellere</strong></span> <span class='ocrx_word' id='word_1_21' title='bbox 2817 455 3051 511; x_wconf 90' lang='lat' dir='ltr'><strong>otiosum</strong></span> <span class='ocrx_word' id='word_1_22' title='bbox 3086 461 3192 518; x_wconf 85' lang='lat' dir='ltr'><strong>est,</strong></span> <span class='ocrx_word' id='word_1_23' title='bbox 3229 468 3354 510; x_wconf 89' lang='lat' dir='ltr'><strong>cum</strong></span> <span class='ocrx_word' id='word_1_24' title='bbox 3384 452 3509 509; x_wconf 89' lang='lat' dir='ltr'><strong>istic</strong></span> <span class='ocrx_word' id='word_1_25' title='bbox 3535 458 3659 525; x_wconf 73' lang='lat' dir='ltr'><strong>agat</strong></span> <span class='ocrx_word' id='word_1_26' title='bbox 3690 449 3873 508; x_wconf 77' lang='lat' dir='ltr'><strong>Alcai-</strong></span> 
     </span>
    </p>
   </div>
   <div class='ocr_carea' id='block_1_5' title="bbox 595 555 2180 632">
    <p class='ocr_par' dir='ltr' id='par_1_5' title="bbox 595 555 2180 632">
     <span class='ocr_line' id='line_1_5' title="bbox 595 555 2180 632; baseline -0.006 -15"><span class='ocrx_word' id='word_1_27' title='bbox 595 564 647 627; x_wconf 82' lang='lat' dir='ltr'><strong>iu</strong></span> <span class='ocrx_word' id='word_1_28' title='bbox 676 570 820 632; x_wconf 86' lang='lat' dir='ltr'><strong>part.</strong></span> <span class='ocrx_word' id='word_1_29' title='bbox 851 577 924 625; x_wconf 81' lang='lat' dir='ltr'><strong>Iv,</strong></span> <span class='ocrx_word' id='word_1_30' title='bbox 955 576 1072 630; x_wconf 92' lang='lat' dir='ltr'><strong>cap.</strong></span> <span class='ocrx_word' id='word_1_31' title='bbox 1121 559 1152 611; x_wconf 90' lang='lat'><strong>7</strong></span> <span class='ocrx_word' id='word_1_32' title='bbox 1171 600 1187 624; x_wconf 93' lang='lat'><strong>,</strong></span> <span class='ocrx_word' id='word_1_33' title='bbox 1227 559 1397 624; x_wconf 86' lang='lat' dir='ltr'><strong>initio,</strong></span> <span class='ocrx_word' id='word_1_34' title='bbox 1441 558 1506 614; x_wconf 89' lang='lat' dir='ltr'><strong>de</strong></span> <span class='ocrx_word' id='word_1_35' title='bbox 1530 558 1687 628; x_wconf 86' lang='lat' dir='ltr'><strong>panis</strong></span> <span class='ocrx_word' id='word_1_36' title='bbox 1733 566 1788 611; x_wconf 86' lang='lat' dir='ltr'><strong>et</strong></span> <span class='ocrx_word' id='word_1_37' title='bbox 1819 556 2005 611; x_wconf 87' lang='lat' dir='ltr'><strong>calicis</strong></span> <span class='ocrx_word' id='word_1_38' title='bbox 2031 555 2180 611; x_wconf 87' lang='lat' dir='ltr'><strong>obla-</strong></span> 
     </span>
    </p>
   </div>
   <div class='ocr_carea' id='block_1_6' title="bbox 594 644 2184 722">
    <p class='ocr_par' dir='ltr' id='par_1_6' title="bbox 594 644 2184 722">
     <span class='ocr_line' id='line_1_6' title="bbox 594 644 2184 722; baseline -0.007 -14"><span class='ocrx_word' id='word_1_39' title='bbox 594 655 766 719; x_wconf 82' lang='lat' dir='ltr'><strong>tione,</strong></span> <span class='ocrx_word' id='word_1_40' title='bbox 795 653 1077 722; x_wconf 84' lang='lat' dir='ltr'><strong>desumpta</strong></span> <span class='ocrx_word' id='word_1_41' title='bbox 1104 666 1223 706; x_wconf 86' lang='lat' dir='ltr'><strong>esse</strong></span> <span class='ocrx_word' id='word_1_42' title='bbox 1245 665 1311 705; x_wconf 88' lang='lat' dir='ltr'><strong>ex</strong></span> <span class='ocrx_word' id='word_1_43' title='bbox 1336 649 1475 704; x_wconf 88' lang='lat' dir='ltr'><strong>libro</strong></span> <span class='ocrx_word' id='word_1_44' title='bbox 1519 649 1591 703; x_wconf 88' lang='lat' dir='ltr'><strong>de</strong></span> <span class='ocrx_word' id='word_1_45' title='bbox 1629 648 1826 703; x_wconf 85' lang='lat' dir='ltr'><strong>divinis</strong></span> <span class='ocrx_word' id='word_1_46' title='bbox 1863 645 2066 702; x_wconf 76' lang='lat' dir='ltr'><strong>Ofﬁciis</strong></span> <span class='ocrx_word' id='word_1_47' title='bbox 2089 644 2184 698; x_wconf 77' lang='lat' dir='ltr'><strong>Al-</strong></span> 
     </span>
    </p>
   </div>
   <div class='ocr_carea' id='block_1_7' title="bbox 596 739 2181 816">
    <p class='ocr_par' dir='ltr' id='par_1_7' title="bbox 596 739 2181 816">
     <span class='ocr_line' id='line_1_7' title="bbox 596 739 2181 816; baseline -0.009 -14"><span class='ocrx_word' id='word_1_48' title='bbox 596 748 757 802; x_wconf 88' lang='lat' dir='ltr'><strong>cuiuo</strong></span> <span class='ocrx_word' id='word_1_49' title='bbox 798 759 1084 816; x_wconf 77' lang='lat' dir='ltr'><strong>perperam</strong></span> <span class='ocrx_word' id='word_1_50' title='bbox 1121 742 1378 811; x_wconf 89' lang='lat' dir='ltr'><strong>ascripto.</strong></span> <span class='ocrx_word' id='word_1_51' title='bbox 1421 741 1531 795; x_wconf 85' lang='lat' dir='ltr'><strong>Cur</strong></span> <span class='ocrx_word' id='word_1_52' title='bbox 1578 740 1723 793; x_wconf 74' lang='lat' dir='ltr'><strong>mim</strong></span> <span class='ocrx_word' id='word_1_53' title='bbox 1768 741 1949 808; x_wconf 89' lang='lat' dir='ltr'><strong>potius</strong></span> <span class='ocrx_word' id='word_1_54' title='bbox 1997 739 2114 792; x_wconf 62' lang='lat' dir='ltr'><strong>haec</strong></span> <span class='ocrx_word' id='word_1_55' title='bbox 2151 751 2181 788; x_wconf 89' lang='lat' dir='ltr'><strong>a</strong></span> 
     </span>
    </p>
   </div>
   <div class='ocr_carea' id='block_1_8' title="bbox 2279 544 3878 614">
    <p class='ocr_par' dir='ltr' id='par_1_8' title="bbox 2279 544 3878 614">
     <span class='ocr_line' id='line_1_8' title="bbox 2279 544 3878 614; baseline -0.002 -12"><span class='ocrx_word' id='word_1_56' title='bbox 2279 564 2384 605; x_wconf 86' lang='lat' dir='ltr'><strong>nus</strong></span> <span class='ocrx_word' id='word_1_57' title='bbox 2409 550 2477 604; x_wconf 92' lang='lat' dir='ltr'><strong>de</strong></span> <span class='ocrx_word' id='word_1_58' title='bbox 2511 549 2744 604; x_wconf 80' lang='lat' dir='ltr'><strong>naturali</strong></span> <span class='ocrx_word' id='word_1_59' title='bbox 2771 563 2955 603; x_wconf 87' lang='lat' dir='ltr'><strong>rerum</strong></span> <span class='ocrx_word' id='word_1_60' title='bbox 2986 555 3151 614; x_wconf 87' lang='lat' dir='ltr'><strong>statu,</strong></span> <span class='ocrx_word' id='word_1_61' title='bbox 3183 547 3364 603; x_wconf 84' lang='lat' dir='ltr'><strong>omnia</strong></span> <span class='ocrx_word' id='word_1_62' title='bbox 3390 560 3524 602; x_wconf 85' lang='lat' dir='ltr'><strong>vero</strong></span> <span class='ocrx_word' id='word_1_63' title='bbox 3564 544 3622 600; x_wconf 86' lang='lat' dir='ltr'><strong>in</strong></span> <span class='ocrx_word' id='word_1_64' title='bbox 3662 544 3878 602; x_wconf 81' lang='lat' dir='ltr'><strong>Eucha-</strong></span> 
     </span>
    </p>
   </div>
   <div class='ocr_carea' id='block_1_9' title="bbox 2282 639 3097 708">
    <p class='ocr_par' dir='ltr' id='par_1_9' title="bbox 2282 639 3097 708">
     <span class='ocr_line' id='line_1_9' title="bbox 2282 639 3097 708; baseline 0 -15"><span class='ocrx_word' id='word_1_65' title='bbox 2282 641 2434 693; x_wconf 88' lang='lat' dir='ltr'><strong>ristia</strong></span> <span class='ocrx_word' id='word_1_66' title='bbox 2459 649 2658 708; x_wconf 76' lang='lat' dir='ltr'><strong>prteter</strong></span> <span class='ocrx_word' id='word_1_67' title='bbox 2686 648 2936 694; x_wconf 86' lang='lat' dir='ltr'><strong>naturam</strong></span> <span class='ocrx_word' id='word_1_68' title='bbox 2967 639 3097 694; x_wconf 87' lang='lat' dir='ltr'><strong>sint.</strong></span> 
     </span>
    </p>
   </div>
   <div class='ocr_carea' id='block_1_10' title="bbox 2351 726 3877 800">
    <p class='ocr_par' dir='ltr' id='par_1_10' title="bbox 2351 726 3877 800">
     <span class='ocr_line' id='line_1_10' title="bbox 2351 726 3877 800; baseline -0.005 -13"><span class='ocrx_word' id='word_1_69' title='bbox 2351 732 2404 787; x_wconf 86' lang='lat'><strong>8.</strong></span> <span class='ocrx_word' id='word_1_70' title='bbox 2432 731 2518 787; x_wconf 87' lang='lat' dir='ltr'><strong>Ad</strong></span> <span class='ocrx_word' id='word_1_71' title='bbox 2542 732 2657 786; x_wconf 69' lang='lat' dir='ltr'><strong>haec</strong></span> <span class='ocrx_word' id='word_1_72' title='bbox 2700 729 2959 785; x_wconf 87' lang='lat' dir='ltr'><strong>minutias</strong></span> <span class='ocrx_word' id='word_1_73' title='bbox 2987 728 3296 800; x_wconf 82' lang='lat' dir='ltr'><strong>complures</strong></span> <span class='ocrx_word' id='word_1_74' title='bbox 3319 735 3576 798; x_wconf 81' lang='lat' dir='ltr'><strong>congeret</strong></span> <span class='ocrx_word' id='word_1_75' title='bbox 3618 726 3877 784; x_wconf 64' lang='lat' dir='ltr'><strong>Danaus.</strong></span> 
     </span>
    </p>
   </div>
   <div class='ocr_carea' id='block_1_11' title="bbox 595 818 3886 908">
    <p class='ocr_par' dir='ltr' id='par_1_11' title="bbox 595 818 3886 908">
     <span class='ocr_line' id='line_1_11' title="bbox 595 818 3886 908; baseline -0.006 -14"><span class='ocrx_word' id='word_1_76' title='bbox 595 837 856 908; x_wconf 69' lang='lat' dir='ltr'><strong>praedicto</strong></span> <span class='ocrx_word' id='word_1_77' title='bbox 878 834 1016 890; x_wconf 90' lang='lat' dir='ltr'><strong>libro</strong></span> <span class='ocrx_word' id='word_1_78' title='bbox 1051 831 1387 901; x_wconf 87' lang='lat' dir='ltr'><strong>decerpsisse</strong></span> <span class='ocrx_word' id='word_1_79' title='bbox 1422 832 1634 886; x_wconf 84' lang='lat' dir='ltr'><strong>dicatur</strong></span> <span class='ocrx_word' id='word_1_80' title='bbox 1657 827 2026 883; x_wconf 81' lang='lat' dir='ltr'><strong>Confessionis</strong></span> <span class='ocrx_word' id='word_1_81' title='bbox 2050 825 2186 882; x_wconf 63' lang='lat' dir='ltr'><strong>scri—</strong></span> <span class='ocrx_word' id='word_1_82' title='bbox 2282 822 2552 891; x_wconf 86' lang='lat' dir='ltr'><strong>Imprimis</strong></span> <span class='ocrx_word' id='word_1_83' title='bbox 2578 821 2720 892; x_wconf 90' lang='lat' dir='ltr'><strong>quod</strong></span> <span class='ocrx_word' id='word_1_84' title='bbox 2745 819 3116 877; x_wconf 84' lang='lat' dir='ltr'><strong>Confessionis</strong></span> <span class='ocrx_word' id='word_1_85' title='bbox 3144 818 3376 890; x_wconf 85' lang='lat' dir='ltr'><strong>scriptor</strong></span> <span class='ocrx_word' id='word_1_86' title='bbox 3406 819 3621 879; x_wconf 81' lang='lat' dir='ltr'><strong>Patrem</strong></span> <span class='ocrx_word' id='word_1_87' title='bbox 3649 819 3886 874; x_wconf 80' lang='lat' dir='ltr'><strong>Ambro-</strong></span> 
     </span>
    </p>
   </div>
   <div class='ocr_carea' id='block_1_12' title="bbox 597 917 2184 998">
    <p class='ocr_par' dir='ltr' id='par_1_12' title="bbox 597 917 2184 998">
     <span class='ocr_line' id='line_1_12' title="bbox 597 917 2184 998; baseline -0.005 -18"><span class='ocrx_word' id='word_1_88' title='bbox 597 937 744 998; x_wconf 80' lang='lat' dir='ltr'><strong>ptor,</strong></span> <span class='ocrx_word' id='word_1_89' title='bbox 767 940 932 996; x_wconf 86' lang='lat' dir='ltr'><strong>quam</strong></span> <span class='ocrx_word' id='word_1_90' title='bbox 960 924 1082 977; x_wconf 83' lang='lat' dir='ltr'><strong>libri</strong></span> <span class='ocrx_word' id='word_1_91' title='bbox 1109 922 1522 984; x_wconf 82' lang='lat' dir='ltr'><strong>consarcinator</strong></span> <span class='ocrx_word' id='word_1_92' title='bbox 1542 937 1612 974; x_wconf 78' lang='lat' dir='ltr'><strong>ex</strong></span> <span class='ocrx_word' id='word_1_93' title='bbox 1635 918 2011 985; x_wconf 81' lang='lat' dir='ltr'><strong>Confessione,</strong></span> <span class='ocrx_word' id='word_1_94' title='bbox 2037 917 2184 973; x_wconf 88' lang='lat' dir='ltr'><strong>nulla</strong></span> 
     </span>
    </p>
   </div>
   <div class='ocr_carea' id='block_1_13' title="bbox 594 1014 1533 1088">
    <p class='ocr_par' dir='ltr' id='par_1_13' title="bbox 594 1014 1533 1088">
     <span class='ocr_line' id='line_1_13' title="bbox 594 1014 1533 1088; baseline -0.01 -13"><span class='ocrx_word' id='word_1_95' title='bbox 594 1034 765 1076; x_wconf 85' lang='lat' dir='ltr'><strong>causa</strong></span> <span class='ocrx_word' id='word_1_96' title='bbox 793 1016 1091 1088; x_wconf 84' lang='lat' dir='ltr'><strong>probabilis</strong></span> <span class='ocrx_word' id='word_1_97' title='bbox 1110 1014 1304 1070; x_wconf 84' lang='lat' dir='ltr'><strong>adduci</strong></span> <span class='ocrx_word' id='word_1_98' title='bbox 1332 1023 1533 1084; x_wconf 77' lang='lat' dir='ltr'><strong>potest.</strong></span> 
     </span>
    </p>
   </div>
   <div class='ocr_carea' id='block_1_14' title="bbox 669 1107 2187 1181">
    <p class='ocr_par' dir='ltr' id='par_1_14' title="bbox 669 1107 2187 1181">
     <span class='ocr_line' id='line_1_14' title="bbox 669 1107 2187 1181; baseline -0.005 -12"><span class='ocrx_word' id='word_1_99' title='bbox 669 1115 722 1170; x_wconf 87' lang='lat'><strong>6.</strong></span> <span class='ocrx_word' id='word_1_100' title='bbox 757 1114 1024 1168; x_wconf 66' lang='lat' dir='ltr'><strong>Praeterea</strong></span> <span class='ocrx_word' id='word_1_101' title='bbox 1050 1110 1365 1181; x_wconf 73' lang='lat' dir='ltr'><strong>praedictam</strong></span> <span class='ocrx_word' id='word_1_102' title='bbox 1390 1107 1796 1163; x_wconf 85' lang='lat' dir='ltr'><strong>Confessionem</strong></span> <span class='ocrx_word' id='word_1_103' title='bbox 1825 1113 1986 1160; x_wconf 81' lang='lat' dir='ltr'><strong>vexat</strong></span> <span class='ocrx_word' id='word_1_104' title='bbox 2013 1107 2187 1162; x_wconf 84' lang='lat' dir='ltr'><strong>disce-</strong></span> 
     </span>
    </p>
   </div>
   <div class='ocr_carea' id='block_1_15' title="bbox 599 1195 2186 1279">
    <p class='ocr_par' dir='ltr' id='par_1_15' title="bbox 599 1195 2186 1279">
     <span class='ocr_line' id='line_1_15' title="bbox 599 1195 2186 1279; baseline -0.009 -16"><span class='ocrx_word' id='word_1_105' title='bbox 599 1219 782 1279; x_wconf 84' lang='lat' dir='ltr'><strong>ptator</strong></span> <span class='ocrx_word' id='word_1_106' title='bbox 815 1206 922 1262; x_wconf 90' lang='lat' dir='ltr'><strong>hoc</strong></span> <span class='ocrx_word' id='word_1_107' title='bbox 946 1212 1285 1275; x_wconf 80' lang='lat' dir='ltr'><strong>argumento,</strong></span> <span class='ocrx_word' id='word_1_108' title='bbox 1317 1201 1458 1270; x_wconf 88' lang='lat' dir='ltr'><strong>quod</strong></span> <span class='ocrx_word' id='word_1_109' title='bbox 1485 1200 1627 1269; x_wconf 87' lang='lat' dir='ltr'><strong>apud</strong></span> <span class='ocrx_word' id='word_1_110' title='bbox 1651 1197 2051 1254; x_wconf 61' lang='lat' dir='ltr'><strong>Chililetianum</strong></span> <span class='ocrx_word' id='word_1_111' title='bbox 2090 1195 2186 1249; x_wconf 82' lang='lat' dir='ltr'><strong>Al-</strong></span> 
     </span>
    </p>
   </div>
   <div class='ocr_carea' id='block_1_16' title="bbox 602 1291 2189 1362">
    <p class='ocr_par' dir='ltr' id='par_1_16' title="bbox 602 1291 2189 1362">
     <span class='ocr_line' id='line_1_16' title="bbox 602 1291 2189 1362; baseline -0.008 -6"><span class='ocrx_word' id='word_1_112' title='bbox 602 1303 823 1358; x_wconf 85' lang='lat' dir='ltr'><strong>cuinum</strong></span> <span class='ocrx_word' id='word_1_113' title='bbox 866 1305 1158 1354; x_wconf 81' lang='lat' dir='ltr'><strong>occurrant</strong></span> <span class='ocrx_word' id='word_1_114' title='bbox 1184 1295 1441 1349; x_wconf 87' lang='lat' dir='ltr'><strong>nonnulla</strong></span> <span class='ocrx_word' id='word_1_115' title='bbox 1483 1308 1604 1362; x_wconf 85' lang='lat' dir='ltr'><strong>quae</strong></span> <span class='ocrx_word' id='word_1_116' title='bbox 1629 1310 1658 1345; x_wconf 74' lang='grc' dir='ltr'>ει</span> <span class='ocrx_word' id='word_1_117' title='bbox 1683 1293 1797 1346; x_wconf 90' lang='lat' dir='ltr'><strong>veri</strong></span> <span class='ocrx_word' id='word_1_118' title='bbox 1821 1291 2036 1345; x_wconf 85' lang='lat' dir='ltr'><strong>Alcuini</strong></span> <span class='ocrx_word' id='word_1_119' title='bbox 2066 1307 2189 1345; x_wconf 90' lang='lat' dir='ltr'><strong>sen—</strong></span> 
     </span>
    </p>
   </div>
   <div class='ocr_carea' id='block_1_17' title="bbox 2285 913 3884 985">
    <p class='ocr_par' dir='ltr' id='par_1_17' title="bbox 2285 913 3884 985">
     <span class='ocr_line' id='line_1_17' title="bbox 2285 913 3884 985; baseline -0.001 -15"><span class='ocrx_word' id='word_1_120' title='bbox 2285 917 2444 978; x_wconf 88' lang='lat' dir='ltr'><strong>sium,</strong></span> <span class='ocrx_word' id='word_1_121' title='bbox 2463 913 2679 968; x_wconf 76' lang='lat' dir='ltr'><strong>Patrem</strong></span> <span class='ocrx_word' id='word_1_122' title='bbox 2701 913 3021 985; x_wconf 81' lang='lat' dir='ltr'><strong>Gregorium</strong></span> <span class='ocrx_word' id='word_1_123' title='bbox 3048 913 3212 977; x_wconf 88' lang='lat' dir='ltr'><strong>dicat,</strong></span> <span class='ocrx_word' id='word_1_124' title='bbox 3241 927 3376 982; x_wconf 91' lang='lat' dir='ltr'><strong>quos</strong></span> <span class='ocrx_word' id='word_1_125' title='bbox 3396 913 3659 968; x_wconf 77' lang='lat' dir='ltr'><strong>Alcuinus</strong></span> <span class='ocrx_word' id='word_1_126' title='bbox 3670 922 3884 968; x_wconf 73' lang='lat' dir='ltr'><strong>sanctos</strong></span> 
     </span>
    </p>
   </div>
   <div class='ocr_carea' id='block_1_18' title="bbox 2286 1006 3887 1078">
    <p class='ocr_par' dir='ltr' id='par_1_18' title="bbox 2286 1006 3887 1078">
     <span class='ocr_line' id='line_1_18' title="bbox 2286 1006 3887 1078; baseline 0.001 -16"><span class='ocrx_word' id='word_1_127' title='bbox 2286 1018 2379 1062; x_wconf 90' lang='lat' dir='ltr'><strong>aut</strong></span> <span class='ocrx_word' id='word_1_128' title='bbox 2417 1009 2611 1072; x_wconf 76' lang='lat' dir='ltr'><strong>beatos,</strong></span> <span class='ocrx_word' id='word_1_129' title='bbox 2649 1021 2801 1061; x_wconf 86' lang='lat' dir='ltr'><strong>more</strong></span> <span class='ocrx_word' id='word_1_130' title='bbox 2830 1014 3096 1072; x_wconf 82' lang='lat' dir='ltr'><strong>veterum,</strong></span> <span class='ocrx_word' id='word_1_131' title='bbox 3135 1007 3301 1072; x_wconf 84' lang='lat' dir='ltr'><strong>dicit;</strong></span> <span class='ocrx_word' id='word_1_132' title='bbox 3330 1015 3385 1062; x_wconf 89' lang='lat' dir='ltr'><strong>et</strong></span> <span class='ocrx_word' id='word_1_133' title='bbox 3423 1006 3528 1061; x_wconf 88' lang='lat' dir='ltr'><strong>alia</strong></span> <span class='ocrx_word' id='word_1_134' title='bbox 3559 1007 3720 1078; x_wconf 72' lang='lat' dir='ltr'><strong>hujus</strong></span> <span class='ocrx_word' id='word_1_135' title='bbox 3764 1022 3887 1063; x_wconf 81' lang='lat' dir='ltr'><strong>mo—</strong></span> 
     </span>
    </p>
   </div>
   <div class='ocr_carea' id='block_1_19' title="bbox 2287 1094 3772 1164">
    <p class='ocr_par' dir='ltr' id='par_1_19' title="bbox 2287 1094 3772 1164">
     <span class='ocr_line' id='line_1_19' title="bbox 2287 1094 3772 1164; baseline -0.001 -14"><span class='ocrx_word' id='word_1_136' title='bbox 2287 1096 2452 1150; x_wconf 72' lang='lat' dir='ltr'><strong>menti</strong></span> <span class='ocrx_word' id='word_1_137' title='bbox 2484 1095 2766 1159; x_wconf 89' lang='lat' dir='ltr'><strong>nonnulla,</strong></span> <span class='ocrx_word' id='word_1_138' title='bbox 2799 1094 2996 1164; x_wconf 86' lang='lat' dir='ltr'><strong>quibus</strong></span> <span class='ocrx_word' id='word_1_139' title='bbox 3027 1095 3071 1149; x_wconf 89' lang='lat' dir='ltr'><strong>si</strong></span> <span class='ocrx_word' id='word_1_140' title='bbox 3104 1094 3383 1161; x_wconf 84' lang='lat' dir='ltr'><strong>immorer,</strong></span> <span class='ocrx_word' id='word_1_141' title='bbox 3416 1094 3616 1149; x_wconf 89' lang='lat' dir='ltr'><strong>nimius</strong></span> <span class='ocrx_word' id='word_1_142' title='bbox 3644 1095 3772 1150; x_wconf 90' lang='lat' dir='ltr'><strong>sim.</strong></span> 
     </span>
    </p>
   </div>
   <div class='ocr_carea' id='block_1_20' title="bbox 2359 1187 3883 1258">
    <p class='ocr_par' dir='ltr' id='par_1_20' title="bbox 2359 1187 3883 1258">
     <span class='ocr_line' id='line_1_20' title="bbox 2359 1187 3883 1258; baseline -0.001 -15"><span class='ocrx_word' id='word_1_143' title='bbox 2359 1190 2524 1244; x_wconf 83' lang='lat' dir='ltr'><strong>Miror</strong></span> <span class='ocrx_word' id='word_1_144' title='bbox 2544 1204 2675 1242; x_wconf 75' lang='lat' dir='ltr'><strong>vero</strong></span> <span class='ocrx_word' id='word_1_145' title='bbox 2701 1189 2845 1258; x_wconf 85' lang='lat' dir='ltr'><strong>quod</strong></span> <span class='ocrx_word' id='word_1_146' title='bbox 2878 1204 2944 1242; x_wconf 89' lang='lat' dir='ltr'><strong>ex</strong></span> <span class='ocrx_word' id='word_1_147' title='bbox 2975 1197 3087 1242; x_wconf 91' lang='lat' dir='ltr'><strong>tam</strong></span> <span class='ocrx_word' id='word_1_148' title='bbox 3127 1187 3234 1243; x_wconf 83' lang='lat' dir='ltr'><strong>levi</strong></span> <span class='ocrx_word' id='word_1_149' title='bbox 3267 1203 3429 1242; x_wconf 86' lang='lat' dir='ltr'><strong>causa</strong></span> <span class='ocrx_word' id='word_1_150' title='bbox 3461 1189 3544 1243; x_wconf 80' lang='lat' dir='ltr'><strong>vir</strong></span> <span class='ocrx_word' id='word_1_151' title='bbox 3568 1190 3761 1243; x_wconf 88' lang='lat' dir='ltr'><strong>doctus</strong></span> <span class='ocrx_word' id='word_1_152' title='bbox 3791 1202 3883 1242; x_wconf 86' lang='lat' dir='ltr'><strong>ar-</strong></span> 
     </span>
    </p>
   </div>
   <div class='ocr_carea' id='block_1_21' title="bbox 2287 1275 3892 1351">
    <p class='ocr_par' dir='ltr' id='par_1_21' title="bbox 2287 1275 3892 1351">
     <span class='ocr_line' id='line_1_21' title="bbox 2287 1275 3892 1351; baseline -0.002 -18"><span class='ocrx_word' id='word_1_153' title='bbox 2287 1287 2602 1351; x_wconf 88' lang='lat' dir='ltr'><strong>gumentum</strong></span> <span class='ocrx_word' id='word_1_154' title='bbox 2630 1280 2899 1332; x_wconf 88' lang='lat' dir='ltr'><strong>desumat.</strong></span> <span class='ocrx_word' id='word_1_155' title='bbox 2949 1276 3006 1331; x_wconf 88' lang='lat' dir='ltr'><strong>Si</strong></span> <span class='ocrx_word' id='word_1_156' title='bbox 3039 1278 3183 1332; x_wconf 91' lang='lat' dir='ltr'><strong>enim</strong></span> <span class='ocrx_word' id='word_1_157' title='bbox 3213 1293 3280 1332; x_wconf 86' lang='lat' dir='ltr'><strong>ex</strong></span> <span class='ocrx_word' id='word_1_158' title='bbox 3316 1292 3380 1332; x_wconf 89' lang='lat' dir='ltr'><strong>eo</strong></span> <span class='ocrx_word' id='word_1_159' title='bbox 3406 1277 3549 1347; x_wconf 90' lang='lat' dir='ltr'><strong>quod</strong></span> <span class='ocrx_word' id='word_1_160' title='bbox 3579 1275 3892 1333; x_wconf 81' lang='lat' dir='ltr'><strong>Confessio-</strong></span> 
     </span>
    </p>
   </div>
   <div class='ocr_carea' id='block_1_22' title="bbox 603 1366 2216 1456">
    <p class='ocr_par' dir='ltr' id='par_1_22' title="bbox 603 1382 2193 1456">
     <span class='ocr_line' id='line_1_22' title="bbox 603 1382 2193 1456; baseline -0.006 -10"><span class='ocrx_word' id='word_1_161' title='bbox 603 1391 792 1446; x_wconf 80' lang='lat' dir='ltr'><strong>tentiis</strong></span> <span class='ocrx_word' id='word_1_162' title='bbox 815 1390 1116 1445; x_wconf 83' lang='lat' dir='ltr'><strong>discedant.</strong></span> <span class='ocrx_word' id='word_1_163' title='bbox 1142 1387 1352 1456; x_wconf 86' lang='lat' dir='ltr'><strong>Quippe</strong></span> <span class='ocrx_word' id='word_1_164' title='bbox 1373 1385 1483 1448; x_wconf 87' lang='lat' dir='ltr'><strong>ille,</strong></span> <span class='ocrx_word' id='word_1_165' title='bbox 1515 1385 1605 1439; x_wconf 88' lang='lat' dir='ltr'><strong>ubi</strong></span> <span class='ocrx_word' id='word_1_166' title='bbox 1637 1385 1704 1439; x_wconf 87' lang='lat' dir='ltr'><strong>dc</strong></span> <span class='ocrx_word' id='word_1_167' title='bbox 1741 1398 1806 1438; x_wconf 83' lang='lat' dir='ltr'><strong>eo</strong></span> <span class='ocrx_word' id='word_1_168' title='bbox 1845 1383 1984 1439; x_wconf 77' lang='lat' dir='ltr'><strong>cmlo</strong></span> <span class='ocrx_word' id='word_1_169' title='bbox 2019 1382 2193 1452; x_wconf 83' lang='lat' dir='ltr'><strong>philo-</strong></span> 
     </span>
    </p>
   </div>
   <div class='ocr_carea' id='block_1_23' title="bbox 2297 1366 3893 1456">
    <p class='ocr_par' dir='ltr' id='par_1_23' title="bbox 2297 1366 3893 1440">
     <span class='ocr_line' id='line_1_23' title="bbox 2297 1366 3893 1440; baseline -0.001 -15"><span class='ocrx_word' id='word_1_170' title='bbox 2297 1372 2374 1426; x_wconf 90' lang='lat' dir='ltr'><strong>uis</strong></span> <span class='ocrx_word' id='word_1_171' title='bbox 2418 1378 2608 1425; x_wconf 88' lang='lat' dir='ltr'><strong>auctor</strong></span> <span class='ocrx_word' id='word_1_172' title='bbox 2652 1368 2867 1422; x_wconf 87' lang='lat' dir='ltr'><strong>Patrem</strong></span> <span class='ocrx_word' id='word_1_173' title='bbox 2918 1368 3287 1433; x_wconf 64' lang='lat' dir='ltr'><strong>Ambrosium,</strong></span> <span class='ocrx_word' id='word_1_174' title='bbox 3321 1367 3536 1422; x_wconf 82' lang='lat' dir='ltr'><strong>Patrem</strong></span> <span class='ocrx_word' id='word_1_175' title='bbox 3563 1366 3893 1440; x_wconf 73' lang='lat' dir='ltr'><strong>Gregorium</strong></span> 
     </span>
    </p>
   </div>
   <div class='ocr_carea' id='block_1_24' title="bbox 602 1463 3895 1551">
    <p class='ocr_par' dir='ltr' id='par_1_24' title="bbox 602 1463 3895 1551">
     <span class='ocr_line' id='line_1_24' title="bbox 602 1463 3895 1551; baseline -0.005 -16"><span class='ocrx_word' id='word_1_176' title='bbox 602 1480 865 1551; x_wconf 82' lang='lat' dir='ltr'><strong>sophatur</strong></span> <span class='ocrx_word' id='word_1_177' title='bbox 888 1476 1264 1551; x_wconf 76' lang='lat' dir='ltr'><strong>(Confessionis</strong></span> <span class='ocrx_word' id='word_1_178' title='bbox 1287 1493 1338 1543; x_wconf 75' lang='grc' dir='ltr'><strong>ρ.</strong></span> <span class='ocrx_word' id='word_1_179' title='bbox 1363 1491 1448 1538; x_wconf 88' lang='grc' dir='ltr'>ιιι,</span> <span class='ocrx_word' id='word_1_180' title='bbox 1473 1492 1526 1527; x_wconf 87' lang='lat' dir='ltr'><strong>n.</strong></span> <span class='ocrx_word' id='word_1_181' title='bbox 1549 1473 1620 1528; x_wconf 81' lang='grc'><strong>57·</strong></span> <span class='ocrx_word' id='word_1_182' title='bbox 1638 1471 1956 1542; x_wconf 80' lang='lat' dir='ltr'><strong>seq.),quod</strong></span> <span class='ocrx_word' id='word_1_183' title='bbox 1983 1471 2194 1541; x_wconf 86' lang='lat' dir='ltr'><strong>Moyses</strong></span> <span class='ocrx_word' id='word_1_184' title='bbox 2292 1473 2469 1530; x_wconf 75' lang='lat' dir='ltr'><strong>vocet,</strong></span> <span class='ocrx_word' id='word_1_185' title='bbox 2503 1466 2645 1520; x_wconf 85' lang='lat' dir='ltr'><strong>aliud</strong></span> <span class='ocrx_word' id='word_1_186' title='bbox 2681 1463 2944 1520; x_wconf 88' lang='lat' dir='ltr'><strong>dicendus</strong></span> <span class='ocrx_word' id='word_1_187' title='bbox 2972 1473 3055 1520; x_wconf 89' lang='lat' dir='ltr'><strong>est</strong></span> <span class='ocrx_word' id='word_1_188' title='bbox 3085 1465 3153 1520; x_wconf 91' lang='lat' dir='ltr'><strong>ab</strong></span> <span class='ocrx_word' id='word_1_189' title='bbox 3190 1465 3436 1529; x_wconf 84' lang='lat' dir='ltr'><strong>Alcuino,</strong></span> <span class='ocrx_word' id='word_1_190' title='bbox 3464 1467 3556 1534; x_wconf 90' lang='lat' dir='ltr'><strong>qui</strong></span> <span class='ocrx_word' id='word_1_191' title='bbox 3595 1466 3773 1520; x_wconf 73' lang='lat' dir='ltr'><strong>beatos</strong></span> <span class='ocrx_word' id='word_1_192' title='bbox 3794 1480 3895 1538; x_wconf 78' lang='lat' dir='ltr'><strong>ap-</strong></span> 
     </span>
    </p>
   </div>
   <div class='ocr_carea' id='block_1_25' title="bbox 602 1553 3895 1644">
    <p class='ocr_par' dir='ltr' id='par_1_25' title="bbox 602 1553 3895 1644">
     <span class='ocr_line' id='line_1_25' title="bbox 602 1553 3895 1644; baseline -0.005 -18"><span class='ocrx_word' id='word_1_193' title='bbox 602 1574 660 1629; x_wconf 86' lang='lat' dir='ltr'><strong>in</strong></span> <span class='ocrx_word' id='word_1_194' title='bbox 685 1571 954 1644; x_wconf 83' lang='lat' dir='ltr'><strong>principio</strong></span> <span class='ocrx_word' id='word_1_195' title='bbox 979 1577 1222 1627; x_wconf 84' lang='lat' dir='ltr'><strong>creatum</strong></span> <span class='ocrx_word' id='word_1_196' title='bbox 1252 1584 1281 1621; x_wconf 90' lang='lat' dir='ltr'><strong>a</strong></span> <span class='ocrx_word' id='word_1_197' title='bbox 1310 1568 1422 1621; x_wconf 83' lang='lat' dir='ltr'><strong>Deo</strong></span> <span class='ocrx_word' id='word_1_198' title='bbox 1453 1567 1620 1620; x_wconf 88' lang='lat' dir='ltr'><strong>fuisse</strong></span> <span class='ocrx_word' id='word_1_199' title='bbox 1663 1582 1786 1620; x_wconf 91' lang='lat' dir='ltr'><strong>cum</strong></span> <span class='ocrx_word' id='word_1_200' title='bbox 1834 1573 1980 1618; x_wconf 89' lang='lat' dir='ltr'><strong>terra</strong></span> <span class='ocrx_word' id='word_1_201' title='bbox 2027 1563 2191 1630; x_wconf 85' lang='lat' dir='ltr'><strong>dicit;</strong></span> <span class='ocrx_word' id='word_1_202' title='bbox 2290 1556 2490 1626; x_wconf 80' lang='lat' dir='ltr'><strong>pellat‘;</strong></span> <span class='ocrx_word' id='word_1_203' title='bbox 2515 1553 2768 1610; x_wconf 82' lang='lat' dir='ltr'><strong>conficiat</strong></span> <span class='ocrx_word' id='word_1_204' title='bbox 2794 1555 2958 1608; x_wconf 89' lang='lat' dir='ltr'><strong>etiam</strong></span> <span class='ocrx_word' id='word_1_205' title='bbox 2991 1568 3215 1609; x_wconf 87' lang='lat' dir='ltr'><strong>necesse</strong></span> <span class='ocrx_word' id='word_1_206' title='bbox 3241 1564 3325 1608; x_wconf 90' lang='lat' dir='ltr'><strong>est</strong></span> <span class='ocrx_word' id='word_1_207' title='bbox 3351 1564 3628 1610; x_wconf 88' lang='lat' dir='ltr'><strong>auctorem</strong></span> <span class='ocrx_word' id='word_1_208' title='bbox 3653 1570 3683 1608; x_wconf 91' lang='lat' dir='ltr'><strong>a</strong></span> <span class='ocrx_word' id='word_1_209' title='bbox 3710 1555 3895 1625; x_wconf 79' lang='lat' dir='ltr'><strong>seipse</strong></span> 
     </span>
    </p>
   </div>
   <div class='ocr_carea' id='block_1_26' title="bbox 603 1644 3896 1733">
    <p class='ocr_par' dir='ltr' id='par_1_26' title="bbox 603 1644 3896 1733">
     <span class='ocr_line' id='line_1_26' title="bbox 603 1644 3896 1733; baseline -0.005 -14"><span class='ocrx_word' id='word_1_210' title='bbox 603 1665 741 1719; x_wconf 88' lang='lat' dir='ltr'><strong>duas</strong></span> <span class='ocrx_word' id='word_1_211' title='bbox 761 1662 980 1733; x_wconf 78' lang='lat' dir='ltr'><strong>quidem</strong></span> <span class='ocrx_word' id='word_1_212' title='bbox 1010 1658 1218 1731; x_wconf 80' lang='lat' dir='ltr'><strong>profert</strong></span> <span class='ocrx_word' id='word_1_213' title='bbox 1243 1659 1560 1720; x_wconf 86' lang='lat' dir='ltr'><strong>sententias,</strong></span> <span class='ocrx_word' id='word_1_214' title='bbox 1585 1672 1721 1726; x_wconf 91' lang='lat' dir='ltr'><strong>quas</strong></span> <span class='ocrx_word' id='word_1_215' title='bbox 1743 1670 1907 1711; x_wconf 83' lang='lat' dir='ltr'><strong>verus</strong></span> <span class='ocrx_word' id='word_1_216' title='bbox 1934 1655 2196 1710; x_wconf 78' lang='lat' dir='ltr'><strong>Alcuinus</strong></span> <span class='ocrx_word' id='word_1_217' title='bbox 2294 1647 2565 1701; x_wconf 88' lang='lat' dir='ltr'><strong>diversum</strong></span> <span class='ocrx_word' id='word_1_218' title='bbox 2586 1661 2728 1710; x_wconf 89' lang='lat' dir='ltr'><strong>esse,</strong></span> <span class='ocrx_word' id='word_1_219' title='bbox 2761 1660 2884 1701; x_wconf 92' lang='lat' dir='ltr'><strong>cum</strong></span> <span class='ocrx_word' id='word_1_220' title='bbox 2913 1646 3068 1700; x_wconf 89' lang='lat' dir='ltr'><strong>initio</strong></span> <span class='ocrx_word' id='word_1_221' title='bbox 3094 1648 3269 1716; x_wconf 87' lang='lat' dir='ltr'><strong>partis</strong></span> <span class='ocrx_word' id='word_1_222' title='bbox 3291 1656 3498 1715; x_wconf 82' lang='lat' dir='ltr'><strong>quartae</strong></span> <span class='ocrx_word' id='word_1_223' title='bbox 3521 1649 3728 1700; x_wconf 82' lang='lat' dir='ltr'><strong>beatum</strong></span> <span class='ocrx_word' id='word_1_224' title='bbox 3755 1644 3896 1701; x_wconf 83' lang='lat' dir='ltr'><strong>Gre-</strong></span> 
     </span>
    </p>
   </div>
   <div class='ocr_carea' id='block_1_27' title="bbox 604 1734 3894 1820">
    <p class='ocr_par' dir='ltr' id='par_1_27' title="bbox 604 1734 3894 1820">
     <span class='ocr_line' id='line_1_27' title="bbox 604 1734 3894 1820; baseline -0.006 -12"><span class='ocrx_word' id='word_1_225' title='bbox 604 1754 797 1813; x_wconf 83' lang='lat' dir='ltr'><strong>itidem</strong></span> <span class='ocrx_word' id='word_1_226' title='bbox 821 1751 1042 1814; x_wconf 75' lang='lat' dir='ltr'><strong>adducit</strong></span> <span class='ocrx_word' id='word_1_227' title='bbox 1070 1748 1354 1820; x_wconf 77' lang='lat' dir='ltr'><strong>(Interrog.</strong></span> <span class='ocrx_word' id='word_1_228' title='bbox 1379 1747 1449 1802; x_wconf 69' lang='lat'><strong>28</strong></span> <span class='ocrx_word' id='word_1_229' title='bbox 1473 1747 1530 1800; x_wconf 84' lang='lat' dir='ltr'><strong>in</strong></span> <span class='ocrx_word' id='word_1_230' title='bbox 1555 1744 1712 1816; x_wconf 79' lang='lat' dir='ltr'><strong>Gen.)</strong></span> <span class='ocrx_word' id='word_1_231' title='bbox 1740 1759 1753 1797; x_wconf 85' lang='lat'><strong>:</strong></span> <span class='ocrx_word' id='word_1_232' title='bbox 1789 1743 1885 1799; x_wconf 88' lang='lat' dir='ltr'><strong>sed</strong></span> <span class='ocrx_word' id='word_1_233' title='bbox 1909 1759 2030 1798; x_wconf 83' lang='lat' dir='ltr'><strong>eam</strong></span> <span class='ocrx_word' id='word_1_234' title='bbox 2059 1758 2190 1812; x_wconf 62' lang='lat' dir='ltr'><strong>prae.</strong></span> <span class='ocrx_word' id='word_1_235' title='bbox 2234 1819 2243 1820; x_wconf 14' lang='grc' dir='ltr'>ί</span> <span class='ocrx_word' id='word_1_236' title='bbox 2294 1739 2506 1809; x_wconf 81' lang='lat' dir='ltr'><strong>gorium</strong></span> <span class='ocrx_word' id='word_1_237' title='bbox 2533 1745 2938 1791; x_wconf 85' lang='lat' dir='ltr'><strong>commemoret.</strong></span> <span class='ocrx_word' id='word_1_238' title='bbox 2969 1734 3077 1792; x_wconf 86' lang='lat' dir='ltr'><strong>Sed</strong></span> <span class='ocrx_word' id='word_1_239' title='bbox 3104 1737 3220 1790; x_wconf 67' lang='lat' dir='ltr'><strong>haec</strong></span> <span class='ocrx_word' id='word_1_240' title='bbox 3243 1734 3427 1804; x_wconf 82' lang='lat' dir='ltr'><strong>jejuna</strong></span> <span class='ocrx_word' id='word_1_241' title='bbox 3450 1745 3505 1790; x_wconf 89' lang='lat' dir='ltr'><strong>et</strong></span> <span class='ocrx_word' id='word_1_242' title='bbox 3532 1736 3696 1790; x_wconf 82' lang='lat' dir='ltr'><strong>exilia</strong></span> <span class='ocrx_word' id='word_1_243' title='bbox 3722 1743 3852 1791; x_wconf 90' lang='lat' dir='ltr'><strong>sunt</strong></span> <span class='ocrx_word' id='word_1_244' title='bbox 3877 1754 3894 1788; x_wconf 85' lang='lat'><strong>:</strong></span> 
     </span>
    </p>
   </div>
   <div class='ocr_carea' id='block_1_28' title="bbox 604 1819 3897 1915">
    <p class='ocr_par' dir='ltr' id='par_1_28' title="bbox 604 1819 3897 1915">
     <span class='ocr_line' id='line_1_28' title="bbox 604 1819 3897 1915; baseline -0.004 -17"><span class='ocrx_word' id='word_1_245' title='bbox 604 1845 713 1908; x_wconf 78' lang='lat' dir='ltr'><strong>fert</strong></span> <span class='ocrx_word' id='word_1_246' title='bbox 744 1858 908 1915; x_wconf 85' lang='lat' dir='ltr'><strong>quam</strong></span> <span class='ocrx_word' id='word_1_247' title='bbox 953 1819 1211 1896; x_wconf 81' lang='lat' dir='ltr'><strong>Alcuinus</strong></span> <span class='ocrx_word' id='word_1_248' title='bbox 1244 1841 1359 1909; x_wconf 88' lang='lat' dir='ltr'><strong>ipse</strong></span> <span class='ocrx_word' id='word_1_249' title='bbox 1401 1837 1638 1893; x_wconf 86' lang='lat' dir='ltr'><strong>secundo</strong></span> <span class='ocrx_word' id='word_1_250' title='bbox 1681 1843 1892 1892; x_wconf 85' lang='lat' dir='ltr'><strong>tantum</strong></span> <span class='ocrx_word' id='word_1_251' title='bbox 1917 1835 2056 1898; x_wconf 81' lang='lat' dir='ltr'><strong>loco,</strong></span> <span class='ocrx_word' id='word_1_252' title='bbox 2088 1849 2197 1890; x_wconf 87' lang='lat' dir='ltr'><strong>uno</strong></span> <span class='ocrx_word' id='word_1_253' title='bbox 2230 1819 2275 1879; x_wconf 83' lang='grc' dir='ltr'><strong>Β</strong></span> <span class='ocrx_word' id='word_1_254' title='bbox 2299 1839 2356 1883; x_wconf 89' lang='lat' dir='ltr'><strong>at</strong></span> <span class='ocrx_word' id='word_1_255' title='bbox 2383 1829 2531 1895; x_wconf 88' lang='lat' dir='ltr'><strong>illud,</strong></span> <span class='ocrx_word' id='word_1_256' title='bbox 2560 1827 2704 1899; x_wconf 85' lang='lat' dir='ltr'><strong>quod</strong></span> <span class='ocrx_word' id='word_1_257' title='bbox 2742 1828 2898 1900; x_wconf 86' lang='lat' dir='ltr'><strong>longe</strong></span> <span class='ocrx_word' id='word_1_258' title='bbox 2931 1829 3310 1901; x_wconf 86' lang='lat' dir='ltr'><strong>gravissimum</strong></span> <span class='ocrx_word' id='word_1_259' title='bbox 3337 1836 3492 1899; x_wconf 87' lang='lat' dir='ltr'><strong>putat</strong></span> <span class='ocrx_word' id='word_1_260' title='bbox 3521 1829 3772 1896; x_wconf 73' lang='lat' dir='ltr'><strong>Dallzeus,</strong></span> <span class='ocrx_word' id='word_1_261' title='bbox 3811 1829 3897 1885; x_wconf 80' lang='lat' dir='ltr'><strong>vi—.</strong></span> 
     </span>
    </p>
   </div>
   <div class='ocr_carea' id='block_1_29' title="bbox 604 1925 2198 2010">
    <p class='ocr_par' dir='ltr' id='par_1_29' title="bbox 604 1925 2198 2010">
     <span class='ocr_line' id='line_1_29' title="bbox 604 1925 2198 2010; baseline -0.009 -16"><span class='ocrx_word' id='word_1_262' title='bbox 604 1947 773 2010; x_wconf 85' lang='lat' dir='ltr'><strong>atque</strong></span> <span class='ocrx_word' id='word_1_263' title='bbox 796 1937 968 1991; x_wconf 83' lang='lat' dir='ltr'><strong>altero</strong></span> <span class='ocrx_word' id='word_1_264' title='bbox 993 1934 1162 1989; x_wconf 87' lang='lat' dir='ltr'><strong>verbo</strong></span> <span class='ocrx_word' id='word_1_265' title='bbox 1188 1932 1430 1987; x_wconf 85' lang='lat' dir='ltr'><strong>indicare</strong></span> <span class='ocrx_word' id='word_1_266' title='bbox 1460 1931 1595 1985; x_wconf 84' lang='lat' dir='ltr'><strong>satis</strong></span> <span class='ocrx_word' id='word_1_267' title='bbox 1636 1929 1858 1983; x_wconf 90' lang='lat' dir='ltr'><strong>habuit.</strong></span> <span class='ocrx_word' id='word_1_268' title='bbox 1895 1927 1999 1981; x_wconf 89' lang='lat' dir='ltr'><strong>alia</strong></span> <span class='ocrx_word' id='word_1_269' title='bbox 2028 1925 2198 1982; x_wconf 80' lang='lat' dir='ltr'><strong>fusius</strong></span> 
     </span>
    </p>
   </div>
   <div class='ocr_carea' id='block_1_30' title="bbox 604 2013 1128 2097">
    <p class='ocr_par' dir='ltr' id='par_1_30' title="bbox 604 2013 1128 2097">
     <span class='ocr_line' id='line_1_30' title="bbox 604 2013 1128 2097; baseline -0.008 -15"><span class='ocrx_word' id='word_1_270' title='bbox 604 2027 871 2097; x_wconf 86' lang='lat' dir='ltr'><strong>exposita.</strong></span> <span class='ocrx_word' id='word_1_271' title='bbox 1119 2013 1128 2019; x_wconf 65' lang='grc'><em>’</em></span> 
     </span>
    </p>
   </div>
   <div class='ocr_carea' id='block_1_31' title="bbox 674 2115 2204 2183">
    <p class='ocr_par' dir='ltr' id='par_1_31' title="bbox 674 2115 2204 2183">
     <span class='ocr_line' id='line_1_31' title="bbox 674 2115 2204 2183; baseline -0.007 -10"><span class='ocrx_word' id='word_1_272' title='bbox 674 2117 878 2174; x_wconf 66' lang='lat' dir='ltr'><strong>Verum</strong></span> <span class='ocrx_word' id='word_1_273' title='bbox 917 2123 974 2172; x_wconf 89' lang='lat' dir='ltr'><strong>et</strong></span> <span class='ocrx_word' id='word_1_274' title='bbox 1019 2115 1074 2170; x_wconf 89' lang='lat' dir='ltr'><strong>id</strong></span> <span class='ocrx_word' id='word_1_275' title='bbox 1122 2121 1444 2183; x_wconf 83' lang='lat' dir='ltr'><strong>argumento</strong></span> <span class='ocrx_word' id='word_1_276' title='bbox 1493 2119 1576 2165; x_wconf 88' lang='lat' dir='ltr'><strong>est</strong></span> <span class='ocrx_word' id='word_1_277' title='bbox 1618 2119 1908 2178; x_wconf 88' lang='lat' dir='ltr'><strong>utrumque</strong></span> <span class='ocrx_word' id='word_1_278' title='bbox 1937 2122 2104 2162; x_wconf 89' lang='lat' dir='ltr'><strong>unum</strong></span> <span class='ocrx_word' id='word_1_279' title='bbox 2147 2115 2204 2162; x_wconf 91' lang='lat' dir='ltr'><strong>et</strong></span> 
     </span>
    </p>
   </div>
   <div class='ocr_carea' id='block_1_32' title="bbox 605 2197 2198 2271">
    <p class='ocr_par' dir='ltr' id='par_1_32' title="bbox 605 2197 2198 2271">
     <span class='ocr_line' id='line_1_32' title="bbox 605 2197 2198 2271; baseline -0.006 -7"><span class='ocrx_word' id='word_1_280' title='bbox 605 2206 857 2264; x_wconf 82' lang='lat' dir='ltr'><strong>eumdem</strong></span> <span class='ocrx_word' id='word_1_281' title='bbox 880 2221 1000 2262; x_wconf 88' lang='lat' dir='ltr'><strong>esse</strong></span> <span class='ocrx_word' id='word_1_282' title='bbox 1031 2213 1304 2261; x_wconf 82' lang='lat' dir='ltr'><strong>auctorem</strong></span> <span class='ocrx_word' id='word_1_283' title='bbox 1323 2244 1336 2268; x_wconf 88' lang='lat'><strong>,</strong></span> <span class='ocrx_word' id='word_1_284' title='bbox 1365 2201 1509 2271; x_wconf 90' lang='lat' dir='ltr'><strong>quod</strong></span> <span class='ocrx_word' id='word_1_285' title='bbox 1531 2201 1747 2256; x_wconf 88' lang='lat' dir='ltr'><strong>easdem</strong></span> <span class='ocrx_word' id='word_1_286' title='bbox 1777 2210 2002 2270; x_wconf 89' lang='lat' dir='ltr'><strong>uterque</strong></span> <span class='ocrx_word' id='word_1_287' title='bbox 2030 2197 2198 2254; x_wconf 79' lang='lat' dir='ltr'><strong>refert</strong></span> 
     </span>
    </p>
   </div>
   <div class='ocr_carea' id='block_1_33' title="bbox 605 2288 2199 2363">
    <p class='ocr_par' dir='ltr' id='par_1_33' title="bbox 605 2288 2199 2363">
     <span class='ocr_line' id='line_1_33' title="bbox 605 2288 2199 2363; baseline -0.007 -10"><span class='ocrx_word' id='word_1_288' title='bbox 605 2298 923 2358; x_wconf 82' lang='lat' dir='ltr'><strong>sententias.</strong></span> <span class='ocrx_word' id='word_1_289' title='bbox 951 2295 1105 2363; x_wconf 85' lang='lat' dir='ltr'><strong>Quod</strong></span> <span class='ocrx_word' id='word_1_290' title='bbox 1132 2310 1261 2350; x_wconf 88' lang='lat' dir='ltr'><strong>vero</strong></span> <span class='ocrx_word' id='word_1_291' title='bbox 1310 2301 1500 2348; x_wconf 83' lang='lat' dir='ltr'><strong>auctor</strong></span> <span class='ocrx_word' id='word_1_292' title='bbox 1540 2292 1596 2345; x_wconf 87' lang='lat' dir='ltr'><strong>in</strong></span> <span class='ocrx_word' id='word_1_293' title='bbox 1641 2288 1992 2345; x_wconf 84' lang='lat' dir='ltr'><strong>Coufessione</strong></span> <span class='ocrx_word' id='word_1_294' title='bbox 2035 2303 2199 2343; x_wconf 85' lang='lat' dir='ltr'><strong>unam</strong></span> 
     </span>
    </p>
   </div>
   <div class='ocr_carea' id='block_1_34' title="bbox 606 2383 2200 2456">
    <p class='ocr_par' dir='ltr' id='par_1_34' title="bbox 606 2383 2200 2456">
     <span class='ocr_line' id='line_1_34' title="bbox 606 2383 2200 2456; baseline -0.003 -14"><span class='ocrx_word' id='word_1_295' title='bbox 606 2387 760 2442; x_wconf 84' lang='lat' dir='ltr'><strong>alteri</strong></span> <span class='ocrx_word' id='word_1_296' title='bbox 789 2386 1032 2456; x_wconf 70' lang='lat' dir='ltr'><strong>prmfert,</strong></span> <span class='ocrx_word' id='word_1_297' title='bbox 1055 2401 1178 2439; x_wconf 90' lang='lat' dir='ltr'><strong>cum</strong></span> <span class='ocrx_word' id='word_1_298' title='bbox 1209 2384 1469 2439; x_wconf 83' lang='lat' dir='ltr'><strong>Alcuinus</strong></span> <span class='ocrx_word' id='word_1_299' title='bbox 1492 2395 1780 2453; x_wconf 85' lang='lat' dir='ltr'><strong>utramque</strong></span> <span class='ocrx_word' id='word_1_300' title='bbox 1810 2383 2115 2454; x_wconf 86' lang='lat' dir='ltr'><strong>reliquisset</strong></span> <span class='ocrx_word' id='word_1_301' title='bbox 2144 2384 2200 2438; x_wconf 87' lang='lat' dir='ltr'><strong>in</strong></span> 
     </span>
    </p>
   </div>
   <div class='ocr_carea' id='block_1_35' title="bbox 607 2474 2202 2544">
    <p class='ocr_par' dir='ltr' id='par_1_35' title="bbox 607 2474 2202 2544">
     <span class='ocr_line' id='line_1_35' title="bbox 607 2474 2202 2544; baseline -0.004 -12"><span class='ocrx_word' id='word_1_302' title='bbox 607 2478 808 2540; x_wconf 79' lang='lat' dir='ltr'><strong>medio,</strong></span> <span class='ocrx_word' id='word_1_303' title='bbox 839 2474 895 2529; x_wconf 87' lang='lat' dir='ltr'><strong>id</strong></span> <span class='ocrx_word' id='word_1_304' title='bbox 926 2475 1027 2544; x_wconf 83' lang='lat' dir='ltr'><strong>ipsi</strong></span> <span class='ocrx_word' id='word_1_305' title='bbox 1052 2475 1278 2544; x_wconf 81' lang='lat' dir='ltr'><strong>contigit</strong></span> <span class='ocrx_word' id='word_1_306' title='bbox 1301 2475 1447 2543; x_wconf 86' lang='lat' dir='ltr'><strong>quod</strong></span> <span class='ocrx_word' id='word_1_307' title='bbox 1471 2475 1592 2528; x_wconf 75' lang='lat' dir='ltr'><strong>aiiis</strong></span> <span class='ocrx_word' id='word_1_308' title='bbox 1624 2474 1936 2528; x_wconf 81' lang='lat' dir='ltr'><strong>auctoribus</strong></span> <span class='ocrx_word' id='word_1_309' title='bbox 1958 2488 2202 2544; x_wconf 72' lang='lat' dir='ltr'><strong>smpenu-</strong></span> 
     </span>
    </p>
   </div>
   <div class='ocr_carea' id='block_1_36' title="bbox 608 2566 2200 2640">
    <p class='ocr_par' dir='ltr' id='par_1_36' title="bbox 608 2566 2200 2640">
     <span class='ocr_line' id='line_1_36' title="bbox 608 2566 2200 2640; baseline -0.001 -18"><span class='ocrx_word' id='word_1_310' title='bbox 608 2585 762 2635; x_wconf 70' lang='lat' dir='ltr'><strong>mero</strong></span> <span class='ocrx_word' id='word_1_311' title='bbox 784 2569 1104 2640; x_wconf 73' lang='lat' dir='ltr'><strong>contingere</strong></span> <span class='ocrx_word' id='word_1_312' title='bbox 1133 2569 1397 2629; x_wconf 80' lang='lat' dir='ltr'><strong>videmus,</strong></span> <span class='ocrx_word' id='word_1_313' title='bbox 1429 2582 1551 2622; x_wconf 92' lang='lat' dir='ltr'><strong>cum</strong></span> <span class='ocrx_word' id='word_1_314' title='bbox 1578 2566 1794 2636; x_wconf 71' lang='lat' dir='ltr'><strong>aliquod</strong></span> <span class='ocrx_word' id='word_1_315' title='bbox 1823 2572 2200 2636; x_wconf 76' lang='lat' dir='ltr'><strong>argumentum</strong></span> 
     </span>
    </p>
   </div>
   <div class='ocr_carea' id='block_1_37' title="bbox 605 2655 2203 2723">
    <p class='ocr_par' dir='ltr' id='par_1_37' title="bbox 605 2655 2203 2723">
     <span class='ocr_line' id='line_1_37' title="bbox 605 2655 2203 2723; baseline -0.004 -10"><span class='ocrx_word' id='word_1_316' title='bbox 605 2667 918 2715; x_wconf 86' lang='lat' dir='ltr'><strong>retractant.</strong></span> <span class='ocrx_word' id='word_1_317' title='bbox 957 2657 1048 2712; x_wconf 86' lang='lat' dir='ltr'><strong>Fit</strong></span> <span class='ocrx_word' id='word_1_318' title='bbox 1069 2659 1214 2717; x_wconf 82' lang='lat' dir='ltr'><strong>enim</strong></span> <span class='ocrx_word' id='word_1_319' title='bbox 1248 2664 1306 2710; x_wconf 91' lang='lat' dir='ltr'><strong>ut</strong></span> <span class='ocrx_word' id='word_1_320' title='bbox 1333 2673 1457 2710; x_wconf 89' lang='lat' dir='ltr'><strong>cum</strong></span> <span class='ocrx_word' id='word_1_321' title='bbox 1481 2666 1606 2710; x_wconf 89' lang='lat' dir='ltr'><strong>ante</strong></span> <span class='ocrx_word' id='word_1_322' title='bbox 1631 2662 1945 2710; x_wconf 77' lang='lat' dir='ltr'><strong>accuratum</strong></span> <span class='ocrx_word' id='word_1_323' title='bbox 1981 2655 2059 2707; x_wconf 89' lang='lat' dir='ltr'><strong>rei</strong></span> <span class='ocrx_word' id='word_1_324' title='bbox 2078 2669 2203 2723; x_wconf 66' lang='lat' dir='ltr'><strong>pro.</strong></span> 
     </span>
    </p>
   </div>
   <div class='ocr_carea' id='block_1_38' title="bbox 604 2746 2200 2819">
    <p class='ocr_par' dir='ltr' id='par_1_38' title="bbox 604 2746 2200 2819">
     <span class='ocr_line' id='line_1_38' title="bbox 604 2746 2200 2819; baseline -0.003 -15"><span class='ocrx_word' id='word_1_325' title='bbox 604 2749 796 2819; x_wconf 63' lang='lat' dir='ltr'><strong>positae</strong></span> <span class='ocrx_word' id='word_1_326' title='bbox 817 2764 1046 2803; x_wconf 79' lang='lat' dir='ltr'><strong>examen</strong></span> <span class='ocrx_word' id='word_1_327' title='bbox 1069 2749 1124 2801; x_wconf 91' lang='lat' dir='ltr'><strong>in</strong></span> <span class='ocrx_word' id='word_1_328' title='bbox 1145 2747 1389 2802; x_wconf 85' lang='lat' dir='ltr'><strong>diversas</strong></span> <span class='ocrx_word' id='word_1_329' title='bbox 1416 2746 1769 2802; x_wconf 84' lang='lat' dir='ltr'><strong>fluctuassent</strong></span> <span class='ocrx_word' id='word_1_330' title='bbox 1784 2753 1985 2815; x_wconf 83' lang='lat' dir='ltr'><strong>partes,</strong></span> <span class='ocrx_word' id='word_1_331' title='bbox 2008 2753 2200 2815; x_wconf 81' lang='lat' dir='ltr'><strong>postea</strong></span> 
     </span>
    </p>
   </div>
   <div class='ocr_carea' id='block_1_39' title="bbox 607 2837 2202 2908">
    <p class='ocr_par' dir='ltr' id='par_1_39' title="bbox 607 2837 2202 2908">
     <span class='ocr_line' id='line_1_39' title="bbox 607 2837 2202 2908; baseline -0.003 -14"><span class='ocrx_word' id='word_1_332' title='bbox 607 2856 669 2904; x_wconf 85' lang='lat' dir='ltr'><strong>re</strong></span> <span class='ocrx_word' id='word_1_333' title='bbox 695 2839 961 2904; x_wconf 85' lang='lat' dir='ltr'><strong>maturius</strong></span> <span class='ocrx_word' id='word_1_334' title='bbox 1001 2853 1236 2908; x_wconf 81' lang='lat' dir='ltr'><strong>expensa</strong></span> <span class='ocrx_word' id='word_1_335' title='bbox 1264 2877 1278 2901; x_wconf 90' lang='lat'><strong>,</strong></span> <span class='ocrx_word' id='word_1_336' title='bbox 1308 2852 1473 2896; x_wconf 86' lang='lat' dir='ltr'><strong>unam</strong></span> <span class='ocrx_word' id='word_1_337' title='bbox 1511 2851 1624 2907; x_wconf 61' lang='lat' dir='ltr'><strong>pra:</strong></span> <span class='ocrx_word' id='word_1_338' title='bbox 1661 2837 1832 2890; x_wconf 88' lang='lat' dir='ltr'><strong>altera</strong></span> <span class='ocrx_word' id='word_1_339' title='bbox 1872 2837 2202 2890; x_wconf 81' lang='lat' dir='ltr'><strong>sententiam</strong></span> 
     </span>
    </p>
   </div>
   <div class='ocr_carea' id='block_1_40' title="bbox 607 2925 2201 3006">
    <p class='ocr_par' dir='ltr' id='par_1_40' title="bbox 607 2925 2201 3006">
     <span class='ocr_line' id='line_1_40' title="bbox 607 2925 2201 3006; baseline -0.004 -20"><span class='ocrx_word' id='word_1_340' title='bbox 607 2931 1024 3001; x_wconf 82' lang='lat' dir='ltr'><strong>amplectantur,</strong></span> <span class='ocrx_word' id='word_1_341' title='bbox 1055 2932 1166 2984; x_wconf 89' lang='lat' dir='ltr'><strong>imo</strong></span> <span class='ocrx_word' id='word_1_342' title='bbox 1195 2929 1485 2998; x_wconf 81' lang='lat' dir='ltr'><strong>aliquando</strong></span> <span class='ocrx_word' id='word_1_343' title='bbox 1518 2927 1868 3006; x_wconf 81' lang='lat' dir='ltr'><strong>contrariam.</strong></span> <span class='ocrx_word' id='word_1_344' title='bbox 1912 2925 2079 2997; x_wconf 84' lang='lat' dir='ltr'><strong>Atqui</strong></span> <span class='ocrx_word' id='word_1_345' title='bbox 2109 2927 2201 2981; x_wconf 75' lang='grc' dir='ltr'><strong>Αι-</strong></span> 
     </span>
    </p>
   </div>
   <div class='ocr_carea' id='block_1_41' title="bbox 606 3017 2202 3091">
    <p class='ocr_par' dir='ltr' id='par_1_41' title="bbox 606 3017 2202 3091">
     <span class='ocr_line' id='line_1_41' title="bbox 606 3017 2202 3091; baseline -0.003 -16"><span class='ocrx_word' id='word_1_346' title='bbox 606 3020 803 3076; x_wconf 73' lang='grc' dir='ltr'>οιιὶιιιιε</span> <span class='ocrx_word' id='word_1_347' title='bbox 848 3020 906 3075; x_wconf 87' lang='lat' dir='ltr'><strong>in</strong></span> <span class='ocrx_word' id='word_1_348' title='bbox 955 3019 1471 3091; x_wconf 78' lang='lat' dir='ltr'><strong>interrogationibus</strong></span> <span class='ocrx_word' id='word_1_349' title='bbox 1515 3033 1678 3088; x_wconf 87' lang='lat' dir='ltr'><strong>super</strong></span> <span class='ocrx_word' id='word_1_350' title='bbox 1723 3017 1958 3073; x_wconf 89' lang='lat' dir='ltr'><strong>Genesin</strong></span> <span class='ocrx_word' id='word_1_351' title='bbox 2010 3018 2202 3073; x_wconf 79' lang='lat' dir='ltr'><strong>leviter</strong></span> 
     </span>
    </p>
   </div>
   <div class='ocr_carea' id='block_1_42' title="bbox 2300 1923 2545 1978">
    <p class='ocr_par' dir='ltr' id='par_1_42' title="bbox 2300 1923 2545 1978">
     <span class='ocr_line' id='line_1_42' title="bbox 2300 1923 2545 1978; baseline -0.012 0"><span class='ocrx_word' id='word_1_352' title='bbox 2300 1923 2545 1978; x_wconf 88' lang='lat' dir='ltr'><strong>deamus.</strong></span> 
     </span>
    </p>
   </div>
   <div class='ocr_carea' id='block_1_43' title="bbox 2370 2009 3900 2081">
    <p class='ocr_par' dir='ltr' id='par_1_43' title="bbox 2370 2009 3900 2081">
     <span class='ocr_line' id='line_1_43' title="bbox 2370 2009 3900 2081; baseline 0.001 -14"><span class='ocrx_word' id='word_1_353' title='bbox 2370 2013 2421 2067; x_wconf 87' lang='lat'><strong>9.</strong></span> <span class='ocrx_word' id='word_1_354' title='bbox 2457 2012 2665 2081; x_wconf 86' lang='lat' dir='ltr'><strong>Quippe</strong></span> <span class='ocrx_word' id='word_1_355' title='bbox 2689 2010 2875 2079; x_wconf 81' lang='lat' dir='ltr'><strong>objicit</strong></span> <span class='ocrx_word' id='word_1_356' title='bbox 2903 2011 3157 2066; x_wconf 88' lang='lat' dir='ltr'><strong>nonnulla</strong></span> <span class='ocrx_word' id='word_1_357' title='bbox 3180 2012 3233 2065; x_wconf 91' lang='lat' dir='ltr'><strong>in</strong></span> <span class='ocrx_word' id='word_1_358' title='bbox 3255 2011 3514 2081; x_wconf 73' lang='lat' dir='ltr'><strong>pnedicta</strong></span> <span class='ocrx_word' id='word_1_359' title='bbox 3539 2009 3900 2068; x_wconf 85' lang='lat' dir='ltr'><strong>Confessione</strong></span> 
     </span>
    </p>
   </div>
   <div class='ocr_carea' id='block_1_44' title="bbox 2299 2104 3897 2175">
    <p class='ocr_par' dir='ltr' id='par_1_44' title="bbox 2299 2104 3897 2175">
     <span class='ocr_line' id='line_1_44' title="bbox 2299 2104 3897 2175; baseline -0.001 -15"><span class='ocrx_word' id='word_1_360' title='bbox 2299 2105 2586 2170; x_wconf 82' lang='lat' dir='ltr'><strong>contineri,</strong></span> <span class='ocrx_word' id='word_1_361' title='bbox 2619 2121 2738 2174; x_wconf 71' lang='lat' dir='ltr'><strong>qua:</strong></span> <span class='ocrx_word' id='word_1_362' title='bbox 2778 2104 2847 2159; x_wconf 87' lang='lat' dir='ltr'><strong>ab</strong></span> <span class='ocrx_word' id='word_1_363' title='bbox 2889 2104 3105 2160; x_wconf 86' lang='lat' dir='ltr'><strong>Alcuini</strong></span> <span class='ocrx_word' id='word_1_364' title='bbox 3141 2105 3476 2175; x_wconf 84' lang='lat' dir='ltr'><strong>temporibus</strong></span> <span class='ocrx_word' id='word_1_365' title='bbox 3515 2104 3692 2161; x_wconf 86' lang='lat' dir='ltr'><strong>aliena</strong></span> <span class='ocrx_word' id='word_1_366' title='bbox 3719 2114 3848 2161; x_wconf 84' lang='lat' dir='ltr'><strong>sunt</strong></span> <span class='ocrx_word' id='word_1_367' title='bbox 3879 2119 3897 2159; x_wconf 73' lang='grc' dir='ltr'><strong>ι</strong></span> 
     </span>
    </p>
   </div>
   <div class='ocr_carea' id='block_1_45' title="bbox 2300 2194 3900 2267">
    <p class='ocr_par' dir='ltr' id='par_1_45' title="bbox 2300 2194 3900 2267">
     <span class='ocr_line' id='line_1_45' title="bbox 2300 2194 3900 2267; baseline 0.002 -18"><span class='ocrx_word' id='word_1_368' title='bbox 2300 2197 2459 2267; x_wconf 86' lang='lat' dir='ltr'><strong>quale</strong></span> <span class='ocrx_word' id='word_1_369' title='bbox 2483 2203 2568 2252; x_wconf 89' lang='lat' dir='ltr'><strong>est</strong></span> <span class='ocrx_word' id='word_1_370' title='bbox 2596 2195 2725 2250; x_wconf 90' lang='lat' dir='ltr'><strong>illud</strong></span> <span class='ocrx_word' id='word_1_371' title='bbox 2754 2195 2896 2265; x_wconf 89' lang='lat' dir='ltr'><strong>quod</strong></span> <span class='ocrx_word' id='word_1_372' title='bbox 2921 2194 3041 2265; x_wconf 83' lang='lat' dir='ltr'><strong>ejus</strong></span> <span class='ocrx_word' id='word_1_373' title='bbox 3069 2206 3260 2251; x_wconf 86' lang='lat' dir='ltr'><strong>auctor</strong></span> <span class='ocrx_word' id='word_1_374' title='bbox 3290 2197 3356 2252; x_wconf 88' lang='lat' dir='ltr'><strong>de</strong></span> <span class='ocrx_word' id='word_1_375' title='bbox 3378 2210 3478 2252; x_wconf 86' lang='lat' dir='ltr'><strong>suo</strong></span> <span class='ocrx_word' id='word_1_376' title='bbox 3503 2197 3722 2261; x_wconf 67' lang='lat' dir='ltr'><strong>saeculo,</strong></span> <span class='ocrx_word' id='word_1_377' title='bbox 3746 2195 3900 2252; x_wconf 86' lang='lat' dir='ltr'><strong>velut</strong></span> 
     </span>
    </p>
   </div>
   <div class='ocr_carea' id='block_1_46' title="bbox 2300 2286 3902 2361">
    <p class='ocr_par' dir='ltr' id='par_1_46' title="bbox 2300 2286 3902 2361">
     <span class='ocr_line' id='line_1_46' title="bbox 2300 2286 3902 2361; baseline 0.004 -19"><span class='ocrx_word' id='word_1_378' title='bbox 2300 2287 2692 2354; x_wconf 79' lang='lat' dir='ltr'><strong>infelicissimo.</strong></span> <span class='ocrx_word' id='word_1_379' title='bbox 2734 2286 2987 2343; x_wconf 81' lang='lat' dir='ltr'><strong>flebiliter</strong></span> <span class='ocrx_word' id='word_1_380' title='bbox 3013 2290 3387 2359; x_wconf 84' lang='lat' dir='ltr'><strong>conqueritur,</strong></span> <span class='ocrx_word' id='word_1_381' title='bbox 3419 2305 3485 2346; x_wconf 89' lang='lat' dir='ltr'><strong>ac</strong></span> <span class='ocrx_word' id='word_1_382' title='bbox 3521 2304 3661 2361; x_wconf 89' lang='lat' dir='ltr'><strong>pene</strong></span> <span class='ocrx_word' id='word_1_383' title='bbox 3683 2290 3902 2361; x_wconf 72' lang='lat' dir='ltr'><strong>tragico</strong></span> 
     </span>
    </p>
   </div>
   <div class='ocr_carea' id='block_1_47' title="bbox 2299 2377 3902 2452">
    <p class='ocr_par' dir='ltr' id='par_1_47' title="bbox 2299 2377 3902 2452">
     <span class='ocr_line' id='line_1_47' title="bbox 2299 2377 3902 2452; baseline 0.005 -18"><span class='ocrx_word' id='word_1_384' title='bbox 2299 2378 2569 2434; x_wconf 83' lang='lat' dir='ltr'><strong>exclamat</strong></span> <span class='ocrx_word' id='word_1_385' title='bbox 2596 2377 2778 2449; x_wconf 85' lang='lat' dir='ltr'><strong>(Parte</strong></span> <span class='ocrx_word' id='word_1_386' title='bbox 2804 2395 2887 2443; x_wconf 86' lang='grc' dir='ltr'>ιιι,</span> <span class='ocrx_word' id='word_1_387' title='bbox 2919 2394 2974 2433; x_wconf 91' lang='lat' dir='ltr'><strong>n.</strong></span> <span class='ocrx_word' id='word_1_388' title='bbox 3003 2377 3096 2449; x_wconf 76' lang='lat'><strong>56)</strong></span> <span class='ocrx_word' id='word_1_389' title='bbox 3121 2397 3135 2432; x_wconf 88' lang='lat'><strong>:</strong></span> <span class='ocrx_word' id='word_1_390' title='bbox 3173 2396 3194 2430; x_wconf 75' lang='grc' dir='ltr'><strong>ι</strong></span> <span class='ocrx_word' id='word_1_391' title='bbox 3217 2377 3261 2434; x_wconf 92' lang='grc' dir='ltr'>Ο</span> <span class='ocrx_word' id='word_1_392' title='bbox 3278 2378 3512 2438; x_wconf 89' lang='lat' dir='ltr'><strong>infelicia</strong></span> <span class='ocrx_word' id='word_1_393' title='bbox 3532 2389 3776 2452; x_wconf 82' lang='lat' dir='ltr'><strong>tempora</strong></span> <span class='ocrx_word' id='word_1_394' title='bbox 3799 2396 3902 2442; x_wconf 74' lang='lat' dir='ltr'><strong>nan</strong></span> 
     </span>
    </p>
   </div>
   <div class='ocr_carea' id='block_1_48' title="bbox 2297 2470 3900 2541">
    <p class='ocr_par' dir='ltr' id='par_1_48' title="bbox 2297 2470 3900 2541">
     <span class='ocr_line' id='line_1_48' title="bbox 2297 2470 3900 2541; baseline 0.002 -14"><span class='ocrx_word' id='word_1_395' title='bbox 2297 2480 2435 2537; x_wconf 89' lang='lat' dir='ltr'><strong>stra,</strong></span> <span class='ocrx_word' id='word_1_396' title='bbox 2456 2470 2651 2541; x_wconf 86' lang='lat' dir='ltr'><strong>inquit,</strong></span> <span class='ocrx_word' id='word_1_397' title='bbox 2669 2485 2791 2541; x_wconf 72' lang='lat' dir='ltr'><strong>qua:</strong></span> <span class='ocrx_word' id='word_1_398' title='bbox 2816 2485 2920 2536; x_wconf 86' lang='lat' dir='ltr'><strong>nec</strong></span> <span class='ocrx_word' id='word_1_399' title='bbox 2937 2473 3103 2527; x_wconf 85' lang='lat' dir='ltr'><strong>Deum</strong></span> <span class='ocrx_word' id='word_1_400' title='bbox 3127 2473 3341 2540; x_wconf 88' lang='lat' dir='ltr'><strong>timent,</strong></span> <span class='ocrx_word' id='word_1_401' title='bbox 3361 2490 3460 2531; x_wconf 89' lang='lat' dir='ltr'><strong>nec</strong></span> <span class='ocrx_word' id='word_1_402' title='bbox 3480 2475 3588 2530; x_wconf 89' lang='lat' dir='ltr'><strong>vim</strong></span> <span class='ocrx_word' id='word_1_403' title='bbox 3609 2490 3900 2535; x_wconf 70' lang='lat' dir='ltr'><strong>sacrorum</strong></span> 
     </span>
    </p>
   </div>
   <div class='ocr_carea' id='block_1_49' title="bbox 2297 2564 3903 2642">
    <p class='ocr_par' dir='ltr' id='par_1_49' title="bbox 2297 2564 3903 2642">
     <span class='ocr_line' id='line_1_49' title="bbox 2297 2564 3903 2642; baseline 0.003 -21"><span class='ocrx_word' id='word_1_404' title='bbox 2297 2579 2567 2627; x_wconf 78' lang='lat' dir='ltr'><strong>calonum</strong></span> <span class='ocrx_word' id='word_1_405' title='bbox 2611 2565 2958 2620; x_wconf 85' lang='lat' dir='ltr'><strong>reverentur!</strong></span> <span class='ocrx_word' id='word_1_406' title='bbox 3010 2564 3204 2623; x_wconf 82' lang='lat' dir='ltr'><strong>Nullus</strong></span> <span class='ocrx_word' id='word_1_407' title='bbox 3251 2569 3416 2624; x_wconf 89' lang='lat' dir='ltr'><strong>modo</strong></span> <span class='ocrx_word' id='word_1_408' title='bbox 3460 2569 3760 2642; x_wconf 86' lang='lat' dir='ltr'><strong>sacrilegus</strong></span> <span class='ocrx_word' id='word_1_409' title='bbox 3808 2569 3903 2626; x_wconf 78' lang='lat' dir='ltr'><strong>vel</strong></span> 
     </span>
    </p>
   </div>
   <div class='ocr_carea' id='block_1_50' title="bbox 2298 2658 3903 2730">
    <p class='ocr_par' dir='ltr' id='par_1_50' title="bbox 2298 2658 3903 2730">
     <span class='ocr_line' id='line_1_50' title="bbox 2298 2658 3903 2730; baseline 0.004 -16"><span class='ocrx_word' id='word_1_410' title='bbox 2298 2658 2644 2722; x_wconf 89' lang='lat' dir='ltr'><strong>criminosus,</strong></span> <span class='ocrx_word' id='word_1_411' title='bbox 2671 2674 2736 2712; x_wconf 92' lang='lat' dir='ltr'><strong>ne</strong></span> <span class='ocrx_word' id='word_1_412' title='bbox 2765 2660 2832 2714; x_wconf 88' lang='lat' dir='ltr'><strong>ad</strong></span> <span class='ocrx_word' id='word_1_413' title='bbox 2865 2661 3008 2715; x_wconf 85' lang='lat' dir='ltr'><strong>sacri</strong></span> <span class='ocrx_word' id='word_1_414' title='bbox 3038 2660 3247 2716; x_wconf 89' lang='lat' dir='ltr'><strong>ordinis</strong></span> <span class='ocrx_word' id='word_1_415' title='bbox 3273 2660 3509 2718; x_wconf 73' lang='lat' dir='ltr'><strong>officium</strong></span> <span class='ocrx_word' id='word_1_416' title='bbox 3536 2664 3782 2730; x_wconf 81' lang='lat' dir='ltr'><strong>accedat,</strong></span> <span class='ocrx_word' id='word_1_417' title='bbox 3816 2665 3903 2721; x_wconf 45' lang='lat' dir='ltr'><strong>in:</strong></span> 
     </span>
    </p>
   </div>
   <div class='ocr_carea' id='block_1_51' title="bbox 2298 2748 3904 2826">
    <p class='ocr_par' dir='ltr' id='par_1_51' title="bbox 2298 2748 3904 2826">
     <span class='ocr_line' id='line_1_51' title="bbox 2298 2748 3904 2826; baseline 0.002 -21"><span class='ocrx_word' id='word_1_418' title='bbox 2298 2749 2539 2805; x_wconf 83' lang='lat' dir='ltr'><strong>hibetur.</strong></span> <span class='ocrx_word' id='word_1_419' title='bbox 2582 2770 2600 2803; x_wconf 75' lang='grc' dir='ltr'><strong>ι</strong></span> <span class='ocrx_word' id='word_1_420' title='bbox 2627 2748 2767 2806; x_wconf 84' lang='lat' dir='ltr'><strong>Tum</strong></span> <span class='ocrx_word' id='word_1_421' title='bbox 2793 2765 2918 2806; x_wconf 88' lang='lat' dir='ltr'><strong>mox</strong></span> <span class='ocrx_word' id='word_1_422' title='bbox 2950 2768 2964 2805; x_wconf 90' lang='lat'><strong>:</strong></span> <span class='ocrx_word' id='word_1_423' title='bbox 3000 2769 3020 2802; x_wconf 78' lang='grc' dir='ltr'><strong>ι</strong></span> <span class='ocrx_word' id='word_1_424' title='bbox 3058 2749 3173 2808; x_wconf 81' lang='lat' dir='ltr'><strong>Heu</strong></span> <span class='ocrx_word' id='word_1_425' title='bbox 3203 2753 3373 2809; x_wconf 85' lang='lat' dir='ltr'><strong>miser</strong></span> <span class='ocrx_word' id='word_1_426' title='bbox 3391 2756 3520 2825; x_wconf 83' lang='lat' dir='ltr'><strong>ego!</strong></span> <span class='ocrx_word' id='word_1_427' title='bbox 3552 2755 3733 2826; x_wconf 87' lang='lat' dir='ltr'><strong>qualia</strong></span> <span class='ocrx_word' id='word_1_428' title='bbox 3754 2764 3904 2812; x_wconf 55' lang='lat' dir='ltr'><strong>tem.</strong></span> 
     </span>
    </p>
   </div>
   <div class='ocr_carea' id='block_1_52' title="bbox 2297 2840 3907 2914">
    <p class='ocr_par' dir='ltr' id='par_1_52' title="bbox 2297 2840 3907 2914">
     <span class='ocr_line' id='line_1_52' title="bbox 2297 2840 3907 2914; baseline 0.004 -19"><span class='ocrx_word' id='word_1_429' title='bbox 2297 2857 2431 2912; x_wconf 91' lang='lat' dir='ltr'><strong>pora</strong></span> <span class='ocrx_word' id='word_1_430' title='bbox 2469 2842 2599 2896; x_wconf 90' lang='lat' dir='ltr'><strong>mihi</strong></span> <span class='ocrx_word' id='word_1_431' title='bbox 2628 2841 2857 2913; x_wconf 76' lang='lat' dir='ltr'><strong>contigit</strong></span> <span class='ocrx_word' id='word_1_432' title='bbox 2883 2840 3107 2898; x_wconf 88' lang='lat' dir='ltr'><strong>videre?</strong></span> <span class='ocrx_word' id='word_1_433' title='bbox 3140 2862 3159 2896; x_wconf 75' lang='grc' dir='ltr'><strong>ι</strong></span> <span class='ocrx_word' id='word_1_434' title='bbox 3196 2843 3344 2910; x_wconf 51' lang='lat' dir='ltr'><strong>Haec,</strong></span> <span class='ocrx_word' id='word_1_435' title='bbox 3371 2845 3550 2914; x_wconf 82' lang='lat' dir='ltr'><strong>inquit</strong></span> <span class='ocrx_word' id='word_1_436' title='bbox 3583 2843 3837 2910; x_wconf 68' lang='lat' dir='ltr'><strong>ballaena,</strong></span> <span class='ocrx_word' id='word_1_437' title='bbox 3868 2862 3907 2901; x_wconf 82' lang='lat' dir='ltr'><strong>a</strong></span> 
     </span>
    </p>
   </div>
   <div class='ocr_carea' id='block_1_53' title="bbox 2298 2931 3906 3008">
    <p class='ocr_par' dir='ltr' id='par_1_53' title="bbox 2298 2931 3906 3008">
     <span class='ocr_line' id='line_1_53' title="bbox 2298 2931 3906 3008; baseline 0.003 -18"><span class='ocrx_word' id='word_1_438' title='bbox 2298 2931 2677 2994; x_wconf 84' lang='lat' dir='ltr'><strong>Carolinorum</strong></span> <span class='ocrx_word' id='word_1_439' title='bbox 2716 2943 3024 3006; x_wconf 85' lang='lat' dir='ltr'><strong>temporum</strong></span> <span class='ocrx_word' id='word_1_440' title='bbox 3060 2933 3322 2991; x_wconf 81' lang='lat' dir='ltr'><strong>felicitate</strong></span> <span class='ocrx_word' id='word_1_441' title='bbox 3350 2937 3669 2998; x_wconf 89' lang='lat' dir='ltr'><strong>abhorrent,</strong></span> <span class='ocrx_word' id='word_1_442' title='bbox 3700 2939 3906 3008; x_wconf 66' lang='lat' dir='ltr'><strong>quibus</strong></span> 
     </span>
    </p>
   </div>
   <div class='ocr_carea' id='block_1_54' title="bbox 2300 3024 3905 3097">
    <p class='ocr_par' dir='ltr' id='par_1_54' title="bbox 2300 3024 3905 3097">
     <span class='ocr_line' id='line_1_54' title="bbox 2300 3024 3905 3097; baseline 0.005 -19"><span class='ocrx_word' id='word_1_443' title='bbox 2300 3039 2358 3085; x_wconf 86' lang='lat' dir='ltr'><strong>se</strong></span> <span class='ocrx_word' id='word_1_444' title='bbox 2383 3032 2572 3082; x_wconf 89' lang='lat' dir='ltr'><strong>natum</strong></span> <span class='ocrx_word' id='word_1_445' title='bbox 2602 3039 2711 3079; x_wconf 89' lang='lat' dir='ltr'><strong>non</strong></span> <span class='ocrx_word' id='word_1_446' title='bbox 2735 3024 2922 3081; x_wconf 89' lang='lat' dir='ltr'><strong>dubito</strong></span> <span class='ocrx_word' id='word_1_447' title='bbox 2959 3025 3089 3096; x_wconf 90' lang='lat' dir='ltr'><strong>quin</strong></span> <span class='ocrx_word' id='word_1_448' title='bbox 3133 3025 3395 3083; x_wconf 81' lang='lat' dir='ltr'><strong>Alcuinus</strong></span> <span class='ocrx_word' id='word_1_449' title='bbox 3445 3027 3547 3083; x_wconf 84' lang='lat' dir='ltr'><strong>sibi</strong></span> <span class='ocrx_word' id='word_1_450' title='bbox 3593 3027 3905 3097; x_wconf 74' lang='lat' dir='ltr'><strong>gratulatus</strong></span> 
     </span>
    </p>
   </div>
   <div class='ocr_carea' id='block_1_55' title="bbox 611 3109 3908 3190">
    <p class='ocr_par' dir='ltr' id='par_1_55' title="bbox 611 3109 3908 3190">
     <span class='ocr_line' id='line_1_55' title="bbox 611 3109 3908 3190; baseline 0.003 -24"><span class='ocrx_word' id='word_1_451' title='bbox 611 3120 821 3167; x_wconf 86' lang='lat' dir='ltr'><strong>tantum</strong></span> <span class='ocrx_word' id='word_1_452' title='bbox 871 3111 1178 3182; x_wconf 85' lang='lat' dir='ltr'><strong>propositas</strong></span> <span class='ocrx_word' id='word_1_453' title='bbox 1223 3109 1569 3170; x_wconf 73' lang='lat' dir='ltr'><strong>diliicultates</strong></span> <span class='ocrx_word' id='word_1_454' title='bbox 1611 3111 1844 3174; x_wconf 90' lang='lat' dir='ltr'><strong>enodat,</strong></span> <span class='ocrx_word' id='word_1_455' title='bbox 1875 3118 1930 3164; x_wconf 89' lang='lat' dir='ltr'><strong>et</strong></span> <span class='ocrx_word' id='word_1_456' title='bbox 1961 3110 2198 3164; x_wconf 78' lang='lat' dir='ltr'><strong>maxime</strong></span> <span class='ocrx_word' id='word_1_457' title='bbox 2244 3187 2266 3190; x_wconf 35' lang='lat' dir='ltr'><strong>A</strong></span> <span class='ocrx_word' id='word_1_458' title='bbox 2302 3116 2391 3180; x_wconf 90' lang='lat' dir='ltr'><strong>sit,</strong></span> <span class='ocrx_word' id='word_1_459' title='bbox 2431 3115 2630 3171; x_wconf 87' lang='lat' dir='ltr'><strong>nedum</strong></span> <span class='ocrx_word' id='word_1_460' title='bbox 2671 3124 2734 3171; x_wconf 87' lang='lat' dir='ltr'><strong>ut</strong></span> <span class='ocrx_word' id='word_1_461' title='bbox 2761 3115 3026 3186; x_wconf 78' lang='lat' dir='ltr'><strong>ingratus,</strong></span> <span class='ocrx_word' id='word_1_462' title='bbox 3069 3124 3291 3186; x_wconf 88' lang='lat' dir='ltr'><strong>tamque</strong></span> <span class='ocrx_word' id='word_1_463' title='bbox 3325 3118 3532 3189; x_wconf 91' lang='lat' dir='ltr'><strong>optimo</strong></span> <span class='ocrx_word' id='word_1_464' title='bbox 3567 3119 3801 3190; x_wconf 80' lang='lat' dir='ltr'><strong>principi</strong></span> <span class='ocrx_word' id='word_1_465' title='bbox 3832 3135 3908 3177; x_wconf 85' lang='lat' dir='ltr'><strong>ac</strong></span> 
     </span>
    </p>
   </div>
   <div class='ocr_carea' id='block_1_56' title="bbox 607 3187 3901 3280">
    <p class='ocr_par' dir='ltr' id='par_1_56' title="bbox 607 3187 3901 3280">
     <span class='ocr_line' id='line_1_56' title="bbox 607 3187 3901 3280; baseline 0.003 -23"><span class='ocrx_word' id='word_1_466' title='bbox 607 3201 828 3273; x_wconf 83' lang='lat' dir='ltr'><strong>quidem</strong></span> <span class='ocrx_word' id='word_1_467' title='bbox 860 3202 1041 3268; x_wconf 68' lang='lat' dir='ltr'><strong>istam,</strong></span> <span class='ocrx_word' id='word_1_468' title='bbox 1073 3216 1238 3271; x_wconf 68' lang='lat' dir='ltr'><strong>Quam</strong></span> <span class='ocrx_word' id='word_1_469' title='bbox 1266 3199 1638 3261; x_wconf 74' lang='lat' dir='ltr'><strong>Confessionis</strong></span> <span class='ocrx_word' id='word_1_470' title='bbox 1671 3207 1864 3255; x_wconf 87' lang='lat' dir='ltr'><strong>auctor</strong></span> <span class='ocrx_word' id='word_1_471' title='bbox 1891 3201 2200 3256; x_wconf 80' lang='lat' dir='ltr'><strong>accuratius</strong></span> <span class='ocrx_word' id='word_1_472' title='bbox 2227 3187 2275 3252; x_wconf 75' lang='grc' dir='ltr'>Ο</span> <span class='ocrx_word' id='word_1_473' title='bbox 2305 3204 2582 3261; x_wconf 71' lang='lat' dir='ltr'><strong>Mecoenati</strong></span> <span class='ocrx_word' id='word_1_474' title='bbox 2622 3221 2721 3261; x_wconf 91' lang='lat' dir='ltr'><strong>suo</strong></span> <span class='ocrx_word' id='word_1_475' title='bbox 2759 3205 3054 3262; x_wconf 88' lang='lat' dir='ltr'><strong>invidiosas</strong></span> <span class='ocrx_word' id='word_1_476' title='bbox 3080 3221 3243 3262; x_wconf 83' lang='lat' dir='ltr'><strong>voces</strong></span> <span class='ocrx_word' id='word_1_477' title='bbox 3269 3187 3473 3264; x_wconf 73' lang='lat' dir='ltr'><strong>chartis</strong></span> <span class='ocrx_word' id='word_1_478' title='bbox 3513 3224 3628 3266; x_wconf 75' lang='lat' dir='ltr'><strong>suis</strong></span> <span class='ocrx_word' id='word_1_479' title='bbox 3655 3187 3901 3280; x_wconf 82' lang='lat' dir='ltr'><strong>unquam</strong></span> 
     </span>
    </p>
   </div>
   <div class='ocr_carea' id='block_1_57' title="bbox 609 3292 919 3362">
    <p class='ocr_par' dir='ltr' id='par_1_57' title="bbox 609 3292 919 3362">
     <span class='ocr_line' id='line_1_57' title="bbox 609 3292 919 3362; baseline -0.01 -15"><span class='ocrx_word' id='word_1_480' title='bbox 609 3292 919 3362; x_wconf 85' lang='lat' dir='ltr'><strong>perpendit.</strong></span> 
     </span>
    </p>
   </div>
   <div class='ocr_carea' id='block_1_58' title="bbox 680 3384 2200 3455">
    <p class='ocr_par' dir='ltr' id='par_1_58' title="bbox 680 3384 2200 3455">
     <span class='ocr_line' id='line_1_58' title="bbox 680 3384 2200 3455; baseline 0 -17"><span class='ocrx_word' id='word_1_481' title='bbox 680 3385 733 3439; x_wconf 85' lang='lat'><strong>7.</strong></span> <span class='ocrx_word' id='word_1_482' title='bbox 768 3384 1120 3454; x_wconf 83' lang='lat' dir='ltr'><strong>Subsequens</strong></span> <span class='ocrx_word' id='word_1_483' title='bbox 1146 3385 1453 3455; x_wconf 89' lang='lat' dir='ltr'><strong>oppositum</strong></span> <span class='ocrx_word' id='word_1_484' title='bbox 1477 3388 1719 3442; x_wconf 88' lang='lat' dir='ltr'><strong>continet</strong></span> <span class='ocrx_word' id='word_1_485' title='bbox 1742 3401 2086 3442; x_wconf 87' lang='lat' dir='ltr'><strong>communem</strong></span> <span class='ocrx_word' id='word_1_486' title='bbox 2120 3385 2200 3439; x_wconf 86' lang='lat' dir='ltr'><strong>lo-</strong></span> 
     </span>
    </p>
   </div>
   <div class='ocr_carea' id='block_1_59' title="bbox 611 3472 2202 3545">
    <p class='ocr_par' dir='ltr' id='par_1_59' title="bbox 611 3472 2202 3545">
     <span class='ocr_line' id='line_1_59' title="bbox 611 3472 2202 3545; baseline 0 -16"><span class='ocrx_word' id='word_1_487' title='bbox 611 3490 734 3529; x_wconf 87' lang='lat' dir='ltr'><strong>cum</strong></span> <span class='ocrx_word' id='word_1_488' title='bbox 764 3489 794 3527; x_wconf 89' lang='lat' dir='ltr'><strong>a</strong></span> <span class='ocrx_word' id='word_1_489' title='bbox 818 3472 1129 3529; x_wconf 88' lang='lat' dir='ltr'><strong>Calvinistis</strong></span> <span class='ocrx_word' id='word_1_490' title='bbox 1148 3475 1354 3530; x_wconf 84' lang='lat' dir='ltr'><strong>centies</strong></span> <span class='ocrx_word' id='word_1_491' title='bbox 1377 3484 1738 3530; x_wconf 88' lang='lat' dir='ltr'><strong>rccantatum.</strong></span> <span class='ocrx_word' id='word_1_492' title='bbox 1764 3476 1988 3531; x_wconf 86' lang='lat' dir='ltr'><strong>Fatetur</strong></span> <span class='ocrx_word' id='word_1_493' title='bbox 2007 3489 2202 3545; x_wconf 90' lang='lat' dir='ltr'><strong>nempe</strong></span> 
     </span>
    </p>
   </div>
   <div class='ocr_carea' id='block_1_60' title="bbox 613 3564 2200 3638">
    <p class='ocr_par' dir='ltr' id='par_1_60' title="bbox 613 3564 2200 3638">
     <span class='ocr_line' id='line_1_60' title="bbox 613 3564 2200 3638; baseline -0.001 -14"><span class='ocrx_word' id='word_1_494' title='bbox 613 3567 845 3624; x_wconf 73' lang='lat' dir='ltr'><strong>Dalkeus</strong></span> <span class='ocrx_word' id='word_1_495' title='bbox 867 3566 1101 3638; x_wconf 73' lang='lat' dir='ltr'><strong>vulgata:</strong></span> <span class='ocrx_word' id='word_1_496' title='bbox 1130 3564 1488 3624; x_wconf 85' lang='lat' dir='ltr'><strong>confessionis</strong></span> <span class='ocrx_word' id='word_1_497' title='bbox 1517 3568 1680 3623; x_wconf 86' lang='lat' dir='ltr'><strong>verba</strong></span> <span class='ocrx_word' id='word_1_498' title='bbox 1698 3609 1714 3634; x_wconf 87' lang='lat'><strong>,</strong></span> <span class='ocrx_word' id='word_1_499' title='bbox 1745 3568 1836 3623; x_wconf 90' lang='lat' dir='ltr'><strong>ubi</strong></span> <span class='ocrx_word' id='word_1_500' title='bbox 1877 3569 1946 3624; x_wconf 88' lang='lat' dir='ltr'><strong>de</strong></span> <span class='ocrx_word' id='word_1_501' title='bbox 1989 3568 2200 3624; x_wconf 87' lang='lat' dir='ltr'><strong>Eucha-</strong></span> 
     </span>
    </p>
   </div>
   <div class='ocr_carea' id='block_1_61' title="bbox 610 3659 2196 3730">
    <p class='ocr_par' dir='ltr' id='par_1_61' title="bbox 610 3659 2196 3730">
     <span class='ocr_line' id='line_1_61' title="bbox 610 3659 2196 3730; baseline 0.002 -15"><span class='ocrx_word' id='word_1_502' title='bbox 610 3661 765 3716; x_wconf 87' lang='lat' dir='ltr'><strong>ristia</strong></span> <span class='ocrx_word' id='word_1_503' title='bbox 798 3667 1016 3724; x_wconf 86' lang='lat' dir='ltr'><strong>tractat,</strong></span> <span class='ocrx_word' id='word_1_504' title='bbox 1051 3659 1205 3716; x_wconf 85' lang='lat' dir='ltr'><strong>valde</strong></span> <span class='ocrx_word' id='word_1_505' title='bbox 1241 3661 1308 3715; x_wconf 87' lang='lat' dir='ltr'><strong>ad</strong></span> <span class='ocrx_word' id='word_1_506' title='bbox 1338 3661 1658 3717; x_wconf 87' lang='lat' dir='ltr'><strong>catholicam</strong></span> <span class='ocrx_word' id='word_1_507' title='bbox 1701 3661 1862 3718; x_wconf 86' lang='lat' dir='ltr'><strong>ﬁdem</strong></span> <span class='ocrx_word' id='word_1_508' title='bbox 1906 3663 2196 3730; x_wconf 89' lang='lat' dir='ltr'><strong>accedere;</strong></span> 
     </span>
    </p>
   </div>
   <div class='ocr_carea' id='block_1_62' title="bbox 607 3751 2202 3826">
    <p class='ocr_par' dir='ltr' id='par_1_62' title="bbox 607 3751 2202 3826">
     <span class='ocr_line' id='line_1_62' title="bbox 607 3751 2202 3826; baseline 0.002 -20"><span class='ocrx_word' id='word_1_509' title='bbox 607 3754 716 3806; x_wconf 71' lang='lat' dir='ltr'><strong>imo</strong></span> <span class='ocrx_word' id='word_1_510' title='bbox 743 3752 830 3806; x_wconf 67' lang='lat' dir='ltr'><strong>vix</strong></span> <span class='ocrx_word' id='word_1_511' title='bbox 848 3767 1000 3823; x_wconf 69' lang='lat' dir='ltr'><strong>posse</strong></span> <span class='ocrx_word' id='word_1_512' title='bbox 1027 3751 1170 3822; x_wconf 84' lang='lat' dir='ltr'><strong>(quae</strong></span> <span class='ocrx_word' id='word_1_513' title='bbox 1207 3751 1390 3809; x_wconf 62' lang='grc' dir='ltr'><strong>Ηλιηί</strong></span> <span class='ocrx_word' id='word_1_514' title='bbox 1419 3754 1688 3824; x_wconf 87' lang='lat' dir='ltr'><strong>ipsissima</strong></span> <span class='ocrx_word' id='word_1_515' title='bbox 1716 3754 1881 3809; x_wconf 88' lang='lat' dir='ltr'><strong>verba</strong></span> <span class='ocrx_word' id='word_1_516' title='bbox 1909 3755 2057 3826; x_wconf 90' lang='lat' dir='ltr'><strong>sunt)</strong></span> <span class='ocrx_word' id='word_1_517' title='bbox 2087 3771 2202 3809; x_wconf 79' lang='lat' dir='ltr'><strong>rere</strong></span> 
     </span>
    </p>
   </div>
   <div class='ocr_carea' id='block_1_63' title="bbox 608 3841 2201 3918">
    <p class='ocr_par' dir='ltr' id='par_1_63' title="bbox 608 3841 2201 3918">
     <span class='ocr_line' id='line_1_63' title="bbox 608 3841 2201 3918; baseline 0.004 -22"><span class='ocrx_word' id='word_1_518' title='bbox 608 3844 820 3912; x_wconf 79' lang='lat' dir='ltr'><strong>quidem</strong></span> <span class='ocrx_word' id='word_1_519' title='bbox 845 3860 908 3897; x_wconf 91' lang='lat' dir='ltr'><strong>ac</strong></span> <span class='ocrx_word' id='word_1_520' title='bbox 932 3843 1135 3899; x_wconf 78' lang='lat' dir='ltr'><strong>sincere</strong></span> <span class='ocrx_word' id='word_1_521' title='bbox 1159 3841 1315 3898; x_wconf 81' lang='lat' dir='ltr'><strong>aliter</strong></span> <span class='ocrx_word' id='word_1_522' title='bbox 1343 3845 1444 3904; x_wconf 77' lang='lat' dir='ltr'><strong>nisi</strong></span> <span class='ocrx_word' id='word_1_523' title='bbox 1475 3861 1540 3899; x_wconf 67' lang='lat' dir='ltr'><strong>ex</strong></span> <span class='ocrx_word' id='word_1_524' title='bbox 1560 3863 1623 3899; x_wconf 87' lang='lat' dir='ltr'><strong>ea</strong></span> <span class='ocrx_word' id='word_1_525' title='bbox 1647 3845 1917 3918; x_wconf 75' lang='lat' dir='ltr'><strong>explicari.</strong></span> <span class='ocrx_word' id='word_1_526' title='bbox 1941 3845 2049 3902; x_wconf 82' lang='lat' dir='ltr'><strong>Sed</strong></span> <span class='ocrx_word' id='word_1_527' title='bbox 2073 3845 2201 3903; x_wconf 90' lang='lat' dir='ltr'><strong>hinc</strong></span> 
     </span>
    </p>
   </div>
   <div class='ocr_carea' id='block_1_64' title="bbox 610 3935 2199 4005">
    <p class='ocr_par' dir='ltr' id='par_1_64' title="bbox 610 3935 2199 4005">
     <span class='ocr_line' id='line_1_64' title="bbox 610 3935 2199 4005; baseline 0.004 -19"><span class='ocrx_word' id='word_1_528' title='bbox 610 3935 852 3989; x_wconf 75' lang='lat' dir='ltr'><strong>validum</strong></span> <span class='ocrx_word' id='word_1_529' title='bbox 896 3942 1274 4005; x_wconf 73' lang='lat' dir='ltr'><strong>argumentum</strong></span> <span class='ocrx_word' id='word_1_530' title='bbox 1325 3949 1541 3990; x_wconf 80' lang='lat' dir='ltr'><strong>sumere</strong></span> <span class='ocrx_word' id='word_1_531' title='bbox 1593 3936 1695 3990; x_wconf 88' lang='lat' dir='ltr'><strong>sibi</strong></span> <span class='ocrx_word' id='word_1_532' title='bbox 1748 3937 2000 4001; x_wconf 89' lang='lat' dir='ltr'><strong>videtur,</strong></span> <span class='ocrx_word' id='word_1_533' title='bbox 2052 3937 2199 3994; x_wconf 90' lang='lat' dir='ltr'><strong>hunc</strong></span> 
     </span>
    </p>
   </div>
   <div class='ocr_carea' id='block_1_65' title="bbox 611 4023 2197 4095">
    <p class='ocr_par' dir='ltr' id='par_1_65' title="bbox 611 4023 2197 4095">
     <span class='ocr_line' id='line_1_65' title="bbox 611 4023 2197 4095; baseline 0.002 -17"><span class='ocrx_word' id='word_1_534' title='bbox 611 4023 1009 4093; x_wconf 75' lang='lat' dir='ltr'><strong>ChiIlIetianum</strong></span> <span class='ocrx_word' id='word_1_535' title='bbox 1037 4024 1312 4087; x_wconf 81' lang='lat' dir='ltr'><strong>hominem</strong></span> <span class='ocrx_word' id='word_1_536' title='bbox 1338 4025 1497 4095; x_wconf 85' lang='lat' dir='ltr'><strong>plane</strong></span> <span class='ocrx_word' id='word_1_537' title='bbox 1532 4026 1696 4080; x_wconf 89' lang='lat' dir='ltr'><strong>alium</strong></span> <span class='ocrx_word' id='word_1_538' title='bbox 1723 4042 1847 4082; x_wconf 89' lang='lat' dir='ltr'><strong>esse</strong></span> <span class='ocrx_word' id='word_1_539' title='bbox 1889 4044 1920 4082; x_wconf 88' lang='lat' dir='ltr'><strong>a</strong></span> <span class='ocrx_word' id='word_1_540' title='bbox 1947 4043 2078 4083; x_wconf 84' lang='lat' dir='ltr'><strong>vero</strong></span> <span class='ocrx_word' id='word_1_541' title='bbox 2101 4028 2197 4081; x_wconf 76' lang='lat' dir='ltr'><strong>Al-</strong></span> 
     </span>
    </p>
   </div>
   <div class='ocr_carea' id='block_1_66' title="bbox 611 4115 2198 4190">
    <p class='ocr_par' dir='ltr' id='par_1_66' title="bbox 611 4115 2198 4190">
     <span class='ocr_line' id='line_1_66' title="bbox 611 4115 2198 4190; baseline 0.002 -19"><span class='ocrx_word' id='word_1_542' title='bbox 611 4117 793 4180; x_wconf 91' lang='lat' dir='ltr'><strong>cuino,</strong></span> <span class='ocrx_word' id='word_1_543' title='bbox 841 4116 935 4186; x_wconf 87' lang='lat' dir='ltr'><strong>qui</strong></span> <span class='ocrx_word' id='word_1_544' title='bbox 975 4115 1182 4171; x_wconf 86' lang='lat' dir='ltr'><strong>Christi</strong></span> <span class='ocrx_word' id='word_1_545' title='bbox 1219 4131 1416 4185; x_wconf 88' lang='lat' dir='ltr'><strong>corpus</strong></span> <span class='ocrx_word' id='word_1_546' title='bbox 1458 4117 1512 4171; x_wconf 89' lang='lat' dir='ltr'><strong>in</strong></span> <span class='ocrx_word' id='word_1_547' title='bbox 1546 4118 1708 4173; x_wconf 88' lang='lat' dir='ltr'><strong>terris</strong></span> <span class='ocrx_word' id='word_1_548' title='bbox 1738 4125 1853 4172; x_wconf 90' lang='lat' dir='ltr'><strong>toto</strong></span> <span class='ocrx_word' id='word_1_549' title='bbox 1882 4118 2021 4186; x_wconf 89' lang='lat' dir='ltr'><strong>hoc,</strong></span> <span class='ocrx_word' id='word_1_550' title='bbox 2053 4118 2198 4190; x_wconf 89' lang='lat' dir='ltr'><strong>quod</strong></span> 
     </span>
    </p>
   </div>
   <div class='ocr_carea' id='block_1_67' title="bbox 611 4205 2196 4280">
    <p class='ocr_par' dir='ltr' id='par_1_67' title="bbox 611 4205 2196 4280">
     <span class='ocr_line' id='line_1_67' title="bbox 611 4205 2196 4280; baseline 0.002 -18"><span class='ocrx_word' id='word_1_551' title='bbox 611 4207 873 4270; x_wconf 71' lang='lat' dir='ltr'><strong>dwwrit,</strong></span> <span class='ocrx_word' id='word_1_552' title='bbox 903 4205 1106 4262; x_wconf 66' lang='lat' dir='ltr'><strong>saturio</strong></span> <span class='ocrx_word' id='word_1_553' title='bbox 1143 4221 1383 4276; x_wconf 64' lang='lat' dir='ltr'><strong>praesens</strong></span> <span class='ocrx_word' id='word_1_554' title='bbox 1404 4208 1591 4262; x_wconf 83' lang='lat' dir='ltr'><strong>haberi</strong></span> <span class='ocrx_word' id='word_1_555' title='bbox 1626 4217 1808 4280; x_wconf 85' lang='lat' dir='ltr'><strong>negat.</strong></span> <span class='ocrx_word' id='word_1_556' title='bbox 1836 4209 1954 4264; x_wconf 82' lang='lat' dir='ltr'><strong>Huc</strong></span> <span class='ocrx_word' id='word_1_557' title='bbox 1983 4210 2196 4266; x_wconf 76' lang='lat' dir='ltr'><strong>Alcuini</strong></span> 
     </span>
    </p>
   </div>
   <div class='ocr_carea' id='block_1_68' title="bbox 611 4297 2192 4367">
    <p class='ocr_par' dir='ltr' id='par_1_68' title="bbox 611 4297 2192 4367">
     <span class='ocr_line' id='line_1_68' title="bbox 611 4297 2192 4367; baseline 0.004 -19"><span class='ocrx_word' id='word_1_558' title='bbox 611 4298 776 4360; x_wconf 79' lang='lat' dir='ltr'><strong>verba</strong></span> <span class='ocrx_word' id='word_1_559' title='bbox 807 4305 1024 4367; x_wconf 85' lang='lat' dir='ltr'><strong>torquet</strong></span> <span class='ocrx_word' id='word_1_560' title='bbox 1060 4312 1126 4352; x_wconf 88' lang='lat' dir='ltr'><strong>ex</strong></span> <span class='ocrx_word' id='word_1_561' title='bbox 1151 4297 1554 4360; x_wconf 78' lang='lat' dir='ltr'><strong>Commentario</strong></span> <span class='ocrx_word' id='word_1_562' title='bbox 1599 4299 1652 4354; x_wconf 92' lang='lat' dir='ltr'><strong>in</strong></span> <span class='ocrx_word' id='word_1_563' title='bbox 1682 4298 1946 4355; x_wconf 83' lang='lat' dir='ltr'><strong>Joannem</strong></span> <span class='ocrx_word' id='word_1_564' title='bbox 1973 4341 1987 4365; x_wconf 91' lang='lat'><strong>,</strong></span> <span class='ocrx_word' id='word_1_565' title='bbox 2013 4300 2107 4356; x_wconf 89' lang='lat' dir='ltr'><strong>lib.</strong></span> <span class='ocrx_word' id='word_1_566' title='bbox 2139 4317 2192 4367; x_wconf 89' lang='lat' dir='ltr'><strong>v,</strong></span> 
     </span>
    </p>
   </div>
   <div class='ocr_carea' id='block_1_69' title="bbox 613 4394 2199 4466">
    <p class='ocr_par' dir='ltr' id='par_1_69' title="bbox 613 4394 2199 4466">
     <span class='ocr_line' id='line_1_69' title="bbox 613 4394 2199 4466; baseline 0.001 -18"><span class='ocrx_word' id='word_1_567' title='bbox 613 4410 734 4466; x_wconf 80' lang='lat' dir='ltr'><strong>cap.</strong></span> <span class='ocrx_word' id='word_1_568' title='bbox 766 4394 859 4460; x_wconf 66' lang='grc' dir='ltr'><strong>ΞΒ,</strong></span> <span class='ocrx_word' id='word_1_569' title='bbox 892 4395 985 4450; x_wconf 87' lang='lat' dir='ltr'><strong>ubi</strong></span> <span class='ocrx_word' id='word_1_570' title='bbox 1013 4394 1274 4452; x_wconf 81' lang='lat' dir='ltr'><strong>Alcuinus</strong></span> <span class='ocrx_word' id='word_1_571' title='bbox 1300 4410 1576 4466; x_wconf 80' lang='lat' dir='ltr'><strong>exponens</strong></span> <span class='ocrx_word' id='word_1_572' title='bbox 1608 4395 1724 4452; x_wconf 67' lang='lat' dir='ltr'><strong>haec</strong></span> <span class='ocrx_word' id='word_1_573' title='bbox 1750 4395 1911 4451; x_wconf 85' lang='lat' dir='ltr'><strong>verba</strong></span> <span class='ocrx_word' id='word_1_574' title='bbox 1941 4415 1954 4449; x_wconf 76' lang='grc' dir='ltr'><strong>ε</strong></span> <span class='ocrx_word' id='word_1_575' title='bbox 1987 4394 2199 4466; x_wconf 82' lang='lat' dir='ltr'><strong>Paupe—</strong></span> 
     </span>
    </p>
   </div>
   <div class='ocr_carea' id='block_1_70' title="bbox 2304 3296 2555 3351">
    <p class='ocr_par' dir='ltr' id='par_1_70' title="bbox 2304 3296 2555 3351">
     <span class='ocr_line' id='line_1_70' title="bbox 2304 3296 2555 3351; baseline 0 -1"><span class='ocrx_word' id='word_1_576' title='bbox 2304 3296 2555 3351; x_wconf 86' lang='lat' dir='ltr'><strong>illeverit.</strong></span> 
     </span>
    </p>
   </div>
   <div class='ocr_carea' id='block_1_71' title="bbox 2375 3387 3906 3462">
    <p class='ocr_par' dir='ltr' id='par_1_71' title="bbox 2375 3387 3906 3462">
     <span class='ocr_line' id='line_1_71' title="bbox 2375 3387 3906 3462; baseline 0.005 -20"><span class='ocrx_word' id='word_1_577' title='bbox 2375 3387 2453 3442; x_wconf 88' lang='lat' dir='ltr'><strong>En</strong></span> <span class='ocrx_word' id='word_1_578' title='bbox 2478 3387 2858 3458; x_wconf 87' lang='lat' dir='ltr'><strong>gravissimum</strong></span> <span class='ocrx_word' id='word_1_579' title='bbox 2890 3387 3019 3443; x_wconf 90' lang='lat' dir='ltr'><strong>illud</strong></span> <span class='ocrx_word' id='word_1_580' title='bbox 3048 3396 3448 3459; x_wconf 77' lang='lat' dir='ltr'><strong>argumentum,</strong></span> <span class='ocrx_word' id='word_1_581' title='bbox 3478 3390 3638 3461; x_wconf 85' lang='lat' dir='ltr'><strong>cujus</strong></span> <span class='ocrx_word' id='word_1_582' title='bbox 3658 3393 3906 3462; x_wconf 78' lang='lat' dir='ltr'><strong>pondera</strong></span> 
     </span>
    </p>
   </div>
   <div class='ocr_carea' id='block_1_72' title="bbox 2301 3479 3904 3550">
    <p class='ocr_par' dir='ltr' id='par_1_72' title="bbox 2301 3479 3904 3550">
     <span class='ocr_line' id='line_1_72' title="bbox 2301 3479 3904 3550; baseline 0.002 -15"><span class='ocrx_word' id='word_1_583' title='bbox 2301 3495 2522 3550; x_wconf 86' lang='lat' dir='ltr'><strong>pressus</strong></span> <span class='ocrx_word' id='word_1_584' title='bbox 2555 3481 2815 3535; x_wconf 78' lang='lat' dir='ltr'><strong>Aleuinus</strong></span> <span class='ocrx_word' id='word_1_585' title='bbox 2840 3479 2964 3548; x_wconf 85' lang='lat' dir='ltr'><strong>jure</strong></span> <span class='ocrx_word' id='word_1_586' title='bbox 2991 3495 3091 3535; x_wconf 89' lang='lat' dir='ltr'><strong>suo</strong></span> <span class='ocrx_word' id='word_1_587' title='bbox 3120 3482 3278 3536; x_wconf 89' lang='lat' dir='ltr'><strong>cadat</strong></span> <span class='ocrx_word' id='word_1_588' title='bbox 3305 3495 3532 3538; x_wconf 87' lang='lat' dir='ltr'><strong>necesse</strong></span> <span class='ocrx_word' id='word_1_589' title='bbox 3553 3489 3657 3549; x_wconf 90' lang='lat' dir='ltr'><strong>est,</strong></span> <span class='ocrx_word' id='word_1_590' title='bbox 3699 3484 3745 3538; x_wconf 86' lang='lat' dir='ltr'><strong>si</strong></span> <span class='ocrx_word' id='word_1_591' title='bbox 3775 3483 3904 3538; x_wconf 55' lang='lat' dir='ltr'><strong>Da}.</strong></span> 
     </span>
    </p>
   </div>
   <div class='ocr_carea' id='block_1_73' title="bbox 2301 3571 3906 3645">
    <p class='ocr_par' dir='ltr' id='par_1_73' title="bbox 2301 3571 3906 3645">
     <span class='ocr_line' id='line_1_73' title="bbox 2301 3571 3906 3645; baseline 0.002 -20"><span class='ocrx_word' id='word_1_592' title='bbox 2301 3571 2403 3628; x_wconf 73' lang='lat' dir='ltr'><strong>lteo</strong></span> <span class='ocrx_word' id='word_1_593' title='bbox 2448 3571 2740 3626; x_wconf 88' lang='lat' dir='ltr'><strong>credimus.</strong></span> <span class='ocrx_word' id='word_1_594' title='bbox 2790 3571 2994 3626; x_wconf 78' lang='lat' dir='ltr'><strong>Verum</strong></span> <span class='ocrx_word' id='word_1_595' title='bbox 3043 3573 3146 3626; x_wconf 88' lang='lat' dir='ltr'><strong>hoc</strong></span> <span class='ocrx_word' id='word_1_596' title='bbox 3180 3572 3512 3628; x_wconf 86' lang='lat' dir='ltr'><strong>levissimum</strong></span> <span class='ocrx_word' id='word_1_597' title='bbox 3553 3588 3675 3630; x_wconf 82' lang='lat' dir='ltr'><strong>esse</strong></span> <span class='ocrx_word' id='word_1_598' title='bbox 3717 3574 3906 3645; x_wconf 69' lang='lat' dir='ltr'><strong>quivis</strong></span> 
     </span>
    </p>
   </div>
   <div class='ocr_carea' id='block_1_74' title="bbox 2302 3660 3905 3733">
    <p class='ocr_par' dir='ltr' id='par_1_74' title="bbox 2302 3660 3905 3733">
     <span class='ocr_line' id='line_1_74' title="bbox 2302 3660 3905 3733; baseline 0.001 -15"><span class='ocrx_word' id='word_1_599' title='bbox 2302 3660 2462 3718; x_wconf 79' lang='lat' dir='ltr'><strong>facile</strong></span> <span class='ocrx_word' id='word_1_600' title='bbox 2488 3660 2770 3724; x_wconf 90' lang='lat' dir='ltr'><strong>concedet,</strong></span> <span class='ocrx_word' id='word_1_601' title='bbox 2798 3661 2891 3730; x_wconf 91' lang='lat' dir='ltr'><strong>qui</strong></span> <span class='ocrx_word' id='word_1_602' title='bbox 2928 3670 3136 3718; x_wconf 72' lang='lat' dir='ltr'><strong>natura:</strong></span> <span class='ocrx_word' id='word_1_603' title='bbox 3162 3663 3419 3719; x_wconf 67' lang='lat' dir='ltr'><strong>humanae</strong></span> <span class='ocrx_word' id='word_1_604' title='bbox 3446 3671 3761 3733; x_wconf 84' lang='lat' dir='ltr'><strong>corruptum</strong></span> <span class='ocrx_word' id='word_1_605' title='bbox 3785 3673 3905 3720; x_wconf 47' lang='lat' dir='ltr'><strong>stas</strong></span> 
     </span>
    </p>
   </div>
   <div class='ocr_carea' id='block_1_75' title="bbox 2303 3751 3901 3819">
    <p class='ocr_par' dir='ltr' id='par_1_75' title="bbox 2303 3751 3901 3819">
     <span class='ocr_line' id='line_1_75' title="bbox 2303 3751 3901 3819; baseline 0 -12"><span class='ocrx_word' id='word_1_606' title='bbox 2303 3759 2418 3807; x_wconf 85' lang='lat' dir='ltr'><strong>tum</strong></span> <span class='ocrx_word' id='word_1_607' title='bbox 2443 3751 2755 3807; x_wconf 88' lang='lat' dir='ltr'><strong>attenderit.</strong></span> <span class='ocrx_word' id='word_1_608' title='bbox 2787 3751 3143 3819; x_wconf 87' lang='lat' dir='ltr'><strong>Quantumvis</strong></span> <span class='ocrx_word' id='word_1_609' title='bbox 3185 3755 3331 3809; x_wconf 86' lang='lat' dir='ltr'><strong>enim</strong></span> <span class='ocrx_word' id='word_1_610' title='bbox 3361 3770 3526 3811; x_wconf 86' lang='lat' dir='ltr'><strong>aurea</strong></span> <span class='ocrx_word' id='word_1_611' title='bbox 3569 3753 3749 3812; x_wconf 84' lang='lat' dir='ltr'><strong>Caroli</strong></span> <span class='ocrx_word' id='word_1_612' title='bbox 3778 3754 3901 3811; x_wconf 57' lang='lat' dir='ltr'><strong>Ila.</strong></span> 
     </span>
    </p>
   </div>
   <div class='ocr_carea' id='block_1_76' title="bbox 2301 3845 3901 3919">
    <p class='ocr_par' dir='ltr' id='par_1_76' title="bbox 2301 3845 3901 3919">
     <span class='ocr_line' id='line_1_76' title="bbox 2301 3845 3901 3919; baseline 0.002 -19"><span class='ocrx_word' id='word_1_613' title='bbox 2301 3845 2394 3917; x_wconf 84' lang='lat' dir='ltr'><strong>gni</strong></span> <span class='ocrx_word' id='word_1_614' title='bbox 2435 3854 2676 3916; x_wconf 88' lang='lat' dir='ltr'><strong>tempora</strong></span> <span class='ocrx_word' id='word_1_615' title='bbox 2714 3845 2937 3912; x_wconf 90' lang='lat' dir='ltr'><strong>fuerint,</strong></span> <span class='ocrx_word' id='word_1_616' title='bbox 2977 3861 3140 3916; x_wconf 88' lang='lat' dir='ltr'><strong>quam</strong></span> <span class='ocrx_word' id='word_1_617' title='bbox 3169 3847 3340 3902; x_wconf 90' lang='lat' dir='ltr'><strong>multa</strong></span> <span class='ocrx_word' id='word_1_618' title='bbox 3381 3848 3733 3911; x_wconf 84' lang='lat' dir='ltr'><strong>nihilominus</strong></span> <span class='ocrx_word' id='word_1_619' title='bbox 3761 3848 3901 3919; x_wconf 66' lang='lat' dir='ltr'><strong>vitia</strong></span> 
     </span>
    </p>
   </div>
   <div class='ocr_carea' id='block_1_77' title="bbox 2301 3936 3894 4010">
    <p class='ocr_par' dir='ltr' id='par_1_77' title="bbox 2301 3936 3894 4010">
     <span class='ocr_line' id='line_1_77' title="bbox 2301 3936 3894 4010; baseline 0.001 -16"><span class='ocrx_word' id='word_1_620' title='bbox 2301 3947 2544 4010; x_wconf 87' lang='lat' dir='ltr'><strong>grassata</strong></span> <span class='ocrx_word' id='word_1_621' title='bbox 2573 3943 2721 4001; x_wconf 88' lang='lat' dir='ltr'><strong>sunt,</strong></span> <span class='ocrx_word' id='word_1_622' title='bbox 2743 3952 2864 4007; x_wconf 84' lang='lat' dir='ltr'><strong>quae</strong></span> <span class='ocrx_word' id='word_1_623' title='bbox 2887 3938 2977 4009; x_wconf 91' lang='lat' dir='ltr'><strong>pio</strong></span> <span class='ocrx_word' id='word_1_624' title='bbox 3005 3938 3204 4009; x_wconf 88' lang='lat' dir='ltr'><strong>cuique</strong></span> <span class='ocrx_word' id='word_1_625' title='bbox 3221 3936 3357 4008; x_wconf 85' lang='lat' dir='ltr'><strong>justi</strong></span> <span class='ocrx_word' id='word_1_626' title='bbox 3379 3939 3581 3995; x_wconf 87' lang='lat' dir='ltr'><strong>doloris</strong></span> <span class='ocrx_word' id='word_1_627' title='bbox 3605 3940 3894 3996; x_wconf 87' lang='lat' dir='ltr'><strong>materiam</strong></span> 
     </span>
    </p>
   </div>
   <div class='ocr_carea' id='block_1_78' title="bbox 2298 4028 3895 4102">
    <p class='ocr_par' dir='ltr' id='par_1_78' title="bbox 2298 4028 3895 4102">
     <span class='ocr_line' id='line_1_78' title="bbox 2298 4028 3895 4102; baseline 0.001 -17"><span class='ocrx_word' id='word_1_628' title='bbox 2298 4030 2540 4102; x_wconf 69' lang='lat' dir='ltr'><strong>praebere</strong></span> <span class='ocrx_word' id='word_1_629' title='bbox 2561 4031 2788 4099; x_wconf 88' lang='lat' dir='ltr'><strong>possint.</strong></span> <span class='ocrx_word' id='word_1_630' title='bbox 2822 4029 2955 4096; x_wconf 85' lang='lat' dir='ltr'><strong>Quis</strong></span> <span class='ocrx_word' id='word_1_631' title='bbox 2983 4031 3129 4086; x_wconf 90' lang='lat' dir='ltr'><strong>enim</strong></span> <span class='ocrx_word' id='word_1_632' title='bbox 3166 4028 3377 4086; x_wconf 86' lang='lat' dir='ltr'><strong>felicior</strong></span> <span class='ocrx_word' id='word_1_633' title='bbox 3403 4046 3642 4101; x_wconf 91' lang='lat' dir='ltr'><strong>unquam</strong></span> <span class='ocrx_word' id='word_1_634' title='bbox 3674 4046 3895 4101; x_wconf 86' lang='lat' dir='ltr'><strong>morum</strong></span> 
     </span>
    </p>
   </div>
   <div class='ocr_carea' id='block_1_79' title="bbox 2300 4119 3898 4193">
    <p class='ocr_par' dir='ltr' id='par_1_79' title="bbox 2300 4119 3898 4193">
     <span class='ocr_line' id='line_1_79' title="bbox 2300 4119 3898 4193; baseline 0.002 -17"><span class='ocrx_word' id='word_1_635' title='bbox 2300 4128 2476 4178; x_wconf 89' lang='lat' dir='ltr'><strong>status</strong></span> <span class='ocrx_word' id='word_1_636' title='bbox 2516 4119 2619 4179; x_wconf 87' lang='lat' dir='ltr'><strong>fuit</strong></span> <span class='ocrx_word' id='word_1_637' title='bbox 2660 4136 2825 4190; x_wconf 89' lang='lat' dir='ltr'><strong>quam</strong></span> <span class='ocrx_word' id='word_1_638' title='bbox 2868 4120 2922 4175; x_wconf 91' lang='lat' dir='ltr'><strong>in</strong></span> <span class='ocrx_word' id='word_1_639' title='bbox 2977 4119 3252 4192; x_wconf 87' lang='lat' dir='ltr'><strong>primitiva</strong></span> <span class='ocrx_word' id='word_1_640' title='bbox 3294 4119 3574 4176; x_wconf 70' lang='lat' dir='ltr'><strong>Ecclesia!</strong></span> <span class='ocrx_word' id='word_1_641' title='bbox 3621 4120 3898 4193; x_wconf 77' lang='lat' dir='ltr'><strong>Ettameu</strong></span> 
     </span>
    </p>
   </div>
   <div class='ocr_carea' id='block_1_80' title="bbox 2299 4200 3906 4284">
    <p class='ocr_par' dir='ltr' id='par_1_80' title="bbox 2299 4200 3906 4284">
     <span class='ocr_line' id='line_1_80' title="bbox 2299 4200 3906 4284; baseline -0.001 -14"><span class='ocrx_word' id='word_1_642' title='bbox 2299 4221 2498 4284; x_wconf 88' lang='lat' dir='ltr'><strong>quanta</strong></span> <span class='ocrx_word' id='word_1_643' title='bbox 2515 4211 2716 4281; x_wconf 80' lang='lat' dir='ltr'><strong>ﬂagitia</strong></span> <span class='ocrx_word' id='word_1_644' title='bbox 2732 4211 2786 4266; x_wconf 92' lang='lat' dir='ltr'><strong>in</strong></span> <span class='ocrx_word' id='word_1_645' title='bbox 2803 4212 2994 4284; x_wconf 87' lang='lat' dir='ltr'><strong>primis</strong></span> <span class='ocrx_word' id='word_1_646' title='bbox 3011 4212 3117 4268; x_wconf 91' lang='lat' dir='ltr'><strong>illis</strong></span> <span class='ocrx_word' id='word_1_647' title='bbox 3130 4200 3458 4268; x_wconf 77' lang='lat' dir='ltr'><strong>Christianis</strong></span> <span class='ocrx_word' id='word_1_648' title='bbox 3473 4213 3648 4284; x_wconf 85' lang='lat' dir='ltr'><strong>carpit</strong></span> <span class='ocrx_word' id='word_1_649' title='bbox 3659 4213 3860 4270; x_wconf 80' lang='lat' dir='ltr'><strong>Paulus</strong></span> <span class='ocrx_word' id='word_1_650' title='bbox 3873 4214 3906 4268; x_wconf 64' lang='grc' dir='ltr'>τι</span> 
     </span>
    </p>
   </div>
   <div class='ocr_carea' id='block_1_81' title="bbox 2299 4303 3900 4375">
    <p class='ocr_par' dir='ltr' id='par_1_81' title="bbox 2299 4303 3900 4375">
     <span class='ocr_line' id='line_1_81' title="bbox 2299 4303 3900 4375; baseline 0.001 -16"><span class='ocrx_word' id='word_1_651' title='bbox 2299 4303 2512 4372; x_wconf 87' lang='lat' dir='ltr'><strong>Quanta</strong></span> <span class='ocrx_word' id='word_1_652' title='bbox 2541 4304 2630 4360; x_wconf 87' lang='lat' dir='ltr'><strong>alii</strong></span> <span class='ocrx_word' id='word_1_653' title='bbox 2667 4304 2826 4362; x_wconf 87' lang='lat' dir='ltr'><strong>istius</strong></span> <span class='ocrx_word' id='word_1_654' title='bbox 2852 4304 2954 4359; x_wconf 62' lang='lat' dir='ltr'><strong>arvi</strong></span> <span class='ocrx_word' id='word_1_655' title='bbox 2983 4305 3268 4359; x_wconf 81' lang='lat' dir='ltr'><strong>auctores?</strong></span> <span class='ocrx_word' id='word_1_656' title='bbox 3289 4303 3403 4375; x_wconf 78' lang='lat' dir='ltr'><strong>Age</strong></span> <span class='ocrx_word' id='word_1_657' title='bbox 3433 4318 3586 4370; x_wconf 88' lang='lat' dir='ltr'><strong>vero,</strong></span> <span class='ocrx_word' id='word_1_658' title='bbox 3610 4303 3900 4374; x_wconf 57' lang='lat' dir='ltr'><strong>videamus</strong></span> 
     </span>
    </p>
   </div>
   <div class='ocr_carea' id='block_1_82' title="bbox 2301 4390 3898 4464">
    <p class='ocr_par' dir='ltr' id='par_1_82' title="bbox 2301 4390 3898 4464">
     <span class='ocr_line' id='line_1_82' title="bbox 2301 4390 3898 4464; baseline 0.002 -14"><span class='ocrx_word' id='word_1_659' title='bbox 2301 4411 2370 4450; x_wconf 89' lang='lat' dir='ltr'><strong>an</strong></span> <span class='ocrx_word' id='word_1_660' title='bbox 2395 4393 2699 4450; x_wconf 82' lang='lat' dir='ltr'><strong>Germanus</strong></span> <span class='ocrx_word' id='word_1_661' title='bbox 2737 4390 2998 4450; x_wconf 81' lang='lat' dir='ltr'><strong>Alcuinus</strong></span> <span class='ocrx_word' id='word_1_662' title='bbox 3029 4393 3087 4448; x_wconf 90' lang='lat' dir='ltr'><strong>in</strong></span> <span class='ocrx_word' id='word_1_663' title='bbox 3114 4393 3346 4450; x_wconf 83' lang='lat' dir='ltr'><strong>sinceris</strong></span> <span class='ocrx_word' id='word_1_664' title='bbox 3375 4394 3596 4464; x_wconf 85' lang='lat' dir='ltr'><strong>scriptis</strong></span> <span class='ocrx_word' id='word_1_665' title='bbox 3637 4395 3750 4452; x_wconf 84' lang='lat' dir='ltr'><strong>suis</strong></span> <span class='ocrx_word' id='word_1_666' title='bbox 3790 4394 3898 4453; x_wconf 73' lang='lat' dir='ltr'><strong>Ca-</strong></span> 
     </span>
    </p>
   </div>
   <div class='ocr_carea' id='block_1_83' title="bbox 614 4483 3895 4556">
    <p class='ocr_par' dir='ltr' id='par_1_83' title="bbox 614 4483 3895 4556">
     <span class='ocr_line' id='line_1_83' title="bbox 614 4483 3895 4556; baseline 0.001 -18"><span class='ocrx_word' id='word_1_667' title='bbox 614 4502 697 4551; x_wconf 69' lang='lat' dir='ltr'><strong>res</strong></span> <span class='ocrx_word' id='word_1_668' title='bbox 721 4502 924 4556; x_wconf 77' lang='lat' dir='ltr'><strong>semper</strong></span> <span class='ocrx_word' id='word_1_669' title='bbox 949 4485 1150 4544; x_wconf 72' lang='lat' dir='ltr'><strong>habetis</strong></span> <span class='ocrx_word' id='word_1_670' title='bbox 1175 4485 1435 4540; x_wconf 76' lang='lat' dir='ltr'><strong>uobiscum</strong></span> <span class='ocrx_word' id='word_1_671' title='bbox 1455 4527 1469 4552; x_wconf 98' lang='lat'><strong>,</strong></span> <span class='ocrx_word' id='word_1_672' title='bbox 1510 4502 1591 4542; x_wconf 71' lang='lat' dir='ltr'><strong>ne</strong></span> <span class='ocrx_word' id='word_1_673' title='bbox 1629 4495 1807 4541; x_wconf 84' lang='lat' dir='ltr'><strong>autem</strong></span> <span class='ocrx_word' id='word_1_674' title='bbox 1850 4504 1957 4542; x_wconf 73' lang='lat' dir='ltr'><strong>non</strong></span> <span class='ocrx_word' id='word_1_675' title='bbox 1997 4502 2199 4556; x_wconf 74' lang='lat' dir='ltr'><strong>semper</strong></span> <span class='ocrx_word' id='word_1_676' title='bbox 2302 4486 2402 4542; x_wconf 89' lang='lat' dir='ltr'><strong>roli</strong></span> <span class='ocrx_word' id='word_1_677' title='bbox 2441 4501 2613 4540; x_wconf 69' lang='lat' dir='ltr'><strong>aevum</strong></span> <span class='ocrx_word' id='word_1_678' title='bbox 2643 4486 2711 4540; x_wconf 89' lang='lat' dir='ltr'><strong>ab</strong></span> <span class='ocrx_word' id='word_1_679' title='bbox 2741 4486 2890 4540; x_wconf 88' lang='lat' dir='ltr'><strong>omni</strong></span> <span class='ocrx_word' id='word_1_680' title='bbox 2933 4484 3056 4541; x_wconf 85' lang='lat' dir='ltr'><strong>labe</strong></span> <span class='ocrx_word' id='word_1_681' title='bbox 3097 4485 3336 4541; x_wconf 87' lang='lat' dir='ltr'><strong>immune</strong></span> <span class='ocrx_word' id='word_1_682' title='bbox 3375 4483 3544 4542; x_wconf 85' lang='lat' dir='ltr'><strong>fuisse</strong></span> <span class='ocrx_word' id='word_1_683' title='bbox 3572 4485 3895 4556; x_wconf 70' lang='lat' dir='ltr'><strong>crediderit,</strong></span> 
     </span>
    </p>
   </div>
   <div class='ocr_carea' id='block_1_84' title="bbox 617 4556 3893 4654">
    <p class='ocr_par' dir='ltr' id='par_1_84' title="bbox 617 4556 3893 4654">
     <span class='ocr_line' id='line_1_84' title="bbox 617 4556 3893 4654; baseline 0.002 -24"><span class='ocrx_word' id='word_1_684' title='bbox 617 4577 890 4641; x_wconf 66' lang='lat' dir='ltr'><strong>habebitis,</strong></span> <span class='ocrx_word' id='word_1_685' title='bbox 919 4576 1256 4643; x_wconf 60' lang='lat' dir='ltr'><strong>demonstrat</strong></span> <span class='ocrx_word' id='word_1_686' title='bbox 1280 4592 1387 4632; x_wconf 86' lang='lat' dir='ltr'><strong>non</strong></span> <span class='ocrx_word' id='word_1_687' title='bbox 1411 4591 1534 4633; x_wconf 73' lang='lat' dir='ltr'><strong>esse</strong></span> <span class='ocrx_word' id='word_1_688' title='bbox 1559 4577 1858 4647; x_wconf 82' lang='lat' dir='ltr'><strong>culpandus</strong></span> <span class='ocrx_word' id='word_1_689' title='bbox 1897 4592 1994 4632; x_wconf 86' lang='lat' dir='ltr'><strong>eos</strong></span> <span class='ocrx_word' id='word_1_690' title='bbox 2025 4578 2118 4646; x_wconf 84' lang='lat' dir='ltr'><strong>qui</strong></span> <span class='ocrx_word' id='word_1_691' title='bbox 2146 4578 2196 4632; x_wconf 89' lang='lat' dir='ltr'><strong>ei</strong></span> <span class='ocrx_word' id='word_1_692' title='bbox 2226 4556 2277 4619; x_wconf 74' lang='grc' dir='ltr'><strong><em>υ</em></strong></span> <span class='ocrx_word' id='word_1_693' title='bbox 2299 4579 2414 4635; x_wconf 83' lang='lat' dir='ltr'><strong>lmo</strong></span> <span class='ocrx_word' id='word_1_694' title='bbox 2452 4594 2585 4634; x_wconf 90' lang='lat' dir='ltr'><strong>vero</strong></span> <span class='ocrx_word' id='word_1_695' title='bbox 2621 4579 2777 4648; x_wconf 80' lang='lat' dir='ltr'><strong>longe</strong></span> <span class='ocrx_word' id='word_1_696' title='bbox 2807 4580 3140 4634; x_wconf 87' lang='lat' dir='ltr'><strong>contrarium</strong></span> <span class='ocrx_word' id='word_1_697' title='bbox 3188 4579 3346 4634; x_wconf 84' lang='lat' dir='ltr'><strong>docet</strong></span> <span class='ocrx_word' id='word_1_698' title='bbox 3391 4579 3446 4634; x_wconf 86' lang='lat' dir='ltr'><strong>in</strong></span> <span class='ocrx_word' id='word_1_699' title='bbox 3491 4580 3719 4650; x_wconf 85' lang='lat' dir='ltr'><strong>epistola</strong></span> <span class='ocrx_word' id='word_1_700' title='bbox 3757 4579 3893 4654; x_wconf 60' lang='lat'><strong>£62,,</strong></span> 
     </span>
    </p>
   </div>
   <div class='ocr_carea' id='block_1_85' title="bbox 613 4666 2197 4728">
    <p class='ocr_par' dir='ltr' id='par_1_85' title="bbox 613 4666 2197 4728">
     <span class='ocr_line' id='line_1_85' title="bbox 613 4666 2197 4728; baseline 0 -6"><span class='ocrx_word' id='word_1_701' title='bbox 613 4670 758 4723; x_wconf 87' lang='lat' dir='ltr'><strong>inter</strong></span> <span class='ocrx_word' id='word_1_702' title='bbox 787 4667 1036 4728; x_wconf 84' lang='lat' dir='ltr'><strong>homines</strong></span> <span class='ocrx_word' id='word_1_703' title='bbox 1061 4667 1409 4726; x_wconf 79' lang='lat' dir='ltr'><strong>conversanti</strong></span> <span class='ocrx_word' id='word_1_704' title='bbox 1431 4667 1503 4724; x_wconf 83' lang='lat' dir='ltr'><strong>da</strong></span> <span class='ocrx_word' id='word_1_705' title='bbox 1527 4666 1874 4725; x_wconf 82' lang='lat' dir='ltr'><strong>facultatibus</strong></span> <span class='ocrx_word' id='word_1_706' title='bbox 1896 4668 2014 4724; x_wconf 88' lang='lat' dir='ltr'><strong>suis</strong></span> <span class='ocrx_word' id='word_1_707' title='bbox 2035 4667 2197 4723; x_wconf 86' lang='lat' dir='ltr'><strong>mini—</strong></span> 
     </span>
    </p>
   </div>
   <div class='ocr_carea' id='block_1_86' title="bbox 613 4760 2199 4832">
    <p class='ocr_par' dir='ltr' id='par_1_86' title="bbox 613 4760 2199 4832">
     <span class='ocr_line' id='line_1_86' title="bbox 613 4760 2199 4832; baseline -0.001 -14"><span class='ocrx_word' id='word_1_708' title='bbox 613 4770 888 4818; x_wconf 87' lang='lat' dir='ltr'><strong>strarent:</strong></span> <span class='ocrx_word' id='word_1_709' title='bbox 924 4779 943 4818; x_wconf 77' lang='lat' dir='ltr'><strong>t.</strong></span> <span class='ocrx_word' id='word_1_710' title='bbox 968 4761 1103 4818; x_wconf 90' lang='lat' dir='ltr'><strong>Cum</strong></span> <span class='ocrx_word' id='word_1_711' title='bbox 1123 4767 1234 4830; x_wconf 84' lang='lat' dir='ltr'><strong>tam</strong></span> <span class='ocrx_word' id='word_1_712' title='bbox 1254 4775 1425 4831; x_wconf 84' lang='lat' dir='ltr'><strong>parvo</strong></span> <span class='ocrx_word' id='word_1_713' title='bbox 1449 4770 1695 4831; x_wconf 81' lang='lat' dir='ltr'><strong>tempore</strong></span> <span class='ocrx_word' id='word_1_714' title='bbox 1714 4762 1829 4831; x_wconf 87' lang='lat' dir='ltr'><strong>ipse</strong></span> <span class='ocrx_word' id='word_1_715' title='bbox 1852 4761 1991 4832; x_wconf 79' lang='lat' dir='ltr'><strong>apud</strong></span> <span class='ocrx_word' id='word_1_716' title='bbox 2010 4760 2199 4817; x_wconf 82' lang='lat' dir='ltr'><strong>Eccle—</strong></span> 
     </span>
    </p>
   </div>
   <div class='ocr_carea' id='block_1_87' title="bbox 611 4851 2198 4922">
    <p class='ocr_par' dir='ltr' id='par_1_87' title="bbox 611 4851 2198 4922">
     <span class='ocr_line' id='line_1_87' title="bbox 611 4851 2198 4922; baseline 0.001 -15"><span class='ocrx_word' id='word_1_717' title='bbox 611 4855 748 4907; x_wconf 88' lang='lat' dir='ltr'><strong>siam</strong></span> <span class='ocrx_word' id='word_1_718' title='bbox 778 4851 1123 4922; x_wconf 80' lang='lat' dir='ltr'><strong>corporaliter</strong></span> <span class='ocrx_word' id='word_1_719' title='bbox 1144 4867 1460 4915; x_wconf 89' lang='lat' dir='ltr'><strong>mansurus;</strong></span> <span class='ocrx_word' id='word_1_720' title='bbox 1487 4867 1751 4922; x_wconf 80' lang='lat' dir='ltr'><strong>pauperes</strong></span> <span class='ocrx_word' id='word_1_721' title='bbox 1772 4861 1972 4917; x_wconf 87' lang='lat' dir='ltr'><strong>autem,</strong></span> <span class='ocrx_word' id='word_1_722' title='bbox 2001 4852 2198 4922; x_wconf 81' lang='lat' dir='ltr'><strong>quibus</strong></span> 
     </span>
    </p>
   </div>
   <div class='ocr_carea' id='block_1_88' title="bbox 609 4942 2198 5014">
    <p class='ocr_par' dir='ltr' id='par_1_88' title="bbox 609 4942 2198 5014">
     <span class='ocr_line' id='line_1_88' title="bbox 609 4942 2198 5014; baseline -0.003 -14"><span class='ocrx_word' id='word_1_723' title='bbox 609 4943 956 5014; x_wconf 65' lang='lat' dir='ltr'><strong>eleanosyna</strong></span> <span class='ocrx_word' id='word_1_724' title='bbox 982 4942 1101 5002; x_wconf 83' lang='lat' dir='ltr'><strong>fieri</strong></span> <span class='ocrx_word' id='word_1_725' title='bbox 1125 4952 1343 5013; x_wconf 85' lang='lat' dir='ltr'><strong>posset,</strong></span> <span class='ocrx_word' id='word_1_726' title='bbox 1377 4943 1430 4997; x_wconf 87' lang='lat' dir='ltr'><strong>in</strong></span> <span class='ocrx_word' id='word_1_727' title='bbox 1458 4955 1522 4995; x_wconf 88' lang='lat' dir='ltr'><strong>ea</strong></span> <span class='ocrx_word' id='word_1_728' title='bbox 1547 4955 1762 5012; x_wconf 79' lang='lat' dir='ltr'><strong>semper</strong></span> <span class='ocrx_word' id='word_1_729' title='bbox 1785 4951 1968 5008; x_wconf 69' lang='lat' dir='ltr'><strong>essent</strong></span> <span class='ocrx_word' id='word_1_730' title='bbox 1994 4943 2198 5006; x_wconf 80' lang='lat' dir='ltr'><strong>haben-</strong></span> 
     </span>
    </p>
   </div>
   <div class='ocr_carea' id='block_1_89' title="bbox 613 5031 2199 5103">
    <p class='ocr_par' dir='ltr' id='par_1_89' title="bbox 613 5031 2199 5103">
     <span class='ocr_line' id='line_1_89' title="bbox 613 5031 2199 5103; baseline 0.006 -18"><span class='ocrx_word' id='word_1_731' title='bbox 613 5033 686 5088; x_wconf 89' lang='lat' dir='ltr'><strong>di.</strong></span> <span class='ocrx_word' id='word_1_732' title='bbox 713 5055 733 5085; x_wconf 86' lang='grc'><strong>›</strong></span> <span class='ocrx_word' id='word_1_733' title='bbox 757 5031 859 5089; x_wconf 85' lang='lat' dir='ltr'><strong>llic</strong></span> <span class='ocrx_word' id='word_1_734' title='bbox 886 5034 996 5088; x_wconf 91' lang='lat' dir='ltr'><strong>vim</strong></span> <span class='ocrx_word' id='word_1_735' title='bbox 1022 5033 1152 5088; x_wconf 87' lang='lat' dir='ltr'><strong>facit</strong></span> <span class='ocrx_word' id='word_1_736' title='bbox 1167 5032 1399 5099; x_wconf 79' lang='lat' dir='ltr'><strong>Dallzeus</strong></span> <span class='ocrx_word' id='word_1_737' title='bbox 1422 5033 1477 5091; x_wconf 85' lang='lat' dir='ltr'><strong>in</strong></span> <span class='ocrx_word' id='word_1_738' title='bbox 1499 5047 1632 5087; x_wconf 74' lang='lat' dir='ltr'><strong>voce</strong></span> <span class='ocrx_word' id='word_1_739' title='bbox 1650 5034 2014 5103; x_wconf 63' lang='lat' dir='ltr'><strong>corporaliter.</strong></span> <span class='ocrx_word' id='word_1_740' title='bbox 2035 5048 2199 5102; x_wconf 86' lang='lat' dir='ltr'><strong>quam</strong></span> 
     </span>
    </p>
   </div>
   <div class='ocr_carea' id='block_1_90' title="bbox 613 5121 2196 5194">
    <p class='ocr_par' dir='ltr' id='par_1_90' title="bbox 613 5121 2196 5194">
     <span class='ocr_line' id='line_1_90' title="bbox 613 5121 2196 5194; baseline -0.001 -15"><span class='ocrx_word' id='word_1_741' title='bbox 613 5125 907 5194; x_wconf 76' lang='lat' dir='ltr'><strong>majoribus</strong></span> <span class='ocrx_word' id='word_1_742' title='bbox 933 5123 1128 5178; x_wconf 88' lang='lat' dir='ltr'><strong>litteris</strong></span> <span class='ocrx_word' id='word_1_743' title='bbox 1159 5124 1396 5178; x_wconf 79' lang='lat' dir='ltr'><strong>exhibet.</strong></span> <span class='ocrx_word' id='word_1_744' title='bbox 1424 5121 1591 5189; x_wconf 84' lang='lat' dir='ltr'><strong>Quasi</strong></span> <span class='ocrx_word' id='word_1_745' title='bbox 1637 5136 1766 5176; x_wconf 89' lang='lat' dir='ltr'><strong>vero</strong></span> <span class='ocrx_word' id='word_1_746' title='bbox 1807 5137 1907 5176; x_wconf 88' lang='lat' dir='ltr'><strong>nos</strong></span> <span class='ocrx_word' id='word_1_747' title='bbox 1951 5122 2065 5192; x_wconf 86' lang='lat' dir='ltr'><strong>jam</strong></span> <span class='ocrx_word' id='word_1_748' title='bbox 2103 5139 2196 5177; x_wconf 91' lang='lat' dir='ltr'><strong>ca-</strong></span> 
     </span>
    </p>
   </div>
   <div class='ocr_carea' id='block_1_91' title="bbox 607 5211 2194 5285">
    <p class='ocr_par' dir='ltr' id='par_1_91' title="bbox 607 5211 2194 5285">
     <span class='ocr_line' id='line_1_91' title="bbox 607 5211 2194 5285; baseline -0.001 -15"><span class='ocrx_word' id='word_1_749' title='bbox 607 5215 796 5270; x_wconf 85' lang='lat' dir='ltr'><strong>tholici</strong></span> <span class='ocrx_word' id='word_1_750' title='bbox 838 5228 1028 5274; x_wconf 88' lang='lat' dir='ltr'><strong>omnes</strong></span> <span class='ocrx_word' id='word_1_751' title='bbox 1061 5214 1116 5271; x_wconf 89' lang='lat' dir='ltr'><strong>id</strong></span> <span class='ocrx_word' id='word_1_752' title='bbox 1148 5213 1321 5283; x_wconf 87' lang='lat' dir='ltr'><strong>ipsum</strong></span> <span class='ocrx_word' id='word_1_753' title='bbox 1355 5211 1564 5285; x_wconf 84' lang='lat' dir='ltr'><strong>profert</strong></span> <span class='ocrx_word' id='word_1_754' title='bbox 1586 5212 1846 5283; x_wconf 83' lang='lat' dir='ltr'><strong>Alcuinus</strong></span> <span class='ocrx_word' id='word_1_755' title='bbox 1885 5214 2060 5283; x_wconf 89' lang='lat' dir='ltr'><strong>palam</strong></span> <span class='ocrx_word' id='word_1_756' title='bbox 2088 5230 2194 5281; x_wconf 65' lang='lat' dir='ltr'><strong>non</strong></span> 
     </span>
    </p>
   </div>
   <div class='ocr_carea' id='block_1_92' title="bbox 545 5303 2191 5376">
    <p class='ocr_par' dir='ltr' id='par_1_92' title="bbox 545 5303 2191 5376">
     <span class='ocr_line' id='line_1_92' title="bbox 545 5303 2191 5376; baseline 0.007 -19"><span class='ocrx_word' id='word_1_757' title='bbox 545 5362 549 5365; x_wconf 60' lang='grc'><strong><em>,</em></strong></span> <span class='ocrx_word' id='word_1_758' title='bbox 607 5305 985 5376; x_wconf 82' lang='lat' dir='ltr'><strong>profiteamur,</strong></span> <span class='ocrx_word' id='word_1_759' title='bbox 1029 5307 1348 5361; x_wconf 85' lang='lat' dir='ltr'><strong>confitentes</strong></span> <span class='ocrx_word' id='word_1_760' title='bbox 1391 5303 1671 5361; x_wconf 87' lang='lat' dir='ltr'><strong>Christum</strong></span> <span class='ocrx_word' id='word_1_761' title='bbox 1711 5305 1996 5366; x_wconf 89' lang='lat' dir='ltr'><strong>Dominum</strong></span> <span class='ocrx_word' id='word_1_762' title='bbox 2030 5307 2191 5376; x_wconf 83' lang='lat'><strong>3&#39;75</strong></span> 
     </span>
    </p>
   </div>
   <div class='ocr_carea' id='block_1_93' title="bbox 607 5395 2189 5466">
    <p class='ocr_par' dir='ltr' id='par_1_93' title="bbox 607 5395 2189 5466">
     <span class='ocr_line' id='line_1_93' title="bbox 607 5395 2189 5466; baseline 0.002 -16"><span class='ocrx_word' id='word_1_763' title='bbox 607 5397 906 5452; x_wconf 84' lang='lat' dir='ltr'><strong>secundum</strong></span> <span class='ocrx_word' id='word_1_764' title='bbox 933 5404 1217 5466; x_wconf 79' lang='lat' dir='ltr'><strong>externam</strong></span> <span class='ocrx_word' id='word_1_765' title='bbox 1251 5395 1486 5464; x_wconf 85' lang='lat' dir='ltr'><strong>speciem</strong></span> <span class='ocrx_word' id='word_1_766' title='bbox 1528 5405 1583 5454; x_wconf 89' lang='lat' dir='ltr'><strong>et</strong></span> <span class='ocrx_word' id='word_1_767' title='bbox 1621 5399 2088 5464; x_wconf 79' lang='lat' dir='ltr'><strong>conversationem</strong></span> <span class='ocrx_word' id='word_1_768' title='bbox 2137 5399 2189 5466; x_wconf 78' lang='lat' dir='ltr'><strong>in</strong></span> 
     </span>
    </p>
   </div>
   <div class='ocr_carea' id='block_1_94' title="bbox 607 5488 2190 5562">
    <p class='ocr_par' dir='ltr' id='par_1_94' title="bbox 607 5488 2190 5562">
     <span class='ocr_line' id='line_1_94' title="bbox 607 5488 2190 5562; baseline 0.004 -22"><span class='ocrx_word' id='word_1_769' title='bbox 607 5489 774 5549; x_wconf 81' lang='lat' dir='ltr'><strong>terris</strong></span> <span class='ocrx_word' id='word_1_770' title='bbox 797 5502 919 5544; x_wconf 89' lang='lat' dir='ltr'><strong>esse</strong></span> <span class='ocrx_word' id='word_1_771' title='bbox 947 5488 1170 5546; x_wconf 85' lang='lat' dir='ltr'><strong>desiisse</strong></span> <span class='ocrx_word' id='word_1_772' title='bbox 1189 5529 1208 5562; x_wconf 54' lang='grc' dir='ltr'><strong>ι</strong></span> <span class='ocrx_word' id='word_1_773' title='bbox 1241 5490 1457 5545; x_wconf 86' lang='lat' dir='ltr'><strong>tametsi</strong></span> <span class='ocrx_word' id='word_1_774' title='bbox 1483 5504 1610 5545; x_wconf 89' lang='lat' dir='ltr'><strong>vere</strong></span> <span class='ocrx_word' id='word_1_775' title='bbox 1645 5490 1700 5556; x_wconf 79' lang='lat' dir='ltr'><strong>in</strong></span> <span class='ocrx_word' id='word_1_776' title='bbox 1727 5491 2067 5548; x_wconf 85' lang='lat' dir='ltr'><strong>Eucharistia</strong></span> <span class='ocrx_word' id='word_1_777' title='bbox 2088 5492 2190 5547; x_wconf 90' lang='lat' dir='ltr'><strong>sub</strong></span> 
     </span>
    </p>
   </div>
   <div class='ocr_carea' id='block_1_95' title="bbox 606 5580 1790 5650">
    <p class='ocr_par' dir='ltr' id='par_1_95' title="bbox 606 5580 1790 5650">
     <span class='ocr_line' id='line_1_95' title="bbox 606 5580 1790 5650; baseline 0.003 -17"><span class='ocrx_word' id='word_1_778' title='bbox 606 5581 761 5650; x_wconf 85' lang='lat' dir='ltr'><strong>panis</strong></span> <span class='ocrx_word' id='word_1_779' title='bbox 789 5589 846 5634; x_wconf 90' lang='lat' dir='ltr'><strong>et</strong></span> <span class='ocrx_word' id='word_1_780' title='bbox 869 5580 981 5637; x_wconf 87' lang='lat' dir='ltr'><strong>vini</strong></span> <span class='ocrx_word' id='word_1_781' title='bbox 1009 5581 1190 5650; x_wconf 83' lang='lat' dir='ltr'><strong>specie</strong></span> <span class='ocrx_word' id='word_1_782' title='bbox 1214 5581 1452 5637; x_wconf 90' lang='lat' dir='ltr'><strong>residere</strong></span> <span class='ocrx_word' id='word_1_783' title='bbox 1487 5583 1790 5638; x_wconf 86' lang='lat' dir='ltr'><strong>credamus.</strong></span> 
     </span>
    </p>
   </div>
   <div class='ocr_carea' id='block_1_96' title="bbox 676 5670 2188 5738">
    <p class='ocr_par' dir='ltr' id='par_1_96' title="bbox 676 5670 2188 5738">
     <span class='ocr_line' id='line_1_96' title="bbox 676 5670 2188 5738; baseline 0.003 -13"><span class='ocrx_word' id='word_1_784' title='bbox 676 5670 829 5738; x_wconf 82' lang='lat' dir='ltr'><strong>Quod</strong></span> <span class='ocrx_word' id='word_1_785' title='bbox 859 5671 926 5729; x_wconf 88' lang='lat' dir='ltr'><strong>de</strong></span> <span class='ocrx_word' id='word_1_786' title='bbox 951 5671 1324 5733; x_wconf 81' lang='lat' dir='ltr'><strong>accidentibus</strong></span> <span class='ocrx_word' id='word_1_787' title='bbox 1350 5673 1532 5728; x_wconf 86' lang='lat' dir='ltr'><strong>subdit</strong></span> <span class='ocrx_word' id='word_1_788' title='bbox 1562 5674 1811 5738; x_wconf 71' lang='lat' dir='ltr'><strong>Dalltcus,</strong></span> <span class='ocrx_word' id='word_1_789' title='bbox 1848 5674 2100 5730; x_wconf 88' lang='lat' dir='ltr'><strong>nimirum</strong></span> <span class='ocrx_word' id='word_1_790' title='bbox 2121 5692 2188 5731; x_wconf 85' lang='lat' dir='ltr'><strong>ex</strong></span> 
     </span>
    </p>
   </div>
   <div class='ocr_carea' id='block_1_97' title="bbox 605 5761 2190 5844">
    <p class='ocr_par' dir='ltr' id='par_1_97' title="bbox 605 5761 2190 5844">
     <span class='ocr_line' id='line_1_97' title="bbox 605 5761 2190 5844; baseline 0.006 -27"><span class='ocrx_word' id='word_1_791' title='bbox 605 5765 721 5830; x_wconf 78' lang='lat' dir='ltr'><strong>veri</strong></span> <span class='ocrx_word' id='word_1_792' title='bbox 755 5761 968 5828; x_wconf 75' lang='lat' dir='ltr'><strong>Alcuiui</strong></span> <span class='ocrx_word' id='word_1_793' title='bbox 997 5772 1175 5820; x_wconf 87' lang='lat' dir='ltr'><strong>mente</strong></span> <span class='ocrx_word' id='word_1_794' title='bbox 1213 5780 1277 5822; x_wconf 87' lang='lat' dir='ltr'><strong>ea</strong></span> <span class='ocrx_word' id='word_1_795' title='bbox 1304 5780 1527 5823; x_wconf 87' lang='lat' dir='ltr'><strong>necesse</strong></span> <span class='ocrx_word' id='word_1_796' title='bbox 1554 5782 1675 5824; x_wconf 89' lang='lat' dir='ltr'><strong>esse</strong></span> <span class='ocrx_word' id='word_1_797' title='bbox 1704 5769 1757 5823; x_wconf 89' lang='lat' dir='ltr'><strong>in</strong></span> <span class='ocrx_word' id='word_1_798' title='bbox 1786 5770 2025 5844; x_wconf 83' lang='lat' dir='ltr'><strong>qualibet</strong></span> <span class='ocrx_word' id='word_1_799' title='bbox 2063 5771 2190 5827; x_wconf 89' lang='lat' dir='ltr'><strong>sub-</strong></span> 
     </span>
    </p>
   </div>
   <div class='ocr_carea' id='block_1_98' title="bbox 2301 4668 3896 4742">
    <p class='ocr_par' dir='ltr' id='par_1_98' title="bbox 2301 4668 3896 4742">
     <span class='ocr_line' id='line_1_98' title="bbox 2301 4668 3896 4742; baseline -0.001 -17"><span class='ocrx_word' id='word_1_800' title='bbox 2301 4671 2370 4737; x_wconf 84' lang='lat' dir='ltr'><strong>ad</strong></span> <span class='ocrx_word' id='word_1_801' title='bbox 2399 4670 2577 4741; x_wconf 83' lang='lat' dir='ltr'><strong>ipsum</strong></span> <span class='ocrx_word' id='word_1_802' title='bbox 2603 4668 2859 4728; x_wconf 84' lang='lat' dir='ltr'><strong>Carolum</strong></span> <span class='ocrx_word' id='word_1_803' title='bbox 2904 4669 3154 4739; x_wconf 88' lang='lat' dir='ltr'><strong>scripta:</strong></span> <span class='ocrx_word' id='word_1_804' title='bbox 3193 4687 3213 4721; x_wconf 80' lang='grc' dir='ltr'><strong>ι</strong></span> <span class='ocrx_word' id='word_1_805' title='bbox 3258 4669 3525 4737; x_wconf 81' lang='lat' dir='ltr'><strong>Vidimus,</strong></span> <span class='ocrx_word' id='word_1_806' title='bbox 3557 4671 3753 4742; x_wconf 81' lang='lat' dir='ltr'><strong>inquit,</strong></span> <span class='ocrx_word' id='word_1_807' title='bbox 3794 4673 3896 4728; x_wconf 45' lang='lat' dir='ltr'><strong>alia</strong></span> 
     </span>
    </p>
   </div>
   <div class='ocr_carea' id='block_1_99' title="bbox 2301 4761 3896 4834">
    <p class='ocr_par' dir='ltr' id='par_1_99' title="bbox 2301 4761 3896 4834">
     <span class='ocr_line' id='line_1_99' title="bbox 2301 4761 3896 4834; baseline 0.002 -16"><span class='ocrx_word' id='word_1_808' title='bbox 2301 4763 2499 4834; x_wconf 85' lang='lat' dir='ltr'><strong>quibus</strong></span> <span class='ocrx_word' id='word_1_809' title='bbox 2521 4763 2573 4816; x_wconf 91' lang='lat' dir='ltr'><strong>in</strong></span> <span class='ocrx_word' id='word_1_810' title='bbox 2602 4761 2736 4827; x_wconf 85' lang='lat' dir='ltr'><strong>locis</strong></span> <span class='ocrx_word' id='word_1_811' title='bbox 2763 4761 2957 4818; x_wconf 87' lang='lat' dir='ltr'><strong>altaria</strong></span> <span class='ocrx_word' id='word_1_812' title='bbox 2987 4761 3079 4816; x_wconf 87' lang='lat' dir='ltr'><strong>Dei</strong></span> <span class='ocrx_word' id='word_1_813' title='bbox 3121 4763 3328 4833; x_wconf 83' lang='lat' dir='ltr'><strong>absque</strong></span> <span class='ocrx_word' id='word_1_814' title='bbox 3349 4769 3511 4829; x_wconf 84' lang='lat' dir='ltr'><strong>tecto,</strong></span> <span class='ocrx_word' id='word_1_815' title='bbox 3543 4764 3726 4820; x_wconf 86' lang='lat' dir='ltr'><strong>avium</strong></span> <span class='ocrx_word' id='word_1_816' title='bbox 3753 4772 3896 4820; x_wconf 83' lang='lat' dir='ltr'><strong>ster-</strong></span> 
     </span>
    </p>
   </div>
   <div class='ocr_carea' id='block_1_100' title="bbox 2302 4851 3892 4922">
    <p class='ocr_par' dir='ltr' id='par_1_100' title="bbox 2302 4851 3892 4922">
     <span class='ocr_line' id='line_1_100' title="bbox 2302 4851 3892 4922; baseline 0.001 -11"><span class='ocrx_word' id='word_1_817' title='bbox 2302 4855 2545 4919; x_wconf 88' lang='lat' dir='ltr'><strong>coribus,</strong></span> <span class='ocrx_word' id='word_1_818' title='bbox 2575 4855 2664 4910; x_wconf 91' lang='lat' dir='ltr'><strong>vel</strong></span> <span class='ocrx_word' id='word_1_819' title='bbox 2687 4869 2888 4909; x_wconf 89' lang='lat' dir='ltr'><strong>canum</strong></span> <span class='ocrx_word' id='word_1_820' title='bbox 2913 4855 3080 4910; x_wconf 88' lang='lat' dir='ltr'><strong>mictu</strong></span> <span class='ocrx_word' id='word_1_821' title='bbox 3105 4851 3325 4910; x_wconf 71' lang='lat' dir='ltr'><strong>fmdata.</strong></span> <span class='ocrx_word' id='word_1_822' title='bbox 3350 4853 3505 4922; x_wconf 90' lang='lat' dir='ltr'><strong>Quod</strong></span> <span class='ocrx_word' id='word_1_823' title='bbox 3529 4854 3688 4911; x_wconf 87' lang='lat' dir='ltr'><strong>facile</strong></span> <span class='ocrx_word' id='word_1_824' title='bbox 3710 4867 3892 4913; x_wconf 79' lang='lat' dir='ltr'><strong>vestra</strong></span> 
     </span>
    </p>
   </div>
   <div class='ocr_carea' id='block_1_101' title="bbox 2302 4947 3894 5018">
    <p class='ocr_par' dir='ltr' id='par_1_101' title="bbox 2302 4947 3894 5018">
     <span class='ocr_line' id='line_1_101' title="bbox 2302 4947 3894 5018; baseline 0.004 -19"><span class='ocrx_word' id='word_1_825' title='bbox 2302 4949 2607 5003; x_wconf 84' lang='lat' dir='ltr'><strong>veneranda</strong></span> <span class='ocrx_word' id='word_1_826' title='bbox 2632 4949 2687 5001; x_wconf 90' lang='lat' dir='ltr'><strong>in</strong></span> <span class='ocrx_word' id='word_1_827' title='bbox 2708 4947 2876 5003; x_wconf 82' lang='lat' dir='ltr'><strong>Deum</strong></span> <span class='ocrx_word' id='word_1_828' title='bbox 2905 4947 3155 5002; x_wconf 89' lang='lat' dir='ltr'><strong>voluntas</strong></span> <span class='ocrx_word' id='word_1_829' title='bbox 3172 4961 3274 5017; x_wconf 84' lang='lat' dir='ltr'><strong>per</strong></span> <span class='ocrx_word' id='word_1_830' title='bbox 3293 4947 3575 5018; x_wconf 80' lang='lat' dir='ltr'><strong>episcopos</strong></span> <span class='ocrx_word' id='word_1_831' title='bbox 3597 4948 3894 5005; x_wconf 83' lang='lat' dir='ltr'><strong>emendare</strong></span> 
     </span>
    </p>
   </div>
   <div class='ocr_carea' id='block_1_102' title="bbox 2302 5036 3892 5110">
    <p class='ocr_par' dir='ltr' id='par_1_102' title="bbox 2302 5036 3892 5110">
     <span class='ocr_line' id='line_1_102' title="bbox 2302 5036 3892 5110; baseline 0.003 -18"><span class='ocrx_word' id='word_1_832' title='bbox 2302 5038 2467 5104; x_wconf 88' lang='lat' dir='ltr'><strong>valet,</strong></span> <span class='ocrx_word' id='word_1_833' title='bbox 2494 5047 2555 5093; x_wconf 91' lang='lat' dir='ltr'><strong>ut</strong></span> <span class='ocrx_word' id='word_1_834' title='bbox 2595 5053 2719 5092; x_wconf 89' lang='lat' dir='ltr'><strong>cum</strong></span> <span class='ocrx_word' id='word_1_835' title='bbox 2747 5036 2953 5094; x_wconf 90' lang='lat' dir='ltr'><strong>honore</strong></span> <span class='ocrx_word' id='word_1_836' title='bbox 2990 5039 3258 5110; x_wconf 85' lang='lat' dir='ltr'><strong>condigno</strong></span> <span class='ocrx_word' id='word_1_837' title='bbox 3298 5047 3517 5095; x_wconf 83' lang='lat' dir='ltr'><strong>maneat</strong></span> <span class='ocrx_word' id='word_1_838' title='bbox 3555 5054 3742 5097; x_wconf 87' lang='lat' dir='ltr'><strong>mensa</strong></span> <span class='ocrx_word' id='word_1_839' title='bbox 3787 5042 3892 5097; x_wconf 87' lang='lat' dir='ltr'><strong>Do-</strong></span> 
     </span>
    </p>
   </div>
   <div class='ocr_carea' id='block_1_103' title="bbox 2301 5130 3889 5203">
    <p class='ocr_par' dir='ltr' id='par_1_103' title="bbox 2301 5130 3889 5203">
     <span class='ocr_line' id='line_1_103' title="bbox 2301 5130 3889 5203; baseline 0.004 -18"><span class='ocrx_word' id='word_1_840' title='bbox 2301 5131 2433 5185; x_wconf 91' lang='lat' dir='ltr'><strong>mini</strong></span> <span class='ocrx_word' id='word_1_841' title='bbox 2462 5130 2658 5186; x_wconf 91' lang='lat' dir='ltr'><strong>inloco</strong></span> <span class='ocrx_word' id='word_1_842' title='bbox 2683 5147 2804 5196; x_wconf 88' lang='lat' dir='ltr'><strong>suo,</strong></span> <span class='ocrx_word' id='word_1_843' title='bbox 2826 5131 2911 5187; x_wconf 85' lang='lat' dir='ltr'><strong>vel</strong></span> <span class='ocrx_word' id='word_1_844' title='bbox 2934 5139 3183 5202; x_wconf 88' lang='lat' dir='ltr'><strong>portetur</strong></span> <span class='ocrx_word' id='word_1_845' title='bbox 3207 5132 3262 5188; x_wconf 90' lang='lat' dir='ltr'><strong>in</strong></span> <span class='ocrx_word' id='word_1_846' title='bbox 3289 5133 3575 5189; x_wconf 85' lang='lat' dir='ltr'><strong>ecclesiam</strong></span> <span class='ocrx_word' id='word_1_847' title='bbox 3600 5133 3889 5203; x_wconf 78' lang='lat' dir='ltr'><strong>maiorem,</strong></span> 
     </span>
    </p>
   </div>
   <div class='ocr_carea' id='block_1_104' title="bbox 2299 5221 3883 5296">
    <p class='ocr_par' dir='ltr' id='par_1_104' title="bbox 2299 5221 3883 5296">
     <span class='ocr_line' id='line_1_104' title="bbox 2299 5221 3883 5296; baseline 0.004 -23"><span class='ocrx_word' id='word_1_848' title='bbox 2299 5222 2593 5276; x_wconf 88' lang='lat' dir='ltr'><strong>secundum</strong></span> <span class='ocrx_word' id='word_1_849' title='bbox 2639 5229 2880 5276; x_wconf 88' lang='lat' dir='ltr'><strong>sanctam</strong></span> <span class='ocrx_word' id='word_1_850' title='bbox 2934 5221 3278 5278; x_wconf 86' lang='lat' dir='ltr'><strong>sacerdotum</strong></span> <span class='ocrx_word' id='word_1_851' title='bbox 3329 5225 3424 5280; x_wconf 87' lang='lat' dir='ltr'><strong>Dei</strong></span> <span class='ocrx_word' id='word_1_852' title='bbox 3468 5225 3883 5296; x_wconf 86' lang='lat' dir='ltr'><strong>providentiam.</strong></span> 
     </span>
    </p>
   </div>
   <div class='ocr_carea' id='block_1_105' title="bbox 2297 5307 3886 5379">
    <p class='ocr_par' dir='ltr' id='par_1_105' title="bbox 2297 5307 3886 5379">
     <span class='ocr_line' id='line_1_105' title="bbox 2297 5307 3886 5379; baseline 0.004 -12"><span class='ocrx_word' id='word_1_853' title='bbox 2297 5314 2364 5367; x_wconf 83' lang='lat' dir='ltr'><strong>Et</strong></span> <span class='ocrx_word' id='word_1_854' title='bbox 2393 5314 2689 5375; x_wconf 82' lang='lat' dir='ltr'><strong>honoriﬁce</strong></span> <span class='ocrx_word' id='word_1_855' title='bbox 2715 5323 2983 5370; x_wconf 89' lang='lat' dir='ltr'><strong>tractetur</strong></span> <span class='ocrx_word' id='word_1_856' title='bbox 3009 5307 3103 5370; x_wconf 79' lang='lat' dir='ltr'><strong>seu</strong></span> <span class='ocrx_word' id='word_1_857' title='bbox 3146 5314 3322 5371; x_wconf 87' lang='lat' dir='ltr'><strong>altare</strong></span> <span class='ocrx_word' id='word_1_858' title='bbox 3359 5316 3580 5379; x_wconf 84' lang='lat' dir='ltr'><strong>Christi,</strong></span> <span class='ocrx_word' id='word_1_859' title='bbox 3622 5333 3715 5372; x_wconf 90' lang='lat' dir='ltr'><strong>seu</strong></span> <span class='ocrx_word' id='word_1_860' title='bbox 3754 5333 3886 5373; x_wconf 89' lang='lat' dir='ltr'><strong>con-</strong></span> 
     </span>
    </p>
   </div>
   <div class='ocr_carea' id='block_1_106' title="bbox 2297 5408 3884 5480">
    <p class='ocr_par' dir='ltr' id='par_1_106' title="bbox 2297 5408 3884 5480">
     <span class='ocr_line' id='line_1_106' title="bbox 2297 5408 3884 5480; baseline 0.001 -19"><span class='ocrx_word' id='word_1_861' title='bbox 2297 5408 2525 5462; x_wconf 83' lang='lat' dir='ltr'><strong>secratio</strong></span> <span class='ocrx_word' id='word_1_862' title='bbox 2552 5408 2795 5475; x_wconf 89' lang='lat' dir='ltr'><strong>corporis</strong></span> <span class='ocrx_word' id='word_1_863' title='bbox 2825 5415 2880 5462; x_wconf 92' lang='lat' dir='ltr'><strong>et</strong></span> <span class='ocrx_word' id='word_1_864' title='bbox 2922 5408 3204 5478; x_wconf 87' lang='lat' dir='ltr'><strong>sanguinis</strong></span> <span class='ocrx_word' id='word_1_865' title='bbox 3246 5409 3411 5476; x_wconf 85' lang='lat' dir='ltr'><strong>illius,</strong></span> <span class='ocrx_word' id='word_1_866' title='bbox 3455 5418 3512 5465; x_wconf 91' lang='lat' dir='ltr'><strong>et</strong></span> <span class='ocrx_word' id='word_1_867' title='bbox 3555 5411 3884 5480; x_wconf 68' lang='lat' dir='ltr'><strong>prtecipuum</strong></span> 
     </span>
    </p>
   </div>
   <div class='ocr_carea' id='block_1_107' title="bbox 2297 5496 3883 5556">
    <p class='ocr_par' dir='ltr' id='par_1_107' title="bbox 2297 5496 3883 5556">
     <span class='ocr_line' id='line_1_107' title="bbox 2297 5496 3883 5556; baseline 0.003 -5"><span class='ocrx_word' id='word_1_868' title='bbox 2297 5506 2499 5552; x_wconf 55' lang='lat' dir='ltr'><strong>nostra</strong></span> <span class='ocrx_word' id='word_1_869' title='bbox 2527 5496 2719 5552; x_wconf 88' lang='lat' dir='ltr'><strong>salutis</strong></span> <span class='ocrx_word' id='word_1_870' title='bbox 2757 5507 3155 5553; x_wconf 86' lang='lat' dir='ltr'><strong>sacramentum</strong></span> <span class='ocrx_word' id='word_1_871' title='bbox 3196 5500 3342 5555; x_wconf 89' lang='lat' dir='ltr'><strong>omni</strong></span> <span class='ocrx_word' id='word_1_872' title='bbox 3376 5501 3725 5556; x_wconf 75' lang='lat' dir='ltr'><strong>veneratione</strong></span> <span class='ocrx_word' id='word_1_873' title='bbox 3755 5517 3883 5556; x_wconf 88' lang='lat' dir='ltr'><strong>con-</strong></span> 
     </span>
    </p>
   </div>
   <div class='ocr_carea' id='block_1_108' title="bbox 2296 5589 3881 5658">
    <p class='ocr_par' dir='ltr' id='par_1_108' title="bbox 2296 5589 3881 5658">
     <span class='ocr_line' id='line_1_108' title="bbox 2296 5589 3881 5658; baseline 0.003 -16"><span class='ocrx_word' id='word_1_874' title='bbox 2296 5597 2562 5652; x_wconf 88' lang='lat' dir='ltr'><strong>secrctur,</strong></span> <span class='ocrx_word' id='word_1_875' title='bbox 2612 5589 2875 5644; x_wconf 90' lang='lat' dir='ltr'><strong>habeatur</strong></span> <span class='ocrx_word' id='word_1_876' title='bbox 2929 5597 2984 5644; x_wconf 89' lang='lat' dir='ltr'><strong>et</strong></span> <span class='ocrx_word' id='word_1_877' title='bbox 3030 5591 3384 5646; x_wconf 82' lang='lat' dir='ltr'><strong>custodiatur.</strong></span> <span class='ocrx_word' id='word_1_878' title='bbox 3433 5611 3452 5643; x_wconf 81' lang='grc'><strong>›</strong></span> <span class='ocrx_word' id='word_1_879' title='bbox 3490 5589 3628 5658; x_wconf 88' lang='lat' dir='ltr'><strong>Quid</strong></span> <span class='ocrx_word' id='word_1_880' title='bbox 3670 5607 3881 5656; x_wconf 84' lang='lat' dir='ltr'><strong>censes,</strong></span> 
     </span>
    </p>
   </div>
   <div class='ocr_carea' id='block_1_109' title="bbox 2295 5682 3880 5754">
    <p class='ocr_par' dir='ltr' id='par_1_109' title="bbox 2295 5682 3880 5754">
     <span class='ocr_line' id='line_1_109' title="bbox 2295 5682 3880 5754; baseline 0.003 -18"><span class='ocrx_word' id='word_1_881' title='bbox 2295 5682 2524 5736; x_wconf 63' lang='lat' dir='ltr'><strong>Dallme?</strong></span> <span class='ocrx_word' id='word_1_882' title='bbox 2556 5683 2851 5754; x_wconf 85' lang='lat' dir='ltr'><strong>negabisne</strong></span> <span class='ocrx_word' id='word_1_883' title='bbox 2879 5683 2996 5739; x_wconf 79' lang='lat' dir='ltr'><strong>hzec</strong></span> <span class='ocrx_word' id='word_1_884' title='bbox 3038 5699 3069 5738; x_wconf 85' lang='lat' dir='ltr'><strong>a</strong></span> <span class='ocrx_word' id='word_1_885' title='bbox 3118 5699 3249 5739; x_wconf 76' lang='lat' dir='ltr'><strong>vero</strong></span> <span class='ocrx_word' id='word_1_886' title='bbox 3290 5685 3516 5741; x_wconf 82' lang='lat' dir='ltr'><strong>Alcuino</strong></span> <span class='ocrx_word' id='word_1_887' title='bbox 3547 5685 3726 5741; x_wconf 85' lang='lat' dir='ltr'><strong>dicta?</strong></span> <span class='ocrx_word' id='word_1_888' title='bbox 3764 5685 3880 5740; x_wconf 75' lang='lat' dir='ltr'><strong>Non</strong></span> 
     </span>
    </p>
   </div>
   <div class='ocr_carea' id='block_1_110' title="bbox 2296 5773 3884 5855">
    <p class='ocr_par' dir='ltr' id='par_1_110' title="bbox 2296 5773 3884 5855">
     <span class='ocr_line' id='line_1_110' title="bbox 2296 5773 3884 5855; baseline 0.003 -25"><span class='ocrx_word' id='word_1_889' title='bbox 2296 5773 2370 5845; x_wconf 77' lang='lat' dir='ltr'><strong>ita</strong></span> <span class='ocrx_word' id='word_1_890' title='bbox 2401 5784 2746 5855; x_wconf 77' lang='lat' dir='ltr'><strong>comparatus</strong></span> <span class='ocrx_word' id='word_1_891' title='bbox 2776 5790 2856 5844; x_wconf 89' lang='lat' dir='ltr'><strong>es,</strong></span> <span class='ocrx_word' id='word_1_892' title='bbox 2890 5784 2950 5830; x_wconf 90' lang='lat' dir='ltr'><strong>ut</strong></span> <span class='ocrx_word' id='word_1_893' title='bbox 2977 5774 3032 5844; x_wconf 83' lang='lat' dir='ltr'><strong>id</strong></span> <span class='ocrx_word' id='word_1_894' title='bbox 3061 5775 3392 5847; x_wconf 76' lang='lat' dir='ltr'><strong>committas,</strong></span> <span class='ocrx_word' id='word_1_895' title='bbox 3423 5777 3504 5846; x_wconf 78' lang='lat' dir='ltr'><strong>An</strong></span> <span class='ocrx_word' id='word_1_896' title='bbox 3536 5778 3652 5845; x_wconf 56' lang='lat' dir='ltr'><strong>haec</strong></span> <span class='ocrx_word' id='word_1_897' title='bbox 3679 5777 3884 5848; x_wconf 61' lang='lat' dir='ltr'><strong>leviora</strong></span> 
     </span>
    </p>
   </div>
  </div>
