4090 6504
236 381 391 442 1013

816 383 968 441 OPP.
1011 385 1242 442 DUBIA.
1273 417 1336 426 —-
1367 385 1456 440 DE
1493 383 1674 440 FlDEl
1714 383 2045 439 CONFESS.
2093 385 2484 444 MABILLONII
2523 388 2954 458 DlSQL‘lSITlO.

3389 393 3526 448 ωτι

229 498 440 570 putas?
457 497 639 568 Neque
665 497 718 552 id
737 497 832 553 tibi
857 500 1038 554 veniet
1064 500 1118 553 in
1139 507 1396 555 mentem.
1428 497 1667 552 Tametsi
1690 497 1834 550 enim
1863 500 1910 555 Α
1941 497 1992 550 in
2026 497 2362 556 Eucharistia
2387 504 2665 571 corporeis
2685 505 2859 560 oculis
2883 506 3148 561 viderent.
3173 505 3326 574 Quod
3353 525 3528 582 neque

228 591 311 644 de
342 589 684 644 Eucharistia
714 604 822 643 non
864 591 1132 646 catholice
1160 591 1380 651 sentias,
1417 598 1598 645 tamen
1640 589 1832 642 altaria

227 687 295 732 et
324 680 521 750 templa
552 679 806 752 religiose
835 681 1117 737 tractanda
1145 696 1268 736 esse
1294 681 1438 735 ultro
1466 682 1581 751 ipse
1629 680 1835 734 fatebe-

228 771 345 837 ris;
377 779 433 827 et
456 773 548 842 qui
578 787 645 828 eo
672 787 846 843 usque
870 774 1221 843 processerit,
1251 782 1312 827 ut
1349 788 1412 827 ea
1447 773 1725 843 impluvio,
1765 786 1834 826 ne

225 861 416 918 dicant
448 864 628 920 avium
662 865 998 922 stercoribus
1035 866 1121 920 vel
1149 881 1347 922 canum
1379 866 1570 920 mictui
1595 863 1829 919 obnoxia

223 957 542 1025 reliquerit,
563 957 777 1014 violata:
800 959 1075 1030 religionis
1100 973 1255 1013 reum
1277 972 1415 1013 esse.
1441 955 1604 1026 Atqui
1629 957 1681 1012 id
1711 971 1830 1026 per-

223 1050 552 1118 petrabatur
575 1065 683 1104 non
704 1065 815 1105 uno
833 1051 890 1104 in
913 1051 1030 1106 loco
1058 1050 1278 1120 impune
1303 1064 1469 1104 aureo
1492 1047 1583 1103 illo
1608 1048 1826 1112 seculo,

224 1153 500 1216 regnante
528 1144 738 1200 scilicet
756 1143 954 1200 Carolo
976 1142 1189 1216 Magno.

305 1235 416 1292 Sed
439 1252 508 1292 ne
547 1235 687 1292 forte
726 1237 782 1291 id
818 1252 986 1290 unum
1015 1235 1184 1291 fuisse
1208 1249 1442 1304 reponas
1470 1233 1614 1302 quod
1646 1248 1830 1303 repre-

221 1324 498 1382 henderet
525 1326 809 1392 Alcuinus,
830 1325 955 1381 audi
976 1341 1086 1383 non
1103 1325 1218 1394 jam
1245 1342 1437 1390 unum,
1461 1324 1556 1379 sed
1572 1323 1826 1392 plurima,

221 1431 354 1485 quae
380 1432 549 1474 aureo
577 1417 669 1472 illo
697 1417 898 1473 smculo
929 1416 1269 1472 emendanda
1306 1415 1483 1470 eidem
1512 1413 1827 1483 imperatori

221 1507 506 1580 signiﬁcat
536 1509 589 1565 in
615 1509 863 1565 carmine
885 1508 1015 1573 232,
1047 1509 1123 1563 ita
1148 1506 1404 1564 Carolum
1439 1504 1670 1561 affatus:

363 1645 581 1708 Plurima
607 1658 793 1708 nempe
818 1646 904 1695 tibi
923 1653 1037 1696 sunt
1063 1645 1366 1696 emendanda
1390 1658 1483 1708 per
1505 1647 1700 1708 orbem,

416 1707 460 1758 0
485 1710 603 1759 rex!
626 1721 658 1757 o
679 1707 874 1758 rector!
893 1722 923 1758 ο
943 1710 1102 1758 decus
1124 1709 1359 1759 Ecclesia:
1377 1707 1403 1756 l’
1523 1725 1530 1728 -

357 1769 634 1833 Simoniaca
657 1771 862 1833 quidem
885 1769 1071 1831 pululat
1091 1771 1219 1820 male
1241 1773 1395 1833 pestis
1419 1769 1470 1818 in
1495 1769 1640 1832 orbe,

418 1831 706 1881 Muneribus
727 1832 906 1879 dantur
929 1834 1132 1892 mystica
1157 1831 1280 1879 dona
1305 1831 1414 1879 Dei.

355 1893 479 1954 Quae
506 1893 640 1942 Deus
663 1899 883 1943 aeternus
905 1895 1093 1941 cunctis
1116 1895 1404 1954 impendere
1429 1894 1585 1952 gratis

415 1953 664 2014 Jusserat,
689 1962 740 2003 ut
763 1956 921 2015 gratis
933 1955 1114 2015 accipit
1133 1953 1238 2015 ipse
1271 1955 1429 2004 dator.

356 2017 465 2065 Stat
482 2029 680 2078 quoque
705 2015 934 2077 judicium
956 2028 1115 2065 can—ae
1138 2017 1231 2063 sub
1255 2027 1466 2065 munere
1481 2015 1648 2066 dantis

415 2078 646 2139 Sportula
665 2078 902 2137 justitiam
932 2079 1083 2126 vertit
1103 2080 1150 2125 in
1171 2090 1264 2126 ore
1283 2078 1433 2139 senis.

355 2137 744 2201 minoribusque
767 2140 894 2187 datis
919 2140 1122 2187 veniunt
1146 2141 1210 2189 ad
1229 2137 1398 2199 poeula
1427 2144 1605 2198 testes,

423 2200 574 2259 Impia
597 2200 698 2250 tum
715 2207 894 2259 purgat
911 2201 1229 2260 ebrietasque
1255 2213 1416 2248 reum.

353 2261 601 2324 Opprimit
627 2268 680 2309 et
703 2264 910 2311 miseros
932 2262 1249 2322 quorumdam
1271 2273 1402 2309 saeva
1426 2265 1666 2322 potestas,

417 2322 624 2384 Impleat
647 2328 700 2371 ut
719 2335 889 2370 saccos
911 2324 1051 2372 dives
1070 2324 1132 2371 ab
1153 2335 1242 2370 ore
1265 2333 1400 2384 suos.

355 2383 565 2445 Impune
584 2384 864 2445 discurrunt
881 2384 1119 2434 facientes
1139 2385 1264 2434 furta
1290 2383 1522 2443 latrones,

423 2445 623 2496 Ultores
647 2444 889 2495 scelerum
913 2452 1028 2494 sunt
1052 2448 1202 2495 etiam
1223 2445 1366 2496 socii.

360 2507 492 2568 [alia
515 2515 800 2567 compescat
822 2515 926 2562 tua,
945 2519 1062 2568 rex,
1092 2506 1372 2556 veneranda
1399 2511 1636 2568 potestas,

418 2566 680 2619 Rectorem
701 2569 846 2628 regni
869 2577 921 2616 te
941 2567 1080 2617 Deus
1102 2569 1332 2620 instituit.

296 2695 320 2751 ι
347 2709 510 2759 nunc,
533 2701 591 2750 et
615 2694 889 2763 ingratum
913 2693 1200 2750 Alcuinum
1225 2709 1432 2761 assere,
1456 2698 1502 2752 si
1530 2704 1704 2768 potes,
1733 2697 1828 2766 qui

221 2788 427 2860 optimo
457 2802 554 2842 suo
579 2786 812 2857 principi
843 2796 894 2841 et
937 2785 1216 2841 ﬂectenti
1238 2796 1347 2842 tam
1371 2788 1657 2843 invidiam
1681 2803 1829 2844 uoca

223 2885 481 2955 ingerere
528 2897 637 2938 non
674 2880 882 2935 veritus
931 2880 1023 2946 sit,
1078 2881 1278 2936 nedum
1330 2881 1528 2936 chartis
1571 2881 1681 2936 auia
1723 2880 1832 2934 illi-

227 2977 378 3042 m‘re;
407 2984 505 3032 aut
528 2975 576 3030 si
605 2989 712 3030 non
737 2973 928 3040 audes,
958 2973 1130 3029 fatere
1159 2974 1375 3030 tandem
1407 2972 1697 3045 aliquando
1721 2987 1830 3029 non

229 3083 354 3124 esse
385 3067 620 3122 alienum
647 3083 679 3121 a
719 3080 851 3120 vero
875 3065 1125 3130 Alcuino,
1161 3063 1308 3134 quod
1349 3071 1664 3120 memorata:
1691 3061 1833 3119 Con-

1934 590 2193 643 anteriori
2212 631 2228 655 ,
2273 605 2448 660 neque
2476 593 2686 648 Alcuini
2716 603 2960 665 tempore
2988 597 3251 653 accidisse
3295 601 3522 657 Dallzeus

1933 692 2208 735 asseverat
2238 701 2250 734 :
2283 683 2376 736 sed
2409 681 2568 749 hujus
2600 687 2814 754 generis
2860 687 3101 758 prodigia
3132 703 3275 744 nono
3305 691 3518 747 demum

1934 770 2120 824 adulto
2139 772 2354 836 saeculo,
2381 773 2446 827 ad
2473 771 2845 841 Paschasiani,
2871 786 2928 830 ut
2957 785 3126 848 putat,
3153 780 3356 836 erroris
3382 797 3527 836 com-

1935 863 2329 917 mendationem
2355 865 2537 935 spargi
2568 877 2764 936 erepta.

2005 954 2060 1010 Si
2100 957 2395 1012 altercandi
2439 959 2779 1016 occasionem
2823 977 3069 1031 quaarere
3099 973 3247 1020 esset
3287 968 3515 1032 animus,

1933 1047 2022 1103 hic
2067 1049 2280 1104 causari
2317 1065 2551 1119 possem,
2599 1067 2704 1106 non
2749 1063 3003 1110 constare
3047 1071 3114 1108 an
3154 1054 3523 1115 Coufessiunis

1930 1141 2166 1209 scriptor
2190 1143 2295 1196 hoc
2320 1143 2439 1198 loco
2466 1144 2532 1198 de
2561 1145 2802 1199 sensibili
2831 1147 3075 1216 corporis
3100 1148 3304 1204 Christi
3331 1152 3386 1205 in
3413 1151 3522 1207 Eu~

1930 1233 2188 1287 charislia
2217 1233 2423 1288 visione
2449 1244 2593 1306 agat,
2625 1251 2692 1289 an
2725 1236 2791 1291 dc
2818 1237 3085 1304 spirituali
3110 1237 3290 1311 aliqua
3314 1243 3522 1298 revela-

1931 1324 2097 1389 tione,
2121 1339 2225 1394 qua
2251 1341 2382 1381 vera
2407 1325 2607 1381 Christi
2634 1329 2687 1381 in
2712 1338 3054 1385 sacramento
3080 1334 3373 1401 praesentia
3391 1349 3522 1390 con-

1930 1415 2214 1470 firmetur:
2258 1417 2444 1484 quales
2492 1433 2623 1472 sane
2674 1419 3033 1475 revelationes
3083 1420 3152 1475 ab
3205 1423 3522 1480 auctoribus

1929 1505 2158 1562 Alcuino
2183 1508 2554 1576 superioribus
2582 1510 2690 1566 huc
2717 1511 2989 1566 adducere
3019 1527 3126 1567 non
3154 1522 3302 1570 esset
3325 1529 3520 1587 opero-

1929 1611 2070 1651 sum.
2097 1597 2294 1652 Verum
2336 1597 2523 1654 Dallaai
2545 1603 2997 1656 commentarium
3035 1603 3225 1660 lubens
3251 1605 3519 1663 admitto:

1927 1694 1986 1739 at
2008 1686 2126 1755 ejus
2157 1701 2294 1757 pace
2335 1689 2585 1756 dixerim,
2615 1689 2880 1760 ejusmodi
2912 1693 3159 1764 prodigia
3205 1694 3364 1766 longe
3395 1705 3524 1754 ante

1931 1775 2208 1833 Paschasii
2251 1787 2460 1849 tempus
2488 1780 2826 1852 legebantur,
2857 1799 3052 1854 nempe
3094 1784 3226 1841 illud
3267 1787 3413 1857 quod
3455 1789 3524 1846 de

1850 1841 1897 1902 Β
1923 1872 2158 1942 Plegislo
2193 1841 2448 1946 religioso
2487 1841 2771 1930 sacerdote
2803 1841 3070 1932 memorat
3099 1878 3241 1934 idem

1923 1967 2067 2033 sius;
2100 1967 2245 2036 quod
2279 1975 2429 2022 certe
2462 1984 2568 2023 non
2614 1981 2953 2026 commentus
2983 1980 3069 2028 est
3098 1974 3182 2027 vir
3217 1974 3524 2044 religiosus,

1924 2060 2021 2115 sed
2051 2076 2117 2115 ex
2160 2060 2386 2129 antiquo
2423 2071 2646 2119 auctore
2683 2065 2912 2135 accepit.
2944 2065 3102 2121 Aliud
3133 2067 3262 2122 item
3308 2067 3524 2124 Alcuini

1925 2157 2169 2222 tempore
2201 2152 2402 2208 Paulus
2426 2154 2708 2219 diaconus,
2737 2155 3051 2214 Casinensis
3089 2160 3406 2226 monachus,
3436 2161 3525 2216 lit-

1923 2245 2058 2298 teris
2087 2244 2364 2299 mandavit
2389 2246 2443 2299 in
2470 2246 2592 2299 Vita
2625 2245 2873 2317 Gregorii
2906 2247 3101 2317 Magni,
3129 2250 3273 2320 quod
3301 2249 3350 2306 ei
3380 2252 3524 2306 acci-

1922 2331 2005 2386 dit
2050 2333 2103 2388 in
2132 2333 2276 2388 facto
2303 2346 2566 2390 matrona:
2602 2335 2879 2392 Romamn.
2925 2337 3032 2393 Sed
3063 2349 3189 2394 ante
3232 2341 3337 2396 hoc
3375 2341 3529 2398 aliud

1929 2423 2057 2477 item
2088 2425 2141 2477 in
2164 2424 2287 2478 Vita
2317 2425 2492 2480 sancti
2518 2425 2701 2480 Basilii
2729 2425 2993 2482 Caesareae
3013 2429 3276 2500 episcopi,
3300 2430 3524 2502 Amphi-

1927 2511 2106 2568 lochis
2134 2513 2299 2568 lconii
2325 2517 2580 2586 episcopo
2601 2517 2858 2587 ascripta,
2888 2517 3170 2592 legebatur
3196 2520 3266 2576 de
3297 2520 3528 2577 Hebraeo

1927 2604 2185 2676 quodam.
2209 2606 2294 2659 cui
2325 2607 2851 2664 eommunicantilius
2875 2605 3200 2666 Christianis
3228 2611 3527 2682 infantulus

1930 2694 2259 2748 membratim
2286 2694 2450 2748 incidi
2477 2710 2534 2750 tn
2564 2697 2815 2772 manibus
2852 2696 3036 2752 Basilii
3065 2698 3214 2755 visus
3240 2707 3344 2755 est.
3374 2699 3526 2769 Hice,

1929 2785 2174 2852 inquam,
2213 2785 2535 2856 legebantur
2562 2795 2688 2841 ante
2716 2787 2928 2844 Alcuinl
2967 2797 3204 2857 atatem,
3235 2805 3356 2861 qua:
3399 2807 3528 2862 pro-

1933 2875 2056 2932 iade
2079 2891 2192 2945 prae
2211 2875 2405 2944 oculis,
2434 2892 2557 2933 cum
2584 2876 2991 2935 Confessionem
3016 2880 3301 2948 scriberet,
3323 2882 3528 2940 habere

2006 2975 2126 3020 tuit.

2006 2981 2126 3020 tun.
2519 2999 2522 3003 -

1933 2981 2210 3123 p0Basilii,
2241 3057 2440 3128 inquis,
2473 3056 2599 3114 Vita
2627 3057 2836 3114 Latinis
2865 3059 3090 3117 auribus
3124 3062 3398 3134 incognita
3422 3061 3527 3121 fuit

230 3159 488 3217 fessionis
521 3160 758 3230 scriptor
789 3158 842 3214 in
867 3159 1047 3215 seculi
1075 3159 1159 3214 sui
1188 3158 1320 3214 vitia
1366 3157 1723 3216 exclamando
1749 3159 1833 3214 in-
1856 3193 1904 3260 c
1933 3157 2066 3260 ἕηκε
2086 3148 2291 3260 Νξςοῑθί
2315 3150 2476 3220 primi
2501 3151 2896 3224 pontiﬁcatum,
2920 3168 3046 3209 cum
3068 3155 3275 3212 scilicet
3293 3157 3363 3212 ab
3386 3157 3530 3217 Urso

231 3251 469 3307 vehitur.
511 3249 674 3306 Plura
719 3251 821 3305 hac
862 3249 931 3305 de
969 3264 1028 3305 re
1055 3250 1251 3321 legesis
1297 3249 1438 3320 apud
1469 3247 1829 3306 Theodulfum

146 3361 148 3363 ‘
227 3341 678 3399 Aurelianensem
710 3343 1025 3411 episcopum
1057 3341 1112 3395 in
1141 3339 1408 3396 Partenesi
1431 3340 1498 3395 ad
1523 3338 1754 3408 iudices.

299 3433 468 3505 376
506 3433 592 3488 lo.
640 3432 797 3488 Aliud
827 3448 898 3488 ex
942 3433 1157 3504 vulgata
1207 3433 1559 3490 Confessione
1605 3435 1832 3506 opponit

230 3526 487 3590 Dallteus,
514 3525 660 3596 quod
689 3525 904 3580 Alcuini
942 3527 1142 3582 saeculo
1186 3540 1488 3598 repugnare
1511 3529 1789 3583 contendit
1814 3547 1827 3582 τ

229 3633 428 3687 nempe
461 3619 566 3674 hoc
588 3616 733 3687 quod
765 3618 833 3673 de
857 3615 1058 3674 Judzeis
1104 3617 1301 3690 legitur
1336 3618 1391 3673 in
1436 3627 1590 3688 parte
1615 3635 1676 3684 ιι,
1705 3633 1826 3688 cap.

228 3709 266 3762 3
296 3728 308 3764 :
341 3727 360 3760 ι
395 3708 604 3778 Quibus
629 3709 792 3764 etiam
843 3722 944 3766 nec
986 3709 1316 3765 advenarum
1339 3707 1466 3778 jure
1507 3716 1712 3766 terram
1737 3725 1830 3781 pa-

231 3801 396 3857 triam
451 3799 643 3856 saltem
691 3799 923 3872 vestigio
971 3800 1209 3857 salutare
1257 3800 1592 3856 conceditur.
1633 3820 1652 3854 »
1699 3800 1832 3868 Qua:

229 3891 399 3947 verba
435 3891 516 3946 sic
541 3898 941 3948 commentatur
967 3891 1199 3947 Dallatus
1239 3908 1254 3942 τ
1293 3907 1313 3942 ε
1341 3890 1403 3946 Si
1443 3890 1527 3946 vel
1571 3890 1830 3956 Adriani,

229 3983 318 4041 vel
365 3981 734 4048 Constantini,
777 3990 835 4038 et
890 3980 1328 4040 Christianorum
1371 3983 1680 4054 principum
1736 3983 1831 4054 qui

229 4076 284 4131 ei
326 4077 382 4131 in
441 4075 664 4132 Oriente
724 4077 898 4131 tribus
942 4083 1245 4146 quatuorve
1291 4073 1506 4131 omnis
1551 4089 1835 4131 successe-

233 4173 396 4231 runt,
440 4165 526 4221 vel
581 4164 897 4222 Latinorum
949 4165 1212 4235 denique,
1257 4164 1350 4235 qui
1391 4161 1637 4222 ledaeam
1685 4180 1833 4222 anno

235 4258 378 4315 1100
401 4258 571 4314 armis
589 4258 869 4327 qumsitam
889 4256 1205 4328 aliquandiu
1225 4264 1537 4321 tenuerunt,
1565 4257 1829 4326 tempori-

234 4353 341 4408 bus
365 4350 522 4418 vixit,
551 4350 662 4404 veri
690 4349 926 4420 speciem
950 4349 1115 4404 habet
1133 4348 1250 4403 haec
1276 4348 1493 4403 oratio:
1523 4347 1591 4403 ab
1616 4345 1831 4402 Aleuini

235 4459 371 4501 vero
398 4442 598 4500 saeculo
625 4442 802 4498 aliena
825 4452 932 4508 est,
961 4455 1071 4514 quo
1097 4438 1357 4496 Saraceni
1387 4439 1442 4494 in
1461 4438 1612 4496 omni
1645 4435 1830 4495 Iudaea

237 4535 648 4606 imperitabant.

310 4625 452 4695 Quid
501 4624 605 4681 sibi
653 4624 784 4681 velit
833 4625 938 4681 hoc
987 4623 1384 4681 commentario
1427 4620 1680 4689 Dallzeus,
1720 4636 1828 4677 non

237 4715 416 4787 capio.
445 4715 505 4771 Si
529 4716 676 4771 enim
715 4713 998 4770 Confessio
1026 4729 1125 4784 per
1149 4715 1366 4767 malum
1411 4711 1831 4784 improperantis

239 4805 654 4877 etcorripientis
665 4805 783 4861 haec
797 4805 1086 4875 ingereret,
1103 4803 1340 4872 speciem
1353 4802 1590 4872 aliquam
1605 4799 1832 4858 haberet

243 4897 430 4954 Dalltei
469 4903 868 4966 argumentum.
917 4893 1069 4949 Nunc
1097 4908 1225 4948 vero
1265 4893 1331 4948 de
1367 4893 1545 4963 pinnis
1573 4892 1832 4947 divinitus

241 4987 446 5046 Judmis
483 4985 702 5043 inflictis
746 5001 868 5042 cum
911 4994 1037 5058 agat
1079 4986 1182 5039 hoc
1225 4985 1363 5049 loco,
1410 4983 1546 5040 nihil
1589 4985 1831 5039 continet

244 5081 392 5154 quod
445 5097 553 5136 nou
606 5093 882 5149 usurpare
925 5078 1195 5148 possimus
1251 5077 1353 5132 hoc
1406 5084 1670 5147 tempore,
1723 5091 1834 5148 quo

245 5173 412 5230 etiam
447 5169 687 5227 infideles
722 5169 893 5226 sacris
919 5167 1051 5224 locis
1077 5168 1441 5223 dominantur.

321 5263 406 5318 ll.
457 5261 630 5316 Amne
671 5268 758 5316 est
789 5259 918 5315 huic
962 5269 1281 5330 argumento
1317 5259 1460 5328 quod
1505 5260 1836 5328 disceptator

249 5353 420 5411 sumit
439 5369 509 5410 ea
536 5350 902 5408 Confessionis
929 5360 1084 5422 parte
1109 5368 1180 5414 tv,
1207 5367 1325 5421 cap».
1342 5351 1395 5417 4,
1425 5353 1515 5407 ubi
1544 5353 1829 5413 scribitur:

256 5466 275 5499 ι
303 5445 663 5502 Eucharistici
693 5444 932 5515 mysterii
957 5443 1259 5507 veritatem,
1295 5443 1348 5498 id
1372 5452 1457 5499 est
1487 5444 1684 5499 realem
1715 5461 1835 5501 cor-

251 5537 400 5610 poris
426 5536 690 5592 Dominiei
723 5535 1090 5606 praesentiam,
1122 5550 1505 5603 nonnunquam
1536 5535 1715 5590 divina
1753 5551 1837 5590 re-

254 5629 524 5685 velatione
565 5628 835 5698 aliquibus
890 5628 1294 5684 manifestatam
1340 5643 1479 5684 esse.
1512 5649 1530 5681 ι
1583 5627 1838 5701 intelligit

255 5729 459 5784 autem,
485 5720 660 5788 inquit
688 5719 934 5784 Dallzeus,
964 5719 1284 5790 quibusdam
1311 5717 1572 5775 divinitus
1611 5737 1836 5779 conces-

1933 3239 1991 3297 S.
2025 3241 2092 3295 R.
2135 3240 2200 3297 Ε.
2254 3243 2638 3300 archidiacono
2681 3243 2976 3301 Latinitate
3020 3247 3217 3304 donata
3263 3258 3368 3307 est.
3413 3252 3533 3311 imo

1927 3349 2061 3390 vero
2087 3344 2212 3390 ante
2235 3335 2361 3392 Ursi
2383 3337 2687 3392 versionem
2714 3337 2820 3394 alia
2840 3338 3140 3412 legebatur,
3162 3357 3285 3412 qua:
3308 3342 3365 3397 in
3385 3343 3530 3402 Vitis

1929 3424 2151 3481 Patrum
2173 3427 2315 3482 edita
2339 3436 2425 3482 est
2446 3443 2477 3482 a
2499 3426 2660 3483 Surio
2681 3428 2914 3498 politiori
2941 3430 3079 3503 style
3111 3431 3335 3487 reddita.
3361 3431 3530 3506 Cujus

1931 3521 2010 3574 rei
2059 3520 2423 3575 certissimum
2453 3536 2610 3576 sumo
2639 3530 3020 3592 argumentum
3047 3539 3114 3579 ex
3145 3522 3335 3581 IEneze
3363 3524 3518 3583 Pari-

1929 3611 2127 3667 siensis
2150 3611 2385 3682 episcopi
2409 3611 2548 3668 libro
2578 3614 2839 3670 adversus
2858 3614 3097 3682 Graecos,
3122 3627 3311 3688 quast.
3343 3618 3402 3684 2.
3425 3619 3520 3676 ubi

1930 3699 2056 3757 Vita
2094 3702 2269 3758 sancti
2304 3702 2488 3758 Basilii
2527 3706 2593 3759 de
2621 3701 2812 3760 Graaco
2846 3705 2903 3762 in
2938 3706 3194 3762 Latinum
3223 3725 3255 3762 a
3294 3710 3535 3781 quodam.

1930 3792 2139 3858 Graeco,
2163 3793 2413 3849 vocabulo
2430 3794 2686 3861 Eveimio,
2712 3797 2777 3850 de
2803 3797 2954 3853 verba
2969 3798 3227 3855 translata
3251 3798 3520 3856 laudatur.

1931 3886 2076 3958 Ergo
2095 3893 2356 3957 regnante
2374 3885 2571 3944 Carolo
2587 3887 2772 3952 Calvo,
2796 3889 2900 3945 hoc
2920 3891 3205 3950 estmedio
3222 3893 3422 3948 saeculo
3442 3909 3538 3960 ιχ..

1932 3978 2074 4048 apud
2099 3975 2280 4033 Gallos
2313 3978 2799 4035 circumferebatur
2824 3979 2942 4038 haec
2977 3981 3117 4049 Vita,
3145 3998 3311 4054 quam
3341 3982 3525 4042 Alcui-

1932 4085 2038 4126 nus
2065 4069 2262 4141 legisse
2289 4055 2487 4140 potuit.

2001 4162 2084 4218 Ad
2132 4163 2249 4218 haec
2291 4162 2522 4218 Alcuino
2567 4165 2891 4235 suppetebat
2932 4165 3142 4237 insigne
3190 4170 3526 4239 exemplum,

1932 4254 2078 4327 quod
2105 4253 2340 4310 refertur
2363 4256 2422 4314 in
2453 4256 2546 4313 lib.
2571 4273 2604 4310 v
2627 4259 2695 4314 de
2721 4258 2859 4314 Vitis
2900 4257 3148 4328 Patrum,
3175 4277 3292 4334 cap.
3321 4263 3414 4330 18,
3430 4265 3524 4320 ubi

1932 4345 2132 4419 legitur
2157 4345 2370 4401 Arsenii
2398 4346 2602 4401 dictum
2631 4347 2698 4402 de
2735 4348 2969 4419 quodam
2999 4364 3128 4406 sene
3158 4351 3212 4404 in
3252 4350 3405 4408 Sciti.
3427 4353 3525 4408 ha-

1933 4436 2157 4499 bitante,
2189 4445 2251 4492 ut
2294 4437 2459 4493 habet
2493 4453 2594 4494 ms.
2637 4440 2809 4494 codex
2849 4437 3223 4507 Corbeiensis;
3266 4443 3364 4512 qui.
3398 4458 3521 4499 cum

1859 4557 1912 4619 ι)
1934 4546 2091 4587 aecus
2116 4547 2282 4602 quam
2309 4530 2552 4587 Ecclesia
2579 4532 2846 4588 catholica
2879 4535 3061 4599 tradit,
3090 4535 3157 4591 de
3177 4535 3524 4594 Christi-cor—

1934 4637 2067 4693 pore
2091 4623 2145 4676 in
2176 4621 2516 4678 Eucharistia
2544 4624 2798 4689 sentiret;
2829 4622 2988 4693 idque
3014 4643 3118 4680 non
3144 4625 3387 4682 naturale
3407 4644 3526 4681 cor-

1934 4729 2033 4785 pus
2061 4713 2276 4780 Christi,
2309 4715 2404 4770 sed
2433 4723 2642 4771 tantum
2674 4717 2902 4786 ﬁguram
2937 4718 3052 4788 ejus
3092 4735 3214 4775 esse
3238 4721 3518 4788 crederet;

1935 4805 2112 4860 tribus
2159 4804 2408 4859 Patrilius
2435 4805 2505 4859 ob
2543 4819 2662 4859 eam
2705 4820 2922 4861 causam
2968 4809 3301 4874 convocatis,
3327 4817 3383 4866 et
3423 4825 3522 4878 pro

1937 4898 2085 4953 senis
2111 4896 2464 4952 conversione
2488 4897 2793 4962 orantibus,
2823 4896 2966 4952 facta
2999 4913 3057 4953 re
3086 4900 3518 4965 saera,.landem

1939 4993 2008 5048 ad
2050 4999 2256 5048 rectam
2286 4990 2447 5047 fidem
2486 4993 2740 5048 reductus
2767 5001 2868 5048 est.
2904 5011 2923 5044 ι
2952 4993 3087 5050 Nam
3115 4996 3332 5064 quando
3357 4997 3520 5068 positi

1937 5093 2062 5141 sunt
2087 5100 2252 5156 panes
2299 5087 2350 5139 in
2378 5084 2552 5148 altari,
2581 5086 2866 5142 videbatur
2891 5088 2995 5144 illis
3025 5091 3398 5148 tantummodo
3423 5093 3522 5148 tri-

1937 5174 2040 5230 bus
2083 5183 2338 5244 tanquam
2369 5176 2625 5246 puerulus
2645 5175 2835 5245 iacens
2877 5197 3039 5250 super
3067 5181 3254 5237 altare.
3302 5184 3518 5241 Etcum

1936 5267 2265 5323 ostendisset
2304 5267 2586 5337 presbyter
2617 5284 2833 5325 manum
2879 5282 2937 5326 ut
2984 5273 3260 5346 frangeret
3295 5291 3514 5345 panem,

1939 5358 2218 5415 descendit
2255 5359 2478 5430 angelus
2508 5359 2722 5416 Domini
2764 5361 2831 5416 de
2862 5362 3000 5418 ctelo
3035 5365 3242 5420 habens
3280 5366 3516 5424 cultrum

1939 5451 1993 5505 in
2019 5466 2203 5514 manu,
2226 5459 2281 5505 et
2301 5451 2503 5506 secavit
2527 5452 2810 5520 puerulum
2834 5455 3013 5519 illum;
3045 5459 3362 5528 sanguinem
3387 5476 3518 5519 vero

1938 5540 2083 5597 illius
2107 5542 2409 5612 excipiebat
2435 5543 2489 5597 in
2515 5543 2735 5598 calice»
2764 5543 2900 5600 Tum
2923 5548 3213 5605 accedente
3240 5565 3390 5616 sene,
3418 5570 3436 5604 ι
3459 5561 3519 5608 ut

1936 5633 2212 5703 acciperet
2243 5641 2486 5688 sanctam
2515 5636 2979 5702 communionem,
3008 5641 3130 5695 data
3160 5651 3244 5699 est
3288 5644 3386 5713 ipsi
3419 5645 3515 5700 soli

1938 5738 2067 5780 caro
2097 5724 2358 5795 sanguine
2402 5733 2716 5792 cruentata;
2753 5729 2896 5797 quod
2923 5744 3046 5786 cum
3074 5731 3313 5799 vidisset,
3345 5736 3513 5802 perti-

258 5823 382 5864 sum
407 5807 596 5881 fuisse,
622 5817 685 5866 ut.
702 5815 922 5867 carnem
943 5819 998 5868 et
1016 5811 1330 5882 sanguinem
1355 5825 1456 5883 pro
1477 5825 1617 5884 pane
1637 5821 1694 5870 et
1712 5815 1853 5872 vim
1939 5817 2072 5872 muit
2097 5827 2152 5872 ct
2179 5817 2431 5875 clamavit
2461 5819 2645 5876 dicens
2670 5836 2681 5874 :
2712 5817 2902 5888 Credo,
2935 5824 3178 5892 Domine,
3207 5826 3330 5897 quia
3359 5830 3521 5898 panis
